2510 4010
582 492 220 37 PUBLISHED
847 493 131 37 EVERY
1022 492 254 39 WEDNESDAY
1319 492 86 40 AND
1450 496 228 38 SATURDAY
1722 498 203 37 MORNING.

649 607 112 32 PORT
782 604 256 36 NICHOLSON.
1060 609 264 32 WEDNESDAY
1343 611 211 38 MORNING,
1574 613 108 31 JULY
1706 618 31 33 5,
1763 617 88 29 1843.

2239 616 93 40 [Vol.
2354 619 53 32 IV.

97 609 63 31 No.
184 606 88 41 260.]

57 43 2394 1 THE

57 43 378 128 NEW
561 43 882 128 ZEALAND
1569 43 882 128 GAZETTE

57 171 2394 137 AND

57 308 957 137 WELLINGTON
1110 308 287 137 AND
1493 308 958 137 SPECTATOR.

178 701 53 20 Fox
254 700 116 20 London
395 699 93 25 direct,

210 734 29 20 To
248 734 42 20 sail
299 734 23 20 in
331 734 31 20 all
369 734 88 25 August,

56 765 105 35 ''"^iSISiL
190 770 110 30 ''np'HE
320 770 53 22 'fine
395 767 3 14 !
403 767 42 25 fas£
468 767 82 30 sailing
576 770 50 28 brig

46 810 3 6 1
60 792 185 34 L,raas^'>-i.
254 795 21 22 /.
571 801 10 11 »•
592 798 5 14 '

38 842 13 10 '-
59 832 141 24 [tJOPB:
208 823 103 31 .Geojgff
331 823 116 25 MacWfen
470 827 89 25 master,
579 823 53 24 will

46 847 158 37 JbeEsb^
219 849 42 33 f°^
269 850 8 30 i
278 856 15 15 n
340 849 25 32 A
366 857 15 15 u
381 857 16 20 s
398 854 35 18 Qst
433 866 6 6 '
451 869 11 10 ..
471 875 2 4 .
499 858 2 5 '
565 865 33 14 <w)

45 872 159 34 6EE3506!
243 873 53 25 *&oV
303 875 85 28 freight
394 891 4 4 .
403 883 23 15 or
444 883 99 22 passage,
555 882 5 4 '
565 877 60 28 early

85 905 12 22 '[
148 906 19 12 1-
190 906 16 10 «'
218 901 135 29 application
362 902 21 23 Is
395 910 116 21 necessary
521 907 24 18 to

354 931 144 28 WAi'T^'and
510 937 87 22 Tsts'er.
630 941 2 6 ■

70 967 142 28 Wellington,
223 967 59 22 June
292 967 33 26 15,
338 968 60 22 1843.
405 966 3 5 '
464 964 6 14 i

44 1012 87 59 F6R
145 1018 90 30 SALE,,
248 1026 28 15 ex
290 1020 117 26 Margaret,
410 1020 55 26 Jkc,
473 1041 4 4 .

87 1065 2 6 ,
110 1042 30 25 '2f5
154 1042 82 25 tierces'
241 1042 58 31 b'eef,

68 1075 14 19 3
96 1075 48 19 tons
155 1068 102 26 colonial'
261 1068 51 32 Hay,

68 1101 14 20 3
96 1101 50 19 tons
155 1098 61 22 Siam
226 1105 74 20 sugar,
310 1103 4 6 '

68 1127 28 21 30
109 1124 84 24 barrels
202 1124 85 23 bottled
297 1123 42 29 ale,

68 1154 28 20 50
109 1152 68 23 boxes
186 1154 44 20 tea,
256 1158 3 4 '
268 1173 1 2 ,

66 1180 29 20 50
109 1178 39 22 ash
161 1185 56 19 oars,

67 1207 29 20 30
110 1205 47 22 tods
167 1207 56 25 coal,

68 1233 59 26 Port,
137 1232 84 26 sherry,
233 1231 44 22 and
292 1232 104 22 Madiera
404 1232 23 21 in
442 1231 75 27 bottle,

40 1259 51 22 ford
101 1258 43 23 and
152 1258 95 27 Drury's
258 1258 77 28 brand,

66 1286 103 30 Liquers,
179 1285 24 21 in
213 1284 72 23 dozen
295 1293 67 19 cases,

68 1312 150 28 Champagne,
614 1321 2 12 1

47 1341 2 5 '
67 1338 98 27 Brandy,
244 1338 43 22 and
296 1338 39 28 gin
344 1339 25 22 in
379 1338 72 27 hhds.,

66 1368 29 21 30
109 1368 48 19 tons
165 1366 51 21 best
225 1364 92 29 Sydney
328 1365 65 27 flour,

70 1394 29 20 50
110 1395 51 19 tons
171 1391 88 22 Chilian
268 1392 65 27 flour,
346 1400 28 14 ex
385 1393 104 24 Cheerful.

87 1441 4 8 j
140 1432 4 15 .'
170 1435 2 6 '
356 1426 83 23 Waitt
453 1427 44 22 and
511 1428 85 21 Tyser.

289 1478 91 20 Seeds.

44 1513 71 49 ON
125 1506 119 32 SALE,'at
252 1511 37 22 the
300 1512 85 22 Gazette
390 1512 76 28 Office,
475 1514 150 27 inqnantities

105 1541 5 4 X
119 1542 22 19 to
148 1538 45 24 suit
201 1538 138 28 purchasers,
349 1538 37 23 the
396 1539 112 28 following
517 1541 64 21 seeds
590 1548 5 14 :
598 1552 28 4 —

67 1573 75 22 Sword
151 1571 107 28 long-pod
269 1571 64 28 bean,

50 1608 2 4 '
68 1603 118 29 Long-pod
194 1604 67 27 bean,

69 1639 108 27 Speckled
188 1637 73 22 dwarf
266 1637 84 29 kidney
359 1638 65 29 bean,

68 1670 73 23 Broad
150 1670 66 26 bean,

68 1702 76 22 Horse'
150 1702 66 26 bean,

68 1729 84 23 Scarlet
160 1735 92 19 runner,
616 1749 2 7 ,

68 1755 66 28 Early
143 1755 111 23 Warwick
263 1762 49 20 pea,

67 1783 68 30 Early
144 1782 117 22 Mazarine
270 1789 48 20 pea,

68 1809 104 23 Prussian
182 1808 55 27 blue,
244 1815 48 20 pea,

65 1834 110 24 TJT'onsuch
184 1842 49 20 pea,
327 1852 3 4 .
348 1853 3 2 .
618 1836 1 11 '

68 1862 55 23 Bliie
132 1862 101 29 imperial
243 1869 49 20 pea,

62 1891 2 11 1
68 1890 97 28 Spanish,
169 1889 73 23 dwarf
247 1896 50 20 pea,

67 1917 70 27 Large
147 1916 98 27 cabbage
255 1916 91 27 lettuce,
455 1923 4 4 •
496 1924 2 7 '

67 1942 131 28 Drum,head
208 1942 98 27 cabbage
314 1939 91 35 lettuce,
461 1961 3 8 ,
618 1950 3 17 i

66 1970 103 27 Cabbage
177 1972 92 24 lettuce,
462 1981 3 7 .
616 1966 7 26 I

64 1995 164 23 WhiievSeTesia
237 1995 88 27 lettuce;
333 1994 3 10 1
372 1994 26 4 '*
411 1994 2 6 '

66 2022 79 22 Brown
154 2021 45 23 and
210 2021 64 22 white
283 2029 51 19 goss
343 2023 88 26 lettuce,

66 2048 114 21 Battersea
191 2048 105 26 cabbage,

66 2073 131 23 Drumhead
207 2074 105 26 cabbage,

66 2100 50 22 Red
125 2099 76 24 Putch
211 2100 106 28 cabbage,

66 2127 93 22 Puller's
167 2126 61 28 early
237 2127 106 28 cabbage,

66 2154 72 21 Vanal
148 2153 106 27 cabbage,

66 2181 104 21 Prussian
181 2180 66 22 white
257 2181 81 27 turnip,

66 2207 84 22 Yellow
160 2206 78 23 Swede
245 2208 83 27 turnip,
350 2221 3 6 .

66 2234 80 31 Purple
153 2238 38 24 top
202 2234 77 24 Swede
289 2234 80 28 turnip,

67 2260 73 23 White
149 2265 63 18 stone
222 2260 82 28 turnip,
621 2278 1 5 ,

67 2287 74 24 White
149 2288 57 21 horn
214 2287 84 27 turnip,

68 2314 69 23 Silver
145 2314 78 23 leaved
233 2314 59 27 beet,

68 2341 49 22 Red
125 2342 56 27 beet,

67 2368 73 21 White
148 2368 60 26 beet,

68 2394 106 28 Mangold
182 2394 99 27 wurtzel,

68 2422 138 26 Altringham
217 2424 79 24 carrot,

67 2448 67 28 Early
142 2455 55 15 norn
207 2451 78 24 carrot,

68 2475 63 27 Long
139 2481 80 21 orange
230 2478 78 24 carrot,

67 2501 74 23 White
149 2501 107 28 mustard,

68 2528 79 23 Curled
155 2535 65 20 cress,

68 2555 62 27 Long
139 2556 79 21 scarlet
223 2555 85 27 fadish,

67 2582 72 22 White
146 2582 165 28 tutnipradish,
476 2591 3 5 ■
582 2581 19 27 /

67 2608 48 23 Red
123 2610 77 26 turnip,
205 2608 82 28 radish,
324 2628 3 5 .

68 2635 129 29 Strasburgh
205 2635 77 27 onion,

68 2662 76 22 Brown
154 2662 97 29 Spanish
261 2663 72 27 onion,

67 2689 95 28 Parsnipj

68 2716 78 22 Curled
155 2716 95 28 parsley,

68 2742 71 23 Green
150 2742 76 24 curled
239 2742 80 24 endive

67 2769 105 23 Batavian
182 2770 88 27 endive,

68 2796 66 28 Leek,

68 2824 131 28 Asparagus,
223 2829 2 6 '

68 2850 41 22 Sea
118 2850 51 28 kail,

69 2876 69 23 Globe
148 2885 85 19 savoys,

69 2903 79 23 Curled
155 2904 92 26 brocoli,

67 2929 51 23 Red'
124 2931 55 22 solid
188 2931 75 28 celery
272 2932 46 22 and
327 2932 67 22 white
405 2933 80 28 celery,
607 2951 3 6 ,
624 2945 2 10 1

68 2957 99 23 Summer
176 2962 87 23 Savory,

67 2982 84 25 Winter
159 2991 86 21 savory,
385 2984 2 12 !
625 2999 1 10 ,

49 3014 6 4 *
66 3010 63 28 Sage,
141 3029 5 7 ,
158 3031 2 5 ,
167 3014 4 5 '
292 3023 2 6 ■

66 3036 108 41 Itov
186 3062 5 6 -
211 3061 4 8 «
241 3067 8 10 *
320 3062 4 7 '

66 3067 98 19 JJrussels
174 3067 93 26 sprouts,
425 3085 3 3 ,
439 3086 4 8 t
458 3081 3 6 ,

65 3089 92 29 Borage,
357 3113 1 6 ,
525 3114 2 6 ,

64 3114 117 31 Angelica,
415 3137 3 6 ,
461 3120 2 6 '
525 3114 10 13 '"

64 3143 124 29 Salsafy,.vj:
211 3159 3 4 .
389 3147 6 14 i
574 3151 5 3 '

64 3170 102 28 Sorell,'.,
184 3194 4 5 .
385 3173 11 14 ■•
433 3189 4 4 .
477 3176 10 8 -
520 3182 16 10 .-.
558 3167 36 25 :/.
608 3184 3 6 .
625 3167 3 23 i

46 3196 149 30 _LaVpndeJy,
198 3210 4 15 <
208 3194 13 27 |.
294 3208 12 14 ;,
329 3195 88 32 >..,}',
427 3205 6 21 'i
433 3205 3 21 0i
440 3213 11 14 0
475 3217 10 7 
497 3217 2 5 .
504 3214 11 11 tl
519 3217 3 7 ,
539 3211 42 13 .>..>.
593 3217 18 7 ,
626 3207 2 23 |

42 3239 36 27 To,
91 3243 170 23 Gren.tleonen-
268 3243 147 28 intending
428 3245 29 21 to
459 3245 6 14 I
468 3238 87 28 'enter'
561 3248 61 19 into

64 3269 43 21 the
116 3287 11 5 ,.
135 3270 148 29 profltable,
304 3272 111 25 pursuit
444 3272 31 21 of
499 3273 125 27 Grazing

64 3296 63 25 and/
136 3296 136 27 Breeding
291 3297 94 26 Stock,
406 3297 43 22 for
468 3300 89 21 which
568 3301 54 22 ,the

65 3322 86 23 fertile
169 3323 110 22 Islands
301 3324 31 22 of
348 3325 70 21 New
435 3326 122 22 Zealand
576 3330 54 19 arei

64 3353 30 17 so
108 3350 151 26 peculiarly
271 3347 128 31 adapted.
509 3353 5 5 k
525 3354 5 18 :
602 3350 2 6 '
627 3355 2 13 1

43 3380 85 50 THE
138 3384 151 27 undersigned
297 3386 45 27 beg
350 3389 24 21 to
380 3380 83 29 inform
472 3378 59 32 'their
535 3375 95 36 friends!

106 3411 44 22 ahd
165 3412 39 22 the
217 3412 77 27 public
301 3413 130 28 'generally,
447 3412 48 24 that
512 3412 53 30 they
575 3416 47 22 will

43 3438 92 21 contract
157 3438 35 22 for
200 3455 3 7 ,
210 3440 38 20 the
258 3457 3 6 ,
272 3438 102 30 delivery
397 3441 27 21 of
444 3440 49 23 the-
505 3441 125 28 following!

42 3462 126 34 Inscription
180 3466 27 21 of
213 3464 75 28 Stock*
294 3466 26 22 in
327 3474 45 21 any
381 3467 56 23 Port
444 3467 26 23 of
481 3468 39 22 the
531 3469 90 23 Islands
628 3470 2 17 1

45 3486 22 21 of
71 3487 53 25 New
133 3491 144 23 Zealand:—
440 3497 4 5 '
550 3511 6 6 
611 3511 2 3 .

66 3518 91 28 Horiied
171 3523 67 24 cattle
256 3524 125 28 (improved
393 3525 90 29 breeds)
498 3527 27 22 of
536 3527 31 22 all
582 3527 39 23 de-

44 3547 114 31 scriptions,
343 3572 4 4 ,
450 3567 10 12 j

68 3571 85 38 Horsesj
172 3579 61 21 from
252 3577 40 23 the
313 3578 51 23 best
382 3578 94 29 English
495 3580 45 23 and
556 3581 74 26 Arab,

44 3603 62 26 studs,
121 3604 94 23 suitable
223 3603 41 23 'for
282 3604 85 29 racing,
372 3606 94 28 saddle,
476 3614 25 15 or
512 3607 107 29 harness;
629 3626 2 11 ,

44 3630 38 17 ana
90 3629 103 30 breeding
202 3638 81 21 mares,
412 3646 2 11 ;
426 3645 2 9 1
566 3649 5 5 ,

68 3651 52 25 Pure
129 3655 74 25 Saxbh
213 3657 45 22 and
267 3657 87 28 merinp
364 3666 65 21 ewes,
476 3678 16 10 ,
503 3681 3 8 t
574 3681 4 6 
628 3652 4 13 '

68 3680 241 26 Half-bred^Beiye^ter
322 3685 47 22 and
383 3686 86 22 merino
480 3686 71 25 'ewes,
568 3695 52 18 par-

44 3704 93 32 ticularly
146 3710 93 29 adapted
252 3711 89 23 forthis
350 3716 102 25 country,
462 3720 24 15 as
488 3713 5 10 J
494 3712 54 30 iney
555 3711 64 28 Uhite

63 3737 33 35 %
125 3736 26 22 of
157 3744 85 17 car.cass
249 3737 198 24 with.fiheMeWof
453 3741 63 22 wooli
520 3751 2 6 ■

70 3760 40 22 lhe
131 3763 220 29 undersigned^ican.
372 3767 167 23 accommodate
565 3765 53 29 puifi

44 3791 36 33 Z!
82 3792 9 15 B
92 3789 72 35 *^^
201 3791 32 22 eir
258 3787 52 37 to^
315 3812 4 12 1
324 3811 4 13 i
326 3791 29 23 wi
356 3791 26 32 %
385 3810 5 13 i
396 3794 114 24 extensive
515 3814 3 7 ,
524 3795 94 27 grazing

44 3811 52 27 *»»s,
106 3814 75 24 within
190 3819 41 20 100
238 3817 70 23 miles'
313 3817 26 24 of
344 3817 46 23 this
398 3819 61 23 Port.
538 3833 2 4 

96 3869 3 5 .
117 3871 2 3 
291 3851 34 22 W.
342 3852 26 22 B.
378 3851 104 29 'Rhodes,
492 3854 44 22 and
545 3855 4 6 I
550 3855 38 22 Co.

45 3889 160 54 C^^TER-
214 3893 174 34 PAfeTIES,&r
397 3899 47 24 sale
453 3905 67 20 attne
527 3904 88 21 Gazette

897 702 138 27 PorJ,Sale,
1221 694 4 28 !
1247 698 4 20 ;

656 734 158 52 WHEAT
835 738 68 21 AND
923 738 111 28 FLOUR,
1048 739 38 23 the
1103 734 105 33 produce'
1218 739 26 23 of

753 764 37 22 the
800 764 66 27 Hutt,
876 764 25 22 in
915 764 56 28 bags
981 765 103 28 (200ffis,)
1098 769 22 19 at
1136 766 34 24 £2
1184 767 54 26 10a.,
1246 772 5 3 -

656 789 50 23 half
721 790 55 26 bags
794 791 33 22 £1
849 792 30 21 ssi
913 790 65 29 Bags
996 796 23 18 to
1038 793 28 21 be
1084 792 125 27 returned,'
1216 800 24 14 or

652 816 101 30 .charged
767 818 31 21 2s.
814 817 37 22 6d.
877 818 65 24 Also.
943 826 14 14 a
966 818 64 23 small
1046 819 101 28 quantity
1157 820 25 22 of
1187 819 52 23 seed

656 843 76 27 spring
740 844 48 22 and
797 845 79 34 winter
884 844 73 23 wheat
967 845 45 22 and
1021 846 92 22 skinless
1122 846 84 27 barley.
1221 840 4 26 !

656 913 26 15 or
691 910 22 18 to
720 908 48 23 Mr.
781 908 130 27 Swainson,
925 908 152 28 Hawkshead,
1087 908 69 23 River
1171 908 66 23 Hutt.

650 932 16 13 >7
675 927 93 40 'ffH
764 932 12 14 a
887 938 3 7 '
929 931 4 9 '
1039 935 1 6 '
1204 959 3 9 ,
1221 931 3 22 !

649 966 14 14 i*s
695 966 9 12 •-.
780 969 20 10 n
865 965 3 8 :
1139 970 1 5 '
1164 971 1 4 '
1192 970 3 4 '
1222 971 2 13 i

683 983 66 21 Just
770 985 121 25 opened,,
899 986 56 20 and
969 985 42 22 for
1033 987 60 20 Sale
1112 986 38 26 by
1165 987 44 20 the
1221 987 3 19 i

851 1011 195 28 undersigned,
1176 1027 11 13 a
1222 1016 3 19 |

658 1035 263 33 /GENTLEMEN'S;
928 1045 145 28 Wellington,
1090 1046 62 27 drab,

658 1068 54 25 VT
738 1070 87 28 button,
837 1071 43 22 and
884 1069 12 25 '
896 1069 99 25 Clarence
1005 1073 71 28 boots,
1086 1087 2 7 ,
1183 1084 10 12 •.
1240 1089 7 4 -

684 1096 103 28 Blucher,
799 1098 112 26 Oxonian,
923 1099 44 21 and
981 1100 57 26 light
1052 1098 95 28 walking
1163 1098 72 27 shoes,

684 1123 108 28 Working
800 1124 71 22 men's
880 1125 75 21 nailed
967 1125 50 22 half
1023 1127 70 26 boots,
1110 1136 5 5 ■
1195 1127 2 5 '
1206 1131 2 7 '
1222 1122 3 26 i

683 1150 69 26 Boys'
762 1150 64 22 shoes
835 1151 44 21 and
889 1154 60 19 stout
957 1152 50 21 half
1013 1153 69 26 boots,
1114 1166 5 7 j
1142 1163 3 15 ;
1164 1164 11 8 >>
1198 1159 10 12 •>
1223 1160 2 23 \
1242 1155 5 4 '

684 1174 67 23 Girls'
767 1176 44 22 and
825 1176 120 23 children's
960 1178 66 23 shoes
1035 1180 46 21 and
1090 1179 60 22 cloth
1158 1179 79 24 button

654 1202 72 27 boots,
786 1220 4 5 ,
1223 1205 2 32 j
1241 1206 3 4 '

683 1229 89 22 Ladies'
800 1230 72 29 cloth,
888 1230 71 28 boots,
987 1231 153 23 double-soled
1164 1232 71 27 shoes,
1242 1247 5 6 .■

655 1255 114 27 Morocco,
779 1256 93 28 lasting,'
877 1258 43 21 and
931 1258 85 21 French
1027 1261 74 26 carpet
1109 1259 98 27 slippers,
1223 1253 3 26 !

682 1282 48 22 The
749 1283 70 21 above
836 1284 88 22 articles
939 1291 37 15 are
995 1285 26 22 of
1035 1293 14 14 a
1067 1293 53 20 very
1138 1285 99 28 superior

656 1308 141 28 description.
887 1327 12 7 
1166 1328 1 5 ,
1206 1317 3 18 j
1224 1308 2 16 !

683 1336 37 21 An
730 1338 132 20 assortment
872 1337 24 21 of
903 1336 131 29 Stationery,
1046 1338 119 28 consisting
1174 1338 25 23 of
1201 1345 36 17 :—r

680 1362 61 27 Post,
753 1362 59 22 bank
822 1363 44 22 and
875 1364 97 28 foolscap
981 1372 75 24 paper,
1242 1374 4 15 ;

663 1402 3 6 .
682 1389 82 27 Demy,
775 1388 102 29 blotting,
887 1390 45 22 and
943 1391 101 27 imperial
1054 1399 47 21 cap,
1225 1409 2 9 ,

679 1416 176 23 -Memorandum
865 1417 76 27 books,
952 1418 104 28 assorted,

685 1442 90 27 Oblong
785 1442 90 29 clasped
881 1444 75 27 pencil
964 1444 76 28 books,
1076 1465 3 4 ,
1225 1441 3 26 i
1242 1457 5 3 -

684 1469 91 22 Collins*
785 1470 113 27 indelible,
909 1472 107 26 assorted,
1193 1481 2 5 •
1226 1487 2 6 ,

684 1496 105 22 Account
796 1496 77 28 books,
883 1498 58 21 from
953 1505 42 15 one
1005 1498 62 28 quire
1077 1499 106 27 upwards,

684 1522 94 28 Wafers,
790 1524 85 28 sealing
884 1531 56 20 wax,
952 1525 44 21 and
1006 1525 39 22 ink
1054 1525 105 27 powders,
1191 1547 4 2 

672 1550 103 23 .Artist's
783 1551 92 27 pencils,
882 1552 60 26 good
950 1552 92 27 writing^
1050 1552 44 22 and
1104 1552 142 28 carpenter'B.-

656 1575 69 28 leads,
781 1602 4 4 .
880 1599 3 5 ,
922 1600 2 5 .
973 1596 2 6 .
1227 1581 3 23 I

685 1603 60 22 Steel
753 1611 56 20 pens
818 1604 46 22 and
872 1612 43 20 pen
926 1602 94 30 holders,

685 1630 25 21 11
722 1630 49 21 doz.
782 1630 91 23 Smith's
883 1639 56 20 copy
948 1632 61 31 slips,

685 1656 98 23 Gillott's
792 1657 76 22 school
878 1665 60 20 pens,
949 1658 72 28 quills,

683 1682 133 29 Envelopes,
828 1685 99 23 national
937 1685 75 22 school
1021 1686 72 28 slates,

684 1710 82 27 Coffee,
776 1714 43 22 tea,
830 1710 42 23 and
882 1712 85 21 refined
976 1719 72 21 sugar,

684 1736 75 22 Prime
769 1737 57 22 Cork
835 1738 74 22 butter
918 1739 23 21 in
950 1738 83 27 firkins,
1044 1747 24 14 or
1078 1740 30 27 by
1116 1740 37 21 the
1164 1740 72 21 dozen

656 1763 92 27 pounds,

682 1791 29 20 40
724 1790 82 27 barrels
816 1790 108 28 superfine
934 1791 120 24 American
1063 1793 65 27 -flour,

684 1817 121 22 American
814 1817 110 28 chopping
933 1825 60 21 axes,
1004 1820 48 21 iron
1063 1823 36 18 tea
1107 1819 85 27 kettles,

683 1844 13 20 5
711 1847 49 18 cwt.
781 1844 123 23 Rodway's
922 1849 84 23 patent,
1023 1845 64 23 horse
1111 1846 63 22 shoes
1192 1846 44 22 and

655 1870 64 27 nails,

658 1906 17 13 -
684 1896 75 23 Hall's
768 1898 59 26 glass
836 1898 142 28 gunpowder,
986 1899 89 27 powder
1084 1899 71 27 flasks,
1228 1893 3 34 j

684 1923 66 27 Ivory
774 1924 98 23 handled
897 1932 82 20 razors,
1004 1926 128 22 Cowovan's
1151 1926 84 23 Canton

655 1957 64 15 razor
727 1954 137 24 sharpeners,
967 1956 5 15 >
1039 1961 10 9 r-
1146 1952 88 24 '''**»

682 1977 121 25 Crockery,
818 1977 118 26 including,
952 1978 99 28 dinner^,
1052 1980 130 23 frrcakftsat,.
1192 1978 45 24 a&A
1246 1989 2 7 >

656 2004 36 18 tea
702 2001 103 27 services,

682 2027 56 22 Fine
748 2031 38 18 cut
795 2028 107 22 tumblers
912 2029 45 22 and
966 2030 57 21 wine
1033 2029 87 27 glasses,

671 2080 5 5 _
683 2054 94 27 Pickles,
788 2055 94 26 vinegar
894 2056 25 21 in
933 2056 67 30 pints,
1010 2056 75 22 lemon
1097 2056 67 28 juice,
1174 2056 62 23 salad

657 2080 36 26 oil,
705 2087 83 20 capers,
799 2088 83 19 sauces,
892 2083 106 26 mustard,
1008 2083 62 27 pearl
1082 2083 82 28 barley,
1176 2090 58 20 sago,

657 2107 103 26 oatmeal,
772 2108 44 22 and
826 2109 93 26 tapioca,

683 2133 70 22 Fresh
763 2135 86 21 salmon
860 2135 43 21 and
913 2142 65 21 soups
987 2135 24 22 in
1021 2136 108 28 canisters,

684 2160 111 23 Hockins'
806 2166 76 22 patent
891 2162 86 22 seidlitz
986 2163 25 21 in
1023 2164 103 27 powders,

684 2187 58 21 Soda
752 2188 45 22 and
806 2188 79 27 ginger
893 2189 54 22 beer
956 2190 105 26 powders,

684 2213 169 28 Raspberryade
863 2215 44 21 and
917 2215 146 24 Cheltenham
1073 2217 58 26 salts,

684 2241 81 21 Steer's
785 2241 124 28 opodildbc,
926 2242 96 23 James's
1039 2243 94 27 powder,
1145 2243 92 28 Dalby's

653 2267 148 27 icarminitive,
811 2284 3 4 .
843 2283 4 4 ■

645 2310 11 9 „
680 2294 84 24 .Brown
774 2289 111 33 Windsor,
896 2295 73 28 fanqy,
980 2297 45 21 and
1033 2297 91 27 shaving
1133 2304 69 20 soaps,

649 2337 3 15 ;
659 2343 6 3 .
680 2320 100 23 Essence
795 2322 26 21 of
832 2322 85 28 ginger,
933 2323 85 28 brandy
1031 2324 85 27 bitters,
1131 2324 106 22 aromatic

656 2347 99 27 vinegar,
766 2348 163 23 inexhaustible
940 2350 60 27 salts,

684 2374 137 23 Permanent
828 2376 47 27 ink,
887 2377 103 27 scouring
1000 2377 74 28 drops,'
1082 2376 94 30 pastiles,
1230 2379 3 14 •

684 2401 48 22 Salt
743 2401 25 22 of
771 2402 94 27 lemons,
876 2406 63 19 court
947 2404 98 27 plaister,

684 2428 120 23 Lavender
807 2432 73 23 .water
889 2430 49 21 Eau
948 2430 27 23 de
985 2430 105 28 Cologne,
1139 2438 3 3 ■
1173 2443 3 6 -

684 2455 69 22 Bears
760 2463 85 21 grease,
857 2456 50 23 cold
916 2464 81 21 cream,
1008 2465 110 16 macassar
1126 2458 37 26 oil,
1174 2458 63 21 tooth

656 2481 95 28 powder,
763 2482 49 27 oic,

684 2508 89 22 Ladies'
788 2510 89 22 tortoise
892 2510 56 22 shell
964 2511 47 22 side
1027 2512 83 27 combs,
1128 2511 109 27 dressing,

657 2535 44 22 and
711 2535 65 22 small
785 2537 62 22 tooth
859 2538 82 21 combs.

684 2562 65 27 Hair,
780 2564 68 27 tooth,
879 2564 52 27 nail,
960 2564 100 29 shaving,
1085 2565 43 22 and
1155 2564 84 23 clothes

656 2587 99 30 brushes,
844 2608 15 7 
894 2606 4 7 ,
1080 2610 2 7 ,
1197 2611 20 4 ..
1230 2589 4 15 ;

684 2615 78 28 Slates,
774 2617 56 22 slate
838 2617 88 28 cistern,
935 2617 98 28 hearths,
1045 2618 103 28 chimney
1157 2619 80 27 pieces,

684 2642 80 23 Hones
774 2644 44 21 and
828 2644 103 28 chimney
940 2649 55 23 pots,

682 2669 56 22 And
753 2677 120 16 numerous
888 2671 64 22 other
967 2672 93 27 articles,
1071 2672 70 23 which
1152 2672 45 23 will
1206 2670 32 24 'be

657 2695 48 23 sold
714 2704 54 21 very,
777 2697 49 28 low,
837 2698 36 22 for
882 2698 56 22 cash
944 2698 60 28 only;
1016 2699 30 27 by.
1199 2709 3 5 •
1231 2711 3 10 1

880 2732 22 22 J.
918 2733 159 27 BODDINGTON,

750 2758 112 23 Lambton
872 2759 71 28 Quay,
953 2767 55 15 near
1018 2760 38 23 the
1065 2761 53 22 Post
1127 2760 78 28 Office,
1214 2768 26 15 or

880 2797 76 23 James
969 2798 111 27 Jackson,

1013 2825 111 23 Lambton
1138 2825 72 28 Quay.

684 2850 61 22 June
754 2852 21 26 2,
786 2852 61 21 1843.
1141 2857 4 3 •

842 2897 43 21 Ex

658 2933 103 36 £f|A
790 2935 101 23 BAGS
919 2935 101 29 RICE,

783 2962 49 25 ,350
844 2963 55 27 bags
908 2963 45 22 fine
964 2963 66 22 white
1040 2970 72 22 sugar,

698 3010 2 6 ,
760 3007 2 6 ,
774 3009 2 4 ,
789 2991 42 28 90p
843 2989 56 28 bags
906 2989 78 23 brown
993 2997 73 22 sugar,

682 3016 42 21 150
736 3015 58 26 baga
800 3016 77 28 coffee,

683 3043 90 25 150,000
787 3043 97 22 Manilla
893 3043 78 29 cigars,
981 3044 44 22 No.
1035 3046 21 25 3,

680 3069 30 21 50
723 3076 63 15 cases
793 3069 51 28 gin?

680 3096 28 49 fi
724 3095 64 23 casks
797 3104 60 20 rum,
866 3109 4 10 1
891 3108 19 11 »i.
934 3116 4 5 ,
959 3109 1 5 ■
1235 3115 2 8 ,

702 3128 37 16 eas
749 3123 25 21 of
786 3123 49 22 first
850 3123 93 29 quality,
955 3125 43 22 viz.
999 3136 27 4 —
1028 3132 80 21 congo,
1118 3125 119 27 souchong,

654 3148 127 27 pouchong,
788 3149 136 28 ■pekoe,.and
933 3151 144 28 gunpowder,

682 3175 97 21 Manilla
785 3177 63 31 Tppei
859 3177 173 29 assortedsizes,
1178 3176 3 5 '
1235 3189 3 5 ■

662 3210 2 6 1
682 3201 94 28 Pepper,
787 3202 127 28 cinnamon,
925 3204 41 23 &c.
976 3205 42 22 &c.

665 3233 81 20 '■••■■
832 3236 134 28 RiDGWAYs,
1098 3236 27 26 -&
1138 3232 80 31 Ears^
1216 3233 7 13 '
1233 3233 7 35 I

644 3283 5 5 .
665 3283 5 4 •
679 3264 144 33 jWelling'ton^
832 3270 57 27 May
898 3270 33 27 17,
943 3271 61 22 1843.
1032 3269 22 15 '-
1136 3268 3 22 ii
1143 3269 10 13 ''
1183 3284 9 16 ,•
1198 3266 5 15 :
1235 3292 4 8 t

674 3303 3 10 1'"1
689 3309 2 6 '
717 3306 3 13 '
726 3306 3 7 '
793 3315 4 4 '
819 3309 18 30 ",'
847 3315 26 20 J.
882 3311 44 26 'lit.
940 3308 111 34 JPaylor,
1113 3309 7 5 '
1134 3310 15 5 "'
1156 3335 3 6 ,
1165 3333 5 14 i
1179 3333 16 14 r
1202 3334 4 12 ,
1211 3335 2 5 ,
1235 3318 6 12 *

652 3351 3 10 (
668 3347 153 24 LICENSED
846 3349 240 24 CUSTOM-HOUSE
1110 3339 112 43 AGJ^NT,

673 3387 32 9 ''••
769 3382 19 29 ''[■
901 3389 28 15 TE
944 3388 51 17 ARO.

655 3426 72 48 ON
742 3425 86 28 SALE,
834 3419 73 31 'afthe
917 3427 74 23 Stores
1000 3429 26 21 of
1033 3428 37 23 the
1081 3429 156 28 undersigned,

732 3460 28 14 ex
770 3453 73 21 Scotia
843 3464 29 5 —

762 3484 76 28 Flour,

756 3511 70 27 'Rice,

762 3538 81 28 Sugar,.

761 3566 106 27 Brandy;,

760 3589 92 26 Bottled
861 3592 35 23 ale
906 3592 44 23 and
960 3596 84 25 porter,
1054 3595 101 27 Dunbar,

701 3647 15 10 
799 3646 4 4 .
823 3647 3 5 ,
896 3626 98 23 Thomas
1010 3629 39 21 M.
1060 3629 154 22 Machattie.^

654 3657 3 5 '
680 3657 65 28 April
754 3658 20 27 7,
786 3660 61 21 1843.
966 3676 2 5 ,

650 3702 220 49 WANTED
897 3705 22 22 A
947 3706 105 23 ROPE
1079 3706 155 28 M,AKER.

713 3754 3 6 .
748 3729 77 28 Apply
836 3734 52 24 t0.,,
967 3743 18 15 v
1026 3753 4 4 .

965 3759 84 23 Waitt
1063 3760 45 23 and
1123 3760 84 23 Tyser.

666 3791 4 3 -
679 3781 60 22 June
748 3781 34 28 27,
794 3782 60 24 1843.

873 3831 53 20 For
939 3831 70 21 Sale.
1032 3851 3 4 .
1054 3827 2 7 '

651 3861 92 56 THE
762 3862 108 23 CARGO
885 3864 39 22 OF
939 3861 105 26 MAI^E
1056 3872 42 20 per
1110 3866 68 21 Ariel.

847 3915 4 3 .
1021 3891 77 23 Levin
1113 3892 44 22 and
1167 3892 40 22 Co.

675 3923 103 29 January
788 3925 35 27 27,
834 3927 61 21 1843.

1404 720 15 9 .
1446 705 95 21 Public
1555 699 131 32 Auction,
1703 719 5 12 ,
1721 721 4 4 .
1746 721 2 5 .
1764 719 3 5 .
1798 714 7 16 /

1272 729 327 49 MkR.,FITZHERBERT
1613 731 47 22 will
1674 732 53 26 sell,.
1733 739 30 15 on
1773 733 82 26 Friday

1329 773 4 5 .
1362 760 61 25 next,
1444 760 24 19 at
1483 754 51 25 half
1547 760 50 25 past
1620 759 27 20 12
1665 759 92 26 o'clock,
1778 761 23 19 at
1820 759 35 22 his

1265 782 85 23 ■Stores
1350 795 29 5 —

1324 811 10 20 1
1350 810 53 22 hhd.
1413 811 47 26 gin,

1324 837 27 21 50
1364 837 76 25 loaves
1449 844 73 21 sugar,

1324 863 27 22 50
1358 889 6 5 _
1367 863 135 28 Westphalia
1509 865 71 26 hams,
1626 883 4 11 }

1300 904 3 2 •
1323 890 9 20 1
1348 889 68 23 tierce
1425 890 127 27 negrohead
1558 890 102 28 tobacco,

1322 917 54 21 5000
1388 917 46 21 feet
1442 917 89 28 timber,
1688 921 5 8 ;
1811 917 4 10 '

1284 955 2 5 ■
1322 942 50 23 Red
1380 943 72 26 shirts,
1463 944 45 22 and
1524 951 28 15 an
1561 946 131 20 assortment
1702 945 27 22 of
1735 945 61 28 slops
1808 945 44 22 and

1255 974 2 23 |
1270 968 65 22 other
1344 970 107 22 sundries.
1472 992 3 5 .
1489 981 4 6 •

1255 1000 2 4 '
1314 1012 2 10 ,
1400 1011 3 10 i
1463 1004 75 16 TERMS
1552 1005 28 15 AT
1595 1005 64 15 SALE.

1255 1018 2 28 !
1295 1021 55 28 July
1357 1020 22 29 4;
1391 1024 59 20 1843.
1668 1040 2 13 ,

1265 1067 183 50 WANTED,
1473 1075 15 14 a
1505 1068 97 22 Servant
1613 1069 40 25 .qf.
1667 1069 117 27 All-work,
1809 1072 39 21 not

1361 1093 72 22 under
1444 1095 35 21 20.
1507 1094 21 22 A
1537 1094 60 27 good
1607 1094 116 23 character
1732 1096 114 27 requisite.

1268 1119 74 29 Apply
1350 1123 24 18 to

1255 1153 2 10 1;'
1369 1152 3 10 '
1646 1155 5 21 ;';
1661 1154 4 5 '
1677 1148 144 27 Mr.'jWADE.

1491 1193 53 21 For
1558 1193 70 25 Sale,

1268 1225 91 50 THE
1374 1225 143 24 COTTAGE
1533 1226 94 23 situated
1630 1227 30 24 :in
1677 1228 99 22 Oriental
1792 1228 57 27 Bay,

1255 1275 2 3 .
1289 1275 3 4 .
1341 1251 44 23 and
1400 1252 68 28 lately
1477 1253 105 28 occupied
1595 1254 32 27 by
1637 1254 37 21 the
1691 1254 157 28 undersigned.

1256 1280 1 11 1
1267 1278 25 22 A
1303 1278 52 28 long
1372 1278 60 22 lease
1450 1279 26 22 of
1491 1279 39 22 the
1543 1279 84 23 section
1642 1287 58 22 upon
1720 1281 72 22 which
1812 1282 37 21 the

1256 1315 2 16 {
1266 1304 68 23 house
1344 1305 74 22 stands
1428 1306 46 21 will
1482 1307 28 20 be
1518 1307 103 26 granted.
1691 1313 2 9 '

1277 1331 84 23 •-Town
1369 1332 55 22 land
1433 1332 45 22 will
1486 1333 28 21 be
1522 1333 68 22 taken
1600 1334 23 21 in
1634 1333 121 28 exchange.
1785 1346 2 6 ■

1294 1358 42 22 For
1344 1358 84 22 further
1436 1359 135 28 particulars,
1583 1360 67 30 apply
1660 1364 22 18 to

1584 1386 98 23 George
1696 1387 89 27 Duppa,
1799 1395 25 14 or

1256 1414 2 11 '
1267 1414 5 9 r
1272 1420 15 32 'J_
1583 1420 37 22 W.
1637 1420 28 22 V.
1681 1421 100 23 Brewer

1256 1476 2 10 1
1266 1463 122 27 Country
1401 1464 124 22 Sections
1545 1465 42 21 for
1606 1465 60 21 Sale
1688 1472 35 15 on
1742 1467 107 21 Liberal

1508 1492 101 20 Terms.
1659 1509 29 7 ,
1714 1507 12 14 )(

1268 1516 162 50 SEVERAL
1453 1517 112 25 .Sections
1592 1519 27 21 of
1649 1519 100 28 Country
1778 1519 71 28 Land,

1332 1543 89 28 already
1431 1543 83 23 chosen
1521 1545 25 21 in
1556 1544 46 22 the-
1607 1545 94 23 Porirua'
1706 1543 3 13 :
1714 1545 91 28 district,
1816 1546 35 22 for

1256 1583 2 4 •
1267 1570 59 27 Sale,
1336 1578 74 14 terms
1418 1578 107 14 liberal.
1554 1571 74 28 Apply
1639 1575 23 19 to
1668 1584 4 5 -
1693 1575 3 5 '
1705 1571 32 17 '"'■

1361 1604 29 21 F-
1401 1604 29 22 A.
1444 1604 171 28 Molesworth,
1631 1606 184 28 Murphy-atreet,
1827 1615 24 13 or

1362 1631 34 22 W.
1412 1631 28 22 V.
1455 1632 106 26 Brewer,
1571 1632 196 23 Manners-street.

1255 1674 2 26 !
1428 1684 57 21 Oil!
1507 1685 69 21 Oil!!
1599 1685 89 22 Oil!!!

1269 1716 91 49 THE
1374 1717 75 22 BEST
1463 1717 89 23 LAMP
1566 1718 54 22 OIL
1629 1718 24 22 in
1664 1718 141 28 Wellington,
1816 1721 32 20 3s.

1341 1750 40 21 per
1394 1744 71 27 single
1467 1745 1 8 1
1479 1744 80 27 gallon,
1570 1742 46 24 arid
1628 1746 32 21 2s.
1679 1745 36 23 9d.
1734 1746 29 27 by
1773 1746 76 27 taking

1268 1769 43 23 five
1321 1770 91 27 gallons,
1420 1773 23 19 at
1453 1770 36 22 the
1500 1771 73 22 Stores
1583 1772 26 21 of
1629 1775 3 6 '

1563 1803 33 22 M.
1613 1804 88 26 Asher,

1629 1835 111 22 Lambton
1749 1835 72 27 Quay.

1296 1860 55 28 May
1359 1862 34 24 23,
1406 1862 59 20 1843.

1451 1906 36 22 W.
1503 1907 33 21 M.
1552 1906 106 27 SMITH,

1256 1946 70 18 *KATE
1336 1942 234 20 SUfcVEYOR-GENERAL
1580 1947 29 14 TO
1620 1946 46 15 TBE
1681 1947 50 15 NEW
1746 1943 103 18 ZEALAND

1256 1976 18 21 f,
1298 1987 4 5 ,
1501 1973 122 19 COMPANY,;
1792 1969 3 4 '
1839 1983 2 6 ,

1263 2012 2 4 .
1294 1995 143 25 Surveyor,
1451 1995 210 27 Draughtsman,
1677 1996 55 20 and
1745 1997 77 20 Land

1510 2022 99 26 Agent.

1268 2051 176 28 Tinakori-road,
1454 2052 100 27 January
1566 2054 21 25 4,
1599 2055 61 21 1843.

1482 2098 20 21 I.
1531 2098 106 26 BIRD,
1839 2086 12 33 T

1268 2130 230 27 Cabinet-maker,
1514 2132 185 26 Upholsterer,
1719 2134 22 20 &
1764 2134 86 26 Paper

1501 2159 119 26 Hanger,

1449 2199 35 14 TE
1508 2199 55 14 ARO
1586 2199 82 21 FLAT,

1261 2225 51 27 ;T>
1321 2224 215 25 ESPECTFULLY
1551 2225 83 23 solicits
1649 2234 13 14 a
1677 2227 87 26 portion
1775 2227 25 22 of
1812 2227 38 23 the

1269 2248 52 26 XV
1347 2251 87 21 favours
1445 2251 26 21 of
1477 2252 38 21 the
1528 2256 78 23 gentry
1616 2253 46 21 and
1677 2253 136 23 inhabitants
1829 2255 26 21 of

1267 2276 138 29 Wellington
1414 2277 24 22 in
1453 2276 39 24 the
1506 2279 69 21 above
1590 2279 120 28 branches,
1722 2280 43 22 and
1777 2284 72 24 trusts,

1268 2304 29 27 by
1314 2304 34 22 his
1360 2305 145 21 .economical
1522 2306 92 26 charges
1633 2307 45 21 and
1694 2307 115 28 attention,
1827 2311 22 19 to

1268 2332 68 21 merit
1344 2338 13 14 a
1366 2331 183 23 contihuance'of
1557 2332 37 22 the
1603 2340 69 16 same.

1295 2358 50 22 Has
1364 2364 12 16 a
1394 2358 76 22 choice
1490 2359 116 22 collection
1625 2360 26 22 of
1671 2359 56 23 New
1751 2361 100 22 Zealand

1270 2384 80 27 woods,
1379 2384 51 22 well
1457 2386 107 22 seasoned
1574 2394 6 19 ;
1604 2394 15 14 a
1642 2387 42 21 few
1708 2387 42 22 low
1775 2388 76 27 priced

1268 2415 134 19 mattresses.

1295 2437 104 23 Families
1409 2437 82 29 having
1500 2439 59 22 their
1567 2446 48 16 own
1621 2441 114 22 materials
1742 2448 41 15 can
1794 2441 55 23 have

1269 2464 62 23 them
1341 2465 65 22 made
1415 2473 38 20 up.

1295 2498 32 22 Te
1338 2498 45 23 Aro
1394 2498 57 28 Flat,
1461 2499 57 27 May
1528 2501 34 25 12,
1572 2502 62 21 1843.
1788 2500 11 11 '■
1822 2500 5 11 *

1437 2545 78 21 Meat
1535 2545 149 27 Company.
1797 2539 3 6 '
1801 2564 25 5 ....

1270 2576 91 49 THE
1380 2576 235 29 UNDERSIGNED,
1635 2578 84 28 having
1736 2579 58 23 been
1813 2584 43 23 ajH'

1343 2603 89 28 pointed
1447 2604 110 27 Manager
1566 2604 25 23 of
1604 2605 38 21 the
1656 2606 63 21 Meat
1729 2606 120 28 Company,

1268 2630 55 27 begs
1332 2634 23 18 to
1365 2638 116 15 announce
1491 2631 47 22 that
1553 2638 13 15 a
1574 2632 89 26 regular
1671 2632 79 28 supply
1759 2633 26 22 of
1793 2633 57 27 beef,

1261 2659 102 25 .mutton,
1383 2657 45 22 and
1437 2658 64 28 ipork
1516 2665 62 20 may
1587 2658 81 27 always
1687 2659 28 22 be
1734 2660 117 27 depended

1270 2691 60 20 upon
1341 2688 23 18 at
1373 2684 43 25 this
1427 2684 170 23 establishment.
1625 2702 3 10 ,
1776 2707 2 4 .
1807 2690 3 3 '

1296 2711 34 21 As
1354 2711 42 21 this
1420 2711 114 28 Company
1552 2719 108 21 purposes
1677 2712 78 28 selling
1775 2717 22 18 at
1803 2731 3 4 .
1814 2714 37 22 the

1268 2736 79 23 lowest
1354 2737 71 28 prices
1435 2742 23 18 at
1472 2738 73 22 which
1553 2742 19 17 it
1585 2739 19 21 is
1611 2739 73 22 found
1693 2740 37 21 the
1738 2743 61 19 meat
1812 2748 41 15 can

1269 2764 29 21 be
1309 2764 105 28 afforded,
1425 2765 37 22 the
1472 2765 149 27 undersigned
1630 2766 18 21 is
1654 2766 61 28 -only
1725 2766 126 23 authorized

1270 2794 23 18 to
1303 2791 51 26 give
1360 2791 144 27 very.limited
1514 2792 74 27 credit,
1595 2792 48 22 and
1649 2792 40 23 has
1695 2793 56 24 been
1760 2794 93 23 ordered

1270 2820 23 19 to
1310 2822 47 23 stop
1372 2818 30 22 all
1415 2821 104 20 accounts
1533 2819 82 25 which,
1620 2827 38 14 are
1672 2824 42 18 not
1727 2820 53 28 paid
1794 2829 62 20 upon'

1270 2844 103 23 demand.

1297 2871 48 22 The
1354 2871 100 22 business
1463 2872 27 22 of
1497 2872 37 22 the
1544 2872 114 28 Company
1666 2873 20 22 is
1696 2874 85 22 carried
1790 2882 28 15 on
1825 2875 27 23 ,in

1269 2897 60 22 their
1343 2905 50 15 new
1406 2898 108 28 building,
1526 2899 86 22 erected
1630 2900 101 22 between
1749 2901 104 22 France's

1269 2924 71 23 Hotel
1358 2925 43 22 and
1418 2925 39 22 the
1475 2925 61 22 head
1550 2926 26 21 of
1589 2926 41 22 the
1642 2926 57 28 Bay,
1717 2927 44 22 and
1776 2928 77 27 nearly

1270 2952 98 27 opposite
1378 2956 23 17 to
1411 2952 45 22 Mr.
1466 2952 35 28 Ly
1503 2959 27 15 on
1533 2952 17 22 's
1560 2952 69 23 Store.
1642 2975 5 3 .
1680 2968 44 10 ..,.
1758 2971 2 6 ,
1797 2966 4 4 ■
1817 2971 2 5 ,
1843 2959 5 5 •

1428 3001 10 7 1.
1540 2986 36 22 W.
1589 2986 103 27 Flyger,
1700 2987 124 28 .Manager.

1267 3027 11 12 ;.
1291 3017 135 25 .November
1435 3019 33 26 23,
1481 3019 59 21 1842.
1689 3029 36 14 -,-;
1755 3025 27 18 -,

1458 3070 84 21 Fresh
1557 3070 111 26 Butter,'
1699 3071 10 9 r>
1738 3090 4 5 ,
1844 3075 4 15 1

1269 3100 161 51 ALWAYS
1446 3110 29 15 on
1490 3102 50 23 Sale
1555 3107 23 18 at
1594 3104 38 22 the
1642 3104 65 22 Meat
1718 3105 134 28 Company's

1348 3130 115 27 premises.
1716 3138 3 4 •
1751 3146 4 4 .

1323 3169 32 12 u.i.
1426 3166 43 13 n,/
1538 3156 36 23 W.
1588 3157 104 28 Flyger,
1707 3159 116 28 Manager.
1846 3169 2 8 ■

1296 3189 158 29 Willis-street,
1465 3190 88 29 Dec-2,
1566 3192 69 21 1842.-
1702 3195 146 16 •■■■/-•,

1508 3238 108 21 Cheese.
1655 3262 4 4 _
1689 3263 2 5 (
1728 3241 18 17 •'
1758 3235 32 34 ',"
1804 3259 3 12 \
1846 3236 2 31 !

1268 3269 53 48 A
1331 3269 116 23 SUPPLY
1454 3269 105 23 received
1566 3264 85 35 weekly
1658 3271 26 22 of
1691 3271 48 24 New
1739 3271 114 24 Zealand

1348 3296 65 22 made
1423 3297 92 27 Cheese,
1521 3297 58 22 from
1579 3303 3 6 1
1587 3295 38 24 the
1634 3299 141 26 Cowpasjure
1780 3296 70 30 dairy,

1268 3322 53 24 and.
1323 3322 34 23 for
1365 3323 45 23 sale
1419 3327 24 19 at
1444 3323 3 15 1
1458 3323 38 23 the
1506 3324 105 28 premises
1620 3325 28 21 of
1654 3325 51 21 >the'
1714 3326 67 21 Meat
1786 3326 66 21 Com-

1267 3356 68 21 pany.
1375 3366 2 6 ,
1573 3348 19 29 ',_,
1618 3365 3 8 ,
1720 3362 4 13 8
1745 3357 25 17 i,-)
1777 3361 25 13 1,
1814 3365 2 7 ,

1341 3399 6 7 „
1374 3398 4 5 ,
1395 3398 11 7 „
1434 3391 9 15 ;,
1456 3400 2 5 .
1470 3398 3 3 .
1528 3395 3 5 .
1547 3377 35 26 W-
1592 3377 103 27 Flyger,
1700 3377 123 28 .Manager.
1847 3382 3 24 ;

1295 3399 158 31 Willis-street,
1465 3403 125 23 December
1598 3405 34 26 20,
1644 3401 61 25 18^2.
1722 3401 129 33 .'"•,';,'•';

1381 3460 35 11 .,
1441 3464 31 10 ,-.,
1477 3464 14 13 u
1488 3449 55 21 ror
1556 3448 68 21 Sale.
1715 3452 20 21 ij]
1740 3459 29 14 lU(
1783 3460 21 12 „,
1820 3466 3 6 ,

1268 3482 52 48 A
1347 3481 287 28 DWELLING-HOUSE
1644 3493 3 13 :
1661 3490 30 15 on
1706 3483 145 29 .Wellington

1347 3508 100 27 Terrace,
1459 3506 96 30 idapted
1563 3508 36 22 for
1606 3515 14 15 a
1628 3509 73 24 small,
1703 3509 86 33 family.
1804 3528 1 4 ,

1292 3534 48 23 For
1347 3535 137 28 particulars,
1493 3534 92 29 enquire
1594 3537 24 20 at
1627 3535 38 23 the
1674 3537 63 21 Store
1747 3539 26 21 6f
1777 3543 5 3 •

1414 3575 38 26 H,,
1454 3567 6 10 j
1461 3575 96 23 Taylor
1571 3576 21 22 &
1606 3576 47 28 Co.*
1664 3576 168 27 Willis-street.,

1294 3607 113 29 February
1416 3610 21 26 3,
1447 3610 62 22 1843.
1794 3616 3 17 ;

1268 3665 92 48 THE
1381 3667 79 20 Nelson
1482 3667 117 21 Examiner
1621 3668 44 21 and
1684 3669 54 20 New
1759 3670 95 21 Zealand

1341 3693 110 21 Chronicle
1466 3693 126 26 (published
1601 3697 23 19 at
1632 3695 103 28 Nelson,)
1740 3700 2 4 '
1750 3696 19 22 is
1787 3702 65 23 regu-

1264 3718 60 28 larly
1342 3720 150 22 transmitted.
1496 3724 24 18 to
1535 3720 144 29 Wellington,
1700 3722 44 22 and
1757 3730 53 21 may
1822 3724 30 22 be

1265 3744 44 23 had
1320 3748 24 19 at
1352 3746 37 22 the
1399 3747 64 22 office
1472 3747 26 21 of
1509 3747 43 22 this
1561 3755 75 21 paper.
1684 3767 57 5 ...

1274 3796 10 5 ..
1293 3779 48 22 The
1351 3781 86 27 Nefspn.
1437 3782 116 20 Examiner
1568 3782 45 22 -will
1621 3782 28 22 be
1659 3782 70 23 found
1738 3790 30 15 an
1778 3784 74 22 excel-

1265 3805 49 22 lent
1321 3807 100 22 medium
1430 3807 35 22 for
1474 3808 139 25 advertisers.
1620 3825 3 6 ,
1658 3824 11 14 0
1684 3825 3 6 ,
1740 3824 4 12 ;
1759 3824 25 13 jr
1792 3828 2 8 ,

1292 3839 79 23 Terms
1379 3839 35 29 for
1423 3840 37 22 the
1466 3835 78 34 'paper,
1554 3844 37 19 ten
1599 3841 102 28 shillings
1715 3849 39 20 per
1762 3846 91 24 quarter

1264 3864 96 29 payable
1367 3866 25 22 in
1401 3866 108 23 advance.

1281 3920 3 5 .
1450 3903 43 23 the'
1510 3911 69 22 paper
1600 3906 46 21 and
1668 3905 184 25 advertisements

1264 3929 104 24 received
1378 3932 22 20 at
1409 3930 38 23 the
1457 3930 71 24 Office
1539 3931 27 23 of
1576 3931 43 23 this
1628 3939 77 17 paper.

2002 708 42 20 Ex
2058 708 132 21 schooner

1885 741 50 47 A
1955 740 67 22 FEW
2040 741 79 21 TONS
2141 741 39 22 OF
2203 742 187 24 MANAWATU
2411 744 51 23 PO-

1962 767 124 27 TATOES,
2102 767 35 22 for
2150 768 51 22 Sale
2215 772 24 18 at

2204 799 116 23 Wallace
2334 800 47 23 and
2394 802 40 21 Co.

1912 825 58 21 June
1980 826 33 27 24,
2027 826 59 21 1843.

1883 875 44 21 Ex
1938 876 63 27 brig
2206 877 70 22 from
2290 878 171 27 Valparaiso.

1888 910 407 50 mTONSFLOUR,

2013 940 37 20 131
2065 939 55 27 bags
2130 940 88 27 biscuit,

2014 966 28 21 30
2055 966 73 21 barrel
2135 966 59 27 beef,

1936 1000 9 11 /
1964 993 26 19 10
2004 998 59 15 cases
2072 992 88 22 French
2168 992 61 28 fruit,

1964 1019 26 20 10
2003 1018 42 21 tins
2055 1018 57 22 Chili
2121 1019 118 26 preserved
2248 1019 59 28 fruit,

1962 1045 14 20 2
1990 1044 52 26 bags
2052 1044 57 22 Chili
2120 1045 76 22 clover
2204 1046 59 26 seed,

1964 1070 28 21 50
2004 1070 68 22 boxes
2082 1071 103 22 Sardinas
2196 1072 37 22 oil.

2030 1104 132 27 Ridgways,
2179 1105 105 28 Guyton,
2300 1106 46 22 and
2361 1106 71 23 Ear*.

1912 1133 54 29 May
1976 1136 33 26 30,
2020 1136 60 21 1843.

2045 1186 89 21 Beach
2152 1187 143 27 Frontage.

1884 1218 65 48 TO
1964 1218 39 22 BE
2017 1218 64 27 LET,
2095 1219 72 22 beach
2176 1220 101 28 frontage
2290 1221 44 21 lots
2344 1221 24 21 in
2378 1225 85 19 sect/on

1954 1246 42 20 490
2005 1252 28 15 on
2049 1245 37 22 the
2093 1246 58 21 Plan
2163 1247 26 21 of
2196 1246 38 22 the
2243 1246 67 23 Town
2323 1248 27 20 of
2356 1247 106 29 Welling-

1882 1275 46 22 ton,
1938 1272 113 26 adjoining
2061 1272 42 21 Mr.
2111 1272 90 22 Tainete
2208 1276 67 24 store;
2291 1274 44 21 and
2342 1274 26 22 in
2378 1275 83 23 section

1881 1299 47 25 616,
1936 1298 98 22 between
2043 1298 73 27 Major
2124 1299 91 22 Baker's
2225 1300 45 21 and
2277 1300 44 22 Mr.
2329 1300 133 24 Swainson's

1882 1324 87 22 houses.
2013 1338 2 4 ■

1909 1351 55 22 Also
1975 1350 36 23 the
2018 1351 112 27 following
2139 1352 97 22 sections
2245 1359 29 15 on
2284 1352 37 23 the
2328 1354 57 22 Plan
2392 1354 26 22 of
2424 1354 39 23 the

1881 1376 77 28 Town,
1969 1378 73 24 vizir—

1984 1402 27 23 55
2143 1406 42 21 319
2332 1408 42 20 922

1971 1432 42 20 240
2144 1433 41 21 718
2320 1434 53 22 1079

1909 1458 75 26 Apply
1998 1461 22 18 to

2056 1484 26 22 E.
2096 1484 23 22 J.
2135 1484 148 28 Wakefield,
2299 1493 24 15 or

2056 1510 34 21 W.
2105 1511 28 22 V.
2149 1512 107 27 Brewer,
2270 1513 193 23 Manners-street.

2192 1539 2 8 '
2285 1547 4 7 ■
2298 1554 9 1 ..

2016 1561 84 21 Town
2118 1562 32 19 of
2161 1562 167 21 Manewatu.

1884 1593 91 35 rpHE
1997 1593 210 23 PROPRIETORS
2232 1595 25 21 of
2281 1595 38 22 the
2340 1596 61 22 three
2415 1597 48 22 first

1891 1616 29 25 X
1971 1620 85 22 choices
2072 1623 22 19 at
2103 1622 38 20 the
2158 1621 45 22 last
2216 1622 105 22 selection
2332 1623 25 21 of
2371 1627 93 24 country

1882 1646 69 26 lands,
1965 1647 82 27 having
2066 1647 137 23 determined
2216 1656 61 19 upon
2293 1649 38 22 the
2347 1649 40 22 site
2401 1651 35 21 for
2450 1658 15 14 a

1895 1680 93 22 TOWN
2003 1681 43 22 ON
2059 1681 64 22 THE
2138 1681 188 23 MANEWATU
2340 1683 106 28 RIVER,

1881 1711 57 22 after
1942 1714 79 19 several
2028 1713 58 20 visits
2095 1716 21 19 to
2126 1713 38 22 the
2173 1714 185 27 neignbouroood,
2369 1715 47 22 and
2425 1715 38 23 the

1882 1741 57 19 most
1957 1739 85 22 careful
2059 1740 44 21 and
2121 1740 83 22 minute
2223 1741 150 22 examination
2389 1742 25 21 of
2425 1742 39 22 the

1883 1769 70 18 entire
1969 1766 90 28 district,
2075 1766 65 22 aided
2156 1766 30 28 by
2195 1766 37 23 the
2248 1767 143 28 professional
2404 1768 58 28 skill,

1881 1792 138 28 ix'owledge,
2038 1790 44 25 and
2095 1794 131 26 experience
2241 1794 24 22 of
2277 1794 37 22 the
2330 1798 59 18 most
2403 1802 61 16 com-

1882 1822 76 24 petent
1965 1819 86 28 judges,
2068 1827 91 20 propose
2175 1823 22 19 to
2214 1820 54 22 offer
2278 1821 33 21 for
2327 1820 103 31 disposal,
2440 1826 24 18 at

2018 1845 49 23 ■the
2080 1849 88 25 present
2177 1848 62 26 time,
2249 1848 67 21 about

1881 1877 217 23 TWENTY-FIVE
2132 1877 106 28 ACRES,
2277 1878 35 22 IN
2349 1879 115 23 ALLOT-

1879 1904 117 27 MENTS,
2011 1904 83 23 EACH
2114 1905 40 21 OF
2162 1925 5 2 .
2178 1905 65 21 ONE
2262 1905 148 24 QUARTER
2423 1907 40 22 OF

2069 1952 3 4 .
2095 1931 45 21 AN
2156 1922 91 42 ACRIf,
2336 1941 4 10 .
2350 1942 4 4 •

1908 1965 47 22 The
1964 1968 50 25 spot
2022 1966 50 21 thus
2081 1965 97 22 selected
2187 1973 112 21 possesses
2307 1966 38 22 the
2354 1971 58 19 most
2427 1975 38 15 ex-

1881 1992 86 21 tensive
1980 1992 101 26 frontage
2088 1995 30 18 -to
2133 1992 57 27 deep
2203 1996 67 18 water
2284 1993 26 21 of
2321 2001 44 20 any
2379 1999 29 17 on
2427 1994 37 22 the

1881 2018 64 24 river.
1964 2017 33 25 It
2014 2018 18 21 is
2050 2018 96 21 situated
2159 2018 49 28 just
2220 2022 24 17 at
2258 2019 49 22 that
2326 2020 139 26 point'from

1943 2043 72 22 which
2025 2051 12 14 a
2046 2044 58 22 road'
2110 2044 73 22 would
2191 2045 86 22 branch
2287 2046 34 21 off
2326 2049 23 18 to
2359 2046 38 23 the
2427 2056 6 6 -

1882 2083 94 14 WOODED
2001 2083 44 14 AND
2066 2083 98 15 FERTILE
2183 2084 116 14 DISTRICTS
2321 2084 75 16 ALONG
2418 2086 46 16 THE

2050 2109 54 15 BASE
2119 2110 28 14 OF
2161 2110 135 21 THE.,HILLS,
2337 2122 10 8 ,
2366 2119 2 4 .
2431 2121 3 7 ,

1881 2136 45 21 and
1938 2136 70 21 above
2017 2135 72 22 which
2098 2136 37 21 the
2149 2137 130 26 navigation
2291 2138 35 21 for
2335 2139 82 22 vessels
2425 2139 40 23 be-

1882 2170 73 14 comes
1966 2163 83 25 tedious,
2060 2164 24 25 if
2088 2165 38 18 not
2132 2164 89 26 difficult
2257 2164 23 21 Tt
2287 2164 17 22 is
2312 2164 106 24 therefore
2426 2166 38 23 the

2009 2210 14 8 
2049 2202 4 6 >
2077 2190 143 28 pointwhore
2231 2190 38 22 the
2330 2206 15 11 
2364 2210 3 5 ,

1884 2223 87 22 LAND
1987 2223 64 23 AND
2067 2223 113 22 WATER
2193 2224 163 22 CARRIAGE
2370 2225 93 24 MEET.

1882 2255 45 21 and
1932 2255 77 22 -where
2018 2262 14 15 a
2041 2255 75 22 Town'
2125 2262 60 15 must
2201 2263 28 14 be
2236 2261 97 17 Formed
2350 2257 65 22 when
2427 2258 38 22 the

1882 2281 122 26 districfeidS
2011 2282 85 22 settled.
2210 2283 97 22 selected
2323 2284 34 26 by'
2363 2284 37 22 the
2402 2286 4 10 ;
2409 2285 57 23 'Sur-

1882 2309 80 26 veying
1973 2309 62 21 Staff,
2039 2309 73 22 tw-^he
2121 2309 138 22 rendezvous
2265 2310 38 21 for
2317 2310 58 22 their
2388 2309 61 29 body
2458 2320 7 19 ;

1882 2335 44 21 and
1936 2335 40 22 has
1985 2335 56 22 been
2051 2343 50 14 now
2113 2335 77 28 found,
2201 2337 58 20 after
2269 2337 86 21 several
2370 2338 95 23 months'

1882 2361 104 28 location,
1997 2366 23 17 to
2032 2362 28 22 be
2068 2362 38 22 the
2116 2365 58 19 most
2188 2363 164 27 advantageous
2362 2364 102 28 position,

1883 2388 58 22 from
1956 2389 28 21 its
1997 2389 97 27 peculiar
2114 2389 85 28 facility
2215 2390 27 21 of
2252 2389 112 29 approach
2372 2391 54 22 both
2435 2392 32 27 by

1882 2415 55 21 land
1947 2415 45 22 and
2000 2418 73 19 water.
2126 2432 5 4 .
2140 2425 3 12 ;
2177 2425 6 11 ;

1912 2447 29 22 In
1950 2448 152 23 confirmation
2110 2448 26 21 of
2142 2448 39 22 the
2190 2448 131 28 superiority
2331 2449 26 21 of
2364 2450 46 21 this
2418 2453 51 24 spot

1882 2481 54 14 over
1945 2481 44 20 any
1999 2474 61 22 other
2069 2478 36 24 yet
2114 2474 89 28 known,
2215 2475 38 22 the
2262 2475 91 23 Messrs.
2363 2476 103 28 Kebbell,

1884 2501 58 22 after
1958 2500 46 25 the,
2016 2502 148 21 examination
2169 2519 2 7 ,
2180 2502 26 21 of
2222 2502 37 22 the
2277 2502 133 25 river;-.from
2429 2503 38 22 the

1884 2527 89 22 Paneiri
1982 2528 47 21 Pah
2038 2531 22 18 to
2070 2528 28 22 its
2106 2527 86 28 mouth,
2204 2528 139 23 determined
2357 2537 30 15 on
2397 2534 70 18 erect-

2118 2555 39 26 ing
2169 2555 60 22 their

1883 2587 67 23 SAW
1962 2587 80 23 MILL
2063 2578 229 47 IMMEDIATELY
2307 2589 161 29 OPPOSITE.

1883 2620 49 22 The
1950 2620 71 22 works
2037 2620 25 21 of
2077 2620 49 22 that
2143 2620 169 26 eßta.blishine.nt
2330 2628 36 15 are
2382 2625 31 25 «$.
2423 2622 44 22 this

1885 2644 140 25 momentum
2039 2646 63 28 rapid
2116 2647 107 27 progress,
2241 2646 43 23 and
2299 2644 168 32 'the"i>r.'oposed

1884 2674 69 22 Town
1963 2673 45 22 will
2016 2673 131 27 necessarily
2152 2674 93 27 partake
2251 2674 25 21 of
2283 2674 43 22 this
2335 2674 131 29 advantage.

1875 2713 4 4 ■
1912 2706 49 22 The
1979 2705 91 22 nucleus
2079 2705 3 10 :
2124 2712 14 14 a
2150 2704 86 23 -Town'
2312 2705 54 28 fact,
2377 2706 92 29 already

1886 2731 97 27 created,
1991 2732 31 27 by
2030 2731 37 22 the
2077 2731 165 23 concentration
2258 2733 25 21 of
2296 2732 38 22 the
2343 2733 126 29 Surveying

1862 2773 2 4 ■
1875 2757 164 24 •'Stafl-Wthat
2047 2762 62 23 spot,.
2112 2766 24 14 as
2145 2759 44 21 the'
2193 2762 74 18 centre
2283 2759 26 21 of
2319 2761 150 23 communica-

1887 2786 46 22 tion
1944 2789 22 18 to
1977 2785 37 22 the
2023 2785 146 27 surrounding
2176 2783 102 30 district^
2291 2785 39 23 the
2339 2787 97 22 erection
2446 2788 24 22 of

1881 2812 222 27 ,M.e^srs;Kebbeirs
2116 2812 50 22 Saw
2183 2812 63 23 Mills
2262 2813 97 28 opposite
2366 2814 52 27 ;.iby
2431 2814 38 23 the

1887 2843 163 23 arrangements
2062 2839 35 21 for
2111 2846 29 14 an
2157 2839 113 21 extensive
2281 2839 98 23 General
2391 2841 62 22 Store
2460 2850 7 19 ;

1884 2866 48 22 and
1941 2866 28 27 by
1977 2866 38 22 the
2024 2867 43 21 late
2077 2865 132 32 application
2215 2865 35 22 for
2258 2873 13 14 a
2274 2866 115 29 Licensed,
2391 2867 77 28 f^ouse

1886 2900 28 14 on
1923 2892 130 29 thepartbf
2063 2898 31 16 an
2102 2891 123 23 individual
2238 2892 50 22 who
2302 2893 47 26 has,
2359 2893 61 28 sifl.ee
2429 2894 40 23 the

1885 2920 131 31 formation^
2020 2919 25 22 of
2058 2919 39 21 the
2218 2919 98 30 pursued
2331 2926 13 15 a
2362 2917 106 32 lucrative

1887 2946 63 22 trade
1960 2942 56 26 with'
2022 2945 36 22 the
2067 2948 92 24 natives,
2170 2944 49 32 and_
2225 2945 73 23 whose
2309 2945 130 30 knowledge
2446 2949 24 21 of

1886 2973 38 21 the
1934 2972 134 26 advantages
2077 2971 25 22 of
2107 2971 38 23 the
2155 2971 102 28 position,
2263 2972 117 28 prompted
2388 2972 48 24 him
2445 2978 25 19 at

1887 3006 55 15 once
1954 3003 21 17 to
1983 2999 73 26 prefer
2064 2998 48 22 that
2123 2998 142 27 application.

1910 3031 48 22 The
1966 3031 94 23 Natives
2074 3030 29 28 by
2112 3029 74 23 whom
2200 3030 44 22 this
2253 3030 54 23 land
2317 3038 45 15 was
2372 3031 95 24 claimed

1883 3065 38 14 are
1931 3058 60 27 quite
2001 3057 107 28 prepared
2116 3059 21 19 to
2146 3056 51 28 give
2203 3064 31 20 up
2239 3059 132 27 possession,
2378 3059 45 22 and
2428 3067 39 15 are

1884 3085 145 27 exceedingly
2038 3084 91 21 anxious
2142 3086 22 18 to
2180 3083 59 22 have
2246 3090 15 16 a
2269 3084 119 29 European
2396 3093 70 21 popu-

1882 3111 70 22 lation
1962 3116 86 25 among/
2051 3111 73 26 theni/
2127 3109 86 28 having
2228 3111 58 22 been
2294 3118 59 21 upon
2363 3112 40 23 the'
2409 3116 58 19 most

1881 3137 99 28 friendly
1985 3137 85 27 footing
2079 3137 53 22 with'
2136 3137 42 21 the
2189 3138 125 27 Surveying
2324 3139 58 22 Staff
2386 3139 81 27 during

1881 3165 39 22 the
1929 3165 50 22 four
1988 3172 24 14 or
2022 3165 41 21 five
2072 3163 89 23 months
2168 3163 55 28 they
2241 3164 58 23 have
2314 3165 56 22 been
2379 3165 88 26 located

1880 3192 73 23 there.
1991 3191 15 30 ■[

1910 3224 33 21 As
1953 3223 37 23 the
1997 3222 135 28 Proprietors
2140 3229 96 27 purpose
2244 3226 23 19 to
2276 3223 87 28 dispose
2373 3224 27 22 of
2405 3224 40 22 but
2453 3231 14 15 a

1880 3250 87 23 limited
1982 3249 85 27 portion
2077 3249 33 22 -of
2120 3248 38 22 the
2173 3248 70 23 Town
2258 3253 23 18 at
2298 3253 96 25 present,
2413 3251 54 32 they

1881 3277 80 28 pledge
1969 3276 131 23 themselves
2107 3276 56 26 that,
2173 3279 24 18 at
2205 3283 31 15 no
2246 3276 82 23 -future
2336 3277 64 27 sales,
2410 3278 57 22 shall

1862 3316 2 10 !
1871 3318 2 7 .
1882 3304 39 22 the
1931 3304 125 24 allotments
2065 3302 28 25 be
2102 3305 39 25 put
2147 3309 31 20 up
2187 3306 24 19 at
2220 3311 14 14 a
2243 3300 46 26 7ess
2298 3311 49 15 sum
2355 3304 55 22 than
2418 3311 49 16 now

1883 3330 90 23 offered.
2418 3347 4 6 ,
2429 3343 8 11 »■

1900 3363 32 23 <A
1950 3361 130 31 Prospectus
2099 3360 45 22 and
2163 3361 58 23 Plan
2230 3361 36 28 tof
2279 3362 38 22 the
2335 3362 69 22 Town
2422 3362 47 23 will

1881 3389 86 27 shortly
1975 3388 29 22 be
2012 3387 68 28 ready
2088 3387 35 23 for
2130 3389 126 26 inspection
2270 3392 24 19 at
2305 3389 38 22 the
2353 3388 82 23 Offices
2443 3389 27 22 of

1882 3417 91 21 Messrs.
1984 3415 69 22 Waitt
2061 3414 45 22 and
2114 3412 77 30 Tyser,
2201 3415 33 22 Te
2243 3415 55 23 Aro.

1908 3446 145 28 Wellington,
2064 3446 64 24 April
2137 3448 35 22 22,
2183 3448 61 24 1842.
2252 3466 5 5 ,

1882 3510 3 4 -
1916 3507 19 11 .•!
1955 3506 17 13 \.
1982 3514 4 4 .
1995 3512 3 5 ,
2052 3497 65 21 Just
2126 3511 3 5 .
2136 3496 158 26 Published,
2328 3508 3 4 ■
2370 3507 3 3 •
2391 3506 3 4 •
2415 3499 29 12 '"■-

1883 3530 92 51 THE
1997 3529 213 24 WELLINGTON
2232 3528 231 25 ALMANACKS

1929 3568 4 3 •
1959 3558 68 22 1843:
2413 3556 24 19 •'■'

1942 3601 10 6 
1969 3594 11 14 .[
1983 3601 11 13 f)
1999 3599 3 5 .
2034 3598 5 12 ,
2112 3589 123 16 CONTENTS.
2246 3605 4 5 ,
2326 3593 4 15 ;
2349 3590 1 5 '
2417 3586 28 20 ■ii

1910 3611 106 27 Weather
2039 3608 75 28 Table,
2124 3607 4 4 '
2134 3607 77 29 Cycles
2233 3607 44 24 and
2299 3608 165 25 Astronomical

1882 3638 120 26 Numbersi
2015 3636 115 27 Calendar;
2296 3635 44 22 and
2354 3635 110 25 Farmer's

1882 3664 115 28 Calendar,
2009 3662 180 27 Meteorological
2201 3661 69 22 Table
2279 3661 34 22 for
2321 3661 69 29 .1840,
2401 3664 62 27 1841,

1882 3691 45 22 and
1937 3692 60 26 1842,
2009 3690 98 28 Eclipses
2115 3690 25 21 of
2147 3688 39 22 the
2194 3688 47 22 Sun
2250 3688 47 21 and
2312 3685 79 32 Moon,
2408 3690 57 23 New

1882 3718 107 23 Zealand,
1998 3718 119 26 Company,
2128 3716 60 21 Post.
2196 3714 70 22 Office
2277 3714 145 28 Regulations
2430 3717 35 23 for

1882 3745 58 22 New
1950 3744 108 26 Zealand,
2067 3742 56 23 Civil
2136 3741 185 29 Establishment,
2334 3742 56 24 Fees
2400 3744 64 23 Land

1884 3771 90 22 Claims'
1999 3770 85 26 Office,.,
2095 3782 5 12 ;
2100 3769 73 23 Post..
2174 3767 201 24 Officer-Colonial
2401 3770 63 28 Law,

1884 3798 74 23 Police
1983 3794 163 28 Office-rrPetty
2169 3794 108 28 Sessions,
2308 3795 111 29 Holidays
2427 3817 3 4 .
2441 3801 24 20 at

1888 3822 74 25 ?*ablie
1972 3822 86 27 Offices,
2070 3822 108 23 Discount
2188 3821 70 27 Days.

2033 3850 27 14 >**
2084 3848 71 23 Pr«b
2171 3848 30 22 Is.
2432 3862 2 10 ,

1882 3904 93 49 JUST
1989 3901 130 28 OPENED,
2126 3902 45 23 and
2182 3909 29 16 on
2221 3903 53 26 Sale
2279 3906 26 21 at
2314 3904 38 23 the
2361 3904 71 24 Offlc«
2442 3905 23 22 of

1945 3930 45 23 this
1999 3930 76 26 Paper,
2086 3928 38 23 ink
2133 3929 78 23 stands
2220 3930 27 22 of
2252 3931 90 23 various
2350 3938 63 16 uzts.
