2510 4010
139 809 291 22 METEOROLOGICAL
444 809 108 22 TABLE.

75 841 42 20 For
128 840 35 19 the
172 840 54 20 week
235 841 73 21 ending
320 839 116 23 Thursday,
444 841 55 20 June
509 842 35 20 29,
568 833 49 29 1843.

108 1939 169 37 SHIPPING
296 1952 275 26 INTELLIGENCE.

149 1989 9 8 i,
171 1988 4 6 <
205 1989 19 8 -
234 1985 19 9 m
268 1985 4 9 <
459 1983 3 3 '

130 2014 4 18 ;
270 2009 141 20 ARRIVED.

59 2041 3 3 '
79 2037 48 30 July
139 2042 19 26 1,
169 2039 69 23 ciitt'er
248 2041 115 21 Kaiherine
378 2041 111 24 Johnston,
501 2042 32 23 10,
549 2042 83 25 Taylor,
640 2036 2 13 !

49 2068 54 20 from
113 2068 126 27 Wangatriii.

58 2099 4 13 :
78 2096 57 25 July'
135 2096 23 25 4,
169 2096 54 25 brig'
230 2096 74 26 James,
316 2096 55 20 from
379 2095 84 21 Hobart
473 2095 71 25 Town,
562 2098 40 24 put
611 2096 22 19 in

51 2129 26 14 on
89 2124 37 19 her
134 2130 45 17 way
188 2124 34 19 for
236 2122 96 21 liondon.

94 2166 5 1 ,
130 2135 52 32 •',
209 2156 12 11 ..
240 2149 12 18 h
364 2155 22 12 i.
398 2147 69 20 :1m,.;
531 2150 18 14 :..
564 2158 18 6 ■•

131 2184 41 13 ::
288 2176 113 18 SAILED.

77 2208 49 25 July
138 2209 20 23 1,
168 2208 103 20 schooner
294 2208 73 24 Maria,
390 2208 26 20 27
431 2209 57 21 tons,
507 2207 81 26 Swany,
601 2208 34 19 for

52 2235 72 20 Maoa.
143 2237 2 5 '
154 2247 3 4 •
233 2247 5 9 j
262 2236 2 6 '
328 2251 4 2 .
356 2242 20 10 i-
393 2234 15 20 ',"
466 2239 10 14 '■
484 2234 16 19 A

78 2262 60 23 Sa,me
146 2262 47 27 day.
204 2262 112 21 American
332 2263 49 25 snip
389 2263 80 22 Rootrt,
475 2262 111 25 Jfotlsfor'd,
592 2263 41 20 400

50 2289 109 27 tons,;,W.
179 2290 106 26 Cal&wall,
297 2290 42 24 .for
355 2289 99 23 Manilla.
481 2288 125 28 Passengers
608 2300 26 4 —

47 2314 50 25 3fcr.,
111 2317 113 22 Ferguson*,
230 2317 48 22 (and,
287 2317 43 21 Mr.
341 2317 30 21 H,
386 2317 92 22 Mayers.
496 2322 3 6 v
505 2326 10 13 -,
527 2336 3 3 ,
575 2318 22 18 V
597 2331 10 8 v

74 2395 216 31 H&at'qtiiejndemm.ty
296 2408 5 15 j
308 2399 47 20 450;
368 2401 51 19 tons
427 2413 5 11 ,
440 2399 88 25 Adams,
541 2399 95 26 refitting

47 2427 92 27 Agents,
150 2427 70 21 Waitt
230 2427 43 20 and
284 2427 77 26 Tyser.

74 2462 110 20 Schooner
204 2460 66 30 A'nnp
279 2461 36 19 )22
329 2458 66 26 itdos,
419 2459 86 26 Brown,
529 2460 45 21 laid
599 2468 36 19 up.

47 2490 78 26 Agent,
137 2489 70 20 Waifcfc
216 2489 43 20 and
268 2488 69 26 .Tyser
340 2484 31 24 a.''

75 2523 115 27 Schoonley
193 2521 5 13 '
207 2522 62 25 Erin',
344 2523 58 24 tons,
427 2520 78 27 Relph.
546 2521 89 22 Master,

52 2552 78 25 Agent,
146 2542 51 20 ten-
243 2543 22 35 •'_
297 2556 10 24 -j

75 2583 50 23 JBrig
139 2583 82 23 Lunar,
237 2582 40 20 16a
287 2578 56 27 tons,
358 2581 37 21 W.
404 2581 64 20 Ellis.
496 2582 86 20 Rhodes
595 2583 46 20 and.

48 2611 48 21 Co..
101 2605 94 31 'Agents.
221 2606 12 14 J
263 2600 10 20 1
278 2617 19 24 ;,
318 2613 4 5 '

43 2653 5 3 •
75 2631 268 41 SckodiitT^adyieigli,
357 2644 40 20 109
407 2646 59 22 tons,
476 2643 77 27 Munn,
570 2643 67 24 JRtz-

47 2669 92 28 he^fbert,
150 2667 71 30 A'gent
222 2667 3 12 I
223 2666 11 25 .'
242 2666 196 12 '■•'■'-•

75 2705 108 22 Schooner
188 2705 72 21 Maori
266 2705 73 27 Davis,
348 2706 25 19 15
381 2709 57 23 tqns,
449 2705 81 26 Wylde.
558 2705 77 26 Agent.

47 2734 22 22 J.
80 2734 80 25 Wade.,
199 2732 3 6 '
215 2729 31 34 -'I'
268 2744 4 6 '
303 2756 7 7 y
310 2750 9 5 .,
518 2748 88 13 ,.'.

77 2762 108 24 Schooner
202 2766 79 19 Nelson
299 2765 95 27 Packet,,
407 2765 27 20 20
458 2767 57 23 tone,
530 2764 105 22 .Jackson.

48 2792 93 23 Wallace
150 2792 41 21 and
201 2792 48 25 Co.,
259 2792 115 26 Agents.,.^
533 2802 15 12 ,t
562 2810 2 5 ,
592 2801 13 14 ,<

33 2832 27 16 ■i.j
76 2827 107 21 Schooner
194 2827 122 24 Gannet;4Q
327 2829 54 24 tons,
392 2827 133 26 Popplewell.
553 2827 83 26 Agent,

52 2852 136 23 Hornbrooki
252 2859 3 3 ■
271 2857 24 13 ii~
309 2863 6 7 .>
353 2857 4 12 i

45 2881 106 28 '"^Gufeter
178 2884 114 28 Pickwick,
292 2884 4 12 1
307 2883 41 25 !38'
362 2888 57 24 tons,
444 2886 64 28 Jury.
537 2886 98 27 Captain,

29 2914 98 26 ■^Agentt
324 2918 3 4 '
341 2930 2 4 ■
369 2916 3 5 '
400 2919 5 3 '

169 2938 116 30 Kattefine
302 2942 109 26 Johnston,
430 2942 31 25 10,
468 2939 10 29 '
478 2939 53 29 tons,
548 2941 85 27 Taylor,

35 2974 3 6 1
52 2964 97 32 Cap'tilin','
157 2970 88 25 Agenv
259 2968 2 8 ;
261 2964 29 11 '"
308 2970 5 7 J
404 2971 3 4 '
449 2971 6 26 ',
467 2968 8 26 '.
484 2964 4 11 !
499 2971 5 5 '

35 3004 7 6 -
58 2997 5 11 '
68 2997 59 26 -Brig
122 2996 3 5 1
137 2997 77 20 James.
289 2996 12 12 -'
358 3001 7 6 *
413 3009 3 6 .
453 2991 61 12 '"i"'
531 2998 7 19 '.

52 3048 160 26 AGENTS
239 3048 80 26 FOR
346 3048 107 26 THIS
480 3048 161 26 PAPER.

59 3087 4 7 '
68 3082 40 27 Sir.'
118 3084 126 28 BIJftCBfAM
252 3101 5 6 .
282 3083 3 6 '
295 3082 15 25 t
317 3082 105 33 .'^etoni'/
427 3083 4 26 ',
437 3102 3 6 ,
447 3082 4 13 '
455 3084 8 5 *
465 3082 10 23 !!
469 3102 10 12 f
482 3085 24 30 f^
512 3107 5 7 4
546 3103 14 12 y

54 3111 57 20 '-Mr/
115 3107 151 31 'C/EkTitQTT/
272 3115 106 18 Examiner
383 3111 67 26 Office',
456 3107 75 30 Jjfelson
537 3116 77 19 Havea.

39 3161 24 29 >^
60 3165 5 9 |
68 3151 391 43 ■^^h/(fcJpTO»..;,::Vw«Bll^li.
526 3170 3 4 •
556 3161 3 5 '
576 3161 36 27 ;...

38 3189 3 3 '
49 3193 5 6 J
58 3187 48 24 'W.
118 3187 139 25 W:'-foltSb&
275 3190 106 27 V....J8ay
388 3194 24 19 of
419 3195 86 18 islands.
521 3190 3 4 '
592 3189 20 26 /■

38 3238 603 32 FREIGHTS.

31 3289 122 23 jjJjoudo^
378 3298 20 9 ,.
405 3297 6 8 t
412 3289 110 19 .v..j,.),.'.
540 3289 28 17 o;
578 3289 17 17 o
622 3289 14 17 o

31 3314 77 24 y,Ne«t.
118 3316 80 21 South
212 3315 85 23 Wales
311 3323 46 16 and
369 3318 28 21 V.
409 3317 29 22 D.
450 3318 34 22 L.-
504 3319 60 21 ..2-
581 3319 14 21 0
607 3318 4 8 '
622 3319 14 20 0

47 3346 97 22 Nelson
539 3352 28 20 2'
581 3352 14 20 0
621 3352 14 21 0

31 3377 141 23 't-xhanaki
183 3386 46 15 and
235 3380 111 21 coast...
352 3384 65 19 ;....'
539 3384 14 20 2
581 3384 17 21 0
621 3384 15 21 0

31 3412 2 11 1
45 3410 134 22 Auckland
186 3414 2 4 '
206 3414 18 21 ;>'
233 3414 22 17 ..'."
258 3408 10 23 V
273 3426 5 6 .
284 3410 15 23 „'
477 3412 47 23 '..'..
567 3415 41 20 nil.

88 3471 95 20 Latest
196 3470 91 25 Dates
294 3470 30 21 of
340 3471 102 25 Papers
458 3473 132 22 received.

47 3505 97 21 London
162 3518 61 9 ......
230 3513 47 15 ...:•>•
284 3507 20 19 •''■>
310 3518 6 6 •
322 3512 13 13 v
414 3518 10 7 -
438 3523 2 2 -
457 3506 135 22 November'
606 3509 27 21 20

43 3535 89 29 .Nelson
161 3540 143 20 ..........><
385 3551 39 8 ....
452 3537 75 28 .May.'
558 3540 76 26 .'.",,20

47 3568 120 23 Auckland
460 3569 77 27 May-
588 3565 7 23 '-
605 3572 29 21 20

46 3600 48 27 Bay
105 3600 24 22 of
140 3603 9 19 1
152 3600 75 24 slands
245 3602 181 28 ..;..../,'.:...
459 3601 98 24 October
618 3605 15 19 6

42 3632 97 27 ■Sydney
157 3639 2 4 •
216 3636 18 26 |.
242 3647 47 6 ....
298 3647 5 6 .
365 3627 84 39 •/•}'•.,,
459 3633 77 38 Mag.,,,
566 3629 18 38 '/„
596 3635 37 32 ;*7

47 3663 50 23 Van
107 3664 117 22 Dieinnn's
235 3664 65 22 Land
308 3680 3 14 ,
323 3674 35 11 -••.
365 3661 7 25 '.
379 3679 47 6 ...
458 3660 64 33 April
579 3661 24 27 ;'
619 3667 14 21 6

36 3695 64 22 •Port
108 3695 82 28 Phillip
322 3688 34 32 X,.
363 3710 6 7 .
377 3711 6 6 .
390 3711 5 6 .
405 3711 6 6 .
416 3711 7 6 .
436 3707 4 4 -
455 3697 65 28 April
604 3698 28 22 12

47 3726 111 23 Adelaide
235 3743 4 6 ,
343 3735 5 10 >
412 3733 12 16 •:
457 3729 79 20 March
595 3729 3 6 '
618 3731 14 18 3

648 183 94 22 New
773 183 220 22 Zealand
1024 183 219 22 Gazette

648 205 71 32 AND
743 205 238 32 WELLINGTON
1005 205 238 32 SPECTATOR.

776 237 152 23 Wednesday,
943 237 62 22 July
1019 237 21 23 5,
1058 238 61 21 1843.

692 287 49 24 The
760 287 135 31 Wellington
912 287 142 24 .Volunteers
1073 284 46 33 (for
1136 285 52 31 they
1200 292 37 18 are

659 321 126 30 something
809 328 63 16 more
905 319 55 24 than
988 320 85 30 special
1101 319 136 28 constables,

659 353 86 32 though
755 357 38 20 not
802 354 61 30 quite
875 361 14 15 a
907 351 109 32 Militia,)
1027 352 116 24 mustered
1155 351 36 24 for
1201 352 36 23 in-

659 388 101 30 spection
771 393 26 17 on
808 385 124 25 Thermion
943 385 62 29 Elat,
1018 393 30 16 on
1059 385 94 30 Sunday
1162 391 75 17 morn-

660 420 47 30 ing,
720 417 79 26 a'little
810 419 56 23 after
878 420 16 23 9
905 414 98 28 o'clock.
1027 417 44 24 We
1079 425 39 17 are
1128 416 111 26 informed

660 452 50 23 that
720 452 52 30 they
783 451 120 24 numbered
923 451 79 30 nearly
1015 452 48 22 400
1078 458 60 17 men.
1174 449 65 24 Each

660 492 64 23 corps
736 484 123 24 assembled
869 492 29 16 on
910 484 30 23 its
950 485 89 30 private
1049 484 84 31 parade
1144 482 99 32 ground,;

660 517 45 24 and
715 516 101 25 marched
826 517 25 23 in
1079 522 22 17 to
1120 516 40 23 the
1177 516 62 30 place

661 550 25 24 of
706 549 134 24 rendezvous
851 558 6 20 ;
885 549 45 23 and
950 557 33 15 we
1004 557 37 15 are
1060 549 76 24 bound
1157 553 22 19 to
1199 555 40 24 say

662 583 49 24 that
732 583 56 23 their
808 582 144 23 soldier-like
974 589 139 23 appearance
1136 581 44 23 and
1201 581 38 23 the

662 616 123 23 adroitness
795 614 115 31 displayed
920 615 32 31 by
963 614 67 24 them'
1045 615 74 23 m.the
1134 614 41 24 few
1187 621 52 17 evo-

661 649 84 23 lutions
755 648 95 30 through
861 647 73 24 which
946 647 56 31 they
1009 655 58 16 were
1078 652 48 27 put,
1136 646 104 24 reflected

656 681 45 24 •the
710 680 95 32 highest-
809 680 71 25 credit
895 688 29 17 on
943 681 58 23 both
1019 681 88 24 officers
1124 679 45 26 and
1179 685 60 19 men.

661 714 24 25 A
696 714 61 31 large
769 714 125 31 proportion
899 711 65 26 'were
976 713 50 24 well
1038 713 84 29 armed,
1129 713 44 25 and
1184 712 56 24 such

663 755 24 16 as
699 753 56 18 were
775 752 42 24 not,
830 754 59 17 were
906 746 112 25 informed
1037 746 49 24 that
1102 746 56 31 they
1168 745 72 25 would

663 781 28 23 be
703 779 99 32 supplied
812 788 30 16 on
846 780 144 31 application
1000 784 24 18 to
1036 779 58 24 their
1110 778 133 30 command-,

663 814 41 30 ing
714 814 93 23 officers.
1063 818 5 3 '
1075 828 4 4 •
1223 829 3 8 ■
1240 820 3 11 <

697 845 42 24 We
761 846 89 23 observe
872 853 15 15 a
906 845 69 24 letter
996 846 25 22 in
1043 845 38 23 the
1101 844 100 24 Colonist
1219 844 24 24 of

664 879 82 30 Friday
757 879 48 27 last,
816 878 129 31 professing
962 882 24 19 to
1004 879 29 23 be
1053 879 89 23 written
1159 877 31 32 by
1200 884 41 17 one

663 912 26 23 of
710 912 38 22 the
765 911 100 31 working
883 910 67 30 class,
969 912 26 22 in
1016 911 72 25 which
1104 911 42 28 ,the
1168 912 73 22 writer

664 952 115 22 expresses
788 944 36 23 his
836 944 102 31 surprize
949 944 51 24 that
1018 952 24 15 so
1051 944 43 23 few
1105 945 26 22 of
1144 943 37 24 his
1193 950 49 17 own

664 977 58 23 class
733 976 78 24 should
821 976 58 24 have
892 977 79 31 joined
984 978 37 22 the
1033 985 65 23 corps
1110 977 71 23 forme
1188 977 7 23 1
1207 976 33 24 for

665 1010 37 23 the
719 1010 88 23 defence
826 1009 26 24 of
875 1009 46 24 this
938 1010 66 31 place
1012 1019 6 20 ;
1037 1009 45 25 and
1098 1010 31 23 he
1148 1009 93 31 charges

664 1042 37 24 the
712 1051 69 22 upper
791 1042 83 24 classes
886 1043 53 23 with
960 1043 65 31 pride
1043 1044 24 22 in
1085 1047 40 19 not
1137 1042 105 31 enlisting

663 1076 131 23 themselves
805 1077 23 22 in
840 1075 65 24 these
916 1075 79 24 bodies
1013 1076 73 23 which
1103 1083 38 16 are
1159 1075 82 24 consti-

664 1109 62 23 tuted
743 1108 78 31 chiefly
839 1108 24 24 of
878 1108 106 32 working
1002 1117 63 21 men»
1073 1117 23 16 or
1117 1108 75 25 rather
1209 1116 33 16 we

664 1141 79 24 should
754 1150 45 23 say,
811 1142 136 24 constituted
966 1143 80 30 chiefly
1059 1143 25 23 of
1098 1141 91 25 manual
1207 1141 33 24 la-

663 1174 76 25 borers
749 1183 6 20 ;
774 1175 31 23 for
816 1175 39 23 the
872 1183 73 23 upper
965 1175 84 24 classes
1069 1174 62 25 work
1149 1182 25 15 as
1192 1174 50 24 well

663 1216 26 16 as
700 1207 52 32 they
763 1208 32 28 do,
807 1207 87 32 though
905 1213 40 18 not
957 1208 55 24 with
1023 1208 39 24 the
1073 1207 72 26 hands
1158 1207 72 24 alone.

696 1240 63 24 With
771 1240 77 31 regard
859 1245 25 20 to
895 1240 37 24 the
949 1241 83 31 charge
1044 1242 24 23 of
1084 1240 117 24 slackness
1213 1248 29 16 on

663 1273 38 25 the
712 1278 50 27 part
772 1274 23 23 of
809 1273 38 24 the
867 1273 109 32 working,
983 1282 60 21 men,
1056 1272 37 33 (as
1111 1274 29 24 he
1153 1273 42 24 call
1206 1273 36 24 his

664 1306 68 32 class)
744 1315 31 16 we
785 1306 64 24 think
861 1307 19 24 it
889 1307 139 31 sufficiently
1039 1307 87 24 refuted
1137 1306 30 31 by
1180 1306 61 25 Sun-

663 1340 62 30 day's
736 1345 90 19 muster.
863 1340 24 24 It
897 1341 21 22 is
934 1341 110 30 probable
1059 1340 49 24 that
1119 1339 38 25 the
1167 1340 75 23 writer

664 1373 25 24 of
703 1373 36 24 the
750 1373 62 24 letter
823 1373 97 24 referred
936 1378 31 24 to,
979 1373 42 24 has
1033 1381 67 16 never
1111 1373 76 24 before
1197 1373 45 23 had

663 1407 128 30 experience
802 1406 24 24 of
842 1406 175 24 circumstances
1029 1407 86 23 similar
1135 1411 22 17 to
1178 1406 63 24 those

663 1440 24 23 in
705 1439 69 24 which
793 1447 31 16 we
844 1447 38 16 are
899 1439 88 31 placed,
1001 1440 63 23 when
1085 1438 98 31 through
1205 1439 37 24 the

663 1472 127 31 negligence
800 1473 25 22 of
840 1472 164 29 Government-;
1016 1480 14 16 a
1038 1473 62 30 large
1112 1471 130 32 population

663 1506 19 22 is
694 1505 40 24 left
753 1505 76 31 totally
840 1505 151 29 undefended,
1011 1506 45 23 and
1074 1505 89 31 obliged
1181 1513 30 15 on
1229 1513 13 15 a

663 1538 85 24 sudden
760 1545 131 24 emergency
910 1542 22 20 to
950 1539 94 30 provide
1064 1538 39 24 the
1122 1545 78 17 means
1220 1538 23 23 of

663 1571 148 24 self-defence.
849 1571 24 24 If
882 1571 30 24 he
922 1571 45 24 had
979 1571 44 24 had
1032 1571 55 24 such
1100 1572 140 30 experience,

662 1612 33 15 we
706 1604 65 24 think
780 1604 48 24 that
840 1604 27 24 he
879 1604 74 24 would
966 1605 57 23 have
1042 1605 60 23 been,
1109 1611 72 17 aware
1192 1604 49 24 that

663 1637 38 23 the
718 1642 93 18 musters
832 1645 29 15 on
883 1637 38 24 the
943 1642 94 26 present
1059 1637 103 24 occasion
1183 1637 60 24 have-

663 1670 56 23 been
738 1670 120 31 extremely
877 1670 122 24 creditable
1017 1675 23 20 to
1059 1671 37 23 the
1115 1677 84 24 energy
1218 1671 24 23 of

663 1703 36 23 the
711 1703 85 24 settlers
805 1712 7 20 ;
833 1704 44 24 and
894 1704 66 24 when
978 1704 38 24 the
1035 1705 117 23 shortness
1162 1704 26 23 of
1204 1703 36 25 the

662 1736 54 30 days
738 1737 21 22 is
774 1736 70 24 taken
865 1738 48 23 into
934 1743 96 18 account
1047 1736 73 25 which
1143 1736 97 32 compels

662 1769 60 24 them
734 1774 23 18 to
767 1770 108 24 assemble
888 1778 29 16 on
926 1771 87 30 -parade
1026 1775 62 20 at<an
1099 1771 58 23 hour
1168 1770 26 23 of
1202 1770 38 24 the

662 1804 103 30 morning
773 1802 62 25 when
847 1811 68 23 many
926 1803 59 24 have
1002 1811 59 24 gone
1072 1808 22 20 to
1106 1803 60 24 their
1178 1803 62 31 day's

662 1836 70 28 work,
745 1836 40 24 and
797 1841 22 18 at
840 1844 28 16 an
889 1836 57 24 hour
966 1837 26 23 of
1007 1837 37 23 the
1064 1837 117 24 afternoon
1200 1837 40 23 be-

661 1868 46 23 fore
720 1869 50 31 they
781 1869 56 24 have
849 1870 88 30 quitted
955 1870 26 29 it,
994 1877 32 17 we
1027 1868 4 14 ;
1046 1878 38 16 are
1101 1869 77 25 rather
1190 1877 50 16 sur-

661 1900 77 33 prized
757 1907 19 19 to
787 1910 38 16 see
845 1910 24 16 so
888 1910 69 24 many
970 1903 55 23 than
1043 1903 156 32 disappointed
1219 1907 23 19 at

662 1935 76 31 seeing
756 1936 63 23 fewer
833 1935 61 29 .than
914 1935 74 31 might
995 1936 73 29 Jiav&
1082 1937 67 29 hefji.
1159 1935 84 34 loojse^

661 1967 42 23 for.
739 1968 100 32 Nothing
858 1969 66 23 could
943 1976 70 23 prove
1035 1969 58 23 their
1112 1967 48 25 zeal
1180 1974 62 17 mote

662 2001 119 29 distinctly'
785 2001 56 21 than
860 2002 39 21 the
910 2001 48 21 fact
976 2000 49 22 that
1045 2007 28 16 on
1089 2001 45 22 last
1143 2001 4 3 '
1157 1997 84 32 Friday

661 2033 109 30 morning,
783 2032 201 31 notwithstanding
997 2032 37 23 the
1049 2033 72 29 heavy
1133 2032 48 23 rain
1193 2032 48 25 that

663 2072 42 16 was
719 2065 80 31 falling,
807 2068 39 25 .80
858 2065 25 23 of
898 2065 38 23 the
949 2064 35 24 Te
1004 2067 47 22 Aro
1065 2065 74 31 Corps
1153 2072 87 16 assem-

661 2098 52 23 bled
724 2103 22 18 at
759 2098 32 23 the
803 2098 135 31 Exchange,
951 2098 46 24 and
1008 2099 62 23 there
1077 2103 60 19 went
1145 2098 96 30 through

662 2131 58 24 their
734 2132 104 24 exercise-.

696 2164 48 24 Nor
756 2165 24 23 do
792 2173 33 16 we
835 2165 67 24 think
920 2166 53 23 that
990 2166 38 23 the
1045 2166 81 30 charge
1139 2165 24 23 of
1178 2164 64 32 pride

662 2199 20 22 is
693 2197 70 24 better
773 2198 163 25 substantiated
947 2199 90 31 against
1047 2199 35 24 the
1093 2206 71 24 upper
1174 2198 66 24 class.

662 2230 24 24 It
697 2231 20 23 is
729 2235 46 20 true
787 2232 50 23 that
853 2237 40 19 not
903 2240 56 23 very
970 2239 69 24 many
1051 2232 25 23 of
1090 2232 62 24 them
1164 2239 45 15 are-
1220 2236 22 19 to

662 2264 28 23 be
701 2264 68 24 found
781 2265 24 23 in
825 2265 37 23 the
874 2265 64 23 three
955 2272 66 24 corps
1039 2265 74 24 which
1132 2264 110 24 assemble

662 2298 25 22 in
698 2297 37 24 the
752 2299 109 30 morning,
873 2298 43 23 but
936 2298 40 23 the
994 2298 62 24 Rifle
1075 2298 73 31 Corps
1169 2298 73 26 which

663 2331 108 23 exercises
785 2339 67 24 every
863 2331 120 25 afternoon
1001 2336 23 19 at
1039 2333 22 23 ;4
1078 2330 163 29 o'clock,-con-

663 2364 54 24 sists
736 2364 77 24 almost
833 2364 98 32 entirely
948 2364 25 24 of
994 2362 69 35 that;
1066 2365 67 24 class.
1178 2364 24 23 It
1223 2364 20 23 is

663 2397 88 23 natural
761 2398 46 23 that
818 2398 64 24 those
894 2392 51 31 wjio
958 2406 91 23 possess
1070 2405 59 17 arms
1148 2397 95 32 adapted

664 2430 34 23 for
716 2430 52 30 this,
779 2439 73 23 corps,
873 2431 82 24 should
974 2431 77 31 prefer
1070 2431 90 31 joining
1180 2436 19 24 \t
1220 2434 23 20 tb

661 2460 89 34 joining
759 2463 35 24 the
806 2464 76 24 others
891 2473 7 20 ;
917 2463 45 24 and
981 2471 33 16 we
1026 2472 37 18 s.ee
1075 2472 30 16 no
1117 2471 61 16 more
1189 2471 51 16 rea*-

664 2503 41 16 son
715 2496 35 23 for
760 2497 108 31 charging
878 2496 63 25 them
952 2497 55 23 with
1018 2498 63 30 pride
1093 2498 24 23 in
1129 2504 24 16 so
1166 2497 76 31 doing,

664 2530 55 23 than
729 2530 33 23 for
772 2530 109 31 charging
892 2530 38 24 the
977 2531 103 31 working
1096 2531 57 23 class

663 2563 63 31 pride
745 2563 31 24 for
795 2568 40 19 not
846 2564 107 31 Joining.
958 2564 42 23 the
1021 2564 61 25 Rifle
1104 2563 81 31 Corps.
1220 2564 23 23 A

655 2611 6 14 :
665 2596 95 32 Cavalry
771 2593 78 36 Corps'
854 2597 41 23 has
916 2597 48 23 also
985 2597 57 23 been
1062 2596 87 25 formed
1171 2594 72 38 whicljt

665 2629 94 33 consists
768 2629 80 24 almost
859 2629 141 32 exclusively
1012 2630 28 26 of.
1046 2630 38 25 the
1094 2637 72 24 upper
1175 2630 68 30 classi

663 2663 45 23 and
729 2663 26 23 in
770 2670 51 17 case
843 2663 25 24 of
892 2670 44 25 any
958 2669 150 26 eugagec-snt
1129 2663 54 23 with
1206 2663 37 25 the

665 2696 92 23 Natives
767 2704 26 15 on
807 2697 39 23 the
857 2704 58 24 open
927 2697 103 30 -ground,
1044 2696 73 25 would
1134 2697 109 31 probably

663 2736 67 23 prove
739 2737 23 15 as
774 2729 100 24 effective
886 2738 13 14 a
910 2729 62 25 force
984 2738 25 16 as
1018 2731 42 22 'we
1070 2737 99 25 possess.
1206 2730 37 24 No

664 2762 126 23 distinction
807 2763 42 23 has
866 2763 60 24 been
943 2763 124 31 attempted
1086 2770 31 17 on
1129 2770 44 23 any
1186 2763 57 24 such

664 2795 81 23 foolish
755 2796 85 30 ground
851 2804 26 16 as
888 2796 39 24 the
939 2797 75 23 writer
1033 2797 74 23 would
1122 2796 121 29 insinuate,

664 2829 43 22 and
719 2829 20 22 if
755 2836 40 23 any
807 2829 72 24 exists
898 2830 18 22 it
927 2830 21 22 is
961 2829 53 31 only
1026 2830 56 23 such
1100 2836 24 17 as
1141 2829 39 24 the
1200 2830 43 23 cir-

664 2866 136 19 cumstances
812 2862 25 24 of
851 2862 38 24 the
901 2862 94 31 parties,
1007 2863 58 23 their
1080 2864 130 30 possession
1223 2863 20 23 of

663 2895 78 24 horses
753 2902 21 16 or
786 2903 61 16 arms
859 2896 25 23 of
899 2903 13 16 a
921 2895 124 32 particular
1063 2895 63 29 kind,
1138 2903 105 16 necessa-

663 2924 43 35 rily
717 2930 48 29 give
776 2929 44 25 rise
830 2929 42 23 to.'
900 2928 30 24 In
943 2928 38 24 the
992 2930 129 23 meantime-
1131 2928 38 24 the
1181 2929 62 24 three

662 2962 50 23 first
722 2961 125 24 mentioned
859 2970 67 23 corps
937 2970 39 15 are
988 2963 136 29 sufficiently
1135 2962 108 31 provided

657 2994 60 24 -with
734 2995 93 29 officers,
846 2995 45 23 and
909 2996 39 23 the
967 2995 100 24 addition
1086 2995 25 24 of
1126 3003 44 23 any
1181 3003 62 16 more

663 3027 26 24 of
710 3027 38 24 the
764 3036 71 24 upper
853 3029 85 23 classes
952 3033 34 19 •to
1008 3029 38 24 the
1068 3027 78 30 ranks,
1171 3028 72 25 would

663 3061 84 30 merely
757 3061 51 24 take
820 3069 26 16 so
856 3069 71 24 many
948 3061 60 25 from
1028 3062 37 24 the
1087 3061 62 25 Rifle
1161 3069 25 16 or
1199 3062 44 23 Ca-

662 3093 62 32 valry
737 3093 77 33 Corps,
833 3102 74 17 wnere
920 3095 56 31 they
988 3103 37 16 are
1041 3094 110 32 probably
1160 3095 83 24 -.better

663 3127 122 31 employed.
816 3126 3 5 '
991 3137 4 5 •

696 3160 56 24 For.
758 3168 39 15 our
818 3168 62 18 own,;
885 3165 60 27 part,
966 3169 34 16 we
1021 3161 73 24 would
1114 3161 77 31 gladly
1206 3170 37 15 see

663 3201 66 23 every
743 3193 63 24 white
825 3201 57 16 man.
899 3194 25 24 in
945 3194 141 31 Wellington
1089 3203 3 5 1
1107 3194 93 31 capable
1221 3194 22 24 of

662 3226 93 31 bearing
764 3234 68 21 arms,
844 3227 78 25 attend
941 3234 43 16 our
999 3232 99 20 musters
1109 3236 6 19 ;
1134 3230 42 22 but
1187 3228 56 24 such',

663 3267 14 15 a
687 3259 65 31 thing
760 3260 19 22 is
799 3264 41 19 not
857 3264 23 19 to
899 3259 30 24 be
950 3260 118 32 expected.
1104 3260 30 25 In
1140 3279 5 14 ;
1154 3261 89 24 ancient

663 3292 54 32 days
727 3293 23 28 it,
761 3300 45 16 was
826 3300 61 24 easy,
891 3297 24 19 to
936 3297 55 19 turn
1009 3293 102 25 civilians
1130 3295 48 25 into
1185 3295 58 24 .sol-

663 3325 75 29 diers;
755 3326 36 23 the
802 3330 81 21 tenure
900 3326 32 32 by
943 3325 75 25 which
1037 3326 66 25 lands
1120 3335 60 17 were
1190 3326 53 26 held

663 3358 87 32 obliged
769 3358 80 24 almost
870 3366 69 25 every
959 3366 43 17 one
1020 3365 24 18 to
1064 3360 29 24 be
1115 3360 127 32 constantly

661 3392 106 32 prepared
767 3396 4 10 1
772 3392 23 21 !'
799 3396 27 20 to
838 3392 78 24 follow
926 3396 24 20 to
961 3392 39 25 the
1011 3392 54 25 field
1075 3401 68 22 some,
1148 3394 95 24 warlike

760 3425 44 24 and
822 3425 31 24 all
870 3433 59 16 were
948 3433 64 17 more
1035 3434 24 16 or
1080 3426 47 24 less
1145 3427 98 24 familiar

661 3458 53 24 with
725 3459 96 30 military
833 3459 124 24 exercises.
973 3471 5 2 -
993 3459 68 24 Since
1077 3459 38 24 the
1127 3460 116 24 introduc-

662 3491 50 24 tion
724 3492 29 22 «f
776 3491 108 32 standing
905 3493 92 29 armiesj
1019 3492 44 24 and
1067 3501 5 6 '
1084 3492 38 24 the
1129 3493 73 32 'lapse
1220 3493 23 24 of

660 3532 70 23 many.
734 3525 66 31 'years
812 3525 25 24 of
848 3524 117 32 profound
974 3532 79 25 peace,
1185 3526 58 25 have

660 3558 44 23 lost
725 3557 37 25 the
782 3558 65 24 habit
868 3558 26 24 of
915 3559 98 30 rousing
1016 3557 152 39 .^themselves
1188 3564 24 19 at
1229 3568 14 16 a

661 3591 90 23 warlike
760 3595 53 20 note
825 3591 25 24 of
858 3593 146 30 preparation
1013 3598 14 23 ;'
1033 3591 53 33 they
1092 3593 57 23 have
1160 3593 83 24 beaten

661 3622 57 25 their
730 3624 81 24 swords
823 3625 48 23 into
891 3624 175 32 ploughshares^
1079 3626 45 23 and
1138 3626 105 24 addicted

661 3655 130 25 themselves
802 3657 55 23 with
869 3657 39 24 the
929 3658 48 23 less
997 3658 153 32 interruption,
1168 3663 24 21 to
1204 3659 39 24 the'

661 3688 127 25 cultivation
799 3690 26 23 of
840 3690 65 24 those
924 3688 106 33 peaceful
1047 3697 49 19 arts
1116 3691 74 26 which
1202 3693 40 23 ad-

660 3729 68 17 vance
739 3722 35 24 the
785 3722 139 25 civilization
936 3723 45 24 and
992 3723 39 24 the
1046 3728 57 21 .true
1113 3726 129 32 prosperity

659 3754 25 24 of
699 3754 38 24 the
746 3755 83 24 human
843 3763 62 20 race..
974 3754 3 6 '
1065 3758 96 25 .■•''''"'

691 3787 72 25 There
769 3789 50 23 'was
836 3796 30 16 no
884 3789 108 31 standing
1010 3798 63 23 army
1089 3791 25 23 in
1133 3790 109 33 England

659 3820 32 24 till
703 3820 38 25 the
750 3822 62 30 reign
825 3821 24 24 of
865 3821 104 25 William
981 3822 51 25 111.
1068 3824 137 31 Previously
1218 3829 24 19 to

658 3853 47 25 that
717 3855 60 23 times
782 3853 39 25 the
833 3855 99 31 military
937 3848 98 32 defence
1047 3857 25 23 of
1082 3857 37 24 the
1131 3857 110 32 kingdom

658 3895 43 16 was
719 3887 104 31 provided
839 3888 35 24 for
891 3888 73 25 either
983 3889 30 31 by
1027 3889 37 24 the
1082 3889 124 32 obligation
1218 3891 25 23 of

655 3920 102 31 military
762 3922 84 23 service
864 3921 46 25 laid
929 3929 61 25 upon
1004 3923 37 24 the
1058 3922 141 26 landowners
1211 3924 31 32 by

1262 129 39 24 the
1313 129 74 24 feudal
1399 134 101 24 tenures,
1514 137 25 16 or
1548 126 31 34 by
1591 132 12 20 a*
1615 129 116 24 militiafaf
1740 128 109 29 civilians,

1264 161 71 32 catyed
1353 167 39 18 out
1407 170 27 15 as
1445 163 105 23 occasion-requiredn
1556 162 116 31 -required
1689 161 30 31 by
1730 161 39 23 the
1785 160 67 31 King

1264 202 25 16 or
1301 195 40 23 the'
1350 194 155 29 Parliament;
1517 195 44 23 and
1573 195 38 23 the
1621 202 75 23 power
1704 194 29 23 af
1741 193 84 32 calling
1830 195 22 22 it

1265 231 39 19 out
1315 227 44 23 and
1374 227 112 32 directing
1503 228 29 23 its
1550 228 136 31 operations,
1703 234 46 16 was
1768 234 25 16 as
1810 235 42 15 our

1266 260 88 24 readers
1372 260 44 23 will
1436 261 133 28 remember,
1588 268 14 15 a
1620 259 111 32 principal
1748 260 65 30 point
1829 259 26 24 of

1265 292 89 32 dispute
1364 293 101 24 between
1476 293 95 24 Charles
1583 292 22 25 I.
1619 292 43 24 and
1670 292 36 24 his
1718 292 132 29 Commons,

1266 326 44 23 and
1320 325 36 24 led
1374 325 98 32 perhaps
1489 334 62 15 more
1564 325 57 23 than
1639 332 45 23 any
1694 324 67 31 thing
1771 325 46 23 else
1828 329 24 19 to

1266 358 39 24 the
1315 358 52 23 civil
1385 364 56 18 war/
1449 358 74 24 which
1540 357 94 25 ensued.
1671 354 60 30 The.
1741 358 46 23 fact
1799 357 25 24 of
1839 365 14 16 a

1266 391 106 31 standing
1392 398 65 24 army
1479 390 83 31 having
1584 391 58 23 been
1668 389 133 25 introduced
1822 391 31 30 by

1266 417 103 32 William
1459 424 23 23 Is
1494 430 43 17 one
1548 424 26 23 of
1590 420 43 27 the'
1649 427 115 27 strongest
1783 430 69 24 argu-

1266 461 74 19 ments
1358 458 25 22 in
1399 457 80 23 favour
1496 457 26 24 of
1536 456 38 24 the
1593 457 115 23 existence
1724 456 24 22 of
1764 456 56 23 such
1841 464 13 15 a

1266 489 67 31 body.
1369 489 73 31 Many
1454 498 53 15 men
1518 490 58 23 have
1587 494 37 19 sat
1634 497 29 15 on
1675 488 38 24 the
1727 488 93 25 Throne
1831 490 25 23 of

1267 522 114 31 England,
1393 523 48 23 who
1451 522 120 33 possessed
1588 530 14 15 a
1614 522 115 23 character
1738 522 26 23 of
1769 529 84 24 energy

1267 555 45 24 and
1319 555 85 31 ability,
1415 556 25 23 of
1447 556 38 23 the
1494 556 92 30 highest
1592 555 75 24 order.
1703 554 56 24 Had
1768 555 18 23 it
1796 555 58 23 been

1267 589 117 23 otherwise
1395 590 54 29 they
1461 589 73 23 would
1545 592 40 20 not
1599 588 55 30 long
1666 588 58 25 have,
1735 591 35 20 sat
1781 587 71 25 there.

1268 621 51 23 The
1329 621 88 24 weaker
1430 628 62 23 ones;
1512 621 37 24 the
1561 621 49 24 2nd
1628 621 108 28 Edward,
1757 621 38 23 the
1807 621 47 23 2nd

1267 654 109 30 Richard,
1399 654 39 24 the
1456 655 48 23 2nd
1520 655 86 28 James,
1624 654 44 24 and
1691 656 37 22 Ist
1750 653 103 29 Charles,

1268 694 58 16 were
1336 688 82 23 unable
1429 692 24 19 to
1465 688 111 24 maintain
1587 688 59 23 their
1658 692 55 23 seat,
1726 686 82 24 amidst
1816 687 39 23 the

1267 720 104 23 troubled
1380 720 108 24 elements
1498 721 26 23 of
1529 720 74 24 which
1613 721 37 23 the
1662 720 100 32 political
1769 724 84 19 atmos-

1268 753 69 31 phere
1348 753 26 24 of
1391 753 72 25 Great
1475 753 89 25 Britain
1583 761 46 17 was
1642 752 127 32 composed.
1801 753 53 25 /But

1268 785 26 24 of
1310 785 30 24 all
1351 786 45 23 .the
1408 786 52 24 able
1472 795 56 16 men,
1540 787 50 23 who
1602 795 53 16 ever
1667 786 61 24 filled
1747 786 51 23 that
1806 791 49 18 seat

1269 818 102 24 William
1381 819 62 29 111.,
1454 819 40 24 the
1501 820 52 23 best
1562 820 93 24 became
1667 820 26 23 it.
1728 819 35 23 At
1774 826 56 16 once
1842 827 13 15 a

1268 852 83 23 soldier
1362 852 43 24 and
1416 860 14 15 a
1441 856 132 26 statesman,
1585 852 30 25 he
1629 852 116 24 exhibited
1756 852 39 23 the
1806 852 50 23 cool

1269 892 97 24 courage
1376 885 24 23 of
1416 885 41 24 the
1468 892 49 23 one,
1536 885 51 24 and*
1591 885 39 24 the
1648 885 129 32 diplomatic
1792 885 63 23 fore-

1269 916 63 32 sight!
1340 918 26 23 of
1373 917 38 24 the
1423 918 73 23 other.
1533 917 24 24 It
1567 917 42 24 has
1618 918 59 23 been
1686 918 51 23 well
1747 918 108 24 observed

1269 950 50 24 that
1327 948 30 26 he
1369 958 44 16 was
1425 950 39 24 the
1475 951 52 23 first
1538 951 24 23 of
1578 958 41 16 our
1629 950 75 24 rulers
1715 950 51 24 who
1778 950 78 24 solved

1269 983 38 24 the
1315 983 101 31 problem
1425 983 24 24 of
1459 992 13 15 a
1479 983 170 24 constitutional
1658 983 123 31 monarchy
1790 992 7 20 ;
1811 983 44 24 and

1270 1017 62 23 since
1343 1017 36 23 his
1391 1018 55 22 time
1458 1016 38 24 the
1508 1016 73 24 duties
1594 1017 27 23 of
1628 1016 39 24 the
1679 1016 89 24 British
1778 1016 77 31 Kings

1269 1049 57 24 have
1335 1049 59 24 been
1400 1058 55 23 easy
1465 1050 45 23 and
1520 1049 97 24 natural.
1654 1049 84 24 Before
1747 1049 36 23 his
1791 1050 65 30 reign

1270 1082 30 24 all
1311 1090 45 16 was
1364 1082 71 25 riddle
1447 1083 44 23 and
1503 1084 150 29 uncertainty,
1666 1082 44 24 and
1721 1082 38 24 the
1771 1082 95 24 consti-'

1270 1116 72 23 tution
1353 1123 68 16 never
1430 1116 145 29 understood,
1588 1116 97 23 because
1694 1124 68 15 never
1771 1115 85 31 rightly

1268 1148 99 31 brought
1385 1149 47 23 into
1448 1150 106 30 practice.
1600 1149 39 24 He
1658 1148 168 25 macadamized
1843 1157 13 15 a

1269 1182 55 23 road
1333 1181 36 25 for
1378 1181 85 32 Kings,
1470 1182 73 24 where
1556 1181 76 25 before
1644 1182 30 24 all
1743 1182 58 24 dark
1812 1181 43 25 and

1270 1215 146 31 unexplored.
1453 1216 62 23 That
1527 1215 56 24 such
1595 1223 13 16 a
1620 1223 61 21 man,
1693 1216 80 23 liberal
1785 1216 23 22 in
1820 1216 36 23 his

1270 1248 89 30 politics
1371 1249 42 23 and
1425 1249 77 30 gentle
1514 1249 23 23 in
1549 1249 37 23 his
1596 1248 165 29 Government,
1774 1249 81 23 should

1269 1280 57 24 have
1342 1281 132 24 introduced
1493 1290 14 15 a
1525 1280 107 32 standing
1654 1289 71 23 army,
1744 1283 20 22 is
1781 1290 24 15 as
1825 1289 31 16 we

1270 1313 56 24 have
1349 1314 56 29 said,
1425 1322 13 15 a
1461 1319 79 26 strong
1561 1315 64 30 point
1642 1315 25 23 in
1768 1315 86 23 favour.

1270 1347 70 23 Their
1350 1347 153 24 introduction
1514 1355 53 21 was,
1585 1348 111 29 however,
1715 1356 14 15 a
1740 1348 116 32 perpetual

1270 1380 57 23 bone
1339 1381 25 23 of
1373 1381 128 23 contention
1513 1381 101 23 between
1632 1381 48 23 him
1691 1381 45 23 and
1748 1381 36 23 his
1795 1381 60 23 Par-

1269 1413 100 29 liament,
1388 1421 41 16 nor
1439 1414 43 23 did'
1489 1414 38 23 the
1539 1418 89 19 contest
1645 1421 65 16 cease
1721 1414 36 23 for
1769 1414 87 23 several

1270 1447 82 30 reigns.
1388 1446 25 24 It
1432 1454 43 16 was
1496 1446 45 24 still
1559 1447 88 23 carried
1669 1454 29 16 on
1720 1447 25 23 in
1762 1447 49 23 that
1834 1447 26 23 of

1271 1479 89 32 George
1388 1479 22 24 I.
1440 1479 66 24 when
1536 1480 48 23 Mr.
1609 1479 99 31 Pulteny
1731 1480 71 32 spoke
1832 1488 24 15 so

1270 1513 101 31 strongly
1381 1513 91 30 against
1482 1512 63 24 them
1561 1513 26 23 in
1597 1512 150 29 Parliament,
1759 1514 49 22 that
1819 1513 38 23 the

1270 1545 70 31 King,
1362 1545 48 24 who
1434 1553 45 16 was
1493 1545 69 24 much
1583 1546 92 23 wedded
1693 1550 23 19 to
1736 1547 35 22 his
1783 1554 72 23 army,

1270 1578 70 24 called
1350 1579 35 23 for
1395 1579 39 23 the
1451 1579 38 23 list
1502 1579 25 23 of
1542 1579 36 23 his
1599 1579 71 31 Privy
1689 1579 104 29 Council,
1813 1580 43 24 and

1268 1612 55 23 with
1341 1612 189 23 demonstrations
1543 1611 32 24 of
1580 1609 105 34 passion,
1702 1613 45 24 and
1759 1613 97 23 his-own

1269 1644 58 24 hand
1340 1645 79 23 struck
1432 1645 35 23 his
1480 1653 65 15 name
1558 1646 57 22 from
1628 1646 39 23 the
1678 1646 69 23 book.

1303 1690 51 24 One
1366 1690 24 23 of
1399 1690 38 23 the
1450 1695 115 26 strongest
1575 1695 132 27 arguments
1720 1692 24 22 in
1755 1691 39 24 the
1808 1693 48 22 fav-

1270 1731 40 16 our
1331 1724 26 23 of
1377 1731 13 16 a
1408 1723 108 31 standing
1534 1731 71 24 army,
1630 1725 19 22 is
1668 1726 49 22 that
1736 1725 71 31 urged
1826 1726 30 30 by

1269 1757 74 23 Adam
1356 1757 76 23 Smith
1449 1757 38 23 the
1505 1758 132 23 economist.
1744 1766 44 15 you
1799 1759 57 23 have

1269 1797 14 16 a
1294 1790 79 23 militia
1384 1790 86 31 merely
1483 1790 71 23 called
1572 1795 39 18 out
1620 1790 62 24 from
1693 1792 55 22 time
1759 1796 22 19 to
1794 1792 61 28 time,

1269 1831 44 22 you
1425 1831 52 23 says
1491 1823 36 24 he.
1612 1824 60 31 good
1682 1824 140 31 ploughmen
1833 1830 23 18 to

1270 1856 66 24 make
1343 1857 35 22 six
1385 1856 45 23 bad
1437 1856 96 24 soldiers
1540 1865 6 19 ;
1561 1856 41 25 but
1609 1856 22 24 if
1639 1865 45 23 you
1691 1856 58 25 have
1758 1866 13 15 a
1777 1859 79 23 stand-

1270 1890 38 30 ing
1320 1897 69 22 army,
1397 1914 3 5 v
1409 1897 44 23 you
1465 1890 58 23 have
1534 1890 46 24 five
1592 1891 59 30 gqod
1661 1891 140 31 ploughmen
1813 1891 43 24 and

1270 1922 111 24 oneeood
1534 1922 58 25 And
1599 1924 97 31 perhaps
1710 1925 16 22 it
1738 1925 19 22 is
1770 1933 29 15 on
1811 1926 45 22 this

1260 1952 194 35 '^frncfplf'orthe
1464 1956 98 24 division
1569 1956 25 23 of
1603 1957 79 23 labour
1689 1956 53 25 that
1750 1957 107 31 standing

1260 1988 2 4 '
1266 1988 86 21 fttmie's
1363 1994 37 15 are
1474 1989 10 27 justified.j
1488 1987 98 22 ustified.

1304 2029 142 31 Something,
1463 2030 111 29 however,
1595 2038 53 24 may
1662 2031 27 23 be
1701 2031 51 24 said
1770 2039 29 16 on
1818 2032 38 23 the

1271 2063 63 23 other
1357 2063 68 23 hand.
1473 2063 48 23 Mr.
1541 2063 109 32 Paltne'y,
1670 2063 87 32 (whose
1778 2065 80 23 mouth

1271 2096 90 30 George
1373 2096 38 23 the
1426 2096 42 23 Ist.
1484 2096 56 23 tried
1552 2101 23 18 to
1592 2101 50 27 stop
1663 2097 23 23 in
1705 2097 38 24 the
1762 2105 95 16 manner

1270 2129 76 23 before
1368 2129 142 30 mentioned)
1531 2129 73 32 urged
1653 2131 48 23 that
1719 2138 13 16 a
1750 2131 108 31 standing

1272 2170 61 22 army
1346 2162 19 23 is
1377 2162 84 31 a-body
1473 2162 25 23 of
1514 2170 51 16 men
1578 2162 94 25 distinct
1682 2164 60 23 from
1750 2164 38 23 the
1795 2164 62 31 body

1272 2196 24 23 of
1312 2195 36 23 the
1360 2195 79 32 people
1449 2205 6 20 ;
1475 2195 51 32 they
1540 2204 38 16 are
1596 2197 114 30 governed
1731 2197 28 31 by
1780 2197 76 23 differ-

1272 2232 38 19 ent
1331 2229 54 23 laws
1394 2237 6 21 ;
1420 2229 64 24 blind
1507 2229 123 24 obedience
1653 2230 45 23 and
1726 2237 29 16 an
1784 2231 72 22 entire

1272 2262 137 23 submission
1420 2266 23 19 to
1455 2262 38 23 the
1503 2262 77 24 orders
1591 2263 25 23 of
1625 2263 59 23 their
1695 2264 162 31 commanding

1272 2295 88 24 officers
1371 2296 20 22 is
1401 2295 59 24 their
1472 2295 54 31 only
1540 2296 127 31 principle;
1688 2296 30 32 by
1737 2304 79 17 means
1835 2297 25 23 of

1271 2328 107 31 standing
1388 2329 83 23 armies
1483 2336 69 23 many
1562 2329 91 23 nations
1665 2329 57 24 have
1734 2330 46 24 lost
1798 2331 58 23 their

1271 2361 107 29 liberties,
1390 2361 46 24 and
1446 2363 17 22 it
1474 2362 20 23 is
1506 2363 133 31 impossible
1649 2363 50 24 that
1710 2363 38 24 the
1754 2364 102 23 liberties

1272 2395 24 23 of
1312 2394 37 24 the
1360 2394 80 31 people
1452 2403 42 15 can
1505 2394 54 33 long
1571 2396 28 23 be
1616 2396 122 31 preserved
1757 2397 66 23 when
1843 2405 13 15 a

1271 2435 121 16 numerous
1401 2428 111 32 standing
1522 2436 66 24 army
1598 2429 20 24 is
1630 2429 56 31 kept
1805 2430 51 23 The

1261 2476 5 3 ■
1272 2461 65 23 latter
1350 2465 124 20 statement
1488 2463 21 22 is
1526 2462 99 31 perhaps
1645 2463 112 24 incorrect
1757 2476 33 4 —
1792 2463 64 24 when

1272 2495 88 22 nations
1381 2494 58 24 have
1460 2495 46 24 lost
1525 2495 59 24 their
1602 2496 102 23 liberties
1715 2497 20 23 it
1752 2496 42 24 has
1817 2501 40 19 not

1348 2535 25 15 so
1393 2528 70 23 much
1484 2524 99 35 through
1601 2529 39 24 the
1659 2530 116 24 existence
1795 2530 25 24 of
1844 2538 14 15 a

1272 2561 104 30 standing
1385 2569 65 23 army
1461 2570 26 15 as
1498 2561 101 31 through
1618 2570 63 16 some
1700 2563 81 29 defect,
1801 2563 56 24 such

1272 2601 25 16 as
1308 2594 39 23 the
1357 2599 59 19 want
1427 2594 26 24 of
1467 2595 95 31 popular
1574 2597 188 29 representation,
1782 2596 74 24 which

1265 2627 80 31 -might
1354 2627 57 24 have
1423 2628 123 30 prevented
1559 2628 37 23 the
1608 2637 65 23 army
1683 2629 71 31 being
1774 2630 80 23 turned

1272 2661 88 30 against
1380 2661 60 23 their
1461 2661 110 25 liberties.
1622 2662 75 31 Judge
1717 2663 139 24 Blackstone

1273 2689 60 36 (who
1345 2694 73 23 tested
1428 2695 30 30 by
1479 2695 37 23 the
1534 2695 125 32 principles
1676 2695 25 24 of
1723 2696 38 24 the
1779 2697 78 31 period

1272 2728 24 22 in
1305 2726 72 24 which
1388 2728 30 22 he
1428 2727 66 24 lived'
1501 2728 45 24 had
1555 2730 92 22 notions
1654 2737 63 16 more
1726 2730 130 24 favourable

1268 2765 26 23 4q
1307 2760 80 31 liberty
1399 2760 55 24 than
1476 2761 53 32 they
1547 2770 85 23 appear
1649 2763 66 23 when
1736 2763 72 24 tested
1827 2763 30 31 by

1273 2794 64 23 those
1355 2794 25 23 of
1402 2802 42 16 our
1463 2802 50 16 own
1531 2795 56 32 day)
1603 2803 48 17 was
1670 2796 48 24 also
1738 2804 77 17 averse
1834 2801 22 19 to

1273 2827 106 31 standing
1407 2829 94 23 armies.
1738 2837 52 25 says
1818 2830 38 29 he,

1298 2860 69 31 ought
1378 2869 64 16 more
1453 2865 24 19 to
1488 2862 28 22 be
1527 2862 102 31 guarded
1641 2863 90 30 against
1741 2864 25 22 in
1778 2871 14 15 a
1809 2864 49 23 free

1273 2897 57 20 state
1342 2894 55 23 than
1407 2894 98 30 making
1571 2896 100 30 military
1689 2904 84 24 power,
1792 2897 64 23 when

1272 2926 57 24 such
1340 2935 13 15 a
1361 2935 43 16 one
1414 2928 21 22 is
1447 2932 23 19 to
1482 2927 28 25 be
1521 2928 57 32 kept
1589 2937 30 15 on
1634 2929 55 29 foot,
1708 2934 39 19 too
1765 2930 93 23 distinct

1273 2960 56 23 from
1341 2960 138 32 the.people.
1521 2961 25 24 It
1566 2962 83 24 should
1660 2963 28 22 be
1700 2963 83 31 wholly
1795 2970 63 16 com-

1272 2993 71 31 posed
1362 2993 25 24 of
1413 2994 90 29 natural
1526 2995 116 31 subjects;
1672 2996 19 22 it
1719 2996 83 23 should
1828 2996 30 23 be

1273 3026 93 24 enlisted
1387 3027 37 23 for
1447 3036 13 15 a
1476 3027 64 24 short
1560 3029 44 22 and
1620 3029 89 22 limited
1728 3029 54 23 time
1792 3037 7 21 ;
1818 3029 39 23 the

1273 3058 93 25 soldiers
1384 3060 83 23 should
1482 3060 44 23 live
1538 3057 141 28 entermined
1686 3062 55 23 with
1752 3062 38 23 the
1801 3070 56 23 peo-

1272 3093 36 30 ple
1314 3101 6 20 ;
1334 3100 28 16 no
1374 3098 105 26 separate
1488 3101 76 24 camp,
1576 3101 30 17 no
1619 3094 116 29 barracks,
1741 3102 31 17 no
1778 3095 80 24 inland

1267 3126 123 24 .fortresses
1402 3126 82 23 should
1495 3126 30 24 be
1534 3127 103 29 allowedy
1644 3134 2 6 '
1672 3128 64 29 And,
1747 3128 108 32 perhaps,

1270 3159 20 23 it
1310 3158 74 32 might
1401 3159 29 23 be
1449 3158 49 25 still
1513 3159 74 25 better
1606 3161 26 29 if,
1650 3161 31 31 by
1700 3161 134 33 dismissing
1844 3170 14 16 a

1273 3191 73 24 stated
1362 3192 107 25 number'
1479 3192 43 25 and
1538 3191 116 34 enlisting'
1666 3194 76 24 others
1754 3199 24 21 at
1789 3203 69 24 every

1270 3225 97 23 renewal
1377 3225 25 24 of
1417 3225 60 25 their
1489 3230 66 26 term,
1568 3235 15 16 a
1592 3227 134 25 circulation
1745 3228 66 25 could
1828 3229 30 24 be

1272 3257 55 32 kept
1338 3265 30 25 up
1380 3258 102 25 between
1498 3259 39 24 the
1547 3268 73 24 .army
1634 3261 52 24 ,and
1707 3261 40 24 the
1768 3262 88 32 people,

1265 3291 50 25 -and
1325 3291 39 23 the
1374 3292 83 24 citizen
1469 3292 44 24 and
1520 3293 39 25 the
1567 3293 84 25 soldier
1659 3302 65 16 more
1733 3295 125 27 connected

1304 3367 75 24 There
1398 3369 20 23 is
1439 3377 13 15 a
1470 3369 61 24 force
1549 3370 25 23 in
1592 3370 179 25 circumstances
1783 3372 82 31 which,

1270 3405 50 20 cuts
1339 3409 68 23 many
1425 3410 14 15 a
1456 3402 96 31 gordian
1571 3403 65 29 knot,
1654 3403 77 27 which
1745 3405 19 23 it
1784 3406 73 23 would

1261 3448 4 5 ■
1270 3434 80 32 puzzle
1367 3434 112 32 logicians
1496 3434 45 25 and
1555 3435 130 31 politicians
1705 3442 24 19 to
1746 3438 109 31 unravel;

1271 3467 44 25 and
1339 3467 49 25 that
1406 3467 62 25 force
1486 3468 24 24 of
1526 3469 177 25 circumstances
1720 3471 42 24 has
1781 3472 75 24 deter-

1270 3500 75 25 mined
1357 3500 49 24 that
1417 3509 14 15 a
1442 3502 108 31 standing
1562 3509 65 24 army
1635 3503 84 25 should
1738 3504 93 24 become
1843 3513 13 16 a

1272 3535 168 23 constitutional
1453 3535 173 24 establishment
1636 3537 25 22 in
1672 3537 74 24 Great
1757 3538 99 30 Britain,

1270 3566 43 25 and
1341 3566 40 24 her
1405 3567 164 32 dependences.
1623 3568 63 25 That
1711 3578 33 16 we
1767 3571 89 29 should,

1270 3600 109 28 however,
1392 3600 55 24 both
1458 3608 47 24 pay
1512 3606 105 20 servants
1628 3602 44 24 and
1685 3603 29 24 do
1724 3603 57 25 their
1794 3605 63 24 work

1270 3634 20 23 is
1300 3638 40 19 not
1351 3636 23 20 to
1385 3633 29 24 be
1432 3634 111 31 expected
1552 3643 7 20 ;
1581 3636 44 23 and
1645 3644 32 16 we
1694 3636 69 24 think
1781 3638 20 22 it
1811 3638 21 24 is
1843 3646 15 16 a

1270 3666 111 24 shameful
1392 3666 75 32 thing,
1479 3667 49 25 that
1539 3667 67 25 while
1618 3668 39 25 the
1668 3669 90 25 British
1777 3672 81 23 nation

1268 3700 22 23 is
1299 3704 74 28 pjitto
1386 3700 39 23 the
1437 3704 101 28 expehce
1549 3701 26 24 of
1588 3703 124 32 providing
1725 3707 81 28 troops,
1821 3704 37 24 for

1270 3733 37 23 the
1318 3734 127 31 protection
1453 3733 25 23 of
1486 3733 47 25 this
1544 3734 90 32 Colony
1642 3736 30 31 by
1684 3735 37 25 far
1732 3736 39 25 the
1782 3737 76 31 larger

1269 3770 50 28 part
1335 3765 25 24 of
1374 3773 28 16 us
1414 3766 83 24 should
1513 3766 30 25 be
1562 3768 126 32 compelled
1703 3770 49 23 also
1769 3770 32 31 by
1818 3770 40 25 the

1270 3799 93 31 neglect,
1368 3800 27 23 of
1409 3799 38 24 the
1458 3800 105 24 Colonial
1575 3800 158 26 Government
1742 3806 23 21 to
1774 3803 30 24 be
1816 3812 42 15 our

1269 3840 50 17 own
1335 3837 134 23 protectors.
1772 3845 5 5 -
1812 3844 3 5 •

1301 3895 44 23 We
1355 3894 58 25 have
1425 3895 54 24 read
1491 3896 38 24 the
1541 3896 79 24 article
1632 3898 23 22 in
1667 3897 38 24 the
1720 3897 101 26 Colonist
1833 3900 24 24 in

1268 3928 73 25 which
1352 3937 13 15 a
1384 3928 65 32 reply
1461 3933 23 19 to
1505 3937 42 16 our
1566 3937 50 17 own
1635 3939 30 15 on
1677 3930 38 24 the
1733 3932 88 31 subject
1834 3934 25 23 of

1880 128 35 23 the
1926 127 67 24 Land
2005 127 93 24 Claims'
2110 128 25 23 is'
2143 127 131 33 attempted,
2285 127 42 24 but
2338 136 32 15 we
2378 137 80 20 cannot

1880 168 39 23 say
1929 160 50 23 that
1989 161 19 22 it
2018 164 24 19 at
2046 163 4 10 '
2060 159 30 24 all
2103 154 119 40 pimsettW
2229 160 42 27 the?
2281 161 91 30 opinion
2388 163 70 26 which

1880 201 32 15 we
1920 193 56 23 have
1987 193 88 23 formed
2086 200 63 24 upon
2159 186 41 31 it.*'
2221 192 44 24 We
2277 193 47 23 still
2336 193 67 25 think
2413 196 46 26 that

1880 226 37 23 the
1928 226 56 23 view
1994 225 72 24 which
2077 233 34 16 we
2122 226 54 23 took
2188 226 20 23 is
2220 225 39 24 the
2277 226 63 30 right
2356 234 49 22 one,
2417 231 42 23 and

1880 258 75 24 unless
1967 266 41 16 our
2019 263 171 26 conteraporaiy
2201 266 42 16 can
2254 259 48 23 find
2321 266 61 16 some
2401 268 59 19 more
2479 276 3 4 -

1880 289 133 26 substantial
2025 290 85 24 defects
2120 292 23 22 in
2156 299 40 16 our
2208 299 52 16 case
2270 291 55 24 than
2337 291 29 24 he
2378 292 38 24 has
2423 301 37 24 yet

1880 324 75 28 found,
1968 331 33 15 we
2018 327 61 19 must
2095 324 47 22 still
2160 324 81 24 adhere
2253 329 23 19 to
2288 325 29 24 it..
2349 324 43 24 We
2405 327 55 25 shall

1880 356 52 24 take
1942 357 38 22 his
1991 356 125 31 objections
2126 357 25 23 in
2169 356 40 24 the
2227 357 66 23 order
2310 358 25 23 in
2345 357 73 24 which
2430 367 30 18 we

1880 388 46 25 find
1946 389 70 28 them,
2039 388 53 31 only
2110 390 126 29 premising
2253 389 50 24 that
2322 397 33 16 we
2376 390 28 23 do
2423 398 38 19 not

1881 430 67 22 argue
1960 421 38 24 the
2008 426 83 19 matter
2110 429 25 16 as
2154 421 38 24 the
2208 422 137 32 Company's
2357 423 104 27 advocate

1881 463 24 15 as
1916 454 29 24 he
1956 455 133 28 insinuates,
2102 454 46 24 and
2165 454 50 24 that
2225 456 20 22 if
2260 463 42 15 our
2321 456 139 26 conclusions

1881 488 81 23 relieve
1974 487 49 23 that
2034 487 59 30 body
2110 487 59 23 from
2187 488 39 23 the
2242 488 98 31 liability
2350 493 25 19 to
2392 490 69 25 which

1881 521 28 23 he
1926 521 115 23 conceives
2052 520 20 23 it
2083 525 24 18 to
2119 520 28 23 be
2158 520 96 32 subject,
2265 522 20 22 it
2296 522 20 22 is
2328 522 85 31 merely
2425 524 37 23 be-

1881 560 66 17 cause
1965 553 39 23 the
2138 554 19 23 is
2176 553 77 24 shewn
2263 558 25 19 to
2303 555 28 23 be
2348 562 62 24 upon
2427 556 35 25 the

1882 586 163 24 Government.
2209 604 3 8 ,

1916 619 52 23 Our
1979 623 171 26 contemporary
2168 619 94 31 charges
2281 628 28 15 us
2321 619 53 25 with
2385 614 89 31 incon-*

1881 652 100 30 sisteucy
1991 652 24 23 in
2027 651 122 31 defending
2159 652 39 24 the
2209 652 58 25 New
2279 652 100 25 Zealand
2392 654 66 24 Com-

1881 692 67 23 pany,
1968 684 43 24 and
2032 684 100 31 alleging
2154 689 23 19 at
2197 685 37 23 the
2254 693 62 16 same
2339 687 55 23 time
2418 687 44 25 that

1882 718 155 23 Government
2048 718 65 23 acted
2125 725 77 24 wrong
2213 719 24 22 in
2247 719 135 31 attributing
2393 724 23 19 to
2427 720 35 25 the

1883 751 94 27 Natives
2002 750 39 24 the
2069 751 63 30 right
2159 751 26 23 of
2210 751 118 31 disposing
2356 753 26 23 of
2406 753 56 25 their

1882 785 124 22 territories
2017 791 25 16 as
2053 783 21 24 if
2083 784 54 30 th£y
2147 783 46 24 had
2204 784 58 24 been
2274 792 29 16 an
2314 785 149 31 independent

1882 817 78 31 people
1969 825 6 20 ;
2098 825 53 24 says
2170 817 38 29 he,
2251 818 44 25 the.
2310 818 153 26 Government

1884 849 51 31 only
1947 849 38 24 did
1996 849 59 24 what
2067 848 38 25 the
2117 850 57 24 New
2185 850 103 24 Zealand
2302 851 119 32 Company
2432 857 32 20 set

1882 882 62 24 them
1953 882 38 24 the
2000 882 104 30 example
2112 883 24 23 of
2274 883 48 23 But
2330 884 46 23 this
2385 892 78 23 proves

1882 923 30 15 no
1922 912 167 33 inconsistency
2105 915 26 23 in
2147 923 41 16 our
2199 916 76 23 views.
2312 916 75 25 There
2397 925 45 16 was
2452 927 11 16 a

1884 952 63 27 great
1965 948 131 23 distinction
2111 948 102 24 between
2229 950 40 23 the
2288 950 118 31 Company
2423 953 41 23 and

1884 981 37 23 the
1947 980 163 29 Government,
2135 981 73 24 which
2231 990 42 16 our
2296 987 168 29 contemporary

1884 1014 127 23 overlooks.
2028 1032 3 4 .
2117 1013 157 26 Government
2291 1016 44 23 had
2352 1017 25 23 in
2393 1017 71 25 them-

1884 1046 80 29 selves,
1977 1054 25 16 as
2020 1046 38 24 the
2075 1049 188 29 representatives
2282 1049 26 23 of
2325 1049 38 24 the
2380 1049 85 25 British

1883 1080 87 31 people,
1983 1079 30 24 all
2025 1080 37 23 the
2079 1080 73 30 rights
2167 1081 73 24 which
2258 1082 39 24 the
2315 1083 118 31 discovery
2444 1085 23 23 of

1884 1113 63 23 these
1955 1112 86 24 islands
2051 1113 118 24 conferred
2178 1122 60 24 upon
2250 1115 62 24 them
2324 1116 32 30 by
2367 1115 38 24 the
2416 1117 48 23 well

1884 1146 82 23 known
1983 1146 42 23 law
2045 1146 25 23 of
2088 1147 89 24 nations
2180 1160 31 4 —
2213 1147 49 24 that
2280 1149 20 22 is
2316 1153 23 19 to
2358 1157 48 22 say,
2430 1150 35 24 the

1884 1179 61 30 right
1966 1179 25 23 of
2011 1180 129 31 occupying
2157 1180 39 24 the
2214 1181 133 24 discovered
2366 1187 99 27 country,

1885 1213 23 22 of
1925 1212 128 31 subjecting
2069 1213 17 22 it
2107 1216 23 19 to
2148 1213 88 23 British
2255 1215 151 31 sovereignty,
2425 1218 41 22 and

1884 1246 117 30 disposing
2021 1246 25 22 of
2063 1245 39 23 the
2122 1245 65 24 lands
2192 1247 102 23 -without
2310 1247 84 32 asking
2415 1256 48 23 per-

1884 1279 93 22 mission
1993 1277 25 24 of
2033 1279 30 22 its
2081 1279 136 23 uncivilized
2232 1280 148 25 inhabitants.
2418 1282 47 24 The

1884 1311 56 23 New
1961 1310 104 26 Zealand,
2079 1311 126 32 Company,
2224 1320 13 16 a
2260 1313 59 31 body
2337 1313 26 24 of
2379 1315 85 31 private

1884 1344 134 28 merchants,
2031 1343 44 24 had
2089 1352 28 15 no
2130 1345 58 24 such
2199 1346 73 31 rights
2281 1355 6 20 ;
2307 1347 38 23 the
2357 1348 53 31 onjy
2419 1356 46 24 way

1884 1378 22 22 in
1919 1377 72 23 which
2002 1377 53 30 they
2068 1377 67 23 could
2146 1378 74 24 obtain
2232 1380 62 29 land,
2307 1387 45 17 was
2364 1381 30 30 by
2405 1381 60 25 deal-

1884 1411 39 29 ing
1933 1410 55 23 with
1999 1410 37 23 the
2046 1409 106 31 Natives,
2166 1412 45 23 and
2222 1413 98 31 treating
2339 1413 63 25 them
2413 1423 24 14 as
2449 1416 18 23 if

1886 1443 51 31 they
1958 1443 119 31 possessed
2102 1444 38 23 the
2165 1445 121 32 privileges
2314 1446 26 23 of
2364 1447 101 25 civilized

1884 1476 88 32 people.
2008 1475 35 25 As
2055 1477 86 30 private
2150 1478 146 31 individuals,
2309 1480 47 23 this
2366 1488 47 16 was
2431 1481 34 24 the

1885 1509 53 31 only
1950 1517 79 16 course
2048 1509 54 32 they
2119 1511 66 23 dould
2204 1512 69 31 adopt
2281 1520 6 21 ;
2306 1512 39 24 the
2364 1513 101 25 Govern-

1884 1547 70 24 ment,
1968 1550 27 16 on
2008 1541 38 25 the
2059 1543 64 23 other
2133 1543 66 30 head,
2212 1545 44 23 had
2267 1546 73 30 rights
2356 1547 76 23 vested
2444 1549 20 22 in

1885 1575 68 29 them,
1973 1575 73 24 which
2058 1574 95 27 enabled
2166 1577 61 24 them
2246 1583 23 18 to
2281 1578 57 24 have
2348 1579 95 32 adopted
2453 1590 11 15 a

1885 1609 103 23 different
1999 1616 87 22 course,
2100 1609 73 24 which
2181 1612 18 22 it
2211 1611 72 31 ought
2293 1616 22 19 to
2324 1612 57 24 have
2393 1613 55 24 done
2457 1624 6 20 ;

1885 1642 46 28 but,
1950 1642 89 23 instead
2060 1642 24 23 of
2101 1642 68 32 doing
2189 1652 33 20 so,
2234 1646 19 21 it
2270 1645 125 24 enfeebled.
2398 1647 65 29 itself,

1885 1675 102 23 denuded
1997 1675 65 23 itself
2077 1676 26 22 of
2119 1677 37 23 the
2169 1677 60 30 right
2242 1678 25 23 of
2285 1679 125 31 discovery,
2424 1682 40 22 and

1885 1708 102 23 followed
2005 1708 38 23 the
2061 1709 103 31 example
2185 1711 24 22 of
2225 1711 38 23 the
2282 1712 86 31 private
2387 1714 76 29 trader,

1885 1741 73 23 whose
1969 1749 87 24 powers
2065 1742 26 23 of
2100 1743 73 23 action
2184 1752 57 16 were
2251 1745 96 31 entirely
2356 1745 107 31 different,

1885 1774 43 23 and
1939 1774 68 24 much
2025 1782 63 17 more
2104 1775 94 25 limited.
2234 1778 103 23 Because
2354 1779 19 23 it
2385 1779 37 23 did
2434 1787 29 22 so,

1885 1815 32 15 we
1928 1815 41 23 say
1979 1808 49 24 that
2039 1809 19 22 it
2068 1809 21 22 is
2100 1808 75 24 bound
2189 1814 21 19 to
2222 1816 87 25 protect
2321 1819 28 16 us
2360 1812 58 23 from
2430 1813 33 24 the

1884 1841 83 23 Native
1990 1841 85 28 claims,
2100 1842 72 24 which
2195 1844 67 23 could
2284 1844 58 24 have
2370 1846 45 23 had
2437 1855 26 15 no

1884 1874 90 23 shadow
1985 1874 26 24 of
2020 1874 59 31 legal
2089 1876 126 29 .existence,
2227 1877 21 23 if
2257 1877 156 26 Government
2425 1879 38 24 had

1885 1912 38 18 not
1940 1907 94 31 wilfully
2045 1907 125 25 descended
2183 1910 57 24 from
2251 1911 32 22 its
2302 1911 161 32 advantageous

1884 1941 97 30 position
1985 1953 30 4 —
2016 1949 12 15 a
2046 1942 99 29 position
2163 1943 23 23 ia
2197 1943 76 24 which
2289 1943 38 25 tk«
2350 1945 112 32 Company

1884 1980 68 15 never
1963 1975 72 21 stood.
2072 1974 26 22 Is
2113 1975 61 22 there
2187 1976 169 32 inconsistency
2366 1978 24 21 in
2400 1979 47 21 this
2454 1980 9 22 ?

1917 2004 51 23 The
1979 2009 62 19 next-
2046 2006 64 29 point
2121 2007 22 22 in
2156 2007 73 23 which
2241 2015 33 15 we
2286 2016 37 15 are
2340 2009 96 24 assailed
2446 2010 14 22 is

1885 2036 36 23 the
1933 2037 89 30 proviso
2035 2038 24 22 in
2069 2038 38 22 the
2121 2039 66 23 Land
2199 2040 94 29 Orders,
2303 2041 31 30 by
2348 2042 70 23 which
2429 2042 33 23 the

1886 2068 116 32 Company
2024 2070 92 24 refused
2141 2076 23 19 to
2192 2077 123 26 guarantee
2344 2074 38 24 the
2409 2075 53 23 titles

1885 2103 88 30 against
1986 2103 36 23 the
2035 2108 47 19 acts
2093 2104 24 23 of
2128 2105 37 23 the
2176 2105 161 30 Government,
2348 2115 23 16 or
2380 2110 82 28 af.yJnst

1885 2143 41 23 any
1940 2140 48 19 acts
1999 2136 41 23 but
2058 2136 59 25 their
2135 2145 59 17 own.
2230 2140 51 23 Our
2298 2147 164 25 contemporary

1886 2168 54 24 asks
1957 2169 100 23 whether
2080 2178 34 15 we
2135 2171 68 23 know
2319 2173 63 24 these
2401 2175 61 23 .uand

1885 2201 85 24 Orders
1982 2209 57 16 were
2051 2208 40 19 not
2102 2204 77 23 issued
2191 2204 34 24 till
2237 2206 57 24 after
2306 2207 39 23 the
2357 2208 105 30 purchase

1884 2242 44 16 was
1948 2236 134 31 completed,
2095 2237 45 23 and
2152 2237 49 25 that
2213 2238 55 32 they
2277 2239 87 24 formed
2376 2249 30 15 no
2416 2247 46 25 part

1884 2268 24 23 of
1924 2268 38 23 the
1981 2269 95 31 original
2276 2272 43 24 We
2338 2281 38 17 are
2394 2282 68 15 aware

1884 2301 49 24 that
1949 2301 53 32 they
2014 2309 58 17 were
2093 2309 40 18 not
2150 2305 77 23 issued
2239 2305 35 24 till
2285 2306 58 23 after
2355 2307 37 24 the
2411 2315 50 23 pur-

1885 2335 67 23 chase
1971 2343 80 23 money
2064 2344 46 16 was
2128 2337 61 31 paid,
2210 2338 41 24 but
2270 2340 194 31 notwithstanding

1884 2368 49 23 that
1945 2375 32 17 we
1989 2369 107 24 conceive
2115 2371 49 23 that
2182 2371 52 31 they
2246 2371 58 25 form
2323 2378 51 26 part
2391 2374 24 23 of
2429 2373 34 24 the

1884 2401 96 31 original
1987 2408 138 24 agreement,
2133 2404 29 30 by
2168 2404 73 24 which
2249 2413 40 16 our
2295 2411 166 27 contemporary

1884 2443 77 15 means
1975 2435 37 23 the
2025 2436 138 33 Company's
2175 2437 141 32 prospectus.
2354 2440 64 31 They
2429 2448 33 15 are

1884 2468 118 31 expressly
2021 2469 100 24 referred
2138 2475 23 19 to
2180 2473 24 21 in
2218 2472 19 23 it
2248 2481 6 19 ;
2278 2472 38 24 the
2333 2473 129 31 purchasers

1884 2509 45 21 are,
1943 2501 23 23 in
1978 2502 53 29 fact,
2050 2503 54 30 only
2119 2503 73 31 styled
2208 2505 136 31 purchasers
2362 2507 25 23 of
2402 2506 60 24 Laud

1885 2534 86 23 Orders
1982 2543 5 20 ;
2008 2535 17 23 it
2037 2535 19 23 is
2069 2536 117 32 distinctly
2199 2538 73 24 stated
2284 2539 49 24 that
2345 2536 53 35 they
2410 2540 51 23 shall

1884 2568 27 22 be
1922 2568 70 24 taken
2004 2576 25 15 as
2041 2570 129 24 conclusive
2183 2571 106 25 evidence
2301 2572 25 24 of
2342 2573 48 23 title
2399 2583 7 20 ;
2423 2572 39 24 and

1884 2601 87 23 several
1982 2601 64 24 other
2055 2606 94 21 matters
2156 2611 39 16 are
2204 2605 129 24 mentioned
2341 2607 120 30 respecting

1884 2634 70 24 them.
1990 2634 47 24 But
2055 2643 57 16 even
2129 2637 21 23 if
2166 2637 44 23 this
2229 2637 38 24 did
2288 2643 41 19 not
2348 2641 112 22 constitute

1884 2667 61 24 them
1966 2676 13 15 a
1998 2673 51 25 part
2072 2669 26 23 of
2116 2670 38 23 the
2178 2671 96 31 original
2297 2677 109 25 contract,
2427 2672 34 23 the

1883 2700 136 32 purchasers
2039 2701 58 24 have
2116 2703 57 23 done
2192 2712 24 15 so
2236 2705 136 24 themselves
2389 2707 29 30 by
2429 2713 31 15 re-

1884 2735 137 30 trospection
2030 2744 7 19 ;
2056 2735 54 31 they
2120 2737 95 31 adopted
2224 2738 71 30 them,
2306 2739 66 24 when
2382 2738 77 28 issued,

1884 2768 94 23 without
1994 2768 114 31 objection
2117 2778 5 19 ;
2142 2770 54 31 they
2211 2772 139 24 transferred
2366 2772 59 24 them
2441 2776 19 18 to

1886 2801 77 23 others
1973 2810 5 20 ;
1999 2801 54 31 they
2064 2802 98 24 selected
2180 2804 54 23 land
2251 2805 72 24 under
2340 2806 68 29 them,
2424 2804 38 24 and

1885 2835 64 22 acted
1961 2842 59 23 upon
2040 2835 63 24 them
2119 2837 24 22 in
2154 2844 14 16 a
2179 2838 88 31 variety
2278 2838 25 24 of
2319 2846 68 21 ways.
2420 2838 38 24 We

1885 2875 37 16 are
1935 2867 86 31 willing
2032 2872 23 19 to
2066 2868 87 25 believe
2164 2871 49 23 that
2225 2879 42 16 our
2278 2872 182 31 contemporary's
2465 2874 3 5 '

1885 2900 127 24 disclaimer
2035 2901 25 23 of
2086 2902 61 31 legal
2175 2904 80 31 ability
2276 2909 23 19 to
2328 2905 77 24 decide
2429 2904 31 24 the

1885 2934 113 30 question,
2010 2934 19 23 is
2041 2942 26 15 as
2074 2936 55 23 'true
2140 2943 26 16 as
2206 2937 21 22 is
2239 2938 87 23 modest
2336 2947 6 22 ;
2360 2939 43 24 but
2413 2945 46 17 even

1884 2966 28 23 he
1922 2971 61 19 must
1995 2966 68 25 know
2075 2967 49 25 that
2135 2968 39 24 the
2190 2975 141 26 prospectus,
2345 2971 38 24 the
2401 2970 58 26 Land

1885 2999 94 30 Orders,
1987 3000 46 23 and
2044 2999 61 25 their
2116 3001 113 31 adoption,
2236 3008 63 19 must
2310 3004 30 23 all
2348 3004 29 24 be
2387 3003 73 26 looked

1884 3036 23 19 at
1918 3033 25 22 in
1955 3034 152 31 ascertaining
2118 3034 60 24 what
2188 3036 20 22 is
2220 3036 71 32 really
2303 3037 40 24 the
2359 3041 99 21 contract.

1918 3065 58 25 This
1988 3074 52 24 may
2052 3067 29 24 be
2093 3076 14 14 a
2117 3067 46 24 line
2176 3068 26 23 of
2209 3071 122 30 reasoning
2343 3069 72 26 which
2426 3077 32 16 our

1885 3103 171 27 contemporary
2072 3100 45 24 will
2136 3106 59 19 term
2212 3103 86 31 special
2314 3104 145 31 pleading;.*

1884 3133 143 30 designation
2036 3133 74 24 which
2117 3142 33 16 we
2162 3135 56 24 have
2229 3136 62 24 often
2302 3137 70 24 heard
2380 3135 77 34 applied

1885 3170 22 19 to
1927 3174 14 15 a
1959 3167 66 23 strict
2046 3168 97 31 enquiry
2159 3169 49 23 into
2226 3169 66 30 facts,
2310 3171 46 23 and
2376 3178 28 16 an
2424 3176 32 16 an-

1885 3205 150 19 nouncement
2046 3201 26 23 of
2081 3200 155 32 disagreeable
2248 3203 84 24 truths.
2366 3203 24 24 It
2400 3204 17 23 is
2426 3204 31 21 not

1880 3254 2 10 t
1885 3240 128 24 necessary,
2023 3233 115 31 however,
2151 3239 23 19 to
2185 3235 59 24 have
2260 3244 105 16 recourse
2375 3241 23 19 to
2408 3234 50 26 what

1880 3266 24 24 is
1916 3274 26 16 so
1954 3266 154 33 disagreeable
2112 3272 36 19 -to
2159 3276 42 16 our
2215 3272 177 30 contemporary.
2425 3267 31 24 He

1884 3299 94 24 himself
1986 3299 117 24 furnisKes
2114 3308 36 22 us,,
2153 3300 55 25 with
2220 3309 14 16 a
2246 3303 68 24 much
2325 3303 84 23 shorter
2418 3298 36 26 and

1884 3340 63 16 more
1966 3333 129 24 conclusive
2112 3333 74 34 reply.
2223 3335 51 24 The
2293 3340 127 28 prospectus
2437 3337 19 19 to

1884 3365 74 24 which
1965 3366 29 23 he
2002 3373 25 16 so
2035 3366 165 33 triumphantly
2208 3368 80 31 refers,
2296 3377 25 16 as
2331 3366 125 29 over-riding

1884 3398 38 24 the
1940 3399 126 24 obnoxious
2084 3401 92 30 proviso
2193 3401 25 24 in
2234 3401 40 24 the
2291 3402 66 24 Land
2372 3399 81 27 Orders,

1885 3431 54 24 does
1950 3432 64 24 itself
2023 3434 92 23 contain
2126 3434 51 23 that
2194 3442 55 24 very
2259 3436 98 31 proviso.

1884 3464 69 25 Land
2105 3466 19 24 it
2135 3474 61 24 says,
2241 3476 37 16 are
2290 3474 22 18 to
2324 3469 28 23 be
2366 3462 89 29 received

1884 3506 24 15 as
1940 3499 114 24 sufficient
2082 3507 154 25 conveyances
2265 3502 45 24 and
2342 3497 112 28 conclusive

1884 3532 106 23 evidence
2009 3532 26 24 of
2055 3532 40 24 the
2118 3533 140 33 Company's
2281 3535 64 28 title;
2368 3532 40 24 and
2423 3530 30 22 the

1885 3565 119 31 Company
2015 3573 38 16 are
2065 3570 41 20 not
2117 3571 23 20 to
2151 3566 30 25 be
2190 3567 132 24 considered
2333 3575 23 16 as
2366 3570 86 27 guaran-

1884 3598 77 31 teeing
1971 3598 45 23 the'
2030 3598 59 30 title,
2103 3605 80 27 except
2194 3608 26 16 as
2240 3601 91 31 against
2348 3599 55 23 their
2412 3602 41 18 own

1884 3636 49 19 acts
1945 3631 44 24 and
2006 3632 38 23 the
2056 3636 49 20 acts
2117 3633 26 24 of
2159 3634 65 23 those
2243 3634 99 30 deriving
2354 3631 64 25 under
2432 3634 22 17 or

1884 3665 23 23 in
1919 3669 60 19 trust
1989 3664 35 24 for
2159 3666 26 24 It
2192 3667 20 25 is
2223 3666 131 33 impossible
2366 3664 43 24 that
2418 3667 34 18 our

1884 3702 174 28 contemporary
2076 3706 44 17 can
2134 3699 61 24 have
2205 3700 55 25 read
2271 3699 38 24 the
2328 3699 124 31 prospectus,

1884 3738 24 16 or
1931 3730 30 24 he
1981 3721 88 34 wouhV
2075 3739 68 17 never
2165 3733 57 23 have
2244 3732 98 25 referred
2363 3737 26 16 us
2406 3732 19 19 to
2441 3732 11 16 a

1884 3763 120 24 document
2016 3764 75 25 which
2101 3766 20 23 is
2132 3766 55 23 fatal
2199 3770 25 19 to
2235 3765 38 24 his
2290 3772 50 17 own
2350 3769 54 21 case,
2414 3757 37 25 and

1884 3797 88 23 carries-
1980 3805 53 16 ours
2045 3805 44 17 one
2096 3803 51 28 step
2154 3799 89 23 further
2251 3798 54 24 than
2313 3805 32 16 we
2352 3793 99 27 ourselves

1884 3829 99 32 thought
1997 3838 128 25 necessary.

1917 3863 52 24 The
1992 3862 60 26 third
2070 3866 65 30 point
2155 3872 29 16 on
2204 3864 75 24 which
2301 3863 37 24 the
2366 3855 86 28 Colonist

1884 3895 102 31 touches,
1997 3897 21 23 is
2029 3896 40 25 the
2079 3902 102 19 contract
2190 3897 103 24 between
2300 3896 37 23 the
2345 3894 105 28 Company
2479 3911 3 9 t

1884 3930 44 23 and
1950 3930 156 24 Government
2115 3940 6 21 ;
2141 3930 74 24 which
2230 3930 30 24 he
2279 3928 65 25 looks
2361 3930 54 26 upon
2429 3926 21 18 as

554 43 98 46 STf)s
676 43 116 42 W(to
816 43 213 40 ZtaUmtt
1054 43 190 44 <&wttt
1268 42 90 38 auD
1383 38 305 48 miUtttgtou

73 924 45 16 1842.

153 903 54 16 Time
214 903 20 16 of

151 924 87 15 Observa-

171 944 44 16 tion.

267 913 55 17 Baro-

262 932 62 18 meter.

337 910 89 62 trhermo-

352 932 63 19 metfer.

453 889 68 46 til

552 924 60 16 Wind.

370 970 5 4 -

56 1002 78 20 Friday-

56 1063 25 17 Sat

174 1003 8 15 9

174 1024 52 20 Ip.m.
243 1037 2 5 ,

174 1044 9 15 4

174 1065 8 15 9

174 1085 45 20 lp.m

173 1106 11 15 4

173 1125 9 16 0

173 1147 53 20 lp.m.

173 1188 9 15 9

174 1209 51 19 lp.m.

172 1230 10 15 4

172 1250 9 15 9

172 1267 52 24 Ip.m.

156 1294 3 10 i
172 1291 16 15 4'

159 1310 22 33 I?

173 1333 52 20 Ipm.

172 1353 10 16 4

173 1374 9 15 9
210 1378 3 5 ■
225 1376 3 5 •

173 1395 51 19 lp.m.

172 1415 10 15 4

266 1003 57 18 29.875

264 1025 58 17 29.845

266 1045 56 17 29.890

266 1066 57 17 30.100

266 1087 64 16 50.105.

267 1108 56 16 30.100

342 1010 11 10 ,<
365 1004 28 15 42.

365 1024 29 16 51.

367 1045 36 16 5C.5

366 1065 27 17 47.

365 1082 37 21 50.'

365 1107 28 16 49.

453 1026 58 16 None.

453 1087 58 18 None.

531 1004 63 17 North.

531 1025 76 18 N.N.W.

532 1046 76 18 N.N.W.

532 1066 48 18 N.H.

532 1087 23 17 N.
562 1089 22 19 by
592 1088 21 17 E.

532 1108 102 21 Northerly.

56 1125 78 20 Sunday..

452 1150 59 15 None.

365 1156 28 8 -

56 1186 78 20 Monday.

267 1211 56 16 30JO0

388 1180 5 5 *

365 1201 28 25 40!

452 1211 59 17 None.

532 1212 103 21 Southerly.

56 1248 76 20 ruesday

266 1252 56 16 29.615

265 1272 58 17 29.570

264 1293 59 17 29.600

265 1314 57 17 29.815

264 1334 59 16 29.630

366 1252 27 16 53.
416 1255 2 4 '

366 1274 27 15 56.

365 1295 37 15 53.5

365 1316 28 15 52.

365 1336 27 16 58.

462 1273 36 16 0.71

531 1254 11 16 S
548 1253 86 21 outherly.

531 1274 93 21 Westerly.

531 1294 51 18 N.W.

530 1315 52 17 N.W.

531 1336 92 23 Westerly.

530 1357 54 17 N.W.

531 1378 52 17 N.W.

530 1399 52 17 N.W.

530 1419 51 18 N.W.
603 1432 4 3 -

56 1309 39 16 Wed

461 1336 37 16 0.09
515 1349 3 4 .

56 1371 76 17 Churs...

265 1376 57 16 29.915

265 1397 58 16 29.860

264 1418 59 15 29.850

365 1378 27 15 56.

365 1399 28 15 s!>.

365 1419 26 16 58.

461 1398 39 16 0.04

247 1462 4 20 \
381 1460 124 18 REMARKS.

54 1475 80 20 Friday...

174 1478 9 15 0

173 1499 52 20 ip.m.

173 1520 12 15 4

174 1540 10 16 9

171 1561 55 21 Ip.in.

172 1602 11 16 2
197 1616 2 6 ,

174 1623 53 21 Ip.m.

173 1665 10 16 9

173 1686 64 20 Ip.m.,

172 1707 12 16 4

172 1728 11 16 9

160 1749 67 19 ,Ip.m.

172 1790 11 15 9
198 1786 20 12 •>'
232 1800 1 4 ,

172 1811 54 19 Ip.m.

172 1832 24 16 4-
223 1846 3 5 L
230 1841 2 3 -

171 1853 20 19 9,
200 1849 4 3 '
225 1866 3 4 .

171 1896 12 15 4
200 1900 6 10 i

254 1480 50 17 Calm
311 1481 35 15 and
353 1481 41 16 fme.

253 1501 50 17 Calm
311 1502 35 15 and
354 1505 42 17 very
405 1502 41 16 fine.

295 1522 33 16 Do.
349 1538 3 3 .
370 1522 34 16 Do.
447 1523 35 16 Do.

253 1543 54 20 Light
315 1542 61 17 breeze
383 1543 35 17 and
425 1548 43 15 very
475 1543 41 18 line.

294 1564 33 16 Do.
371 1564 33 16 Do.
448 1564 34 16 Do.

254 1589 4 3 •
266 1589 5 2 ■
295 1584 33 16 Do.
371 1584 33 17 Do.
447 1585 33 16 Do.

294 1605 33 17 Do.
369 1605 34 17 Do.
445 1605 34 17 Do.

295 1627 33 15 Do.
371 1625 34 18 Do.
447 1626 33 17 Do.

295 1647 32 16 Do.
370 1646 34 17 Do.
447 1646 34 20 Do,

52 1536 30 17 Sftt

136 1571 2 16 |

51 1599 82 19 Sunday..

51 1660 83 21 Monday.

341 1675 4 2 •

253 1688 52 17 Calm
310 1688 35 16 and
352 1688 52 21 hazy.

52 1723 81 20 Tuesday

136 1752 2 18 i

254 1729 49 17 Calm
310 1729 35 17 and
352 1729 46 17 rain.

294 1750 33 17 Do.
370 1750 34 18 Do.
445 1751 70 21 cloudy.

254 1770 55 17 Fresh
314 1771 63 17 breeze
385 1771 36 17 and
428 1774 87 15 overcast.

253 1792 91 16 Moderate
350 1792 62 17 breeze
463 1797 43 17 very
513 1793 40 17 fine.

294 1813 33 16 Do.
370 1812 35 18 Do.
448 1813 33 17 Do.
489 1819 3 5 '
512 1810 3 22 1

294 1833 34 17 Do.
343 1838 10 12 .:
369 1834 35 16 Do.
446 1830 9 23 D
455 1830 45 23 0,!..
512 1836 3 14 I

252 1854 55 23 Fijesh
313 1855 63 15 breeze
384 1855 35 16 and
427 1855 42 16 fine.

292 1875 34 16 Do.
338 1890 4 3 .
368 1875 35 17 Do.
443 1876 46 16 Do.,

256 1905 9 4 -.
282 1896 45 16 'Do.
343 1906 5 3 -
369 1896 35 17 Do.
447 1897 37 15 Do:

51 1784 43 17 Wed

64 1846 38 17 hu>
113 1858 19 6 ...

52 132 101 49 THE:
161 131 197 23 ADVERTISER
366 131 63 22 takes
437 130 45 23 this
492 130 138 28 opportunity

129 159 24 22 of
160 158 143 27 acquainting
311 157 63 23 those
382 158 126 26 gentlemen
518 157 72 22 whom
601 156 30 22 he

52 184 42 23 has
103 189 39 18 not
150 185 45 21 had
204 184 37 23 the
254 184 98 28 pleasure
367 185 27 21 of
406 184 88 26 waiting
508 190 67 21 upon,
585 183 47 22 and

52 209 48 24 theT
109 212 134 21 inhabitants
266 210 26 22 of
310 208 141 30 Wellington,
470 209 99 31 that^he
590 209 42 22 has

52 238 143 21 commenced
209 238 38 21 the
263 238 99 21 business
378 238 26 21 of
418 237 150 21 Blacksmith

54 264 105 22 Fakiuer
176 265 22 20 in
214 264 75 21 Dixon
304 265 79 25 Street,
391 270 55 15 near
459 266 23 18 to
498 263 42 22 Mr.
552 263 80 21 Catch-

52 290 77 27 pool's,
141 290 44 22 and
201 291 83 26 having
299 290 44 23 had
358 290 66 22 nvuch
435 290 131 26 experience
576 289 26 21 of
614 289 18 21 it

52 318 23 19 in
87 317 29 22 all
131 318 28 20 its
175 317 115 26 branches,
301 317 43 22 and
358 316 78 22 united
450 316 52 21 with
519 316 113 21 moderate

52 344 98 26 charges,
168 343 28 22 he
212 344 69 27 hopes
296 347 22 18 to
336 343 57 22 have
409 350 14 14 a
437 342 64 22 share
517 342 25 22 of
557 341 75 29 public

52 374 98 23 support.

80 401 57 22 N.B.
139 413 28 4 —
167 402 73 22 Horse
256 402 91 26 shoeing
362 400 59 23 done
429 400 24 22 in
465 400 36 21 the
511 399 67 23 safest
588 399 45 22 and

53 431 86 20 neatest
148 435 100 16 manner.

488 453 32 22 M.
536 453 68 24 Quin.

81 482 31 21 Te
122 482 54 26 Aro,
187 482 60 21 June
259 482 31 24 17,
303 482 59 20 1843.

280 529 125 22 Caution.

55 564 89 48 THE
158 563 150 27 undersigned
324 562 83 28 hereby
421 562 52 26 give
488 563 81 26 notice,
585 562 49 23 that

127 597 45 20 any
182 590 82 22 Person
276 597 25 14 or
315 590 92 21 Persona
423 589 71 22 found
508 590 85 26 cutting
609 597 26 14 or

54 618 115 25 removing
184 624 45 19 any
245 616 89 22 Timber
348 616 57 21 from
424 616 89 22 Section
530 616 42 21 No.
582 618 13 19 3
611 619 24 18 at

55 643 45 21 Kai
115 643 78 22 Warra
209 644 84 26 Warra,
309 643 55 27 frpm
380 642 44 23 and
444 643 57 22 after
518 642 41 23 this
574 642 58 26 date;

53 668 44 23 will
107 670 27 21 be
145 670 135 22 Prosecuted
297 669 118 27 according
430 676 24 16 as
471 669 37 22 the
521 670 51 22 Law
581 675 54 21 may

48 695 83 22 •direct.
433 696 14 5 *'
457 718 4 2 .
486 698 3 3 '

426 723 65 22 John
506 724 100 21 Salmon.

43 767 1 5 ,
81 749 60 22 June
151 750 33 26 23,
198 751 74 23 1843..
296 763 15 17 \
331 765 3 6 <
359 762 3 7 <
399 756 3 9 '
506 750 15 19 '■
640 750 2 31 j

162 3784 99 21 Notice
277 3786 28 19 to
322 3785 183 23 Subscribers.

48 3815 79 26 Papers
141 3816 46 20 will
198 3818 38 18 not
245 3817 24 20 be
282 3819 47 19 sent
346 3819 22 19 to
381 3822 90 22 persona
484 3819 66 28 living
561 3822 37 19 out
607 3822 28 26 of

73 3852 54 21 Vort
137 3852 122 25 Nicholson,
277 3853 68 21 unless
355 3856 160 23 arrangements
524 3862 37 14 are
570 3859 61 19 made

69 3887 39 24 for
117 3888 34 19 the
157 3889 102 24 payment
268 3888 28 25 cf
302 3888 36 21 the
346 3895 64 20 sqme,
419 3890 94 27 through
522 3897 28 15 an
558 3892 72 26 Agent

71 3923 25 19 at
108 3916 144 31 Wellington^'
325 3929 5 7 >
341 3928 4 8 >
