2520 3999
213 1330 112 15 INWARDS
326 1335 26 4 —
355 1329 139 16 COASTWISE.

89 1359 126 21 Schooner
269 1359 99 24 Nymph,
419 1365 64 15 from
511 1359 134 20 Auckland

59 1392 50 15 and
125 1387 52 20 B\y
188 1393 29 14 of
231 1387 130 21 Plenty.—
360 1387 77 26 Agent,
450 1387 87 25 Straup.
539 1397 27 4 —
567 1387 78 24 11,000

57 1413 44 21 feet
109 1414 87 20 timber.

87 1448 126 21 Schooner
367 1454 64 14 from
450 1448 142 21 Auckland.
593 1458 28 4 —
621 1448 23 20 /.

57 1475 84 26 Joseph,
158 1476 75 25 Agent.
234 1486 27 4 —
262 1476 13 19 6
292 1476 59 20 casks
370 1476 61 26 pork,
442 1476 13 19 2
474 1476 64 19 boxes
554 1476 67 25 slops,
633 1476 12 19 2

58 1502 60 21 casks
128 1503 91 25 vinegar,
231 1504 11 19 8
252 1509 58 14 cases
326 1503 100 27 pictures,
443 1503 12 20 7
468 1502 63 21 boxes
542 1502 67 27 pipes,
622 1503 23 20 11

59 1529 89 21 bundles
159 1536 58 19 rugs.

1282 119 57 24 each
1356 119 123 25 individual
1499 120 76 25 would
1596 121 30 24 be
1650 123 49 22 148
1719 122 88 31 pounds
1828 129 42 24 per

1282 159 96 17 annum.
1552 146 38 37 Cq
1597 166 59 18 x^v
1664 158 97 28 j^^^.
1867 157 11 15 *

1317 185 50 24 The
1378 186 95 23 number
1485 186 25 25 of
1523 186 89 25 vessels
1622 186 76 25 which
1708 186 59 25 have
1778 187 91 24 entered

1282 218 39 24 the
1344 222 51 27 port
1418 219 61 23 since
1501 219 38 24 the
1564 221 202 23 commencement'
1779 220 25 24 of
1830 220 38 24 the

1283 251 135 24 Settlement
1437 253 97 31 is__3o2.
1570 253 60 24 This
1647 253 111 24 indicates
1776 261 14 16 a
1806 253 63 31 large

1282 288 79 19 extent
1379 284 25 23 of
1417 284 112 30 business,
1550 286 45 23 and
1616 294 33 16 we
1666 286 59 24 have
1743 286 70 24 heard
1830 286 38 23 the

1282 320 94 20 amount
1393 317 26 23 of
1437 316 60 25 bon&
1517 319 45 23 fide
1583 319 59 24 sales
1664 319 25 23 of
1711 319 157 24 merchandize

1282 349 84 32 during
1383 349 38 24 the
1439 350 46 23 last
1501 359 56 23 year
1574 352 120 24 estimated
1710 357 24 19 at
1745 353 122 28 £80,000.

1282 382 26 24 It
1333 383 21 23 is
1374 383 25 23 of
1421 391 68 22 more,
1506 392 156 24 consequence
1684 390 23 19 to
1727 385 68 24 know
1820 385 49 23 that

1281 415 107 24 business
1405 416 42 23 has
1463 420 42 20 not
1522 418 61 22 been
1602 418 120 25 overdone.
1738 435 2 4 ■
1758 418 42 24 We
1810 418 58 24 have

1281 448 60 24 been
1358 448 111 24 informed
1485 449 32 31 by
1536 454 44 19 two
1599 451 26 23 of
1640 451 40 24 the
1697 451 91 31 leading
1807 458 61 17 mer-

1282 481 87 29 chants,
1390 481 50 24 that
1457 482 109 32 although
1589 484 65 24 there
1672 485 21 23 is
1712 484 111 32 difficulty
1844 484 25 23 in

1281 514 98 31 making
1393 519 121 26 payments
1532 515 46 25 and
1595 526 15 14 a
1629 519 97 30 scarcity
1738 518 26 23 of
1778 517 89 32 capital,

1281 552 40 26 yet
1338 547 39 24 the
1392 548 122 24 dishonour
1533 549 26 24 of
1579 551 21 22 a<
1610 550 42 24 bill
1672 550 96 32 payable
1785 555 24 19 at
1828 550 40 23 the

1282 580 71 24 Bank
1369 581 21 23 is
1408 581 25 23 of
1446 588 55 25 very
1512 590 50 16 rare
1581 590 142 18 occurrence.
1760 583 108 24 Cautious

1283 614 87 23 dealers
1382 621 66 16 never
1458 614 57 25 have
1527 623 30 16 an
1569 616 96 24 overdue
1676 617 42 23 bill
1729 621 23 19 to
1764 618 52 22 take
1827 625 39 22 up.

1282 646 56 24 And
1357 647 28 23 be
1392 647 29 23 'it
1428 648 176 31 Remembered/
1613 649 83 32 during
1713 650 49 24 the'
1770 653 98 27 greatest

1281 684 53 28 part
1343 680 26 23 of
1383 679 38 24 the
1431 684 51 27 past
1495 689 62 23 year,
1569 689 30 16 no
1616 683 63 31 legal
1689 691 79 16 means
1779 682 89 25 existed

1283 713 26 23 of
1332 713 135 31 compelling
1485 719 131 26 payments.
1657 716 76 24 These
1753 717 56 23 facts
1828 716 40 24 tell

1281 754 64 15 more
1357 746 33 23 for
1402 747 39 22 the
1459 747 71 24 credit
1550 747 26 24 of
1591 749 38 23 the
1651 749 87 31 Colony
1750 750 54 23 than
1823 757 44 23 any

1283 780 102 22 addition
1394 783 24 20 to
1437 780 38 23 the
1486 780 96 32 imports
1593 789 27 17 or
1632 782 66 30 sales,
1710 783 40 23 the
1762 783 71 23 result
1844 782 26 24 of

1283 813 53 22 wild
1348 813 160 30 speculations.

1317 846 31 23 In
1357 853 66 24 every
1430 846 109 24 direction
1549 854 51 16 new
1611 848 116 31 buildings
1740 856 36 16 are
1787 849 79 30 rising,

1283 879 45 23 and
1345 879 26 23 of
1388 887 14 15 a
1421 880 102 30 superior
1541 880 138 32 description
1697 886 23 19 to
1738 882 62 23 those
1818 882 50 23 first

1283 912 98 29 erected,
1392 912 65 24 when
1468 913 85 32 speedy
1562 914 87 24 shelter
1660 922 45 16 was
1717 915 26 23 of
1750 915 28 23 all
1790 916 77 30 things

1282 945 95 24 needed.
1388 947 3 3 '
1412 946 82 23 Bricks
1508 955 37 15 are
1556 954 52 17 now
1766 948 102 32 supplied

1284 983 23 19 at
1318 978 114 24 moderate
1442 980 82 30 prices,
1543 981 45 23 and
1600 989 61 16 some
1672 981 68 24 brick
1755 982 112 31 buildings

1282 1011 59 24 have
1353 1011 57 24 been
1421 1013 153 24 commenced.

1281 1050 25 18 /
1317 1045 64 23 Four
1397 1046 59 30 piers
1469 1054 25 15 or
1509 1046 79 32 jetties
1607 1048 80 23 enable
1705 1048 66 24 small
1780 1048 87 24 vessels

1284 1079 45 23 and
1339 1078 65 24 boats
1419 1083 23 19 to
1454 1079 119 31 discharge
1584 1081 60 23 their
1655 1088 93 24 cargoes
1763 1081 70 31 safely
1843 1082 25 23 in

1283 1112 32 23 all
1325 1112 42 23 but
1378 1111 38 24 the
1426 1112 110 30 roughest
1546 1114 108 24 weather.

1317 1145 52 24 The
1386 1145 54 23 road
1456 1149 24 19 to
1491 1146 93 32 JPeloni
1601 1148 20 23 is
1639 1147 80 31 nearly
1736 1148 130 32 completed,

1284 1178 46 24 and
1352 1179 21 22 is
1388 1178 65 31 equal
1460 1182 41 22 ...to
1519 1187 45 23 any
1581 1180 169 24 macadamized
1772 1182 55 23 road
1842 1182 24 22 in

1284 1211 101 31 Europe.
1422 1211 198 26 Communication
1634 1214 57 23 with
1710 1215 39 22 the
1769 1214 97 24 districts

1284 1245 26 23 of
1324 1245 74 27 Qhiro
1418 1245 44 23 and
1473 1244 86 25 Karori
1570 1246 47 24 will
1632 1247 28 23 be
1670 1248 101 31 speedily
1782 1248 84 31 opened

1284 1278 31 31 by
1325 1278 39 24 the
1381 1278 115 24 labourers
1516 1283 24 19 at
1550 1278 40 24 the
1609 1279 101 32 disposal
1720 1281 26 22 of
1760 1281 37 23 the
1811 1281 55 24 New

1284 1311 106 24 Zealand-
1398 1312 137 31 Company's
1544 1312 89 31 Agent.

1317 1345 45 23 We
1371 1345 56 23 have
1438 1353 50 16 now
1499 1345 98 24 touched
1607 1354 62 24 upon
1681 1347 38 23 the
1756 1348 111 23 economi-

1352 1386 104 23 progress
1468 1378 26 24 of
1509 1379 38 23 the
1565 1379 58 24 Port
1639 1380 128 24 Nicholson
1783 1381 84 23 Settle-

1284 1416 71 20 ment.
1390 1411 64 24 Next
1464 1413 65 23 week
1539 1420 35 16 we
1590 1421 98 23 propose
1705 1418 22 19 to
1746 1415 72 22 notice
1830 1414 37 23 the

1284 1444 148 32 proceedings
1461 1449 23 23 a,t
1510 1446 126 29 Taranaki,
1658 1446 137 31 Wanganui,
1824 1448 44 23 and

1285 1478 89 24 Nelson
1381 1487 5 20 ;
1407 1479 44 23 and
1461 1478 40 24 the
1512 1479 102 31 political
1625 1484 57 19 state
1697 1481 44 22 and
1753 1485 114 26 prospects

1286 1511 24 24 of
1315 1512 38 23 the
1362 1511 137 32 Company's
1508 1512 148 24 Settlements
1663 1514 24 22 in
1694 1513 84 24 Cook's
1784 1514 83 24 Straits

1285 1552 53 23 may
1346 1549 92 26 suggest
1449 1553 61 16 some
1521 1547 113 22 remarks.

153 1588 275 21 METEOROLOGICAL
442 1589 103 19 TABLE.

74 1622 44 21 For
128 1622 35 21 the
172 1622 55 21 week
240 1622 74 26 ending
325 1623 115 25 Thursday,
451 1623 50 20 Jan.
513 1623 35 23 27,
560 1623 64 20 1842.

1929 1679 44 24 We
1985 1680 57 23 wish
2053 1681 44 23 this
2108 1689 59 16 were
2179 1682 38 23 the
2227 1687 70 20 worst
2314 1688 22 19 to
2354 1684 28 24 be
2394 1685 50 24 said
2456 1686 25 23 of

1898 1713 97 31 Captain
2007 1714 101 23 Dawson
2119 1723 6 20 ;
2143 1715 49 30 but,
2205 1715 20 23 if
2239 1724 42 16 our
2298 1717 143 26 information
2460 1719 21 23 is

1898 1751 93 25 correct,
2003 1747 29 23 he
2044 1748 19 22 is
2072 1747 68 31 doing
2151 1749 68 22 much
2232 1750 106 23 mischief
2347 1755 23 19 at
2377 1751 102 31 Wanga-

1896 1780 47 28 nui,
1957 1780 24 23 in
1992 1781 151 31 encouraging
2154 1782 38 23 the
2204 1784 87 22 natives
2303 1787 23 19 to
2336 1789 96 26 prevent
2442 1785 39 24 the

1897 1813 130 24 settlement
2046 1815 24 22 of
2086 1815 38 22 the
2141 1820 95 26 country
2248 1817 31 30 by
2291 1817 37 24 the
2346 1818 135 30 purchasers

1898 1846 24 23 of
1931 1846 56 23 land
1998 1847 58 23 from
2068 1847 38 23 the
2119 1848 126 30 Company.

1929 1447 77 23 There
2013 1448 20 22 is
2045 1455 13 15 a
2067 1448 59 24 little
2135 1456 75 16 warre
2218 1453 23 19 at
2252 1450 138 31 Wanganui,
2401 1451 78 25 where

1896 1480 78 23 dwells
1987 1481 97 31 Captain
2099 1481 110 31 Dawson,
2255 1483 91 25 clothed
2360 1485 23 23 in
2398 1484 31 24 all
2439 1485 40 24 the

1895 1521 76 24 power
1983 1514 44 23 and
2039 1514 87 32 dignity
2134 1516 74 23 which
2219 1516 94 24 become
2322 1516 37 24 his

1896 1547 55 23 And
1968 1547 46 23 this
2034 1548 74 32 paltry
2125 1548 65 32 place
2207 1549 39 23 the
2260 1550 98 32 Captain
2375 1551 104 31 dignifies

1896 1580 55 24 with
1973 1580 38 23 the
2033 1588 65 16 name
2121 1582 26 22 of

1896 1613 79 31 Every
1986 1613 60 31 body
2056 1614 88 31 laughs,
2152 1615 43 23 but
2205 1615 65 24 there
2282 1624 37 16 are
2328 1625 62 16 some
2401 1618 80 32 people

1896 1648 139 29 impervious
2047 1651 22 19 to
2081 1648 102 24 ridicule.

1931 1904 51 24 The
1999 1905 76 31 public
2093 1914 38 16 are
2148 1907 70 23 much
2237 1908 108 25 indebted
2362 1914 23 19 to
2406 1910 23 25 J.
2448 1910 33 25 R.

1899 1937 93 30 Gowen,
2007 1938 67 32 Esq.,
2087 1947 43 16 one
2142 1940 26 23 of
2177 1940 37 24 the
2227 1940 96 25 Council
2335 1943 25 23 of
2368 1944 38 22 the
2418 1944 65 24 Lon-

1898 1971 44 23 don
1955 1971 169 25 Horticultural
2137 1973 100 31 Society,
2255 1975 46 23 and
2312 1984 14 14 a
2343 1976 106 25 Director
2461 1978 25 23 of

1896 2004 39 23 the
1947 2004 58 23 New
2021 2005 101 24 Zealand
2134 2006 126 32 Company,
2279 2008 36 23 for
2329 2009 39 23 the
2380 2010 103 24 valuable

1896 2036 119 24 collection
2028 2038 25 21 of
2067 2038 64 22 seeds
2143 2043 51 18 sent
2206 2044 40 18 out
2261 2040 31 29 liy
2304 2041 105 23 himU»?t
2418 2051 56 20 year
2474 2057 8 15 #

1896 2072 22 19 to
1928 2068 95 23 Colonel
2030 2069 135 30 Wakefield,
2177 2070 35 23 for
2221 2071 146 26 distribution
2376 2080 106 25 amongst

1896 2102 38 23 the
1954 2102 123 24 Colonists.
2112 2103 52 23 The
2181 2104 101 30 produce
2293 2105 26 23 of
2333 2106 66 24 these
2416 2108 66 24 seeds

1896 2133 56 32 (and
1964 2135 115 31 generally
2087 2136 54 31 they
2152 2136 58 24 have
2220 2138 86 30 proved
2317 2147 54 23 very
2382 2141 98 30 produc-

1896 2166 66 33 tive,)
1975 2176 80 16 ensure
2075 2169 39 23 the
2133 2170 90 23 settlers
2242 2179 14 15 a
2274 2173 85 30 variety
2373 2173 26 23 of
2413 2173 68 26 fruits

1897 2201 44 23 and
1952 2202 129 30 vegetables
2092 2203 26 22 of
2131 2203 40 23 the
2181 2203 53 24 best
2244 2204 144 32 description,
2403 2208 44 23 and
2458 2212 24 20 to

1896 2234 49 24 Mr.
1959 2235 94 29 Gowen,
2068 2244 35 15 we
2121 2243 38 16 are
2176 2238 89 30 greatly
2275 2238 106 25 indebted
2397 2240 35 24 for
2443 2241 40 24 the

1897 2269 139 29 respectable
2047 2269 63 24 show
2121 2269 24 23 of
2154 2270 101 30 Monday
2268 2271 54 24 last.

1319 1606 31 24 In
1360 1606 39 23 the
1410 1606 98 24 abstract
1520 1607 25 23 of
1555 1606 37 24 the
1603 1607 128 32 Municipal
1739 1608 53 29 Bill,
1801 1610 67 29 given

1284 1639 26 23 in
1327 1639 163 31 Wednesday's
1505 1648 78 24 paper,
1602 1649 34 14 we
1656 1641 95 24 omitted
1771 1646 22 19 to
1811 1646 57 19 state

1285 1672 49 23 that
1345 1672 38 23 the
1391 1672 148 32 Corporation
1548 1674 47 23 will
1604 1674 104 24 have-the
1717 1675 66 23 usual
1793 1683 75 24 power

1286 1705 24 23 of
1318 1720 2 10 i
1324 1706 127 31 borrowing
1461 1714 82 23 money
1562 1714 31 16 on
1611 1707 38 23 the
1668 1709 98 29 security
1773 1707 35 25 'of
1830 1709 38 23 the

1287 1739 122 31 Corporate
1420 1745 108 25 property
1540 1740 45 23 and
1603 1741 97 23 income.
1745 1741 49 24 The
1811 1742 58 23 New

1285 1766 100 30 Zeaiand
1399 1773 116 31 Company
1538 1781 38 16 are
1587 1775 111 30 prepared
1709 1778 24 19 to
1744 1775 53 23 lend
1808 1775 60 23 what

1285 1806 38 23 the
1336 1806 148 31 Corporation
1496 1806 45 23 will
1552 1807 59 23 need
1623 1811 23 19 to
1659 1808 96 29 borrow,
1780 1817 26 14 as
1823 1808 46 23 will

1285 1846 83 24 appear
1378 1839 30 31 by
1426 1839 38 24 the
1481 1839 118 33 following
1613 1841 67 23 letter
1698 1842 61 22 from
1774 1841 95 24 Colonel

1285 1872 127 24 Wakefield
1423 1877 22 19 to
1463 1872 44 25 Dr.
1529 1872 87 30 Evans,
1637 1874 117 31 enclosing
1770 1879 98 19 extracts

1283 1905 60 24 from
1354 1914 15 15 a
1379 1905 106 31 despatch
1496 1907 24 23 of
1535 1907 39 23 the
1586 1907 119 24 Directors
1714 1916 6 15 :
1722 1920 35 4 —

1472 1944 146 28 Wellington,
1630 1945 102 27 January
1737 1946 32 26 27,
1781 1947 59 21 1842.

1296 2003 5 5 __
1312 1978 46 26 Sir,
1360 1989 28 3 —
1388 1977 61 22 Your
1458 1985 68 14 name
1537 1978 69 27 being
1616 1978 49 22 first
1678 1979 23 21 in
1718 1979 37 22 the
1769 1979 64 22 order
1846 1979 27 22 of

1284 2003 123 28 signatures
1418 2004 26 21 of
1453 2004 38 21 the
1501 2004 130 27 gentlemen
1646 2005 48 22 who
1706 2006 117 21 addressed
1833 2013 35 14 me

1284 2029 43 22 last
1342 2038 58 17 year,
1416 2031 25 20 in
1457 2031 116 20 reference
1586 2035 23 16 to
1626 2031 38 21 the
1681 2032 149 21 construction
1847 2032 26 21 of

1284 2055 65 21 roads
1357 2055 23 21 in
1391 2055 43 22 this
1444 2055 90 28 district,
1553 2055 11 22 I
1579 2056 53 22 take
1641 2057 63 21 leave
1715 2060 23 18 to
1749 2057 86 22 enclose
1845 2060 23 19 to

1284 2082 92 25 you~fhe
1385 2083 176 26 accompanying
1572 2090 56 20 copy
1639 2083 26 21 of
1676 2087 94 18 extracts
1783 2084 57 21 from
1856 2091 13 14 a

1285 2108 104 27 despatch
1399 2109 67 26 lately
1472 2109 104 22 received
1585 2109 30 28 by
1625 2117 43 19 me,
1687 2110 58 21 from
1753 2110 36 22 the
1800 2111 70 21 Court

1285 2135 21 21 of
1320 2135 113 23 Directors
1441 2136 25 21 of
1485 2137 37 21 the
1542 2136 57 22 New
1617 2137 100 21 Zealand
1739 2137 114 28 Company
1861 2145 6 19 ;

1284 2161 22 22 in
1316 2161 63 28 reply
1388 2165 23 19 to
1420 2170 38 19 my
1471 2163 189 28 representations
1674 2167 22 18 to
1710 2163 60 22 them
1788 2171 29 15 on
1831 2164 37 22 the

1285 2189 92 26 subject.

1392 2215 12 23 I
1413 2215 56 23 have
1479 2215 38 23 the
1531 2216 73 23 honor
1613 2220 24 19 to
1645 2217 36 27 be,
1692 2218 42 27 Sir,

1525 2243 64 22 Your
1599 2244 104 22 obedient
1712 2248 95 23 servant,

1643 2270 36 22 W.
1694 2271 146 21 Wakefield.

1930 2325 107 24 Births.
2039 2338 33 5 —
2072 2326 34 23 At
2120 2326 147 32 Wellington,
2280 2336 30 15 on
2326 2328 101 32 January
2439 2333 40 28 26,

1899 2359 72 28 1842,
1994 2359 60 24 Mrs.
2079 2359 76 24 James
2168 2360 87 31 Spiers,
2276 2361 203 33 Prospect-house,

1898 2391 226 30 Guildford-terrace,
2137 2393 26 23 of
2178 2401 13 16 a
2202 2401 42 16 son
2255 2394 46 24 and
2312 2394 118 32 daughter.
2428 2394 3 16 1

1932 2458 71 22 THE
2022 2458 305 25 HORTICULTURAL
2346 2460 101 26 EXHI-

2124 2491 132 22 BITION.

2094 2526 195 25 (Communicated.)

705 738 31 24 In
754 738 37 24 the
802 739 52 23 first
864 739 25 23 of
903 739 38 23 the
953 740 91 22 articles
1056 740 79 30 copied
1152 740 46 22 into
1209 740 45 24 last

674 771 131 32 Saturday's
819 771 94 24 Gazette
922 772 61 23 from
993 772 38 23 the
1043 772 97 24 London
1153 771 102 26 Colonial

676 804 101 30 Gazette,
790 805 48 23 fear
849 806 19 22 is
881 805 121 31 expressed
1018 802 51 27 that
1080 805 38 23 the
1133 805 87 24 settlers
1231 807 25 23 in

674 837 57 24 Port
740 837 133 30 Nicholson,
885 838 129 31 neglecting
1051 839 38 23 the
1098 838 58 24 solid
1164 839 61 24 work
1233 839 25 24 of

842 879 57 16 were
939 873 25 22 in
975 879 62 16 some
1049 872 85 30 danger
1145 872 24 23 of
1179 871 77 32 falling

673 905 47 22 into
739 903 38 25 the
790 904 63 24 fever
864 905 25 23 of
903 904 209 32 land-speculating
1129 905 71 23 which
1211 913 44 16 was

673 945 14 16 a
697 937 63 24 main
778 945 67 16 cause
862 938 26 23 of
904 938 38 23 the
962 938 45 23 late
1023 938 109 23 mischief
1146 939 24 22 in
1185 938 71 24 South

851 971 42 23 We
901 978 42 16 can
950 971 95 24 comfort
1056 978 40 16 our
1107 970 85 24 friends
1202 971 54 24 with

673 1003 39 24 the
727 1011 124 16 assurance
870 1004 48 23 that
938 1004 64 24 there
1017 1004 22 24 is
1050 1012 55 22 very
1115 1004 59 24 little
1191 1004 64 25 land-

674 1036 149 32 speculating,
841 1037 24 23 in
882 1037 39 23 the
936 1037 63 31 right
1016 1045 66 16 sense
1094 1037 26 23 of
1136 1037 38 24 the
1191 1041 63 26 term,

675 1077 82 23 among
774 1069 38 24 the
830 1070 90 23 settlers
934 1070 24 24 of
976 1070 58 24 Port
1051 1070 134 25 Nicholson.
1218 1072 37 23 No

674 1103 77 28 doubt,
770 1103 33 26 in,
811 1110 62 16 some
892 1103 115 24 instances
1023 1112 57 22 very
1100 1103 64 32 large
1184 1105 71 30 prices

673 1136 58 23 have
750 1136 59 23 been
825 1136 105 24 obtained
946 1138 26 22 in
991 1136 40 24 the
1048 1136 70 32 shape
1130 1137 25 23 of
1171 1142 50 19 rent
1231 1145 25 16 or

674 1168 114 32 purchase
798 1176 83 24 money
890 1178 6 20 ;
911 1170 42 23 but
964 1169 62 25 there
1038 1171 20 22 is
1071 1170 100 31 scarcely
1182 1172 73 22 an'in-

675 1206 85 25 stance,
774 1206 22 19 to
815 1210 41 16 our
871 1203 140 31 knowledge,
1031 1203 74 24 where
1122 1203 63 24 these
1202 1204 54 31 high

674 1235 74 31 prices
758 1235 58 24 have
827 1235 58 25 been
896 1237 67 30 given
973 1237 32 30 by
1014 1236 165 32 land-jobbers.
1211 1237 45 25 Fa-

675 1269 88 23 vourite
785 1273 64 27 spots
865 1270 35 23 for
917 1269 117 31 dwellings
1051 1270 58 23 have
1123 1270 63 28 ,been
1202 1278 54 24 pur-

675 1302 84 23 chased
769 1302 30 31 by
810 1310 94 23 persons
916 1302 69 24 about
995 1307 23 19 to
1036 1311 88 24 occupy
1134 1303 68 30 them,
1214 1304 42 24 and

676 1335 110 24 desirable
793 1335 117 32 frontages
920 1336 31 31 by
962 1336 76 24 others
1049 1336 49 24 who
1110 1336 57 24 have
1178 1337 80 24 almost

675 1368 153 31 immediately
840 1369 145 23 commenced
997 1369 38 24 the
1047 1369 99 24 erection
1158 1369 25 25 of
1192 1369 65 33 shops

676 1409 25 16 or
707 1401 151 26 warehouses.
878 1402 75 24 These
962 1410 37 16 are
1006 1402 39 24 the
1053 1403 84 31 parties
1145 1403 48 24 who
1200 1403 56 24 have

677 1434 131 24 considered
832 1436 19 22 it
868 1436 59 22 their
946 1436 96 23 interest
1063 1441 24 18 to
1110 1444 46 23 pay
1177 1436 79 32 highly

675 1468 36 23 for
721 1467 60 29 land,
795 1468 45 23 and
847 1476 31 16 we
889 1476 37 16 are
937 1474 41 18 not
985 1477 71 16 aware
1065 1469 24 24 of
1098 1477 14 15 a
1124 1469 71 31 single
1206 1470 51 24 bar-

676 1502 53 29 gain
736 1500 74 24 which
821 1502 37 23 the
871 1507 77 19 tenant
960 1510 24 16 or
995 1503 125 30 purchaser
1127 1503 71 23 would
1208 1512 49 16 now

677 1533 56 24 seek
744 1538 23 19 to
779 1535 84 24 cancel.
898 1535 34 23 At
942 1535 120 24 Auckland
1077 1535 64 24 there
1152 1536 41 23 has
1202 1536 56 25 been

675 1566 169 33 land-jobbing.
880 1569 68 23 Some
962 1569 25 23 of
1002 1568 38 24 the
1052 1569 139 24 Goverment
1207 1571 49 23 offi-

677 1601 55 22 cials
743 1609 38 16 are
792 1601 125 24 shameless
927 1601 157 32 land-jobbers
1093 1611 6 20 ;
1113 1603 45 23 and
1169 1603 60 24 there
1237 1604 20 23 is

677 1634 100 31 scarcely
788 1642 14 15 a
814 1634 55 24 bona
875 1635 49 30 fide
938 1635 126 32 producing
1085 1636 77 24 settler
1179 1640 23 19 at
1219 1637 38 23 the

677 1667 60 23 Gulf
741 1668 26 23 of
773 1667 122 24 Shouraki.
931 1669 48 23 Not
986 1676 25 15 so
1018 1669 54 23 here
1082 1677 5 20 ;
1101 1670 45 23 and
1155 1669 33 24 for
1195 1670 64 30 proof

677 1700 49 24 that
736 1700 39 24 the
787 1701 116 24 Colonists
915 1702 24 22 of
955 1702 56 24 Port
1023 1702 128 24 Nicholson
1162 1710 36 16 are
1210 1711 46 16 em-

677 1733 83 31 ployed
771 1735 23 22 in
805 1733 39 24 the
882 1734 57 24 solid
950 1735 62 23 work
1025 1735 26 24 of
1224 1744 33 16 we

678 1767 59 23 refer
747 1772 23 18 to
782 1768 39 23 the
832 1772 95 19 account
937 1769 32 30 by
979 1777 14 15 a
1004 1770 175 30 correspondent
1187 1770 24 22 of
1219 1770 37 24 the

677 1800 136 24 Exhibition
825 1801 24 23 of
859 1801 37 23 the
908 1801 167 24 Horticultural
1089 1803 98 31 Society.
1221 1804 35 23 As

677 1841 40 16 our
725 1834 175 31 correspondent
907 1835 110 29 remarks,
1026 1836 18 22 it
1052 1835 54 23 took
1115 1836 64 31 place
1186 1836 73 24 under-

675 1867 162 23 unfavourable
857 1869 181 28 circumstances,
1056 1869 75 23 which
1148 1869 108 24 hereafter

675 1900 47 23 will
730 1900 29 23 be
767 1900 100 31 guarded
875 1901 89 30 against
971 1910 5 20 ;
990 1902 154 23 nevertheless
1153 1902 36 23 the
1197 1903 59 23 show

676 1933 25 23 of
708 1934 130 30 vegetables
849 1933 43 24 and
901 1934 88 23 flowers
1000 1942 45 16 was
1052 1943 55 23 very
1115 1936 89 23 various
1213 1937 43 22 and

674 1974 55 23 very
739 1967 122 24 abundant.
898 1967 50 24 The
957 1968 46 23 fact
1012 1968 28 29 is,
1053 1968 51 24 that
1114 1968 38 24 the
1164 1968 91 25 cultiva-

675 2000 48 22 tion
734 2001 26 23 of
769 2000 37 24 the
818 2004 94 27 country
922 2001 19 23 is
951 2001 138 31 proceeding
1098 2006 23 19 to
1133 2010 28 15 an
1171 2006 81 26 extent,

674 2032 45 23 and
737 2033 54 22 with
811 2041 13 14 a
842 2034 80 29 degree
933 2034 26 23 of
976 2042 98 20 success,
1096 2032 127 32 surprisitf^
1232 2041 23 16 to

674 2065 72 28 those,
759 2064 50 24 who
820 2065 57 23 have
888 2070 40 18 not
938 2065 121 25 remarked
1075 2066 51 24 how
1137 2074 118 17 numerous

674 2106 37 15 are
724 2098 39 23 the
774 2106 94 23 persons
881 2099 100 31 engaged
988 2100 24 23 in
1024 2100 86 30 raising
1121 2100 96 31 produce
1228 2108 26 16 on

674 2139 13 15 a
698 2131 67 23 small
777 2131 68 25 scale.
873 2132 37 23 As
921 2137 46 25 yet,
975 2140 32 16 we
1017 2132 56 24 have
1082 2133 54 31 only
1143 2133 42 23 few
1193 2133 61 31 large

673 2165 174 31 agriculturists.
847 2178 27 4 —
874 2173 53 15 men
949 2165 58 29 who,
1027 2166 47 23 like
1096 2166 49 24 Mr.
1169 2166 86 24 Moles-

673 2198 80 29 worth,
776 2198 49 24 Mr.
845 2198 72 29 Watt,
939 2198 49 24 Mr.
1011 2199 127 30 Swainson,
1157 2200 97 24 Messrs.

673 2231 91 24 Bowler
785 2231 45 24 and
858 2231 83 30 Smith,
965 2232 47 24 Mr.
1038 2232 79 25 Frank
1145 2232 108 30 Johnson,

673 2265 78 23 Baron
772 2264 103 30 Alzdorf,
900 2265 43 24 &c.
967 2265 52 27 &c,
1041 2274 37 15 are
1096 2266 97 31 clearing
1212 2266 44 24 and

673 2298 134 30 cultivating
828 2298 63 23 acres'
919 2298 31 32 by
972 2298 68 24 fifties
1063 2299 45 24 and
1133 2299 120 24 hundreds.

673 2331 77 24 These
771 2331 128 31 gentlemen
922 2340 37 15 are
978 2336 41 19 not
1038 2332 116 31 dismayed
1174 2336 22 20 at
1218 2333 37 23 the

674 2368 49 20 cost
746 2365 25 23 of
797 2365 107 31 clearing,
929 2365 36 23 for
986 2365 54 31 they
1063 2365 59 32 keep
1144 2374 13 15 a
1178 2366 78 31 steady

674 2406 41 23 eye
737 2398 26 23 in
783 2398 61 23 their
870 2405 53 15 sure
948 2398 89 24 market
1063 2399 44 23 and
1128 2399 62 31 large
1218 2406 36 16 re-

673 2434 72 21 turns.
776 2431 75 24 There
863 2438 38 16 are
909 2431 44 23 few
962 2431 49 24 who
1022 2439 93 24 possess
1125 2432 39 24 the
1175 2433 81 31 capital

673 2469 23 19 to
709 2472 55 23 cope
772 2464 54 24 with
838 2464 69 29 them,
918 2464 44 24 but
972 2465 37 23 the
1019 2465 119 24 combined
1145 2474 24 15 or
1179 2466 76 24 rather

674 2502 214 27 contemporaneous
911 2500 76 21 efforts
1015 2499 27 23 of
1072 2507 94 23 persons
1200 2499 54 24 with

673 2531 92 23 smaller
784 2539 86 21 means,
892 2539 37 15 are
948 2531 127 32 producing
1092 2532 114 24 unlooked
1221 2533 35 23 for

673 2565 94 22 results.

706 2598 44 23 We
762 2602 62 19 must
836 2605 55 16 soon
902 2598 57 24 have
972 2606 13 15 a
997 2598 62 24 show
1070 2599 26 23 of
1110 2599 73 29 cattle,
1195 2600 60 31 pigs,

673 2631 45 23 and
737 2631 101 36 poultry.
884 2631 51 24 The
958 2632 104 31 quantity
1080 2632 26 23 of
1124 2632 90 32 poultry
1236 2633 20 23 is

673 2664 92 31 already
774 2672 56 23 very
840 2665 63 30 large
912 2673 6 20 ;
940 2665 82 23 almost
1043 2674 67 22 every
1122 2665 76 25 settler
1214 2667 42 23 has

673 2706 13 15 a
696 2698 51 29 few,
760 2698 44 23 and
816 2706 61 15 some
897 2698 57 23 have
975 2703 43 18 two
1037 2707 32 15 or.
1080 2699 64 24 three
1154 2699 102 24 hundred

673 2731 66 23 head.
774 2731 31 23 In
822 2731 39 23 the
880 2730 88 24 United
988 2732 85 29 States,
1091 2732 72 29 fowls,
1181 2740 75 23 geese,

674 2765 45 22 and
729 2764 95 29 turkies,
838 2772 37 16 are
896 2764 49 23 sold
964 2765 108 31 stripped,
1085 2770 24 18 at
1124 2765 62 24 three
1198 2766 59 23 half-

673 2805 70 24 pence
755 2805 39 24 per
805 2798 85 31 pound,
901 2798 43 23 and
956 2805 38 16 are
1005 2806 30 16 an
1045 2799 124 30 important
1179 2799 78 23 article

674 2831 24 23 of
712 2831 61 24 food.
809 2830 25 24 It
845 2832 20 22 is
885 2832 86 22 certain
982 2831 49 24 that
1051 2840 37 15 ere
1102 2831 55 31 long
1167 2833 90 31 poultry

673 2864 45 23 will
730 2864 29 23 be
771 2871 24 16 as
813 2864 105 31 plentiful
928 2865 26 23 in
969 2864 77 24 North
1064 2864 105 25 Durham
1190 2873 24 16 as
1232 2866 25 23 in

675 2897 158 23 Connecticut.

706 2930 52 24 The
774 2930 67 24 stock
847 2930 35 24 -of
896 2930 50 31 pigs
965 2931 21 23 is
1005 2939 70 16 never
1094 2939 55 24 very
1160 2935 63 27 great
1233 2936 25 20 at

673 2971 45 29 any;
736 2971 43 16 one
799 2963 69 30 time;
898 2964 36 23 for
954 2965 18 22 it
996 2965 20 22 is
1044 2965 142 31 astonishing
1204 2966 53 23 how

673 2996 94 32 quickly
777 3005 14 14 a
801 2996 96 24 butcher
909 2996 46 24 will
971 2996 43 24 kill
1026 2998 44 22 and
1081 2998 43 23 sell
1132 3006 14 15 a
1157 3006 65 24 cargo
1234 2998 25 24 of

672 3030 51 30 fifty
731 3037 26 16 or
767 3038 13 15 a
790 3029 104 24 hundred
903 3029 59 24 from
972 3030 131 32 Wanganui
1115 3039 24 15 or
1148 3031 109 24 Hawke's

673 3063 58 31 Bay.
768 3062 50 25 The
839 3071 93 23 average
953 3063 89 31 weekly
1058 3066 156 30 consumption
1233 3065 26 23 of

672 3096 59 32 pork
743 3096 104 32 supplied
858 3097 30 30 by
900 3095 37 26 the
946 3096 117 30 butchers,
1076 3097 44 23 and
1133 3102 39 19 not
1183 3099 73 23 inclu-

673 3130 54 30 ding
740 3129 37 24 the
788 3130 63 30 large
863 3130 102 31 quantity
976 3129 71 24 killed
1065 3130 31 30 by
1104 3131 86 30 private
1204 3139 53 24 per-

673 3170 53 16 sons
739 3167 23 19 at
772 3161 74 30 home,
859 3168 105 18 amounts
975 3167 23 19 to
1011 3163 111 25 7Ooolbs.
1134 3172 40 23 per
1185 3165 70 29 week,

673 3204 24 15 or
710 3196 153 29 364,0001b5.
876 3203 40 24 per
927 3203 92 16 annum.

704 3224 38 28 'Of
768 3233 90 19 mutton
882 3228 38 24 the
948 3229 89 31 weekly
1059 3231 155 31 consumption
1236 3231 20 23 is

674 3262 108 28 14701b5,
797 3270 25 15 or
835 3262 135 28 76,4401b5.
983 3270 40 22 per
1035 3270 102 16 annum.-
1171 3271 5 7 '

706 3295 52 23 The
768 3295 96 23 number
876 3295 25 23 of
916 3295 67 23 cattle
1000 3295 113 32 imported
1124 3296 81 32 during
1216 3297 40 23 the

671 3336 55 24 year
747 3328 41 23 has
811 3328 58 23 been
898 3328 68 23 about
995 3330 65 23 1000
1087 3328 67 25 head.
1205 3330 52 24 The

671 3361 90 32 weekly
772 3361 157 32 consumption
940 3361 26 23 of
979 3361 54 24 beef
1040 3369 107 24 averages
1160 3364 94 23 600lbs.

673 3403 24 15 or
710 3394 135 30 31,2001b5.
858 3402 41 24 per
913 3402 92 16 annum.

706 3428 77 23 These
791 3428 86 31 figures
894 3427 60 24 refer
965 3433 35 25 to,
1005 3427 40 24 the
1065 3429 156 31 consumption
1233 3429 26 24 of

671 3461 146 31 Wellington,
832 3461 64 24 alone
904 3469 6 20 ;
929 3461 43 23 but
989 3461 63 23 there
1068 3461 19 23 is
1100 3469 15 15 a
1120 3462 136 31 .population

673 3494 24 24 of
715 3496 67 23 1000.
795 3501 29 16 on
843 3494 37 23 the
899 3494 70 28 Hutt,
989 3493 81 32 chiefly
1085 3502 130 16 consumers
1234 3495 25 23 of

670 3527 68 31 pork,
751 3528 18 23 it
779 3527 21 24 is
811 3526 111 25 therefore
932 3527 45 23 fair
987 3531 22 18 to
1021 3527 103 24 increase
1136 3528 36 23 the
1184 3536 72 24 quan-

672 3561 43 30 tity
736 3561 25 23 of
783 3560 60 31 pork
866 3560 33 31 by
917 3568 41 15 one
979 3560 75 29 third;
1080 3560 46 24 and
1144 3561 64 25 then,
1218 3561 38 24 the

672 3594 164 30 consumption-
841 3593 25 24 of
882 3593 113 23 butcher's
1007 3597 61 19 meat
1079 3594 27 22 in
1117 3593 38 24 the
1172 3594 84 27 Settler

671 3630 63 19 ment
746 3626 82 31 during
840 3626 37 24 the
889 3626 44 24 last
949 3634 55 23 year
1016 3626 46 24 will
1073 3626 68 24 stand
1150 3627 53 23 thus
1215 3636 6 15 :—:
1223 3640 34 4 —

772 3666 65 24 Pork
992 3666 164 29 485,3331b5.,

772 3699 95 24 Mutton
1010 3699 146 30 76,4401b5.,

773 3731 62 24 Reef
1010 3732 136 29 31,2001b5i

1001 3793 154 27 592,9731b5.

704 3830 94 31 Taking
804 3831 43 24 .the
863 3839 95 23 average
977 3833 75 30 prices
1071 3833 26 23 of
1112 3833 63 23 these
1192 3832 64 24 three

670 3862 92 25 articles
773 3864 26 23 of
805 3864 67 29 -food,
883 3873 33 15 we
926 3865 49 24 find
987 3865 38 24 the
1037 3870 94 19 amount
1141 3866 115 31 expended

671 3896 75 24 would
762 3897 28 23 be
809 3897 121 28 £20,056.
974 3898 133 32 Supposing
1124 3899 38 23 the
1183 3895 73 35 popu-

670 3930 71 24 lation
753 3934 22 20 to
786 3930 29 24 be
833 3932 74 28 4000,
919 3931 39 24 the
978 3932 104 31 quantity
1094 3929 121 41 consumed
1226 3932 30 31 by

1496 2331 57 23 New
1562 2331 103 23 Zealand
1675 2332 85 27 House,

1567 2366 55 22 23rd
1633 2366 135 27 September,
1780 2368 59 21 1842.

1310 2398 49 22 The
1374 2398 66 22 Court
1450 2398 26 22 of
1486 2398 116 23 Directors
1617 2399 95 28 entirely
1722 2407 95 20 approve
1831 2401 38 22 the

1284 2425 62 27 spirit
1358 2425 28 21 of
1399 2433 55 19 your
1469 2432 86 15 answer
1570 2427 26 21 of
1607 2425 38 23 the
1652 2427 48 21 .3rd
1710 2427 27 21 of
1749 2427 119 28 February,

1284 2452 45 21 and
1338 2452 118 27 especially
1465 2459 57 20 your
1530 2453 129 21 intimation
1668 2453 49 22 that
1726 2453 71 23 better
1806 2462 64 14 secu-

1284 2479 43 25 rity
1343 2479 35 21 for
1398 2479 109 22 advances
1520 2479 31 26 by
1566 2479 38 22 the
1621 2480 117 27 Company
1753 2480 53 22 than
1821 2481 49 22 that

1284 2505 82 21 offered
1375 2505 29 27 by
1409 2505 37 22 the
1453 2506 179 27 requisitionists,
1640 2507 18 21 is
1665 2507 123 28 absolutely
1795 2515 75 15 essen-

1284 2532 44 27 tial,
1340 2540 24 14 as
1373 2539 13 14 a
1394 2532 143 27 preliminary
1545 2536 23 18 to
1578 2533 28 21 its
1616 2533 149 27 undertaking
1774 2542 45 19 any
1829 2542 39 14 ex-

1284 2559 86 21 tensive
1379 2559 44 22 and
1432 2559 127 28 systematic
1570 2560 126 27 operations
1707 2561 26 21 of
1743 2561 37 21 the
1790 2565 79 19 nature

1284 2586 24 22 in
1318 2586 108 27 question.

1311 2616 34 18 As
1353 2620 61 19 soon,
1430 2612 108 27 however,
1550 2620 24 15 as
1585 2613 172 23 circumstances
1765 2614 56 22 shall
1830 2615 40 21 ad-

1284 2640 73 21 mit-of
1371 2640 52 21 such
1438 2640 100 27 security,
1542 2640 69 27 being
1620 2641 73 27 given,
1710 2641 38 21 the
1757 2641 66 23 Court
1832 2649 37 15 are

1285 2667 60 27 quite
1353 2666 107 28 prepared
1468 2669 24 19 to
1502 2666 66 22 make
1578 2668 37 20 the
1626 2674 118 21 necessary
1753 2668 115 28 advances,

1285 2700 24 14 or
1319 2697 22 17 to
1356 2697 63 18 enter
1433 2693 47 22 into
1494 2694 117 22 Contracts
1620 2694 36 22 for
1666 2694 37 22 the
1720 2695 116 22 execution
1847 2696 26 21 of

1284 2720 75 27 public
1368 2720 79 22 works.'
1454 2740 3 3 .

1284 2755 3 4 •
1311 2747 53 22 You
1372 2747 43 22 will
1425 2747 92 22 observe
1529 2747 50 22 that
1594 2747 32 28 by
1635 2747 38 23 the
1687 2748 84 22 section
1781 2747 49 23 2of
1840 2749 29 22 its

1286 2773 97 27 Charter,
1400 2774 37 22 the
1448 2774 117 27 Company
1581 2775 19 21 is
1615 2775 105 27 specially
1732 2775 139 28 empowered

1285 2803 22 19 to
1319 2803 97 24 execute,
1428 2804 66 23 erect,
1506 2808 25 14 or
1541 2805 101 18 contract
1652 2801 41 27 for,
1704 2802 46 22 and
1751 2810 2 4 1
1759 2803 111 21 subscribe

1285 2827 93 21 towards
1385 2827 54 22 such
1446 2827 81 28 works;
1539 2827 46 23 and
1593 2828 19 22 it
1616 2836 44 14 was
1666 2829 81 27 partly,
1757 2836 29 15 no
1793 2829 76 27 doubt,

1285 2853 53 23 with
1348 2862 14 13 a
1373 2854 55 22 view
1437 2857 22 19 to
1474 2853 38 23 the
1527 2854 154 29 employment
1691 2855 26 22 of
1728 2862 14 14 a
1751 2857 85 26 portion
1847 2857 26 21 of

1285 2881 27 21 ks
1323 2881 80 27 capital
1417 2881 22 21 in
1457 2881 44 22 this
1510 2889 103 20 manner,
1629 2882 48 21 that
1685 2883 25 21 in
1720 2882 37 22 the
1766 2883 104 27 negoeia-

1285 2907 58 22 tions
1359 2907 71 23 which
1447 2908 126 27 preceeded
1591 2909 38 21 the
1648 2912 66 23 grant
1731 2909 25 21 of
1769 2917 14 15 a
1797 2911 74 26 Royal

1285 2934 99 27 Charter,
1402 2935 18 21 it
1429 2942 44 15 was
1486 2935 104 28 required
1604 2939 23 18 to
1637 2935 101 23 increase
1753 2936 26 22 its
1793 2944 77 14 means

1285 2961 26 22 of
1317 2960 75 28 public
1399 2961 126 23 usefulness
1531 2962 30 27 by
1571 2962 127 27 increasing
1706 2963 28 21 its

1312 2988 45 22 But
1371 2995 29 14 no
1414 2988 111 23 advances
1539 2996 43 15 can
1599 2989 69 26 safely
1678 2989 27 22 be
1720 2989 63 22 made
1798 2989 75 23 other-

1285 3015 52 22 wise
1346 3015 54 21 than
1411 3022 24 15 as
1447 3015 65 22 loans
1526 3019 23 18 to
1559 3015 43 22 the'
1611 3015 142 28 individuals,
1769 3016 72 22 which
1851 3017 19 22 is

1285 3045 39 18 not
1334 3041 68 23 asked
1411 3042 33 22 for
1451 3049 26 15 or
1486 3042 165 27 contemplated
1660 3042 24 22 in
1694 3043 134 27 the.present
1835 3044 35 21 in-

1284 3071 76 19 stance
1374 3071 23 19 to
1407 3076 43 19 any
1460 3069 97 21 number
1567 3069 26 22 of
1706 3071 124 26 possessing
1840 3078 30 14 no

1285 3095 118 28 Corporate
1413 3094 120 29 character,
1553 3095 46 22 and
1614 3096 152 27 incompetent
1780 3100 22 18 to
1816 3097 54 22 bind

1285 3122 37 22 the
1333 3121 143 27 community,
1488 3129 29 14 on
1528 3122 73 22 whose
1611 3122 80 22 behalf
1691 3122 180 28 .they-professed

1286 3148 27 22 to'
1320 3151 43 24 act,
1371 3148 44 22 and
1425 3148 73 22 whom
1505 3149 19 21 it
1533 3149 19 21 is
1561 3149 107 27 probable
1676 3146 93 24 that'the
1778 3151 93 26 requisi-

1285 3175 87 21 tionists
1378 3175 27 21 iff
1410 3175 42 21 this
1462 3182 51 15 case
1523 3175 28 21 do
1562 3175 104 28 virtually
1675 3180 121 23 represent.
1816 3177 54 23 This

1284 3208 99 21 appears,
1393 3201 88 27 indeed,
1493 3205 22 19 to
1521 3202 27 22 be
1557 3202 135 29 sufficiently
1700 3203 135 23 understood
1840 3205 29 27 by

1285 3229 63 21 those
1366 3229 80 26 parties
1461 3227 49 23 who
1526 3235 52 15 now
1594 3227 78 23 solicit'
1684 3229 116 29 advances,
1809 3238 61 20 upon

1284 3255 58 21 their
1350 3255 123 25 individual
1482 3257 131 26 guarantee,
1629 3255 57 27 only-
1691 3257 24 21 in
1727 3257 142 28 anticipation

1285 3282 25 21 of
1323 3281 58 22 their
1394 3281 126 28 possession'
1527 3281 26 22 of
1566 3281 37 23 the
1619 3290 75 19 power
1703 3283 26 22 of
1739 3285 132 28 compelling

1285 3316 28 14 an
1324 3307 223 29 equ'al.coritribution
1559 3311 24 19 to
1593 3309 39 21 the
1642 3316 111 21 expences
1760 3311 29 21 of*
1796 3311 74 28 public

1285 3335 72 21 works
1366 3335 29 26 by
1402 3335 30 22 all
1438 3342 91 20 persons
1536 3335 52 22 who
1597 3343 38 15 are
1643 3336 113 22 benefited
1762 3337 32 28 by
1800 3335 68 26 them.

1311 3362 58 26 You,
1386 3368 37 16 are
1433 3361 117 28 therefore,
1569 3363 131 22 authorized
1709 3367 23 19 to
1741 3364 81 22 inform
1832 3365 37 23 the

1284 3388 168 28 requisitionists
1462 3389 44 21 and
1517 3388 45 22 the.
1568 3389 75 27 public
1651 3391 122 28 generally,
1789 3391 48 23 that
1846 3400 24 15 as

1285 3422 54 14 soon
1352 3422 23 14 as
1392 3415 52 27 they
1456 3415 57 22 shall
1528 3415 29 22 be
1572 3416 79 27 placed
1666 3417 24 22 in
1701 3425 13 14 a
1731 3419 94 26 position
1840 3419 30 28 by

1285 3442 114 26 obtaining
1407 3442 58 21 from
1479 3442 38 22 the
1529 3442 60 23 local
1599 3443 154 23 Government
1766 3445 58 23 their
1831 3446 39 22 In-

1285 3469 138 26 corporation
1433 3476 23 14 as
1465 3476 14 14 a
1489 3469 266 30 Municipalßodyy.with
1763 3472 39 22 the
1806 3473 63 22 usual

1284 3502 85 19 powers
1379 3495 46 26 (the
1435 3499 129 19 enactment
1573 3497 26 21 of
1609 3497 65 22 a-law
1716 3498 79 23 which!
1797 3499 71 28 effect,

1285 3521 60 22 Lord
1361 3521 64 25 John,
1436 3522 90 22 Russell
1541 3523 79 29 stated,
1637 3524 24 22 in
1671 3521 43 25 ithe
1731 3525 58 23 draft
1797 3526 26 22 of
1834 3534 27 14 ar
1860 3539 10 13 r

1284 3551 139 24 rangement,
1433 3549 49 22 that
1489 3549 28 22 he
1523 3549 76 23 would
1604 3551 96 22 instruct
1708 3551 162 24 the'Governbr

1285 3579 22 17 to
1317 3575 143 22 recommend
1471 3579 23 20 to
1507 3576 38 22 the
1555 3576 59 23 local
1625 3577 147 28 Legislature)
1784 3583 23 18 to
1817 3587 53 14 con-

1286 3605 56 19 tract
1352 3602 118 27 Corporate
1481 3607 161 22 engagements
1654 3605 46 21 and
1709 3608 23 18 to
1741 3605 50 28 levy
1799 3613 71 15 cesses

1285 3636 29 14 on
1321 3629 38 21 the
1369 3628 137 28 community
1511 3630 35 21 for
1552 3629 59 23 their
1757 3631 38 23 the
1804 3633 66 21 Com-

1285 3662 60 20 pany
1353 3662 60 20 upon
1423 3655 28 21 its
1459 3659 57 23 part,
1526 3655 47 23 will
1581 3657 28 21 be
1618 3657 69 28 ready
1697 3661 23 18 to
1731 3662 62 18 enter
1800 3666 68 21 upon,

1285 3689 27 15 or
1327 3685 22 18 to
1365 3682 91 27 provide
1469 3682 68 22 funds
1546 3682 35 22 for
1595 3683 39 21 the
1651 3685 117 21 execution
1778 3685 27 21 of
1816 3686 54 22 such

1285 3709 75 26 public
1367 3708 70 22 works
1446 3715 25 15 as
1477 3716 52 24 may
1536 3716 98 19 approve
1641 3709 132 24 themselves
1783 3715 22 18 to
1814 3719 57 20 your

1282 3735 132 27 judgement
1428 3742 23 15 as
1461 3735 84 22 certain
1554 3739 24 17 to
1592 3736 29 21 be
1630 3737 88 27 greatly,
1727 3737 42 22 and
1782 3745 88 20 perma-

1285 3762 79 27 nently
1372 3762 117 22 beneficial
1503 3765 23 18 to
1541 3761 38 22 the
1593 3763 143 22 Settlement.-
1747 3770 1 8 !
1760 3765 51 22 You
1825 3765 45 22 will

1285 3789 99 26 observe,
1393 3789 108 26 however,
1513 3788 55 27 that,
1578 3789 73 21 under
1661 3789 37 23 the
1708 3789 83 23 section
1802 3791 25 22 of
1832 3791 38 23 the

1285 3815 91 22 Charter
1383 3815 68 22 above
1459 3815 65 27 cited,
1532 3815 38 21 the
1574 3815 101 23 sanction
1683 3816 27 22 of
1712 3816 38 22 the
1755 3817 115 23 Governor

1284 3842 19 22 is
1312 3842 104 27 requisite
1425 3842 74 22 before
1510 3842 38 22 the
1560 3842 115 27 Company
1686 3850 42 15 can
1741 3843 80 29 legally
1827 3852 43 16 un-

1285 3868 91 23 dertake
1383 3876 44 20 any
1433 3868 74 28 public
1515 3868 68 28 work,
1594 3872 41 18 not
1640 3869 23 21 in
1672 3869 37 23 the
1719 3869 46 23 first
1770 3871 100 23 instance

1284 3896 109 27 proposed
1402 3896 30 27 by
1440 3895 49 22 him
1498 3902 25 15 or
1533 3896 64 22 other
1607 3896 112 22 sufficient
1727 3897 117 28 authority.

1319 3931 118 31 Although
1449 3930 40 25 the
1501 3931 120 31 Company
1633 3936 84 21 cannot
1736 3932 136 26 themselves

1931 2575 78 24 Below
2026 2576 46 23 will
2088 2577 30 23 be
2133 2577 73 24 found
2216 2586 15 15 a
2246 2578 41 24 list
2298 2579 24 23 of
2340 2579 36 24 the
2394 2580 89 31 Prizes,

1897 2609 102 23 awarded
2018 2613 23 19 at
2058 2610 38 23 the
2114 2610 172 25 Horticultural
2304 2612 137 26 Exhibition
2453 2622 29 16 on

1898 2642 103 31 Monday
2010 2642 52 25 last.
2097 2643 36 23 As
2145 2651 34 16 we
2194 2645 64 22 write
2269 2645 36 23 for
2317 2645 38 24 the
2366 2646 84 25 benefit
2462 2648 26 23 of

1898 2683 40 16 our
1948 2675 87 24 friends
2046 2680 23 19 at
2079 2676 74 30 home,
2166 2685 25 14 as
2203 2678 51 22 well
2268 2686 25 15 as
2306 2679 25 22 of
2347 2687 40 16 our
2397 2680 87 24 fellow-

1898 2708 123 30 Colonists,
2033 2716 33 16 we
2077 2717 38 15 are
2126 2709 97 24 induced
2234 2715 23 19 to
2270 2715 64 20 enter
2342 2713 48 23 into
2402 2713 82 25 details

1898 2749 29 16 on
1938 2742 47 23 this
1996 2743 111 28 occasion,
2119 2742 74 24 which
2209 2747 23 19 to
2245 2744 65 24 those
2328 2753 40 16 on/
2373 2746 41 24 the
2430 2753 54 25 spot

1898 2783 53 23 may
1964 2783 82 23 appear
2065 2777 96 28 minute,
2179 2776 41 23 but
2236 2777 76 24 which
2322 2786 34 16 we
2376 2787 39 16 are
2430 2788 55 23 per-

1898 2808 85 23 suaded
1994 2809 47 23 will
2050 2813 39 20 not
2098 2809 28 23 be
2133 2809 95 24 without
2234 2810 59 24 their
2299 2818 50 18 use.
2368 2812 53 24 The
2430 2813 54 25 Ex-

1897 2841 96 24 hibition
2004 2850 45 15 was
2067 2846 22 20 at
2107 2850 28 16 an
2146 2842 164 25 unfavourable
2326 2845 63 30 time,
2406 2846 26 24 in
2443 2855 44 16 our.

1899 2879 108 19 warmest
2018 2874 104 30 weather,
2143 2880 37 19 too
2192 2876 46 23 late
2248 2876 37 24 for
2301 2877 40 25 the
2352 2879 70 31 early,
2439 2881 47 24 and

1898 2912 37 19 too
1947 2916 55 15 soon
2013 2908 36 23 for
2060 2908 37 24 the
2107 2908 58 24 later
2181 2909 147 31 productions
2341 2912 25 23 of
2377 2920 42 15 our
2429 2921 55 23 gar-

1898 2940 71 29 dens;
1992 2941 44 24 but
2056 2942 38 23 the
2118 2941 88 32 display
2223 2950 48 17 was
2294 2945 142 31 gratifying-,
2439 2947 47 24 and

1898 2973 143 32 satisfactory
2047 2975 24 23 in
2077 2975 38 23 the
2124 2980 108 20 extreme.
2268 2975 94 34 Among
2421 2987 64 17 more

1897 3007 143 24 remarkable
2060 3008 146 31 productions
2227 3017 61 16 were
2311 3010 39 24 the
2373 3012 113 32 cabbages

1897 3048 79 23 grown
1994 3041 32 31 by
2037 3041 47 25 Mr.
2103 3041 117 25 Burcham
2232 3043 82 23 within
2330 3043 72 33 thirty
2413 3047 73 29 yards

1898 3073 31 30 of
1931 3073 38 23 the
1974 3074 119 24 sea-beach
2101 3079 23 19 at
2131 3074 88 31 Pitoni*^
2227 3084 43 16 one
2278 3085 13 15 a
2298 3076 93 32 Hybrid
2397 3073 87 37 weight-

1898 3107 40 31 ing
1949 3109 30 22 21
1983 3106 60 33 |lbs,
2054 3107 39 25 the
2105 3108 64 24 other
2180 3117 29 15 an
2220 3109 63 32 early
2291 3110 99 25 Fulham
2399 3112 87 32 weigh-

1898 3140 40 31 ing
1958 3141 83 29 121bs;
2059 3141 21 24 if
2094 3141 65 25 these
2177 3142 112 32 cabbages
2307 3143 47 24 had
2368 3144 59 24 been
2433 3143 3 18 ;
2448 3147 39 23 cu£

1898 3174 64 23 three
1973 3174 76 24 weeks
2060 3175 88 30 earlier,
2162 3176 55 31 they
2228 3176 75 24 would
2314 3176 56 24 have
2382 3178 104 32 weighed,

1899 3211 23 19 at
1928 3207 59 24 least
1992 3208 59 25 4lbs.
2058 3216 62 16 more
2126 3217 25 16 as
2157 3209 54 31 they
2216 3217 59 16 were
2280 3214 51 26 past
2339 3210 58 30 thqir
2395 3233 2 9 (
2397 3212 89 31 'prime^

1900 3240 68 24 Some
1978 3241 25 23 of
2012 3241 37 24 the
2060 3246 103 27 potatoes
2173 3242 114 24 exhibited
2295 3242 31 31 by
2334 3243 48 25 Mi\
2394 3242 92 32 !M,6les-

1898 3274 80 30 w.orth,
1990 3282 77 24 grown
2073 3275 59 24 from
2138 3276 80 23 'native
2230 3275 63 29 seed,'
2304 3278 120 24 measured
2430 3280 55 22 nine

1898 3307 79 24 inches
1983 3307 63 32 long.
2082 3309 133 30 Specimens
2225 3308 26 24 of
2260 3308 38 24 the
2302 3317 3 11 i
2309 3309 41 24 red
2359 3310 42 24 flat
2407 3313 79 31 turnip

1898 3348 59 15 were
1975 3341 122 29 exhibited,
2112 3342 30 23 19
2158 3341 79 23 inches
2258 3342 39 24 in,
2302 3342 183 33 circumference,

1898 3374 45 23 and
2084 3383 4 3 •
2094 3372 87 33 2|lbs.,
2199 3370 54 28 and'
2270 3374 31 24 of
2316 3375 172 35 the^cpramoo-

1898 3407 68 24 white
1988 3408 84 30 turnip,
2095 3409 30 22 21
2150 3407 79 24 inches
2251 3408 27 23 in
2300 3401 184 40 circumference,

1898 3440 47 28 and,
1958 3440 116 31 .weighing
2093 3440 60 24 3lbs!.
2196 3440 68 24 -The'
2273 3441 75 25 wheat
2365 3445 121 25 measured

1897 3473 44 24 five
1950 3473 48 24 'feet
2009 3481 74 16 seven*
2087 3473 79 24 inches
2176 3474 25 23 in
2220 3474 89 32 length,
2321 3476 45 23 and
2377 3476 40 25 the

1898 3514 58 16 were
1959 3509 4 12 :
1973 3506 143 31 remarkably
2124 3506 52 24 full.
2185 3530 3 10 (l(
2190 3506 4 9 l
2211 3507 63 28 Nor,
2281 3504 74 29 must'
2363 3518 32 16 we
2409 3511 78 31 'forget

1897 3539 24 24 to
2013 3539 48 24 that
2077 3539 44 24 the'
2134 3539 78 32 apples
2230 3541 117 26 exhibited
2354 3544 41 31 [by
2407 3544 79 24 Baron

2023 3580 37 16 are
2078 3572 39 23 the
2133 3573 52 23 first
2195 3573 68 25 fruits
2275 3575 26 23 of
2314 3580 59 20 trees
2385 3577 100 33 brought

1897 3605 59 23 from
1962 3605 161 31 England,and
2128 3603 74 26 which
2208 3614 38 17 are
2251 3608 26 23 in
2281 3608 123 26 admirable
2411 3611 78 25 order..

1898 3638 31 23 In
1934 3638 39 24 the
1982 3638 140 31 department
2130 3640 28 26 of,
2164 3640 249 30 flowers,~honourable
2419 3652 65 16 men-

1898 3671 47 23 tion
1953 3675 62 19 must
2023 3671 28 23 be
2058 3671 64 24 made
2131 3673 26 22 of
2166 3672 48 25 Mr.
2224 3673 98 26 Hurst's
2331 3677 155 32 seedluig^ge-

1897 3704 110 29 raniums,
2014 3704 75 23 which
2099 3712 60 18 were
2169 3713 56 24 very
2235 3708 120 31 beautiful,
2365 3709 46 25 and
2422 3718 64 17 some

1898 3737 87 24 dahlias
1990 3737 115 25 exhibited
2114 3737 31 32 by
2156 3739 45 24 Dr.
2213 3740 273 32 'Featherston,wh6has

1898 3770 38 23 the
1948 3770 71 23 credit
2028 3770 25 24 of
2060 3770 69 32 being
2136 3779 84 25 among
2226 3774 39 24 the
2276 3775 52 25 first
2334 3779 22 20 to
2367 3777 120 26 introduce

1898 3802 46 24 this
1955 3803 146 30 magnificent
2110 3804 77 25 flower
2197 3807 49 23 into
2258 3807 39 24 the
2310 3807 95 33 Colony.
2440 3810 46 26 We

1898 3843 53 23 may
1958 3836 48 24 also
2013 3840 57 20 state
2080 3837 49 24 that
2140 3838 39 24 the
2188 3840 61 24 Rev.
2260 3840 22 24 J.
2291 3840 137 28 M'Farlane
2441 3844 43 25 has

1897 3869 105 31 liberally
2013 3869 84 25 offered
2114 3878 12 16 a
2139 3873 64 30 prize
2215 3873 26 23 of
2256 3873 63 24 three
2336 3876 95 30 guineas
2448 3878 38 24 for

1899 3902 39 23 the
1955 3902 50 25 best
2018 3902 139 26 Gardener's
2174 3906 140 30 Almanack,
2333 3912 22 19 to
2373 3909 29 23 be
2421 3918 63 17 com-

1898 3936 94 24 menced
2005 3944 30 16 on
2049 3936 39 26 the
2101 3939 37 23 Ist
2150 3938 24 24 of
2191 3943 57 22 next
2264 3940 91 31 March,
2366 3942 47 24 and
2430 3951 54 18 con-

530 35 101 32 THE
653 36 112 32 NEW
777 36 227 32 ZEALAND
1023 36 225 32 GAZETTE
1266 35 102 33 AND
1388 37 326 40 WELLINGTON
1736 38 299 34 SPECTATOR.

664 107 93 65 New
788 107 216 65 Zealand
1035 107 217 65 Gazette

714 172 68 23 AND
796 172 211 23 WELLINGTON
1021 172 186 23 SPECTATOR.

766 226 130 26 Saturday,
915 226 108 22 January
1042 227 35 25 29,
1092 226 62 22 1842.

120 119 168 27 SHIPPING
306 119 273 26 INTELLIGENCE.

279 170 143 21 ARRIVED.

79 192 65 29 .Jan/
148 198 34 23 27,
192 198 36 20 the
246 197 64 26 Mary
327 197 61 21 Anne
402 198 61 20 from*
475 197 97 24 London,
592 197 48 21 with

64 224 110 23 emigrants
225 224 79 20 Nelson
313 232 6 15 ;
335 225 104 20 anchored
449 226 21 18 at
479 225 36 19 the
524 224 76 21 heads.'

86 252 46 20 The
144 252 66 25 Mary
217 252 60 20 Anne
292 253 38 19 has
348 252 26 20 19
391 252 60 20 cabin
463 258 129 19 passengers,
604 253 40 19 two

61 279 24 20 of
97 279 75 23 whom,
181 279 86 20 Messrs.
275 279 107 24 Boulcott,
390 285 34 14 are
431 279 33 20 for
470 279 43 20 this
518 279 59 26 place
586 287 6 16 ;
604 279 40 20 and

61 306 40 21 120
110 306 24 20 in
144 306 35 20 the
188 308 102 23 steerage.

296 350 114 20 SAILED.

85 377 50 22 Jan.
153 378 35 24 26,
207 379 101 20 schooner
329 378 92 26 Nymph,
438 378 33 26 22,
491 377 100 26 Bennett,
610 378 33 21 for

60 405 81 19 Nelson
151 405 84 19 Haven.
640 408 3 7 v

87 432 50 21 Jan.
155 433 33 23 27,
211 432 77 27 barque
303 432 111 26 Fifeshire,
433 432 49 24 587,
505 432 89 26 Arnold,
610 432 34 21 for

58 459 82 21 Nelson
160 459 74 21 Haven
242 467 5 17 ;
273 460 49 20 with
344 459 89 27 original
456 465 123 21 passengers
602 460 42 20 and

61 493 70 20 cargo.

1896 123 126 24 undertake
2033 124 76 31 public
2129 126 75 24 works
2223 126 95 24 without
2335 126 147 28 thelconcur-

1896 164 67 15 rence
1976 157 26 22 of
2021 157 40 23 the
2079 157 125 31 Governor,
2226 160 19 23 it
2264 160 55 24 does
2336 161 46 24 not!
2399 171 84 24 appear

1895 189 52 24 that
1957 197 45 23 any
2012 191 128 23 restriction
2150 192 21 23 is
2181 197 43 26 put
2234 200 31 16 on
2283 192 59 25 their
2362 202 75 23 power
2456 200 25 20 to

1895 221 55 24 lend
1962 230 82 23 money
2063 228 22 19 to
2103 224 65 23 other
2185 226 78 30 public
2281 226 79 25 bodies
2378 228 37 23 for
2434 228 50 25 that

1896 262 106 24 purpose.
2038 255 25 24 It
2072 257 21 22 is
2103 257 103 24 needless
2218 263 23 19 to
2253 259 65 24 dwell
2333 268 28 16 on
2380 260 38 24 the
2436 262 45 23 im-

1896 295 78 16 mense
1985 288 123 31 advantage
2119 294 24 19 to
2155 299 79 15 accrue
2253 297 23 18 to
2295 293 46 23 this
2359 298 59 19 town
2437 294 44 24 and

1896 320 99 24 harbour
2005 321 59 24 from
2074 322 38 24 the
2124 324 147 31 expenditure
2284 326 24 23 of
2324 334 13 16 a
2353 327 63 32 large
2428 334 53 17 sum

1896 353 24 23 in
1930 353 183 32 improvements.
2152 357 26 24 A
2195 363 108 27 property
2319 367 54 24 may
2383 367 57 17 soon
2450 360 31 24 be

1897 386 90 24 created
2013 387 101 33 yielding
2139 397 30 16 an
2190 391 90 23 income
2308 393 115 23 sufficient
2455 397 25 20 to

1897 419 78 31 defray
1987 419 31 23 all
2029 420 38 24 the
2075 421 124 31 legitimate
2211 432 113 23 expences
2335 426 26 23 of
2375 425 39 24 the
2418 426 61 23 local

1896 457 155 25 government,
2063 454 44 23 and
2117 459 21 18 to
2149 456 81 23 reduce
2242 458 39 22 the
2293 462 92 20 amount
2394 458 26 24 of
2440 459 40 24 the

1896 486 169 29 Borough-rate
2076 491 22 19 to
2110 494 30 16 an
2150 488 180 27 inconsiderable
2340 496 48 19 tax.

704 283 52 24 The
766 281 75 33 Mary
856 284 61 29 Ann,
930 284 88 23 arrived
1027 292 31 15 on
1066 283 122 32 Thursday
1196 284 59 24 from

671 316 106 29 London,
787 324 107 24 .conveys
911 317 79 23 letters
1009 317 45 23 and
1071 324 84 24 papers
1176 321 23 19 to
1216 317 39 24 the

671 357 63 16 same
745 350 45 30 day
804 357 26 16 as
839 350 64 23 those
914 349 130 32 previously
1053 350 104 23 received
1171 350 31 30 by
1216 350 39 24 the

671 381 124 32 Fifeshire.
842 382 47 24 She
908 383 80 30 brings
1005 390 28 16 us
1051 390 14 16 a
1082 383 86 30 private
1189 383 66 23 letter

671 415 60 23 from
742 423 14 15 a
766 414 106 25 Director
889 415 26 24 of
934 415 38 24 the
990 415 59 24 New
1065 415 102 24 Zealand
1186 415 77 24 Com-

671 456 68 23 pany,
752 456 15 15 a
778 448 130 31 gentleman
918 456 55 23 very
985 449 100 23 cautious
1097 449 25 23 in
1132 447 35 25 his
1185 452 69 20 state-

671 485 84 24 ments,
767 480 44 24 and
821 480 85 32 having
917 488 76 17 access
1005 485 22 19 to
1037 481 38 24 the
1085 481 52 24 best
1148 480 106 25 informa-

673 514 56 23 tion.
776 513 39 25 He
835 521 52 24 says
984 522 52 23 may
1054 515 30 23 be
1101 522 15 15 a
1134 518 81 20 matter
1233 514 25 24 of

672 547 97 23 interest
778 551 23 19 to
812 554 47 24 you
869 552 23 18 to
904 547 75 29 know,
998 547 51 24 that
1059 555 33 16 we
1108 547 57 24 have
1175 555 80 16 reason

673 585 23 17 to
718 583 80 28 expect
812 603 5 8 A
818 580 49 23 that
884 580 39 23 the
941 584 49 20 seat
1007 580 25 23 of
1046 581 165 25 Jj-overnment
1232 580 25 24 of

672 612 59 24 New
739 612 100 24 Zealand
851 613 45 23 will
903 613 28 23 be
940 613 126 24 transfered
1075 617 23 20 to
1110 613 144 31 Wellington,

672 646 24 22 in
724 646 60 31 spite
809 646 26 23 of
860 646 38 23 the
925 646 129 24 reluctance
1082 646 24 23 of
1139 646 115 24 Governor

675 679 98 24 Hobson
783 682 24 21 to
819 679 112 30 approach
942 687 41 16 our

115 597 4 5 ■
123 597 4 5 ■
205 585 123 24 Middlesex,
337 586 93 20 Salmon.

116 613 53 26 Ship
178 613 119 24 Mandarin,
308 613 70 20 Yuile.

115 640 107 20 Schooner
230 640 76 23 Fidele,
319 640 93 20 Salvator
423 639 94 22 Cetnino.

284 531 34 20 IN
332 531 85 21 PORT.

113 559 83 25 Barque
209 559 60 24 Tyne,
281 557 128 22 Robertson.

238 668 56 23 Gem,
304 667 83 20 Fearce.

119 705 15 5 -■
239 695 98 23 Look-in,
349 694 94 21 Cannon.

238 722 74 24 Anita,
323 722 77 20 Beech.

116 759 18 5 -■
236 749 58 24 Jane,
306 749 85 20 Fabiea.

173 776 3 14 :
236 776 61 24 Kate,
308 776 66 21 Read.

116 803 82 25 Barque
208 804 92 24 Magnet,
313 803 137 21 Macfarlane.

115 840 5 5 ■
210 830 110 26 Clydeside,
333 830 128 21 Mathieson.

117 857 106 20 Schooner
233 858 61 25 Kate,
306 858 77 25 Styles.
418 875 4 7 ,

238 880 82 28 Scotia'i
327 884 66 21 Cork.
407 900 5 8 ,
422 882 3 4 '

236 913 103 20 Governor
348 912 91 23 Hobson,
450 911 95 21 Skelton.

89 966 113 26 Passenger
212 966 86 21 omitted
315 967 22 20 in
354 966 36 21 the
406 966 91 28 Nymph,
508 966 55 21 from
573 965 72 21 Auck-

61 994 48 19 land
118 1001 6 17 ;
141 994 41 20 Mr.
195 994 25 21 E.
232 994 66 21 Crow.

90 1020 113 27 Paseenger
210 1021 87 21 omitted
306 1021 24 20 in
338 1021 37 20 the
383 1021 62 25 Kate,
454 1020 55 21 from
519 1020 113 21 Auckland
638 1027 6 17 ;

61 1047 43 23 Mr.
115 1048 128 25 Babington.
273 1067 3 4 .

233 1093 120 20 CUSTOM
367 1092 108 21 HOUSE.

1893 548 29 17 •S*
1929 545 52 24 The
1994 546 175 32 Conveyancing
2188 548 47 24 Bill
2253 550 21 23 is
2292 551 90 30 printed
2399 552 25 23 in
2442 552 39 24 the

1898 578 149 24 Government
2071 580 101 24 Gazette.
2218 581 25 24 It
2264 583 21 23 is
2306 584 44 24 full
2371 585 26 23 of
2421 585 62 31 legal

1896 615 70 19 terms
1979 612 73 23 which
2063 616 23 19 to
2097 613 40 22 the
2154 614 92 30 general
2262 616 79 24 reader
2359 618 75 23 would
2451 619 30 23 be

1895 644 173 31 unintelligible,
2091 646 45 22 and
2153 646 75 24 which
2246 649 154 26 nevertheless
2420 655 63 20 must

1895 677 27 24 be
1934 678 58 23 used
2001 679 24 22 in
2037 686 43 24 any
2098 682 96 29 attempt
2207 684 22 19 to
2242 681 101 25 abstract
2362 684 26 24 it.
2428 677 55 37 We,'

1896 710 119 30 therefore,
2026 712 85 24 decline
2119 712 106 30 thetask,
2232 714 46 23 and
2286 716 85 31 merely
2378 721 58 20 state
2443 717 40 24 the

1894 743 49 24 real
1952 745 64 29 point
2026 745 25 22 of
2065 746 94 23 interest
2176 750 23 19 to
2218 747 39 23 the
2270 747 112 31 public—

1896 777 49 23 that
1951 776 32 32 by
1990 777 114 32 declaring
2108 787 69 24 many
2185 785 122 19 covenants
2316 785 22 19 to
2345 782 28 23 be
2380 783 102 31 implied,

1895 810 74 24 which
1976 818 37 16 are
2020 819 50 15 now
2075 813 101 23 inserted
2183 817 23 19 at
2211 813 43 24 full
2260 814 88 30 length,
2356 814 39 25 the
2402 816 80 32 length

1896 844 44 23 and
1952 846 49 21 cost
2021 844 25 23 of
2067 844 67 24 deeds
2151 846 46 23 will
2213 846 31 24 be
2265 848 90 31 greatly
2375 849 111 26 reduced*

1895 876 85 24 Where
1992 877 38 23 the
2042 882 92 19 amount
2145 880 26 22 of
2184 885 108 26 property
2303 882 115 30 conveyed
2428 883 61 24 does'

1894 915 41 18 not
1947 910 83 24 exceed
2041 911 79 29 £100,
2140 912 40 23 the
2200 917 49 19 cost
2267 914 25 23 of
2314 914 39 24 the
2365 914 60 32 legal
2442 917 39 23 in-

1895 948 112 19 strument
2016 944 20 22 is
2049 948 40 20 not
2099 948 23 20 to
2135 945 84 23 exceed
2229 954 43 15 one
2280 948 77 29 pound
2368 949 95 32 sterling
2472 953 17 25 %\

1894 976 42 24 for-
1940 983 4 3 -
1951 984 68 24 every
2041 977 122 24 additional
2186 978 79 30 £100,
2291 980 39 23 the
2360 981 124 25 additional

1896 1009 82 32 charge
1989 1011 20 23 is
2022 1014 23 20 to
2056 1011 28 23 be
2097 1013 51 22 10s.
2196 1011 121 24 Solicitors
2328 1013 45 24 and
2383 1022 99 25 convey-

1895 1051 79 16 ancers
2002 1044 115 31 regularly
2144 1044 110 24 admitted
2277 1050 23 18 to
2323 1048 99 29 practice
2444 1056 38 16 are

1896 1077 53 30 only
1966 1077 130 25 authorized
2112 1081 23 20 to
2148 1078 90 24 enforce
2248 1084 110 26 payment
2373 1079 26 24 of
2417 1081 65 24 these

1895 1110 104 30 charges.

296 1152 110 15 IMPORTS.

88 1181 126 21 Schooner
362 1187 64 14 from
436 1180 105 22 Sydney.
541 1191 28 4 —
569 1180 76 26 Agent,

59 1208 23 21 J.
99 1209 99 20 Wade.—
200 1209 40 20 339
256 1208 51 26 bags
324 1215 69 19 sugar,
405 1209 26 20 60
448 1208 45 21 half
504 1214 58 15 cases
577 1208 45 26 gin,
631 1208 14 19 4

59 1242 58 14 cases
126 1237 74 25 cigars,
211 1237 26 19 20
247 1236 76 20 firkins
333 1236 78 25 butter,
421 1236 26 20 31
461 1235 51 27 bags
523 1235 72 25 coffee,
605 1235 40 20 250

59 1263 80 20 barrels
148 1264 61 19 flour.

1903 1161 69 23 •^We
1991 1161 58 23 have
2067 1166 41 19 not
2118 1170 55 16 seen
2185 1162 37 24 the
2416 1165 49 25 Bill
2473 1175 8 20 ;

1894 1194 49 29 but,
1954 1194 60 23 from
2025 1194 38 24 the
2074 1195 251 32 Attorney-General's
2335 1197 62 25 brief
2406 1200 75 23 notice

1895 1227 25 23 of
1934 1228 31 22 its
1976 1227 107 24 intended
2094 1230 124 30 operation,
2229 1230 60 24 have
2300 1238 29 15 no
2342 1231 71 24 doubt
2432 1233 49 23 that

1894 1261 20 23 it
1927 1260 47 24 will
1985 1260 81 24 render
2079 1261 59 30 good
2148 1262 63 24 titles
2222 1267 24 19 to
2263 1269 109 26 property
2390 1272 53 24 easy
2450 1266 34 27 _of

1895 1294 72 31 proof,
1987 1293 44 24 and
2047 1294 44 23 bad
2108 1302 55 16 ones
2182 1303 55 23 easy
2247 1296 27 23 of
2289 1296 120 25 detection.
2445 1298 36 24 To

1895 1327 30 23 all
1948 1326 56 24 bona
2019 1327 49 30 fide
2089 1328 92 29 buyers,
2204 1328 89 30 sellers,
2316 1329 97 31 lenders,
2435 1332 46 24 and

1894 1361 133 29 borrowers,
2051 1361 18 22 it
2090 1365 63 20 must
2174 1369 69 23 prove
2267 1362 26 23 of
2318 1363 39 24 the
2382 1369 100 26 greatest

1896 1394 93 23 benefit.

78 1708 48 17 1841.

165 1687 51 17 Time
223 1688 20 16 of

161 1708 86 17 Observa-

180 1729 44 17 tion.

276 1698 55 16 Baro-

271 1720 63 15 meter.

352 1698 85 17 Thermo-

362 1722 64 14 meter.

464 1698 15 13 ■C
489 1702 12 10 c
510 1698 12 13 3

564 1708 61 18 Wind.

65 1785 76 22 Friday...

65 1848 24 16 (at

65 1910 76 21 Sunday..

65 1972 75 22 ilonday.

181 1787 10 15 8

180 1808 53 20 Ip.m.

180 1829 10 15 5

180 1849 10 16 8

179 1869 53 21 Ip.m.

179 1891 11 15 5

179 1912 11 15 8

179 1932 54 20 Ip.m.

179 1954 10 14 s

179 1974 11 15 8

179 1994 54 21 Ip.m.

179 2036 10 15 8

178 2056 54 21 Ip.m.

178 2082 10 11 o

179 2098 10 16 8

179 2119 54 21 Ip.m.

179 2161 10 15 8

179 2182 53 20 Ip.m.

179 2203 10 15 5

273 1787 59 17 29.930

273 1808 59 17 29.930

273 1828 59 17 29.902

273 1849 58 17 29.866

272 1870 59 16 29.888

273 1891 58 16 29.970

273 1912 59 16 29.964

273 1933 59 16 29.960

272 1954 59 15 29.958

272 1975 59 15 29.988

273 1995 58 16 30.046

273 2016 58 17 30.102

273 2037 58 16 30.200

273 2057 62 17 30.18*

273 2078 59 17 30.234

273 2099 58 16 30.242

273 2120 57 16 30.242

272 2141 59 16 30.224

272 2161 59 17 30.164

273 2182 58 17 30.148

272 2203 57 17 30.108

376 1787 26 17 67.

375 1809 37 16 67.5

376 1830 37 16 65.5

376 1851 36 16 60.5

376 1872 26 16 65.

375 1893 27 15 64.

374 1914 28 15 60.

374 1935 28 15 64.

374 1955 27 16 63.

374 1976 28 16 61.

374 1995 27 17 67.

374 2018 28 16 66.

374 2038 26 15 66.

374 2057 26 17 71.

374 2078 27 17 74.

374 2100 27 16 68.

375 2121 26 16 72.

374 2141 26 16 71.

374 2162 26 16 70.

374 2183 37 17 72.5

461 1810 59 17 None.

471 1874 37 15 0.02

460 1935 59 17 None.

459 1998 59 18 None.

543 1786 106 22 Northerly.

542 1807 64 18 North.

542 1828 64 18 North.

541 1848 23 17 N.
571 1851 23 19 by
602 1850 27 17 W.

541 1869 22 17 N.
571 1872 23 19 by
601 1871 29 17 W.

541 1890 23 18 N.
572 1893 24 19 by
603 1892 29 17 W.

541 1911 23 17 N.
571 1913 24 20 by
602 1912 28 17 W.

541 1932 15 15 N
562 1934 85 20 ortherly.

541 1953 10 16 S
556 1955 90 20 outherly.

541 1974 10 16 S
556 1975 91 20 Outherly.

541 1995 10 16 S
555 1996 90 20 outherly.

541 2016 104 21 Southerly.

540 2037 24 16 N.
572 2038 53 19 by£.

540 2057 22 17 N.
570 2059 24 19 by
602 2058 21 16 E.

540 2079 95 20 Westerly.

540 2100 22 16 N.
570 2101 23 19 by
601 2100 27 17 W.

539 2121 23 17 N.
571 2122 22 20 by
600 2121 28 17 W.

539 2142 23 17 N.
569 2143 24 19 by
600 2143 27 16 W.

539 2162 65 18 North.

539 2184 65 17 North.

65 2035 74 21 fuesdsy

470 2060 37 16 0.60

65 2096 36 18 Ved

459 2121 59 17 None.

65 2159 73 17 fours...

458 2184 59 17 None.

66 2254 74 21 'riday...

179 2256 11 15 8

389 2237 125 17 REMARKS.

258 2256 92 17 Moderate
360 2257 62 17 breeze
429 2258 37 17 and
473 2263 44 16 very
522 2258 42 17 fine.
579 2275 7 5 r
648 2256 4 15 I

301 2298 33 17 Do.
377 2299 33 16 Do.
454 2299 33 18 Do.
562 2299 20 21 1,-

179 2297 52 21 Ip.m.

178 2339 10 16 5

253 2322 3 17 I

258 2339 66 22 Strong
365 2341 34 17 Do.
406 2347 4 5 '
442 2341 33 17 Do.

66 2379 23 16 !at

178 2380 11 17 8

257 2381 55 21 Light
318 2382 59 20 squall
383 2383 36 17 and
426 2383 88 21 shovrery.

177 2423 54 20 Ip.m.

258 2423 53 21 Light
318 2424 61 17 breeze
387 2425 36 17 and
430 2424 89 22 inclining
524 2426 19 16 to
550 2426 42 18 fine.

178 2465 11 15 5

301 2465 34 18 Do.
377 2466 33 17 Do.
453 2466 34 19 Do.

65 2504 75 21 iunday..

178 2506 12 16 8

300 2507 34 17 Do.
377 2508 33 17 Do.
451 2508 35 18 Do.

179 2548 54 20 Ip.m.

301 2548 34 17 Do.
378 2550 33 17 Do.
452 2550 35 17 Do.

179 2590 11 15 5

301 2590 33 17 Do.
377 2591 33 17 Do.
453 2591 34 18 Do.

74 2629 67 21 londay.

179 2631 11 16 8

258 2631 55 21 Light
319 2632 27 17 air
352 2633 36 17 and
395 2637 43 17 very
442 2633 42 18 fine.
506 2633 48 18 Kain
561 2636 19 16 at
586 2635 59 21 night.

179 2673 54 20 Ip.m.

301 2673 33 18 Do.
377 2675 34 17 Do.
452 2675 34 17 Do.
630 2677 5 7 v
635 2685 4 4 .

178 2715 11 15 s

301 2715 34 17 Do.
378 2716 33 17 Do.
452 2717 36 17 Do.

70 2754 71 21 'ueiday

179 2757 11 15 s

301 2757 33 17 Do.
377 2758 34 17 Do.
452 2759 35 17 Do.

179 2797 53 21 Ip.m.

301 2799 33 17 Do.
377 2800 32 16 Do.
452 2800 35 18 Do.

179 2839 11 17 5

302 2840 33 17 Do.
378 2842 33 16 Do.
452 2842 36 17 Do.

75 2879 6 9 r
80 2879 21 17 ed

179 2881 12 17 8

259 2881 92 18 Moderate
362 2883 68 19 breeze,
439 2885 86 20 overcast,
532 2884 88 22 inclining
626 2886 19 17 to

302 2905 18 14 to
327 2903 45 17 rain.

302 2924 33 17 Do.
378 2925 33 16 Do.
453 2926 34 17 Do.

179 2922 54 21 Ip.m.

179 2964 11 17 5

258 2965 66 21 Strong
365 2966 33 17 Do.
442 2967 33 17 Do.

70 3000 74 22 'hart...!

179 3006 11 16 8

259 3007 65 21 Strong
331 3007 40 21 gale
378 3008 36 17 and
421 3012 42 17 very
469 3009 42 17 fine.

179 3047 54 21 Ip.m.

301 3049 36 17 Do.
379 3049 34 18 Do.
456 3051 35 17 Do.

179 3089 11 16 5

301 3091 33 17 Do.
377 3092 33 16 Do.
452 3092 34 17 Do.

149 3154 122 21 AGENTS
283 3157 58 20 FOR
356 3158 72 20 THIS
440 3158 108 21 PAPER.
651 3161 2 18 \

78 3186 37 18 Mr.
128 3187 124 18 BURCHAM
346 3190 76 18 Petoni;

78 3207 37 18 Mr.
130 3208 18 17 F.
160 3208 22 17 G.
195 3209 87 17 MOORE
346 3210 71 19 Nelson
425 3212 75 19 Haven.

78 3228 37 39 8:
128 3229 25 38 S:
163 3229 349 47 gfc^::::::^^
518 3234 14 18 I*^1
534 3234 87 18 *^

79 3270 36 18 Mr.
128 3270 29 22 Vj.
169 3271 97 21 WI.LSON
348 3273 40 22 Bay
395 3275 21 17 of
426 3276 84 18 Islands.

194 3320 5 5 -
226 3312 122 21 LATEST
363 3314 107 21 DATES.

66 3344 80 18 London
232 3344 51 23 Sept.
303 3348 27 15 30.
359 3347 41 21 Bay
407 3348 22 17 of
438 3348 93 19 Islands..
536 3349 50 19 Nov.
605 3350 28 19 17.

67 3365 82 22 Sydney.*
233 3366 45 18 Dec.
303 3368 28 16 24.
358 3368 82 18 Thames
532 3370 45 19 Jan.
614 3373 18 16 8.

68 3389 40 14 van
132 3386 99 18 Dieman's
360 3389 45 18 Port
413 3389 69 23 Phillip
496 3391 91 19 ....Nov.
604 3394 28 16 22.

87 3408 54 17 Land
233 3408 49 18 Nov.
304 3410 28 17 29.
360 3410 89 18 Adelaide
535 3412 44 19 Oct.
615 3415 17 16 9.

55 3455 100 22 Notice
163 3457 28 20 to
200 3457 78 20 those
288 3457 131 22 indebted
428 3460 29 19 to
467 3460 45 20 the
517 3461 125 21 Gazette.

59 3510 38 21 We
105 3517 39 14 are
153 3517 44 14 now
206 3511 86 26 sending
306 3513 37 19 out
351 3518 39 14 our
398 3512 47 20 bills
462 3515 21 19 to
501 3514 35 20 the
552 3516 54 19 close
614 3516 35 27 .of

83 3539 35 21 the
124 3540 51 24 past
183 3545 57 19 year,
251 3539 43 20 and
301 3539 51 26 find
365 3545 73 19 among
447 3541 56 20 them
513 3548 13 13 a
538 3543 105 20 consider-

83 3566 46 20 able
141 3566 123 26 proportion
273 3567 68 20 which
351 3566 58 23 have,
417 3567 48 20 been
475 3568 49 26 long
535 3575 49 14 over
597 3570 45 22 due.

84 3593 60 20 Some
160 3594 28 25 of
202 3600 38 14 our
258 3596 122 24 supporters
400 3595 50 19 have
468 3602 62 13 never
548 3597 64 25 paid'
630 3603 14 14 a

82 3621 87 25 shilling
182 3622 56 20 since
252 3627 41 15 our
303 3627 70 20 paper
386 3628 44 13 was
444 3623 130 22 established.
606 3622 38 23 We

83 3654 61 14 warn
160 3648 57 20 those
231 3648 44 20 who
292 3649 95 20 continue
402 3648 106 26 obdurate,
527 3651 47 20 that
587 3652 57 24 after

84 3676 44 19 this
144 3676 73 25 notice,
229 3676 49 25 they
286 3676 46 20 will
340 3676 78 26 compel
430 3682 25 14 us
463 3678 22 19 to
494 3680 75 23 appeal
579 3680 20 19 to
609 3680 36 19 the

86 3703 65 20 Court
160 3703 28 25 of
191 3704 108 25 Requests.

179 3757 98 22 Notice
292 3759 29 20 to
337 3758 179 22 Subscribers.

55 3812 82 26 Papers
151 3812 46 19 will
207 3813 36 19 not
257 3812 25 21 be
294 3814 46 18 sent
356 3814 21 19 to
388 3818 88 20 persons
489 3814 64 25 living
568 3815 37 20 out
619 3814 30 25 of

83 3839 56 20 Port
147 3840 121 24 Nicholson,
283 3841 69 19 unless
365 3842 155 24 arrangements
532 3847 38 15 are
584 3842 60 19 made

76 3866 44 25 for
128 3866 35 20 the
167 3869 101 22 payment
276 3867 28 25 of
308 3868 39 23 the,
352 3873 62 22 same,
425 3868 92 26 through
525 3874 28 15 an
565 3869 78 26 Agent,

83 3895 24 19 at
120 3893 149 25 Wellington.'
294 3913 70 5 ...

55 3927 98 24 January
162 3927 22 25 8,
197 3925 59 23 18421
