3407 5493
45 136 620 99 UNKNOWN

45 234 553 693 Eiarleston.

371 358 102 24 Watkii.

389 410 46 17 a.m
550 400 65 23 11-50
646 402 47 26 p.m

390 445 45 16 a.ni
564 436 52 21 010
648 436 53 28 p.iir

390 479 45 16 a.m
569 469 48 23 1.30
649 470 53 27 p.m*

392 515 45 17 a.iu
567 504 51 23 2.20
649 506 54 27 p.iu-

373 562 66 19 VALS.

371 607 42 24 i.s.j
433 598 61 25 from
505 595 125 30 Ilokitika,
646 593 56 24 with

376 631 11 21 *

373 676 80 26 ugger,
475 666 113 30 Norman,
609 667 94 24 master,

374 760 6 12 ,
393 739 81 33 Wing,
485 740 93 27 master,
590 735 60 25 from
662 734 39 25 the

375 819 55 17 LED.

371 865 16 20 r,
400 856 36 24 for
448 850 132 29 Auckland.

371 900 15 21 r,
399 890 36 25 for
446 888 97 26 Nelson.

84 933 123 28 Constant,
219 929 77 29 ketch,
308 928 84 28 Green,
400 929 93 24 master,
502 923 36 25 for
548 921 127 33 Westport.

214 1017 138 30 SERIOUS
367 1013 176 29 ACCIDENT.

86 1071 109 27 Another
206 1069 104 25 accident
323 1067 42 24 lias
376 1063 110 26 occurred
497 1065 24 22 at
533 1060 47 25 this
590 1061 58 31 port,
656 1056 46 26 and

56 1113 35 19 we
112 1107 52 24 fear
180 1104 52 25 that
243 1104 20 23 if
281 1103 40 24 the
338 1102 91 32 present
449 1096 156 27 recklessness
626 1093 20 24 is
667 1099 22 16 in-

56 1140 84 29 dulged
150 1141 23 25 in
186 1137 56 28 such
254 1134 124 29 casualties
390 1132 47 26 will
448 1133 27 26 be
487 1132 40 25 the
537 1128 50 27 rule
597 1127 46 26 and
661 1130 39 21 not

56 1179 41 22 the
108 1174 129 33 exception.
270 1175 37 23 On
319 1168 125 31 Thursday
454 1168 46 25 last
513 1166 40 25 the
570 1162 131 27 Southland

56 1215 101 20 steamer
167 1208 60 24 hove
238 1207 24 24 in
274 1205 69 31 sight,
355 1202 45 24 and
407 1202 99 30 brought
518 1206 32 24 up
560 1198 35 24 off
602 1198 39 23 the
651 1197 49 24 bar.

56 1245 36 24 At
103 1243 51 25 that
167 1242 56 24 time
233 1240 65 25 there
310 1244 48 19 was
374 1244 14 15 a
400 1243 55 23 very
475 1235 74 29 heavy
561 1231 78 28 break,
656 1231 45 22 and

57 1285 63 19 6ome
141 1280 133 21 monstrous
295 1271 87 26 curlers
403 1277 60 18 were
483 1266 111 31 blocking
606 1264 38 26 the
661 1271 27 18 en-

56 1318 81 20 trance
147 1313 25 22 at
190 1306 119 28 intervals.
350 1301 217 30 Notwithstanding
585 1299 55 29 this,
656 1299 45 24 and

57 1348 41 24 the
108 1346 96 25 absence
221 1343 25 25 of
263 1343 40 24 the
320 1339 84 26 harbor
414 1336 108 27 master's
539 1332 121 34 authority
678 1332 23 25 in

58 1382 40 24 the
120 1381 72 31 shape
209 1378 26 25 of
258 1376 39 25 the
315 1374 40 26 red
367 1374 54 31 flag,
439 1372 46 25 and
497 1371 39 25 the
555 1374 53 20 veto
619 1368 23 25 in
662 1367 40 25 the

56 1416 63 26 form
129 1416 26 26 of
166 1414 40 26 the
216 1412 87 31 danger
313 1410 54 32 flag,
378 1408 40 25 the
428 1411 47 21 two
486 1406 73 28 boats,
570 1402 76 27 Lizzie
656 1409 47 17 ana

57 1452 41 25 the
108 1452 55 25 Star
173 1450 26 23 of
211 1446 122 31 Brighton,
347 1447 62 21 went
419 1446 49 20 out.
500 1440 37 32 By
550 1447 12 16 a
581 1438 122 25 fortunate

56 1484 137 33 providence
204 1482 56 30 they
280 1484 40 26 got
341 1482 42 21 out
400 1477 98 23 without
521 1473 113 28 accident,
657 1471 45 25 and

56 1517 150 35 transhipped
219 1524 13 17 a
242 1510 155 30 considerable
407 1510 98 26 number
515 1508 26 26 of
558 1513 144 28 passengers,

57 1557 41 24 the
108 1555 77 24 Lizzie
195 1551 90 32 having
294 1548 99 26 another
404 1546 71 31 lucky
487 1551 44 18 run
552 1544 22 23 in
587 1542 57 25 with
661 1546 39 20 ten

57 1588 90 33 people.
180 1587 50 25 The
242 1583 85 27 second
338 1583 61 25 boat,
416 1580 41 25 the
468 1580 55 24 Star
533 1579 27 23 of
578 1576 123 32 Brighton,

58 1631 48 18 was
118 1626 41 23 not
178 1629 25 18 so
214 1621 130 24 fortunate.
425 1614 44 25 hen
489 1612 61 26 close
571 1615 24 20 to
607 1611 40 24 the
663 1616 41 17 en*

57 1663 89 25 trance,
163 1666 14 17 a
193 1663 58 25 very
262 1654 77 31 heavy
359 1659 38 18 sea
419 1649 70 25 broke
510 1656 30 17 on
562 1645 72 26 board
655 1645 48 30 her,

58 1694 99 31 sending
167 1692 41 25 her
220 1690 47 25 like
277 1696 15 16 a
303 1688 52 24 shot
367 1685 92 31 against
478 1684 41 24 the
537 1681 69 26 rocks
622 1685 25 20 at
664 1680 39 25 the

58 1733 116 23 entrance.
206 1724 51 28 The
268 1723 64 26 force
343 1721 26 27 of
376 1720 40 26 the
421 1717 136 28 concussion
565 1715 139 35 completely

58 1763 108 25 smashed
177 1762 39 24 the
228 1761 52 23 boat
293 1762 24 19 to
327 1761 84 23 atoms,
422 1754 81 25 stored
514 1754 40 24 her
565 1753 33 28 in,
607 1752 45 24 and
661 1750 42 26 left

58 1798 40 26 the
109 1797 165 26 unfortunates
285 1791 53 25 who
350 1795 58 19 were
420 1788 42 25 her
478 1793 138 28 passengers
628 1789 64 27 strug-

58 1833 66 30 gling
134 1833 25 24 in
171 1830 40 26 the
221 1832 79 20 wa'er.
332 1825 77 25 There
427 1831 59 17 were
507 1826 24 21 at
548 1821 48 25 this
608 1819 57 26 time
681 1818 23 26 in

58 1866 104 26 addition
173 1867 26 23 to
209 1863 40 26 the
260 1860 74 26 boats'
346 1865 67 22 crew,
424 1857 39 24 Mr
473 1856 45 24 and
534 1856 50 24 Mrs
596 1854 108 28 Harnett,

58 1903 40 26 Mr
108 1901 46 26 and
166 1900 48 25 Mrs
226 1895 117 29 Williams
354 1892 45 27 aud
411 1896 47 21 two
468 1890 111 30 children,
595 1888 46 27 and
658 1892 47 21 two

58 1937 68 26 other
136 1942 54 18 men
200 1933 79 24 whose
291 1936 80 18 names
392 1934 35 17 we
444 1934 40 17 are
503 1930 40 20 not
565 1922 140 33 acquainted

58 1971 66 26 with.
155 1970 37 26 On
204 1967 80 31 seeing
294 1964 40 26 the
345 1962 105 26 accident
467 1960 39 26 the
517 1960 83 25 harbor
610 1960 95 28 master,

59 2006 101 32 Captain
176 2000 137 33 Beveridge,
333 2003 24 20 at
373 2004 58 18 once
442 2002 66 19 came
524 1999 26 21 to
560 1993 41 26 the
617 1999 87 24 rescue,

58 2040 46 25 and
127 2040 88 29 having
235 2033 110 36 provided
366 2030 97 27 himself
489 2030 57 24 with
572 2028 43 25 life
636 2027 65 25 lines,

59 2072 95 35 jumped
165 2073 49 25 into
226 2071 39 24 the
277 2068 51 25 surf
339 2067 61 24 from
411 2065 40 24 the
462 2063 85 26 rocks..
558 2063 76 24 There
646 2068 59 18 were

60 2108 88 29 several
159 2106 99 28 anxious
269 2108 24 23 to
304 2101 77 30 assist,
392 2101 109 31 amongst
514 2098 76 26 whom
602 2105 34 18 we
648 2103 55 26 may

59 2144 110 33 specials
180 2142 104 26 mention
296 2139 82 25 James
388 2133 109 31 Dnscoll,
511 2134 63 25 John
587 2134 61 28 Ha\,
660 2131 45 26 aud

59 2180 64 27 John
138 2178 134 29 M-Herron,
288 2174 52 25 who
356 2169 111 30 rendered
485 2173 65 29 great
568 2168 137 29 assistance,

58 2215 48 25 and
122 2221 58 25 very
199 2208 132 32 materially
348 2206 68 27 aided
437 2207 40 23 the
498 2205 83 24 harbor
598 2206 86 22 master
694 2210 11 16 s

58 2249 90 26 efforts.
181 2248 62 32 Hay,
253 2253 36 17 we
300 2251 54 24 may
366 2249 50 25 say,
435 2247 47 18 was
493 2240 41 24 the
544 2237 119 26 coxswain
679 2237 26 24 of

61 2284 42 26 the
113 2281 118 29 shattered
241 2281 61 29 boat,
313 2278 41 25 but
365 2276 44 26 had
418 2273 132 37 previously
558 2271 114 33 managed
681 2275 24 21 to

59 2318 113 26 scramble
193 2317 89 26 ashore,
303 2312 45 25 and
369 2310 102 31 through
493 2310 48 23 him
562 2307 80 31 chief!}
665 2306 40 25 the

59 2353 103 27 children
173 2359 60 19 were
246 2347 76 28 saved.
355 2347 35 25 At
407 2345 48 26 this
472 2344 57 24 time
546 2342 41 25 the
606 2340 99 27 females

59 2396 61 19 were
131 2387 130 31 screaming
270 2384 26 25 in
307 2383 40 25 the
359 2385 79 27 water,
448 2387 44 18 one
501 2378 26 25 of
538 2378 64 25 them
611 2375 94 33 holding

59 2423 42 26 her
112 2423 58 26 twin
180 2420 110 30 children,
301 2418 41 24 but
354 2416 63 25 after
427 2423 13 16 a
452 2414 57 25 time
519 2413 66 24 these
592 2420 59 17 were
659 2411 34 24 for-

59 2457 108 33 tunately
178 2454 83 29 landed
279 2451 76 33 safely
367 2450 57 25 with
439 2447 55 32 only
506 2447 39 26 the
562 2444 106 35 casualty
679 2446 26 26 of

60 2494 78 26 bruise
148 2500 30 19 on
188 2492 40 25 the
239 2487 58 28 head
305 2487 25 26 of
336 2493 51 19 one.
404 2483 100 34 Captain
512 2483 46 25 Be\
564 2480 84 33 eridge,
652 2481 53 26 who

59 2537 50 17 was
119 2529 25 25 in
155 2527 40 26 the
207 2523 86 28 middle
304 2522 26 26 of
347 2520 41 26 the
398 2519 89 30 boiling
505 2517 52 25 surf
573 2515 86 33 during
674 2515 31 27 all

59 2564 49 24 this
119 2562 57 25 time
188 2559 45 26 had
244 2559 24 24 in
277 2557 38 26 the
326 2554 127 26 meantime
465 2551 88 25 carried
564 2551 40 23 the
615 2550 59 25 lines
680 2555 25 21 to

59 2597 41 26 the
111 2603 97 20 women,
218 2592 46 27 and
274 2588 89 30 desired
373 2588 67 26 those
451 2594 30 17 on
493 2585 66 25 shore
571 2588 24 21 to
612 2584 55 26 haul
674 2593 29 17 on

59 2632 65 26 them
178 2628 60 26 This
259 2634 48 17 was
324 2624 67 28 done,
409 2620 46 26 and
471 2620 50 25 Mrs
540 2620 101 24 Harnett
656 2627 48 17 was

61 2665 55 25 thus
127 2663 70 27 saved
235 2661 51 26 Mrs
296 2657 124 29 Williams,
441 2655 115 27 however,
573 2653 132 33 remaining

61 2698 25 26 in
97 2693 195 35 imminentperiL
324 2690 101 36 Captain
432 2687 130 33 Beveridge
568 2686 68 27 dived
643 2687 62 27 after

56 2733 54 26 her,
200 2731 42 23 *he
253 2733 49 17 was
312 2724 144 31 submerged,
467 2722 87 33 caught
566 2721 41 26 her
616 2722 31 32 by
663 2722 40 25 the

61 2762 85 28 throat,
158 2761 51 28 and,
221 2759 63 24 after
294 2758 40 25 the
345 2757 50 31 pair
405 2754 46 24 had
460 2754 59 22 been
529 2751 106 25 ftnnblM
649 2761 56 15 over

60 2795 46 25 and
116 2802 55 19 over
181 2801 65 18 more
256 2792 56 24 than
324 2796 65 23 once,
402 2795 47 17 was
471 2784 84 26 hauled
566 2792 31 25 up
614 2785 30 31 by
665 2785 40 24 the

59 2828 46 27 end
122 2828 69 33 given
204 2829 62 24 from
284 2825 73 26 shore.
404 2822 28 25 In
453 2821 40 25 the
510 2820 136 29 meantime,
664 2819 40 25 the

58 2863 109 26 boatmen
179 2861 45 27 and
235 2861 40 25 the
286 2867 54 17 men
351 2856 46 26 had
407 2858 40 30 got
459 2853 75 33 safely
547 2857 24 22 to
583 2852 62 29 land,
658 2853 45 25 and

58 2899 57 25 thus
125 2895 141 29 terminated
277 2892 94 37 happily
383 2891 63 26 what
457 2889 77 33 might
545 2889 61 25 have
621 2888 57 26 been
690 2896 13 17 a

57 2937 63 22 most
130 2930 140 28 lamentable
280 2928 114 27 accident.
424 2926 36 24 To
467 2924 100 33 Captain
577 2922 126 33 Beveridge

56 2966 96 34 belongs
163 2966 41 25 the
214 2964 69 26 lion's
294 2964 68 24 share
380 2961 26 24 of
423 2959 76 33 praise
516 2958 38 24 for
564 2958 48 24 this
629 2958 62 23 fortu-

56 3006 56 22 nate
122 3001 151 29 denoument,
284 2997 45 27 and
340 3000 24 22 to
376 2995 36 26 his
423 2991 118 35 gallantry
552 2992 20 26 is
578 2990 78 35 owing
663 2991 40 26 the

56 3036 60 27 lives
136 3037 28 26 of
183 3043 65 19 more
268 3034 58 26 than
347 3039 45 19 one
409 3030 27 25 of
457 3029 67 26 those
547 3027 103 26 referred
671 3030 31 23 to.

56 3072 78 26 When
155 3070 49 26 will
220 3070 41 26 the
281 3068 163 27 Government
461 3063 119 33 recognise
595 3066 50 21 acts
656 3062 47 25 like

52 3108 72 26 these
134 3108 30 32 by
174 3106 81 31 fitting
265 3103 47 26 and
323 3106 41 22 not
380 3098 128 44 pecuniary
520 3096 100 27 reward?
630 3099 10 24 ?
675 3097 26 25 In

54 3142 42 27 the
107 3140 38 27 old
155 3143 99 29 country
265 3138 57 26 such
333 3135 99 27 conduct
444 3133 78 26 would
540 3133 60 24 have
618 3131 84 26 earned

55 3184 16 19 a
90 3175 94 32 medal;
210 3175 55 26 here
281 3173 20 26 it
316 3172 22 25 is
353 3169 84 28 looked
454 3176 31 18 on
503 3176 24 18 as
545 3175 15 17 a
576 3170 87 22 matter
675 3169 27 23 of

56 3220 87 19 course.
174 3210 59 27 This
250 3209 20 25 is
287 3211 42 23 not
340 3206 40 26 the
396 3204 50 26 first
457 3202 44 27 life
518 3204 52 25 that
581 3202 40 26 the
638 3210 63 18 same

54 3254 58 20 man
122 3247 43 25 has
180 3243 78 31 saved,
267 3242 47 27 and
324 3242 20 25 it
363 3241 20 25 is
394 3239 117 26 atrocious
528 3242 25 21 to
564 3237 69 25 thiuk
649 3237 51 25 that

54 3287 60 23 even
124 3288 32 19 an
166 3282 81 32 empty
258 3278 80 29 honor,
349 3276 41 25 the
396 3273 60 26 least
467 3272 87 26 reward
566 3271 50 25 tlwt
625 3271 75 32 might

53 3319 29 26 be
91 3316 80 32 given,
188 3315 21 26 is
223 3311 118 30 withheld.
387 3309 52 27 One
456 3307 75 33 thing,
550 3306 115 30 however,
681 3307 19 24 is

53 3351 99 32 certain,
168 3352 53 24 that
241 3350 26 26 in
284 3349 41 25 the
341 3352 56 26 eyes
407 3343 27 25 of
455 3345 36 24 his
508 3342 78 27 fellow
597 3342 103 27 citizens,

53 3388 39 27 his
120 3386 126 27 behaviour
273 3392 31 19 on
329 3381 47 27 this
402 3378 82 33 trying
512 3376 108 28 occasion
653 3375 47 26 will

54 3425 42 22 not
120 3429 56 17 soon
195 3421 28 25 be
245 3420 128 30 forgotten.
420 3414 25 24 If
473 3414 39 24 the
539 3413 159 25 Government

54 3463 40 19 are
113 3454 124 33 oblivious,
260 3451 83 29 should
364 3449 41 25 the
425 3447 79 34 public
531 3448 28 24 Ik?
586 3453 25 17 so
639 3451 38 19 too
687 3447 10 23 ?

53 3490 45 26 We
107 3495 78 28 regret
195 3493 25 21 to
231 3496 41 25 say
284 3487 53 25 that
347 3486 24 24 in
383 3483 56 25 thus
451 3482 83 32 saving
551 3482 43 25 life
604 3481 29 25 he
650 3488 36 17 sus-

51 3524 82 26 tained
143 3524 87 26 serious
241 3523 90 25 bruises
341 3519 46 26 and
398 3517 105 31 injuries.
537 3517 21 25 \\
567 3518 82 24 emust
658 3519 40 21 not

51 3558 207 29 ortitto-mention
270 3556 53 24 that
334 3555 40 25 Dr.
387 3554 47 24 Lee
446 3561 47 16 was
505 3555 61 21 most
577 3550 122 25 assiduous

53 3596 26 24 in
89 3593 124 32 rendering
230 3590 51 27 able
298 3586 155 37 professional
470 3587 129 24 assistance
618 3588 24 21 to
659 3583 39 25 the

53 3629 107 26 sufferers
171 3636 26 17 as
207 3627 57 33 they
275 3633 61 18 were
347 3622 102 28 rescued.

83 3728 51 26 The
145 3730 77 24 cutter
233 3724 137 29 Volunteer,
381 3723 52 25 that
446 3728 50 18 was
506 3718 74 34 lately
592 3716 106 28 wrecked

52 3770 25 20 at
89 3764 78 30 Fox's,
177 3763 44 24 has
230 3763 57 24 been
299 3764 40 29 got
350 3759 38 30 off,
398 3757 44 27 and
451 3755 71 27 sailed
530 3759 24 21 to
563 3755 40 25 the
612 3752 85 28 Buller.

53 3797 87 27 Whilst
152 3798 64 26 there
227 3797 41 25 she
279 3794 95 34 shipped
385 3802 14 16 a
410 3800 50 18 new
473 3794 69 26 mast,
550 3794 34 21 set
596 3797 31 25 up
635 3789 62 24 fresh

53 3832 110 32 standing
173 3831 99 33 rigging,
284 3827 129 35 completed
429 3825 88 35 repairs
535 3831 123 25 necessary
674 3827 25 21 to

53 3869 40 24 the
104 3866 49 26 hull
171 3865 45 26 and
228 3865 19 25 is
258 3872 52 17 now
322 3864 23 24 in
363 3869 71 24 every
450 3864 90 28 respect
559 3866 24 18 as
595 3860 74 23 smart
685 3865 13 16 a

53 3902 53 26 boat
118 3909 25 17 as
156 3900 68 26 when
236 3898 41 26 she
289 3897 45 27 last
341 3897 45 26 left
394 3897 40 24 the
446 3894 134 26 Manukau.
597 3891 101 32 Though

53 3938 41 25 she
105 3940 41 30 got
157 3944 13 17 a
188 3933 148 28 tremendous
354 3930 119 37 pounding
489 3938 30 18 on
531 3929 39 25 the
583 3927 115 32 Brighton
704 3927 1 46 j

52 3972 77 26 rocks,
140 3971 41 25 she
198 3969 99 25 suffered
310 3976 30 16 no
350 3968 99 29 damage
466 3964 90 33 beyond
569 3963 100 30 starting
685 3970 13 16 a

53 4006 72 35 plank
135 4013 26 18 or
172 4008 55 28 two,
237 4002 46 26 and
295 4003 40 24 she
346 4001 20 25 is
378 4007 50 18 now
441 4006 26 18 as
479 3997 73 27 sound
563 4005 25 17 as
599 3997 40 25 the
649 3996 49 32 day
704 3993 1 48 |

53 4050 31 17 on
96 4039 76 28 which
183 4039 41 26 she
235 4046 49 17 was
294 4036 67 27 built.
393 4034 51 30 The
461 4034 122 26 fortunate
601 4031 84 34 purcha-

54 4084 49 18 sers
113 4076 26 26 of
150 4074 40 26 the
200 4071 110 28 so-called
321 4071 76 26 wreck
410 4076 59 19 were
482 4069 87 25 Messrs
580 4063 66 30 Blair
653 4067 45 24 and

54 4112 49 30 Co.,
119 4110 46 26 and
175 4118 14 17 a
199 4108 90 26 luckier
300 4110 98 23 venture
410 4105 55 32 they
477 4111 71 19 never
559 4102 74 26 made.

728 1247 401 49 CHARLESTON
1161 1245 213 49 ARGUS.

837 1371 191 31 SATURDAY,
1044 1371 101 26 APRIL
1163 1374 20 27 6,
1205 1372 62 23 1866.

727 1461 145 30 Through
896 1469 35 18 no
957 1458 103 38 exactly
1087 1458 143 39 explained
1253 1468 87 23 cause,
1360 1468 15 19 a

727 1506 70 27 most
809 1500 200 41 extraordinary
1023 1498 63 33 rush
1100 1501 29 30 of
1150 1500 157 40 population
1328 1501 47 30 lias

727 1547 80 29 taken
824 1545 74 41 place
915 1545 67 29 from
1005 1544 46 30 the
1072 1545 78 29 south
1173 1548 29 25 to
1225 1545 53 28 this
1305 1548 66 35 part.

729 1589 87 37 Every
829 1588 52 38 day
895 1597 57 19 sees
966 1591 112 25 streams
1092 1587 28 29 of
1134 1586 137 30 travellers
1287 1597 32 19 on
1330 1587 44 29 the

728 1630 64 31 road
818 1630 67 37 here,
913 1629 54 31 and
989 1629 76 31 when
1088 1630 46 31 the
1158 1628 84 32 inllux
1266 1629 54 31 will
1341 1630 32 30 be

728 1674 115 30 checked
857 1674 63 29 time
937 1674 76 29 alone
1027 1684 47 18 can
1088 1674 54 28 tell.
1177 1672 126 30 Business
1313 1683 61 19 men

728 1718 31 30 of
769 1717 35 31 all
818 1716 95 32 classes
925 1715 60 42 join
1008 1716 29 31 in
1050 1715 46 32 the
1110 1715 103 40 throng,
1238 1715 53 31 and
1311 1716 63 30 sites

729 1761 209 40 comparatively
960 1759 129 31 valueless
1116 1770 15 17 a
1151 1759 50 29 few
1217 1759 87 30 weeks
1324 1770 50 28 ago

729 1814 42 20 are
785 1812 60 22 now
860 1802 62 32 held
934 1805 26 27 at
983 1811 63 31 very
1070 1801 62 40 long
1145 1801 93 40 prices,
1261 1811 29 20 or
1309 1801 66 31 have

729 1848 66 28 been
811 1845 158 30 transferred
995 1856 35 19 on
1056 1845 93 39 highly
1176 1845 198 29 remunerative

729 1894 80 26 terms
820 1888 34 40 by
865 1888 47 32 the
923 1887 113 42 original
1047 1887 105 32 holders
1162 1891 28 27 t3
1201 1896 57 21 new
1267 1897 107 22 comers.

733 1932 50 30 We
797 1933 34 28 do
845 1935 48 26 not
910 1931 133 41 complain
1059 1931 29 30 of
1110 1931 45 28 the
1177 1930 142 39 irruption,
1341 1940 32 19 on

729 1975 45 30 the
788 1979 131 35 contrary,
941 1974 21 30 it
977 1977 71 27 must
1068 1973 85 30 afford
1167 1973 35 30 all
1227 1973 147 31 interested

728 2018 27 30 in
771 2029 52 27 any
838 2029 58 27 way
910 2018 27 29 in
951 2016 44 32 the
1011 2016 94 31 Pakilii
1120 2017 45 30 the
1174 2020 118 35 greatest
1301 2017 61 29 satis-

729 2062 108 34 faction,
865 2060 47 29 but
933 2063 28 26 at
975 2059 45 29 the
1042 2069 73 19 same
1138 2058 64 30 time
1216 2069 38 18 we
1278 2063 96 25 cannot

730 2103 62 43 help
815 2102 102 43 feeling
942 2101 184 33 considerable
1152 2101 108 41 anxiety
1286 2105 29 28 at
1340 2102 34 31 its

729 2148 172 31 suddenness.
948 2147 71 29 That
1041 2147 46 29 the
1107 2146 104 30 district
1232 2147 22 29 is
1267 2146 59 30 able
1347 2152 27 24 to

729 2191 130 31 maintain
872 2190 35 30 all
921 2190 58 30 that
992 2190 68 31 have
1073 2200 75 20 come
1161 2190 53 30 and
1228 2201 44 19 are
1286 2189 85 41 likely

729 2239 28 24 to
769 2244 75 21 come
858 2244 40 20 we
919 2232 66 31 have
1007 2243 33 19 no
1054 2232 93 37 doubt,
1171 2232 52 30 but
1241 2232 59 42 just
1312 2244 28 19 as
1360 2245 14 18 a

729 2278 93 39 steady
844 2277 102 30 shower
966 2277 29 29 of
1020 2276 100 30 several
1147 2275 81 31 hours
1251 2276 122 31 duration

728 2320 75 30 sinks
829 2320 58 30 into
909 2320 53 29 and
976 2319 121 30 enriches
1119 2319 46 29 the
1180 2319 83 37 earth,
1286 2320 54 30 and
1359 2332 14 18 a

729 2364 99 30 violent
851 2369 83 24 storm
958 2362 98 40 lasting
1074 2373 15 19 a
1109 2361 77 31 tenth
1201 2366 59 35 part
1282 2363 29 30 of
1329 2363 44 31 the

729 2410 65 28 time
808 2416 92 20 causes
913 2417 15 18 a
948 2404 73 30 Hood,
1039 2406 54 28 and
1106 2406 96 28 carries
1215 2415 75 32 away
1301 2417 72 20 acres

729 2450 31 31 of
770 2450 50 31 soil
832 2448 53 31 and
903 2448 70 35 seed,
995 2458 30 21 so
1037 2458 16 19 a
1075 2447 110 41 gradual
1209 2448 119 32 increase
1347 2451 28 29 of

729 2504 35 20 nu
775 2493 81 31 nbers
869 2491 90 32 would
971 2492 34 31 be
1019 2491 84 40 easily
1117 2491 141 37 allocated,
1282 2493 89 31 whilst

730 2537 28 30 in
781 2547 28 19 so
823 2537 71 37 large
908 2546 15 18 a
936 2535 63 29 rush
1021 2544 80 28 many
1114 2538 27 25 at
1163 2533 57 30 first
1233 2542 82 27 must,
1335 2547 39 19 we

729 2579 63 34 fear,
803 2582 70 26 meet
883 2577 64 30 with
956 2577 113 38 nothing
1077 2577 49 29 but
1136 2575 235 40 disappointment.

731 2622 50 29 We
795 2621 97 40 deeply
907 2624 84 35 regret
1004 2620 60 29 that
1077 2619 54 29 this
1148 2619 98 29 should
1261 2620 39 34 be,
1321 2622 52 29 and

728 2664 69 40 hope
820 2664 59 29 that
896 2672 48 21 our
967 2661 164 41 predictions
1150 2661 30 29 in
1194 2661 53 30 this
1268 2668 106 35 respect

729 2717 60 29 may
802 2716 80 29 prove
896 2709 103 26 untrue.
1039 2704 45 37 As,
1107 2704 132 38 however,
1262 2705 48 32 the
1329 2717 30 31 po-

729 2749 119 36 pulation
863 2749 23 27 is
900 2747 62 37 hre
962 2770 14 14 A
986 2747 22 28 it
1022 2747 100 37 clearly
1288 2759 31 29 ly
1338 2750 33 39 by

728 2782 36 34 all
778 2796 89 19 means
880 2786 30 29 in
923 2794 50 21 our
985 2793 96 29 power,
1096 2791 28 22 to
1138 2787 83 27 affora
1246 2787 76 30 fhem

714 2826 2 42 i
728 2829 115 39 possible
856 2828 155 33 assistance,
1024 2828 53 29 and
1099 2837 35 20 on
1147 2827 47 31 the
1214 2830 159 32 authorities

728 2873 27 29 in
770 2883 15 19 a
799 2875 76 37 great
887 2881 121 22 measure
1029 2870 126 31 devolves
1176 2871 47 30 the
1246 2874 113 39 responsi-

727 2915 88 40 bility.
852 2914 36 31 In
901 2915 47 31 the
967 2914 55 30 first
1044 2914 84 40 place,
1152 2915 66 30 with
1239 2917 132 31 reference

713 2956 2 39 i
727 2964 29 24 to
768 2958 48 30 the
830 2966 90 20 means
933 2957 30 28 of
973 2960 104 35 supprt,
1092 2956 73 29 there
1178 2958 69 29 need
1258 2959 31 29 be
1300 2959 72 31 little

713 2998 2 42 |
727 3000 92 35 alarm,
834 2999 128 41 provided
976 3009 90 21 means
1081 3004 28 27 to
1124 3002 104 29 extract
1242 3001 73 33 them
1327 3014 45 21 are

713 3043 2 34 I
727 3044 122 30 afforded.
910 3044 28 30 It
961 3043 22 30 is
1004 3044 98 30 known
1124 3044 62 30 that
1206 3044 76 33 there
1296 3048 23 29 is
1338 3058 33 19 an

713 3086 2 54 j
726 3088 95 30 almost
847 3086 154 31 untouched
1034 3091 92 26 extent
1158 3088 28 29 of
1221 3091 150 30 auriferous

713 3130 1 42 :
726 3135 113 37 country
863 3131 27 28 in
913 3130 46 30 the
988 3130 206 39 neighborhood,
1221 3133 59 31 that
1302 3134 23 29 is
1345 3138 27 26 at

726 3177 108 38 present
847 3173 154 40 practically
1015 3173 98 31 useless
1126 3174 115 41 through
1263 3181 73 27 want
1345 3178 30 30 of

726 3221 82 27 water
821 3220 28 26 to
862 3216 81 30 sluice
960 3217 47 29 the
1030 3217 76 30 earth
1133 3218 71 28 with.
1265 3220 106 31 Private

725 3260 146 41 enterprise
885 3260 47 29 has
946 3268 74 22 come
1035 3262 27 27 to
1076 3260 46 29 the
1145 3270 92 21 rescue
1251 3262 27 30 in
1298 3274 73 20 some

725 3314 127 26 measure,
867 3302 54 31 and
933 3302 45 30 the
996 3302 105 32 holders
1118 3303 31 31 of
1166 3314 72 22 races
1254 3305 116 33 hitherto

724 3346 169 30 constructed
906 3345 67 30 have
987 3345 96 42 reaped
1096 3346 99 39 golden
1208 3350 114 30 rewards
1329 3351 42 30 for

724 3390 69 30 their
805 3389 174 39 speculation.
1002 3389 56 31 The
1073 3399 129 30 company
1216 3401 59 20 now
1288 3393 82 31 about

724 3437 27 25 to
764 3441 152 22 commence
929 3432 151 38 operations
1095 3432 62 38 will,
1182 3443 34 20 no
1230 3434 92 36 doubt,
1336 3436 33 31 be

724 3479 69 26 most
806 3473 122 31 valuable
939 3478 29 26 to
981 3475 45 29 the
1040 3475 108 35 miners,
1162 3476 52 29 and
1228 3477 45 30 the
1282 3479 87 30 works

711 3516 1 41 I
724 3517 55 31 will
802 3528 81 28 prove
905 3516 94 41 highly
1012 3517 140 39 profitable
1174 3523 28 26 to
1216 3519 45 31 the
1280 3521 74 31 share-

711 3557 1 38 |
724 3561 113 31 holders,
863 3560 49 28 but
926 3559 35 29 all
984 3560 60 29 that
1066 3561 47 28 has
1140 3561 66 29 been
1228 3563 70 29 done
1312 3564 22 28 is
1354 3575 15 18 a

724 3613 70 20 mere
807 3602 66 40 drop
889 3601 26 30 in
930 3601 46 31 the
990 3601 99 31 bucket
1112 3602 78 32 when
1206 3604 45 30 the
1275 3616 77 21 neces-

722 3646 74 30 sities
810 3646 28 29 of
851 3655 28 19 so
898 3655 79 29 many
992 3645 147 31 thousands
1158 3657 43 20 are
1215 3649 81 30 taken
1310 3650 58 30 into

722 3688 202 31 consideration.
964 3688 56 29 The
1033 3689 95 30 winter
1140 3690 23 29 is
1173 3701 59 20 now
1242 3693 111 38 apprach-

722 3732 54 39 ing,
791 3731 46 30 the
851 3729 97 32 Pakihi
957 3740 101 28 season,
1070 3742 28 21 as
1112 3732 21 30 it
1143 3742 61 31 may
1214 3733 32 31 be
1258 3735 108 38 termed,

722 3776 49 29 but
785 3775 76 30 there
875 3775 23 29 is
911 3774 53 30 still
979 3775 65 29 time
1058 3776 39 30 for
1111 3776 110 40 making
1233 3778 133 38 provision

711 3817 1 43 I
722 3823 27 25 to
772 3827 89 20 secure
884 3817 52 29 and
962 3822 68 24 store
1054 3818 47 31 the
1115 3819 124 31 welcome
1263 3822 104 29 rainfall

722 3861 59 29 that
803 3860 63 29 then
881 3870 60 28 may
956 3859 32 30 be
1012 3862 136 40 expected,
1173 3873 27 19 as
1214 3863 61 30 well
1289 3874 29 19 as
1339 3867 29 26 to

722 3902 77 32 build
812 3902 66 31 such
893 3901 84 30 works
992 3912 29 21 as
1040 3914 61 30 may
1115 3903 32 31 be
1168 3915 140 30 necessary
1327 3907 41 30 for

722 3947 34 30 its
782 3945 181 32 distribution.
1023 3947 72 31 Such
1119 3959 34 20 an
1177 3949 189 41 undertaking,

722 3990 129 36 however,
879 3989 20 29 if
926 3989 100 29 carried
1051 3994 48 26 out
1120 4001 36 20 on
1178 4001 15 19 a
1214 3992 68 30 scale
1296 3992 71 40 large

722 4031 104 41 enough
841 4036 27 27 to
882 4042 80 30 prove
976 4032 28 31 of
1017 4034 121 31 material
1161 4036 98 30 service
1273 4041 27 26 to
1320 4037 47 32 the

720 4075 110 42 general
843 4076 71 41 body
927 4075 29 30 of
969 4076 107 36 miners,
1091 4078 89 31 would
1194 4079 32 30 be
1240 4082 127 30 attended

722 4120 64 29 with
809 4119 180 30 considerable
1012 4121 100 38 outlay,
1138 4133 79 26 more,
1245 4125 121 39 perhaps,

722 4162 64 30 than
801 4161 80 31 could
895 4161 31 30 be
948 4161 128 40 gathered
1099 4163 35 40 by
1157 4164 103 40 private
1286 4171 68 28 enter-

722 4206 71 39 prise
807 4205 28 30 in
851 4215 28 19 so
892 4204 74 31 short
979 4215 16 19 a
1008 4206 72 36 time,
1101 4207 53 29 and
1174 4210 22 28 it
1209 4209 122 32 becomes
1350 4222 15 18 a

722 4248 125 40 question
876 4258 29 20 as
929 4253 28 25 to
974 4248 119 32 whether
1115 4250 44 29 the
1187 4251 180 33 Government

722 4291 97 30 should
834 4295 46 26 not
904 4291 31 28 be
949 4291 85 31 called
1058 4303 33 18 on
1105 4296 29 26 to
1157 4295 77 30 assist
1249 4297 26 28 in
1296 4298 71 29 what

723 4333 88 30 would
829 4332 149 43 be'plainly
992 4338 27 26 to
1035 4335 45 29 the
1093 4340 59 25 vast
1166 4337 151 41 advantage
1338 4340 28 29 of

722 4389 29 19 so
764 4380 74 37 great
859 4388 15 19 a
894 4377 120 32 number.
1055 4378 31 30 In
1110 4378 120 33 Victoria
1251 4382 45 30 the
1317 4382 33 31 Go-

722 4425 139 26 vernment
876 4421 147 29 undertook
1038 4428 27 23 at
1079 4426 74 34 great
1166 4429 57 24 cost
1237 4427 44 28 the
1305 4437 45 19 con-

721 4464 130 31 struction
875 4463 30 30 of
927 4465 141 30 reservoirs
1089 4465 27 30 in
1133 4465 122 33 different
1268 4468 94 40 places,

722 4507 87 30 which
823 4506 154 41 ultimately
990 4507 68 33 have
1072 4511 99 37 proved
1185 4511 28 29 of
1234 4512 131 33 immense

721 4551 100 30 benefit
835 4554 28 26 to
875 4551 64 29 both
954 4552 45 30 the
1013 4552 97 30 miners
1131 4553 53 31 and
1199 4555 46 30 the
1265 4557 97 37 public,

721 4594 53 30 and
787 4593 66 31 have
866 4598 27 26 at
916 4594 44 30 the
974 4606 70 19 same
1058 4596 66 31 time
1144 4597 62 39 paid
1232 4599 132 32 excellent

723 4637 107 30 interest
844 4646 32 19 on
892 4637 46 31 the
952 4639 98 39 outlay.
1081 4639 88 32 There
1183 4641 22 30 is
1218 4652 34 19 110
1261 4652 102 26 reason,

722 4680 56 31 that
793 4692 39 18 we
852 4691 48 20 can
915 4692 54 27 see,
982 4683 61 38 why
1058 4683 45 30 the
1118 4683 103 31 Nelson
1244 4685 103 32 Govern-

720 4728 73 24 ment
806 4723 95 31 should
915 4727 48 26 not
977 4724 91 30 follow
1081 4735 29 19 so
1124 4725 89 41 bright
1227 4737 33 19 an
1274 4739 71 19 exam-

721 4766 50 39 ple,
798 4766 60 37 and,
882 4776 30 20 as
926 4777 33 19 011
973 4768 47 31 the
1036 4768 105 35 Pakihi,
1169 4769 87 31 where
1270 4771 23 29 it
1312 4782 50 20 can

720 4809 32 30 be
765 4809 100 39 proved
879 4808 104 41 beyond
997 4810 35 31 all
1056 4810 151 42 possibility
1221 4813 28 30 of
1268 4813 92 39 doubt,

719 4853 58 29 that
792 4863 15 19 a
820 4857 81 25 water
914 4853 97 40 supply
1026 4855 87 30 would
1129 4855 111 42 develop
1254 4867 14 19 a
1291 4858 71 39 large

718 4895 149 31 auriferous
898 4895 114 36 district,
1045 4897 45 29 the
1124 4899 178 31 construction
1334 4902 28 28 of

718 4940 82 28 water
826 4937 87 30 works
938 4940 122 28 becomes
1086 4950 33 18 an
1145 4940 112 30 obvious
1283 4942 76 39 duty.

719 4980 81 30 Aside
814 4979 69 31 from
897 4980 53 31 this
964 4980 68 31 view
1043 4982 27 29 of
1083 4982 45 30 the
1141 4982 132 40 question,
1285 4984 75 32 there

717 5024 22 30 is
764 5036 15 17 a
805 5024 77 38 profit
909 5025 54 30 and
986 5026 52 28 loss
1061 5031 110 25 account
1186 5031 28 26 to
1229 5027 31 29 be
1276 5027 81 32 taken

716 5066 57 29 into
786 5066 194 31 consideration
994 5068 27 28 in
1033 5068 161 29 connection
1208 5069 66 29 with
1293 5071 66 28 such

715 5118 34 19 an
763 5108 182 39 expenditure.
1003 5110 39 27 As
1057 5120 15 18 a
1093 5120 72 19 mere
1191 5112 166 29 commercial

714 5151 168 38 speculation
899 5151 21 29 it
934 5151 88 29 would
1044 5161 52 31 pay
1110 5151 104 39 beyond
1237 5157 106 35 expecta-

714 5193 65 36 tion,
798 5194 40 28 for
851 5199 47 23 not
912 5194 62 38 only
989 5194 88 29 would
1092 5195 96 29 miners
1201 5195 92 33 gladly
1307 5205 49 30 pay

715 5236 40 28 for
767 5236 65 29 such
847 5240 80 26 water
939 5246 30 20 as
982 5236 64 38 they
1060 5236 73 37 used,
1147 5236 48 30 but
1209 5238 45 29 the
1272 5238 85 30 result
1368 5236 4 40 [

713 5278 28 30 of
753 5278 69 31 their
835 5279 75 30 labor
932 5280 27 29 in
974 5279 46 31 the
1042 5280 80 39 shape
1136 5280 27 29 of
1183 5280 64 40 gold
1268 5281 87 30 would
1367 5278 4 42 f

712 5322 149 28 contribute
887 5326 27 24 to
938 5323 44 27 the
1004 5326 116 25 customs
1143 5333 113 19 revenue
1271 5324 26 28 in
1319 5335 33 18 an

712 5373 140 22 enormous
865 5363 102 41 degree.
1007 5364 48 31 We
1068 5375 45 21 aio
1126 5364 128 44 perfectly
1268 5376 85 20 aware

712 5407 55 29 that
783 5408 85 30 works
883 5408 27 29 of
933 5408 154 36 magnitude
1110 5409 129 31 sufficient
1259 5411 39 29 for
1317 5411 35 29 all

1398 137 67 29 ends
1479 147 47 19 cuu
1531 138 19 29 J
1564 141 48 26 not
1624 139 31 29 be
1669 139 167 29 commenced
1857 139 35 37 by
1906 138 43 30 the
1971 140 45 27 Pro-

1399 179 94 28 vincial
1516 179 140 30 Executive
1683 181 113 28 without
1817 181 44 28 the
1875 185 110 24 consent
2005 181 26 28 of

1398 221 47 30 the
1460 221 117 36 Council,
1591 222 48 30 but
1652 223 55 30 this
1728 227 106 25 consent
1848 234 55 25 can,
1928 233 38 19 we
1986 223 30 29 be-

1399 263 73 35 lieve,
1488 263 44 29 wit
1538 268 58 24 lout
1609 264 128 39 difficulty
1752 264 31 29 be
1797 266 134 34 obtained,
1950 265 22 28 if
1990 266 44 27 the

1399 304 130 31 members
1541 306 77 29 about
1642 311 27 25 to
1683 307 31 29 be
1740 306 101 30 elected
1861 316 45 21 are
1928 306 59 30 able
2007 311 27 25 to

1399 348 107 38 explain
1521 347 40 29 the
1573 349 118 37 grounds
1705 360 32 17 on
1753 349 86 29 which
1862 350 21 28 it
1898 349 22 29 is
1939 348 92 31 asked.

1436 389 57 30 The
1507 389 101 30 Cotncil
1625 391 53 29 will
1693 395 70 25 meet
1787 395 60 25 next
1861 391 100 37 month,
1982 390 51 30 and

1399 442 29 19 so
1441 442 35 19 110
1490 442 68 30 grea;
1570 433 76 38 delay
1660 433 66 30 need
1740 433 63 30 take
1816 433 72 39 place
1904 434 26 29 in
1953 443 68 20 ascer-

1399 475 105 38 taining
1518 475 36 29 its
1563 475 76 29 views
1653 485 32 19 on
1704 475 54 29 this
1782 476 83 37 point.
1918 476 74 29 Even
2014 476 21 28 if

1401 518 63 38 they
1479 528 66 19 were
1557 522 41 26 not
1610 518 100 39 willing
1721 520 28 28 to
1758 518 108 30 commit
1876 518 158 31 themselves

1400 564 27 26 to
1440 571 52 29 any
1506 570 62 29 very
1579 560 67 40 Urge
1660 560 200 40 responsibility
1874 561 63 38 they
1950 562 83 38 might

1400 607 27 24 at
1440 602 66 30 least
1522 603 30 29 be
1565 603 96 38 wiling
1674 607 28 25 to
1712 607 133 25 construct
1858 604 139 29 reservoirs
2008 605 26 27 in

1399 645 113 30 suitable
1526 645 87 39 places,
1629 647 68 29 from
1716 645 83 29 which
1814 645 97 30 miners
1925 650 27 24 at
1965 645 69 30 their

1400 699 59 19 own
1474 691 57 27 cost
1544 688 49 29 and
1603 694 25 24 at
1653 688 68 30 fixed
1744 691 68 27 rates
1833 687 88 41 might
1944 689 90 30 obtain

1400 730 64 31 such
1477 732 115 39 supplies
1600 743 29 20 as
1642 741 69 21 were
1725 741 144 31 necessary.
1909 730 56 31 The
1979 735 55 26 cost

1401 775 30 31 of
1441 775 64 30 such
1519 774 82 33 would
1619 779 47 27 not
1679 776 33 29 be
1735 777 73 38 great
1821 776 27 29 in
1869 773 54 31 this
1947 775 75 39 neigh-

1400 818 125 36 borhood,
1541 819 45 30 ani
1601 819 69 30 their
1683 817 91 39 utility
1789 817 87 31 would
1899 816 30 31 be
1954 819 68 30 incal-

1400 861 110 29 culable.
1606 859 140 32 commend
1759 860 45 30 the
1824 860 104 38 subject
1943 863 29 27 to
1991 861 45 29 the

1400 903 191 31 consideration
1616 904 32 30 of
1671 904 44 28 the
1742 904 97 38 public,
1864 903 52 29 and
1940 903 27 29 in
1991 904 45 29 the

1400 946 156 30 meanwhile
1566 947 84 30 would
1665 947 168 30 recommend
1855 946 46 29 the
1921 946 116 30 electors

1401 992 28 27 to
1443 989 72 30 elicit
1526 990 89 38 clea-ly
1629 990 68 28 from
1708 989 34 29 all
1753 989 151 29 candidates
1915 988 41 30 for
1963 988 70 30 their

1400 1033 130 37 suffrages
1543 1032 62 29 wlnt
1619 1032 69 29 their
1701 1031 109 40 opinion
1833 1042 34 19 on
1883 1031 53 29 this
1957 1032 80 39 point

1401 1075 29 34 is,
1445 1074 55 30 and
1516 1074 69 29 what
1599 1075 63 38 they
1675 1084 45 20 are
1742 1073 117 31 inclined
1873 1077 27 26 to
1919 1084 63 28 urge
1993 1073 44 30 the

1403 1116 182 32 Gouernmcnt
1596 1120 27 27 to
1637 1125 73 30 carry
1724 1120 55 26 out.

1437 1252 157 38 Candidate}
1615 1255 28 27 at
1664 1252 47 31 the
1735 1251 89 31 Buller
1846 1262 98 29 appear
1957 1255 29 26 to
2006 1252 32 29 be

1401 1301 89 35 pretty
1511 1299 146 33 numerous,
1671 1295 49 29 but
1740 1305 63 19 over
1828 1295 112 30 Cobden
1963 1294 75 31 there

1401 1338 94 31 broods
1509 1348 33 19 an
1556 1347 113 21 onrnous
1683 1337 104 30 silence.
1828 1336 39 40 By
1877 1337 109 30 Cobden
2001 1347 37 18 we

1401 1392 84 26 mean,
1509 1381 29 29 of
1556 1392 93 24 coirse,
1671 1381 47 29 the
1740 1379 108 31 Pakihis
1873 1380 53 29 and
1953 1379 84 35 Fox's,

1400 1426 41 30 for
1455 1426 27 29 in
1497 1425 59 29 that
1568 1424 98 30 district
1682 1434 43 20 are
1738 1423 74 31 these
1826 1423 53 29 real
1892 1425 106 28 centres
2012 1421 26 31 of

1401 1468 155 41 population
1580 1467 127 30 iicluded.
1748 1465 46 30 Mr
1813 1465 27 29 T.
1857 1466 83 28 Dwan
1955 1465 30 35 is,
2001 1475 37 19 we

1401 1511 71 37 hear,
1488 1521 15 19 a
1524 1509 141 39 candidate,
1679 1508 53 31 and
1752 1506 46 31 has
1822 1507 61 30 held
1899 1506 138 40 meetings,

1400 1555 85 30 where
1512 1554 42 30 his
1579 1553 118 39 opinions
1711 1561 64 20 were
1802 1554 71 25 most
1899 1551 137 38 favorably

1399 1596 129 32 received.
1552 1595 47 30 Mr
1616 1594 136 39 Hennelly
1773 1593 22 28 is
1817 1592 102 41 spoken
1935 1593 30 29 of
1982 1603 28 18 as
2023 1604 15 18 a

1400 1639 128 42 probable
1554 1644 99 25 starer.
1707 1636 40 30 Mr
1771 1635 98 31 Donne
1895 1645 71 21 woos
1992 1635 46 30 the

1401 1684 129 36 Brighton
1544 1692 98 30 peope,
1653 1681 49 29 but
1716 1679 101 38 beyond
1830 1679 78 30 these
1919 1689 41 19 we
1972 1679 66 28 have

1399 1738 35 21 no
1448 1726 59 41 sign
1521 1736 6 28 ;
1547 1735 37 20 we
1598 1725 62 40 lppe
1674 1722 85 33 beforc
1770 1720 47 32 the
1831 1722 64 30 time
1910 1720 30 32 of
1951 1722 67 30 nomi-

1399 1771 101 33 nation,
1522 1778 58 19 now
1608 1768 59 38 only
1689 1776 68 21 som3
1770 1767 45 26 ten
1839 1766 65 37 days
1927 1764 109 36 distant,

1399 1823 75 20 some
1487 1816 104 36 greater
1603 1811 69 40 signs
1687 1809 30 31 of
1727 1806 112 42 political
1854 1806 108 40 vitality
1977 1816 60 30 may

1401 1856 31 27 be
1447 1854 163 29 manifested.

1435 1899 55 30 The
1516 1900 71 27 want
1609 1896 26 32 of
1661 1898 94 38 stamps
1776 1893 24 32 is
1823 1893 103 41 greatly
1940 1893 48 31 felt
2007 1893 28 32 in

1399 1940 163 42 (jjtorieston,
1590 1940 40 30 for
1648 1948 36 29 np
1710 1942 26 26 to
1756 1937 46 30 the
1828 1940 107 36 present
1960 1937 73 36 time,

1398 1984 106 41 though
1533 1983 71 39 large
1630 1981 120 31 transfers
1776 1979 29 30 of
1831 1983 127 37 property
1983 1981 52 29 and

1399 2029 76 29 other
1525 2027 132 28 business,
1689 2022 172 33 transactions
1902 2024 135 38 requiring

1398 2074 101 35 stamps
1521 2078 44 20 are
1590 2069 128 37 frequent,
1731 2067 31 27 iio
1776 2075 49 19 one
1840 2064 22 29 is
1875 2064 118 30 licensed
2009 2069 28 25 to

1400 2114 56 38 sell,
1470 2112 52 32 and
1536 2113 46 30 the
1602 2118 187 33 conseqiences
1807 2118 59 29 may
1880 2107 32 32 be
1926 2108 111 32 ruinous

1398 2163 28 24 to
1439 2167 79 21 some.
1559 2156 95 38 Surely
1665 2154 22 30 if
1703 2153 43 30 the
1761 2153 51 29 Act
1825 2152 22 29 is
1861 2161 28 21 so
1903 2153 133 39 stringent

1398 2212 33 19 011
1454 2201 47 30 the
1524 2198 97 42 public,
1636 2198 44 29 the
1700 2196 178 31 Government
1889 2195 99 31 should
2002 2196 33 31 be

1398 2242 146 41 compelled
1558 2245 28 26 to
1600 2241 83 30 afford
1692 2248 75 30 3very
1780 2238 104 41 facility
1894 2242 28 25 to
1934 2239 99 39 people,

1390 2280 1 41 !
1399 2287 27 31 in
1440 2287 80 30 order
1532 2290 26 26 to
1581 2283 75 31 allow
1672 2284 67 30 tlern
1753 2287 27 25 to
1794 2281 105 40 comply
1910 2282 66 30 with
1989 2283 46 30 the

1398 2331 57 36 law,
1470 2329 52 30 and
1543 2327 96 31 should
1653 2335 50 28 not,
1717 2325 87 29 whilst
1818 2325 65 29 with
1896 2334 50 20 one
1965 2326 71 29 hand

1400 2372 169 38 threatening
1587 2370 77 40 pains
1683 2367 49 33 and
1754 2367 138 41 penalties,
1910 2368 64 32 with
1987 2368 49 32 the

1398 2417 78 30 other
1489 2413 127 32 withhold
1626 2413 43 30 the
1678 2421 87 20 means
1776 2412 28 29 of
1816 2410 127 42 avoiding
1952 2412 81 29 them.

1398 2459 71 40 Why
1495 2461 48 27 not
1567 2455 191 41 supply.every
1784 2458 159 36 postmaster
1968 2455 65 30 with

1398 2503 75 31 these
1487 2512 28 20 as
1529 2500 64 30 with
1606 2498 74 48 otheji
1687 2501 106 37 stamps,
1807 2497 52 30 and
1873 2497 77 31 make
1963 2498 72 30 them

1398 2543 160 43 responsible
1736 2541 64 30 sale.
1859 2540 56 30 The
1941 2540 94 39 Stamp

1398 2588 53 31 Act
1473 2588 23 30 is
1510 2587 45 30 the
1571 2588 94 37 greate!
1668 2582 4 43 1
1672 2594 5 20 ;
1689 2582 69 42 legal
1781 2582 118 39 iniquity
1912 2587 55 34 out,
1983 2594 53 28 any

1398 2641 59 27 way
1479 2631 35 28 its
1537 2629 135 39 operaticu
1681 2626 66 30 need
1759 2627 50 28 not
1828 2625 33 29 be
1874 2626 76 29 made
1965 2636 70 20 more

1397 2672 146 30 obnoxious
1558 2671 36 38 by
1607 2662 106 50 neg&ct.

1434 2716 39 30 As
1488 2713 180 33 considerable
1673 2709 244 41 misapprehension
1931 2709 48 31 has
1993 2721 28 19 ex-

1396 2758 70 31 iatftd
1474 2758 34 31 in.
1518 2745 171 55 rgferepcagk
1701 2754 45 30 the
1757 2753 182 43 qualification
1952 2756 27 26 at
1988 2753 47 30 the

1398 2793 48 33 fort
1717 2804 39 20 we
1767 2800 68 33 'may
1849 2797 41 26 set
1903 2794 45 30 the
1962 2804 60 29 ques-

1397 2840 57 29 tion
1477 2845 27 25 at
1737 2837 56 30 The
1807 2836 139 39 following
1958 2836 80 30 letter

1398 2892 52 21 was
1715 2878 136 31 memorial
1875 2878 160 38 committee,

1397 2930 26 25 at
1437 2925 144 40 Westport,
1595 2935 17 20 a
1624 2917 70 36 weei
1717 2933 29 21 or
1767 2932 28 20 so
1816 2934 48 28 ago
1878 2923 28 29 in
1920 2922 73 39 reply
2007 2925 30 28 to

1397 2968 133 39 enquiries
1541 2978 34 20 on
1586 2967 54 29 this
1649 2965 61 30 hid
1762 2964 2 43 I
1764 2964 274 40 "Superintendent's

1397 3011 90 37 Office,
1500 3012 108 33 Nelson,
1709 3007 102 40 March,
1828 3007 170 34 1807.Sir,

1398 3058 11 28 I
1433 3056 66 29 have
1522 3057 44 28 the
1727 3052 188 39 acknowledge
1929 3052 47 30 the
1994 3064 29 19 re-

1396 3100 70 39 ceipt
1487 3098 31 31 of
1536 3109 67 30 your
1624 3099 74 30 loiter
1706 3095 166 42 .forwarding
1887 3107 15 18 a
1915 3096 79 30 series
2008 3095 30 32 of

1396 3142 159 31 resolutions
1569 3141 93 40 passed
1673 3143 25 27 at
1711 3149 16 20 a
1740 3139 91 39 public
1843 3139 119 39 meeting
1975 3139 62 30 held

1395 3191 27 26 at
1437 3186 142 40 Westport,
1594 3196 35 20 on
1652 3183 41 33 <he
1717 3182 65 30 18th
1795 3182 109 32 instant.
1946 3182 33 30 In
1993 3193 28 21 re-

1395 3229 52 42 ply,
1473 3229 14 30 I
1510 3229 66 30 have
1597 3233 29 24 to
1649 3230 69 33 rtate,
1734 3226 65 36 first,
1816 3226 59 30 that
1888 3225 107 31 holders
2009 3226 28 30 of

1395 3271 104 31 miners'
1513 3271 85 40 rights
1611 3270 53 30 and
1675 3268 118 31 business
1807 3269 112 30 licenses
1933 3279 43 19 are
1990 3279 30 20 en-

1394 3315 79 31 titled
1495 3318 29 28 to
1547 3316 62 29 vote
1633 3315 28 28 at
1671 3312 43 31 the
1728 3312 180 39 forthcoming
1921 3311 114 32 election

1395 3358 28 31 of
1442 3368 16 20 a
1471 3356 117 32 member
1602 3356 29 31 of
1653 3355 41 31 the
1715 3355 151 30 Provincial
1882 3355 113 31 Council
2009 3355 28 29 of

1395 3401 102 30 Nelson
1520 3400 40 30 for
1583 3400 48 30 the
1654 3398 87 31 Buller
1761 3399 121 36 district;
1915 3397 63 33 2nd,
1992 3398 45 30 the

1395 3443 132 30 Electoral
1543 3442 62 31 Roll
1627 3442 22 30 is
1664 3445 41 27 not
1718 3441 132 39 compiled
1866 3441 35 39 by
1915 3441 45 29 the
1976 3441 45 29 Pro-

1393 3484 96 32 vincial
1514 3485 197 38 Government;
1753 3483 58 36 3rd,
1835 3482 161 33 freeholders
2009 3489 28 24 at

1394 3529 139 39 Westport
1557 3528 67 30 have
1655 3527 48 30 hta
1733 3538 34 19 an
1796 3526 178 41 opportunity
2008 3527 28 29 of

1393 3570 163 39 registering
1571 3570 71 30 their
1664 3570 75 29 clams
1760 3574 28 24 to
1808 3574 69 24 vote.
1927 3568 53 29 For
1994 3569 26 29 in-

1392 3612 145 31 formation
1550 3623 27 20 as
1588 3615 30 28 to
1629 3611 47 32 the
1685 3611 78 32 mode
1776 3611 29 31 of
1818 3611 161 39 conducting
1992 3611 44 30 the

1395 3656 94 31 Buller
1510 3656 123 36 election,
1655 3656 15 29 I
1691 3657 71 28 must
1784 3652 70 33 refer
1875 3664 52 29 you
1950 3659 28 25 to
1991 3655 46 30 the

1393 3699 139 38 returning
1550 3699 97 35 officer,
1661 3696 37 31 Mr
1713 3697 177 40 Kynnersley.
1893 3697 52 29 I
1960 3697 76 33 have,

1392 3742 55 37 ifcc.,
1475 3741 26 31 J.
1517 3741 40 31 W.
1582 3734 147 41 Barniciat,
1750 3739 101 43 Acting

1393 3785 117 39 meeting
1530 3785 28 32 of
1581 3784 45 31 the
1649 3783 163 31 inhabitants
1826 3793 52 20 was
1899 3782 136 32 convened

1393 3839 35 19 on
1442 3828 36 29 its
1492 3828 106 39 receipt,
1610 3826 53 31 and
1677 3826 41 30 the
1727 3826 143 30 document
1878 3826 54 30 laid
1946 3826 89 30 before

1391 3871 80 34 them,
1487 3870 78 31 when
1593 3870 45 29 the
1660 3869 121 39 majority
1802 3869 30 28 of
1842 3868 76 30 those
1932 3875 105 32 present

1391 3924 73 19 came
1490 3918 27 26 to
1544 3913 46 31 the
1613 3911 149 32 conclusion
1776 3911 70 35 that,
1868 3911 84 31 under
1977 3911 59 32 that

1392 3957 96 39 ruling,
1525 3967 52 28 any
1604 3956 91 30 holder
1715 3956 28 28 of
1778 3956 106 29 miners'
1910 3956 71 39 right
2007 3967 30 19 or

1391 3998 125 33 business
1538 4000 99 30 license
1659 3997 73 31 could
1750 4002 66 26 vote.
1871 3998 79 30 Since
1973 3998 63 30 then

1391 4054 39 19 we
1452 4044 69 30 have
1545 4042 53 31 had
1627 4051 33 21 an
1682 4042 174 42 opportunity
1875 4040 32 32 of
1928 4041 109 41 making

1391 4086 134 41 enquiries
1537 4087 28 30 of
1579 4086 42 31 Mr
1640 4085 176 42 Kynnersley,
1831 4085 45 30 the
1897 4087 140 39 returning

1391 4131 96 31 officer,
1501 4131 54 29 and
1568 4131 60 28 that
1639 4129 148 39 gc-nfcleman
1797 4132 82 25 states
1892 4129 144 38 positively

1391 4171 68 36 that,
1473 4171 87 32 under
1571 4171 46 31 the
1631 4172 58 36 Act,
1703 4171 31 29 he
1744 4180 48 20 can
1804 4169 59 41 only
1877 4171 99 31 receive
1991 4171 46 31 the

1391 4220 73 25 votes
1478 4216 28 29 of
1519 4215 77 30 those
1610 4225 34 19 on
1659 4215 42 29 the
1716 4213 59 36 roll,
1789 4225 30 18 or
1833 4214 44 29 the
1891 4214 105 30 holders
2010 4217 28 27 of

1391 4257 120 33 business
1534 4257 113 32 licenses
1668 4268 27 19 or
1717 4257 105 30 miners'
1837 4256 85 40 rights
1946 4257 28 29 of
1995 4258 41 30 six

1390 4301 117 30 months'
1522 4301 135 38 standing.
1697 4301 43 29 On
1761 4300 60 32 this,
1837 4300 33 28 he
1884 4299 55 30 will
1953 4305 42 24 act
2009 4302 26 27 in

1391 4343 44 30 the
1457 4342 181 39 forthcoming
1660 4334 133 42 elections,
1808 4341 55 30 and
1884 4341 78 31 those
1976 4353 46 19 con-

1390 4386 95 32 cerned
1500 4389 73 29 must
1593 4385 33 32 be
1641 4385 128 41 prepared
1784 4389 30 27 to
1827 4385 100 31 submit
1941 4390 26 26 to
1981 4386 54 31 this

1390 4433 62 24 test.

1427 4471 54 30 The
1504 4475 71 27 want
1597 4471 30 31 of
1649 4482 32 19 an
1707 4470 118 31 addition
1841 4473 30 27 to
1890 4470 44 30 the
1949 4470 85 42 police

1389 4517 71 29 force
1474 4515 62 30 here
1553 4516 22 29 is
1585 4526 73 20 more
1680 4516 53 33 and
1745 4525 71 20 more
1825 4515 51 30 felt
1884 4525 77 27 every
1975 4516 59 38 day,

1377 4557 1 40 j
1389 4561 41 28 for
1443 4559 101 38 though
1563 4559 45 29 the
1627 4559 154 38 population
1794 4558 23 30 is
1836 4559 150 38 increasing
2006 4569 28 18 so

1389 4603 94 38 vastly,
1497 4601 45 29 the
1555 4603 122 39 strength
1688 4602 28 28 of
1730 4602 44 29 the
1789 4601 85 40 police
1888 4601 23 31 is
1925 4600 52 32 left
1991 4601 43 29 the

1389 4656 71 20 same
1481 4655 28 20 as
1533 4644 20 29 it
1568 4653 53 22 was
1642 4655 71 20 some
1735 4644 95 30 month
1853 4654 29 20 or
1904 4648 52 26 two
1976 4655 57 29 ago.

1389 4690 47 28 We
1449 4688 67 29 have
1530 4688 91 29 before
1634 4688 90 31 stated
1737 4688 59 29 that
1806 4687 144 38 rowdyism
1965 4687 21 30 is
2000 4688 34 37 by

1388 4741 35 20 no
1446 4740 91 19 means
1560 4739 165 28 uncommon,
1740 4730 49 29 but
1812 4730 20 29 it
1846 4729 22 30 is
1881 4733 28 25 at
1928 4734 106 34 present

1387 4773 97 30 absurd
1497 4776 28 25 to
1545 4776 114 35 attempt
1681 4779 27 24 to
1722 4773 70 39 quell
1807 4773 20 28 it
1841 4772 66 30 with
1926 4773 44 28 the
1984 4773 50 29 few

1385 4827 62 20 men
1469 4825 58 22 now
1554 4817 146 38 appointed
1720 4817 41 29 for
1773 4815 46 31 the
1834 4825 123 30 purpose.

1427 4860 50 30 We
1497 4858 66 31 have
1578 4870 32 18 on
1625 4860 122 38 previous
1760 4859 133 30 occasions
1918 4858 114 31 referred

1385 4906 29 25 to
1429 4902 47 31 the
1498 4902 145 38 quantities
1655 4902 32 36 (>f
1706 4902 58 30 coal
1778 4901 59 30 that
1851 4901 78 29 could
1943 4902 31 28 be
1987 4907 46 33 got

1385 4954 33 19 on
1432 4944 45 29 the
1503 4944 113 33 Pakihis,
1634 4945 45 29 but
1694 4945 126 30 wehave
1834 4947 46 25 not
1893 4954 37 27 up
1944 4946 28 26 to
1987 4944 45 28 the

1386 4990 103 37 [resent
1502 4986 64 32 time
1580 4987 65 30 been
1659 4987 58 30 able
1731 4978 29 39 ti>
1773 4985 46 31 tell
1832 4985 32 30 of
1872 4985 68 30 their
1951 4984 81 42 being

1385 5031 115 29 utilised.
1540 5031 51 28 We
1611 5042 45 19 are
1668 5031 62 38 glad
1749 5035 31 29 sto
1793 5040 46 28 say
1853 5029 58 29 tint
1932 5029 43 29 Mr
1989 5029 39 30 11.

1385 5072 82 29 Mann
1481 5072 46 29 has
1541 5082 67 29 gone
1622 5072 90 39 boldly
1726 5065 59 52 iujto
1799 5072 45 28 the
1864 5075 101 31 matter,
1978 5071 51 29 and

1382 5114 47 29 has
1451 5113 53 30 had
1524 5117 113 34 granted
1660 5119 26 25 to
1711 5106 56 38 lvUi
1792 5112 148 39 protection
1962 5112 41 28 for
2015 5122 15 18 a

1382 5156 68 30 lease
1474 5156 28 29 of
1527 5157 48 28 five
1601 5166 81 28 acres,
1711 5155 95 32 within
1831 5156 47 29 five
1878 5154 4 40 1
1907 5154 122 31 hundred

1380 5198 82 41 yards
1486 5198 31 29 of
1537 5199 52 29 this
1612 5199 80 37 office,
1709 5189 42 42 f'iV
1773 5198 57 30 coal
1853 5198 102 38 mining
1968 5208 46 28 pur-

1382 5250 80 29 poses.
1504 5241 27 29 It
1553 5241 22 29 is
1600 5241 116 31 situated
1731 5234 37 41 K-
1791 5241 45 28 the
1850 5240 67 30 back
1932 5239 30 30 of
1982 5239 45 31 the

1380 5283 91 40 Camp,
1486 5283 50 31 and
1552 5283 43 30 the
1620 5285 110 33 mineral,
1752 5283 88 31 shows
1860 5282 165 39 abundantly

1380 5326 25 28 i-t
1421 5337 79 26 every
1515 5337 15 27 p
1540 5331 33 24 irt
1587 5326 30 28 of
1627 5329 44 27 the
1685 5326 116 39 granted
1814 5326 111 37 ground.
1976 5325 50 29 We

1378 5368 129 40 sincerely
1530 5368 68 42 hope
1622 5370 59 30 tL.it
1708 5369 44 31 the
1781 5367 165 41 speculation
1965 5376 61 31 may

1377 5422 78 28 prove
1481 5412 148 38 profitable,
1653 5414 52 29 and
1730 5406 61 40 tljat
1817 5413 35 37 by
1876 5412 36 29 its
1935 5422 90 19 means

2057 138 123 29 another*
2189 138 125 40 industry

2060 264 102 38 mining
2176 264 88 30 affairs
2278 264 117 30 distance

2060 352 88 25 recent
2160 348 162 31 illustration
2335 348 30 29 of
2373 349 44 30 the
2424 349 53 29 fact

2060 391 148 39 yesterday.
2261 392 24 28 A
2311 391 79 30 letter
2415 402 53 19 was

2063 436 123 35 Sergeant
2210 433 134 36 Franklin,
2360 434 85 30 officer
2462 435 28 28 in
2504 431 94 42 chafge
2608 438 27 25 at
2657 438 55 25 the'

2063 476 97 35 Buller,
2187 477 100 37 stating
2314 476 58 30 that
2398 487 15 18 a
2438 478 171 37 prospecting
2628 475 77 31 claim

2062 519 51 29 had
2139 518 64 30 been
2231 518 108 41 applied
2361 518 42 29 for
2425 524 27 24 at
2476 518 45 30 the
2536 518 141 38 Orawaite,
2691 530 15 18 a

2062 562 67 28 river
2155 572 14 17 a
2191 561 92 38 couple
2311 562 29 28 of
2365 561 75 29 miles
2468 571 28 19 or
2521 572 28 19 so
2577 562 76 28 north
2679 562 27 29 of

2066 603 138 38 Westport,
2220 603 51 29 and
2285 603 155 39 requesting
2450 603 125 39 Sergeant
2589 604 114 29 Hewson

2063 650 25 23 to
2102 645 60 29 take
2186 655 73 20 some
2283 645 86 30 action
2384 645 26 30 in
2426 647 156 28 connection
2597 645 64 29 with
2674 646 29 29 it.
2711 645 1 30 1

2062 687 61 31 This
2137 688 110 41 quickly
2260 689 80 29 oozed
2354 692 47 26 out
2410 689 35 38 by
2454 699 71 19 some
2543 698 98 21 means,
2654 688 52 30 and

2060 741 33 19 an
2119 731 158 34 impression
2303 734 29 26 at
2357 741 63 20 once
2446 736 46 36 got
2524 731 97 31 abroad
2648 731 59 29 that

2061 774 152 42 something
2226 784 65 30 very
2302 775 84 39 heavy
2400 774 51 31 had
2464 774 66 31 been
2542 774 162 31 discovered.

2064 819 23 28 A
2110 818 135 38 stampede
2260 822 39 25 set
2312 818 26 29 in
2354 822 28 26 at
2396 828 73 24 once,
2490 819 52 28 and
2563 818 47 29 the
2624 817 83 31 beach

2062 871 52 19 was
2137 860 74 30 lined
2234 861 27 28 in
2285 871 33 18 an
2341 860 69 30 hour
2433 871 29 19 or
2482 865 52 24 two
2549 861 65 28 with
2636 870 71 20 some

2063 903 137 30 hundreds
2222 904 28 28 of
2269 903 105 39 diggers
2387 903 122 40 wending
2527 903 68 29 their
2609 913 56 29 way
2678 906 28 26 to

2063 946 46 30 the
2123 957 57 18 new
2195 947 33 28 El
2244 947 113 28 Dorado.
2396 946 68 30 Now
2483 947 47 29 the
2544 946 84 30 whole
2641 950 50 25 mat-

2062 993 42 24 ter
2117 988 29 36 is,
2161 989 61 28 that
2245 999 17 19 a
2282 990 173 39 prospecting
2476 988 78 31 claim
2579 989 47 29 has
2643 989 63 29 been

2063 1031 107 40 applied
2184 1032 47 34 for,
2247 1031 53 30 and
2314 1031 58 30 that
2383 1031 93 39 people
2488 1030 95 31 should
2600 1042 33 19 on
2645 1031 62 30 such

2064 1083 65 30 very
2143 1074 75 29 small
2228 1073 180 39 justification
2419 1083 33 29 go
2466 1073 87 31 helter
2566 1073 101 31 skelter
2680 1077 28 27 to

2063 1127 16 19 a
2101 1116 93 30 Buller
2216 1116 64 30 rush
2299 1126 90 31 passes
2412 1126 47 20 our
2481 1115 226 41 comprehension.

2067 1160 44 29 We
2125 1158 67 32 have
2216 1160 98 30 known
2337 1170 80 28 many
2440 1159 88 31 Buller
2541 1160 100 34 rushes,
2655 1159 52 30 and

2064 1212 80 19 never
2156 1202 77 28 knew
2247 1212 16 19 a
2276 1202 68 37 good
2358 1212 50 19 one
2422 1205 65 35 yet;
2515 1202 21 28 if
2549 1202 54 28 this
2616 1212 93 28 proves

2064 1254 15 19 a
2102 1243 112 42 payable
2237 1253 57 26 one,
2320 1245 21 28 it
2365 1244 55 29 will
2443 1244 96 28 indeed
2560 1244 31 28 be
2614 1253 34 19 an
2669 1252 26 20 ex-

2057 1277 1 48 !
2067 1287 107 38 ception
2189 1291 27 25 to
2230 1297 14 18 a
2259 1286 118 31 hitherto
2391 1286 106 39 general
2511 1285 63 32 rule.

2106 1328 48 29 We
2168 1328 84 30 called
2267 1329 47 29 the
2327 1329 131 29 attention
2472 1328 29 29 of
2511 1329 43 28 the
2571 1328 90 39 public
2682 1327 27 30 in

2064 1381 49 19 our
2140 1371 124 38 previous
2288 1371 71 29 issue
2385 1374 29 26 to
2431 1371 48 31 .the
2493 1371 119 29 absolute
2626 1381 71 18 neces-

2064 1413 53 39 sity
2130 1413 30 29 of
2169 1412 142 42 providing
2325 1424 74 20 some
2422 1417 152 35 temporary
2595 1412 115 42 hospital

2064 1456 236 34 accommodation,
2314 1457 54 30 and
2381 1458 27 28 in
2433 1457 76 39 again
2535 1457 128 38 referring
2681 1460 29 25 to

2064 1499 45 29 the
2123 1503 72 25 want
2218 1499 29 28 of
2267 1500 65 29 such
2346 1510 15 18 a
2375 1499 134 40 building,
2534 1508 39 19 we
2587 1508 61 29 may
2670 1508 26 20 re-

2064 1541 73 30 mind
2152 1552 49 19 our
2215 1542 101 30 readers
2330 1543 59 29 that
2403 1543 73 29 there
2490 1543 22 28 is
2532 1546 45 25 not
2591 1553 16 18 a
2626 1542 84 39 single

2064 1585 73 40 plane
2152 1584 87 30 where
2252 1595 15 18 a
2280 1585 57 30 sick
2358 1595 61 19 man
2433 1585 80 29 could
2534 1585 31 29 be
2579 1590 47 33 put
2646 1585 63 29 with

2063 1626 93 40 safety.
2218 1628 49 29 We
2291 1628 67 30 have
2377 1637 58 19 now
2453 1626 100 31 several
2574 1626 135 32 thousand

2064 1671 104 37 diggers
2184 1670 26 29 in
2226 1681 48 19 our
2288 1672 89 34 midst,
2389 1670 119 39 residing
2520 1670 83 29 under
2616 1671 92 34 calico,

2063 1712 51 32 and
2129 1712 21 30 if
2165 1723 37 20 we
2216 1723 43 20 are
2274 1713 123 31 troubled
2412 1712 65 31 with
2492 1713 143 30 inclement
2645 1722 50 21 wea-

2062 1758 66 32 ther,
2144 1757 22 28 it
2179 1757 115 29 behoves
2307 1768 32 18 lis
2362 1757 93 38 purely
2476 1757 117 36 through
2608 1756 88 41 philan-

2062 1798 106 39 thropic
2186 1799 144 40 principles
2351 1803 30 26 to
2403 1797 111 41 provide
2535 1807 74 22 some
2635 1797 60 31 habi-

2064 1842 71 30 table
2149 1842 73 37 place
2237 1842 42 29 for
2291 1842 44 29 the
2350 1841 134 39 suffering.

2102 1885 131 39 Amongst
2247 1884 78 31 other
2339 1884 87 40 places
2440 1883 61 30 that
2513 1882 68 32 have
2592 1882 119 40 recently

2064 1929 66 28 been
2155 1928 105 28 erected
2281 1927 72 33 here,
2378 1937 69 19 none
2461 1927 120 28 deserves
2606 1930 105 34 greater

2063 1969 86 31 notice
2163 1969 64 30 than
2241 1969 47 31 the
2317 1969 99 31 Casino
2431 1969 33 30 de
2478 1968 108 32 Venice.
2640 1967 26 30 It
2688 1967 23 29 is

2062 2014 47 30 the
2137 2013 99 36 largest
2261 2013 126 40 building
2408 2013 28 29 of
2461 2012 46 30 the
2527 2012 66 30 kind
2613 2021 34 20 on
2664 2010 47 30 the

2067 2056 74 28 West
2156 2055 87 36 Coast,
2260 2056 53 28 and
2327 2056 23 27 is
2373 2054 150 38 admirably
2537 2054 115 40 adapted
2671 2053 41 29 for

2062 2097 89 42 public
2170 2097 227 32 entertainments.
2456 2096 105 42 During
2587 2096 45 31 the
2651 2097 59 39 past

2062 2142 72 29 week
2148 2143 22 28 it
2184 2142 47 29 has
2243 2143 65 28 been
2320 2141 106 40 opened
2436 2152 28 19 as
2476 2152 14 18 a
2502 2141 116 40 dancing
2629 2150 80 27 room,

2060 2185 54 31 and
2130 2185 135 31 hundreds
2280 2185 67 29 have
2361 2184 129 31 attended
2503 2184 112 40 nightly.
2655 2182 56 32 The

2063 2229 178 38 enterprising
2260 2227 149 41 proprietor
2429 2228 23 28 is
2466 2227 44 29 Mr
2523 2228 86 37 Foyn,
2631 2225 80 39 lately

2063 2271 30 30 of
2104 2271 47 30 the
2165 2271 58 29 firm
2238 2272 29 29 of
2280 2270 75 42 Foyn
2366 2270 52 31 and
2433 2270 83 30 Sturt.
2557 2270 56 29 The
2626 2268 71 30 build-

2064 2315 47 39 ing
2138 2314 23 30 is
2185 2315 34 28 33
2234 2325 16 18 x
2266 2314 45 37 CG,
2335 2314 52 29 and
2410 2314 23 29 is
2451 2314 60 28 well
2534 2312 104 40 worthy
2652 2312 30 29 of
2697 2322 15 18 a

2065 2357 72 29 visit.

2279 2466 210 31 WESTPORT.

2184 2552 84 31 CFrom
2279 2560 40 16 our
2335 2560 48 15 own
2399 2550 193 33 correspondent.)

2455 2612 81 40 April
2551 2611 24 37 5,
2592 2610 80 31 1867.

2097 2666 34 28 In
2153 2666 45 29 the
2219 2664 93 31 dearth
2333 2664 27 30 of
2382 2662 133 42 anything
2527 2662 61 33 else,
2603 2661 108 41 politics

2060 2707 67 30 have
2141 2708 80 30 taken
2235 2719 16 18 a
2264 2712 67 25 start
2345 2707 28 29 in
2394 2706 54 29 this
2463 2705 82 39 place,
2559 2704 54 31 and
2626 2704 84 40 really

2063 2760 36 19 we
2122 2761 48 19 are
2188 2749 106 40 getting
2308 2750 56 28 into
2378 2759 32 18 an
2425 2748 104 29 intense
2542 2752 68 24 state
2624 2747 29 29 of
2665 2757 30 18 ex-

2063 2794 127 28 citement
2212 2793 28 28 in
2264 2790 157 31 connection
2444 2789 64 29 with
2532 2788 45 29 the
2597 2788 115 40 ensuing

2063 2834 122 29 election.
2227 2834 26 29 A
2266 2833 120 38 meeting
2398 2841 52 19 was
2464 2828 62 31 held
2542 2831 28 28 in
2581 2831 47 30 the
2641 2831 71 37 early

2062 2879 60 36 part
2136 2876 28 30 of
2186 2876 46 30 the
2246 2874 73 31 week
2339 2874 35 39 by
2390 2873 45 30 Mr
2449 2873 86 36 Crate,
2551 2882 49 20 one
2614 2872 29 29 of
2663 2872 48 30 the

2062 2919 153 32 candidates
2235 2919 40 29 for
2289 2928 47 21 our
2357 2921 81 27 sweet
2452 2916 94 37 voices,
2562 2927 35 24 or,
2613 2916 96 36 rather,

2062 2965 75 26 votes
2149 2973 7 27 ;
2184 2962 53 29 and
2257 2961 110 29 anofher
2381 2969 54 20 was
2450 2959 61 28 held
2526 2968 33 18 on
2574 2958 137 38 Thursday

2062 3005 77 40 night
2163 3005 35 40 by
2219 3005 41 31 Mr
2280 3003 114 41 Wright,
2409 3001 118 38 another,
2543 3000 52 32 and
2609 3011 14 20 a
2642 2999 69 33 local

2062 3049 147 37 candidate,
2233 3047 110 39 seeking
2366 3045 115 31 election
2503 3050 28 25 at
2553 3055 48 20 our
2617 3043 92 32 hands.

2063 3092 33 31 In
2114 3103 45 29 my
2172 3092 53 31 last
2239 3092 14 30 I
2267 3088 147 33 forwarded
2427 3099 15 19 a
2456 3088 148 30 condensed
2618 3090 89 37 report

2061 3135 30 30 of
2112 3136 47 31 the
2174 3135 56 30 first
2242 3134 128 40 meeting,
2384 3132 49 30 but
2446 3132 23 30 it
2483 3132 47 30 did
2543 3136 49 25 not
2606 3141 104 29 appear,

2061 3178 54 31 and
2137 3179 15 30 I
2176 3188 68 29 may,
2259 3177 141 37 therefore,
2425 3175 95 41 briefly
2538 3174 173 40 recapitulate

2064 3223 34 29 its
2111 3226 82 28 tenor.
2235 3222 31 28 In
2281 3221 46 29 the
2342 3220 57 29 first
2411 3219 83 39 place,
2510 3217 44 30 the
2569 3217 141 30 candidate

2062 3266 76 28 made
2162 3275 15 19 a
2200 3266 76 38 great
2290 3262 103 39 speech,
2409 3261 52 30 and
2476 3271 68 19 were
2559 3261 33 28 he
2612 3260 58 29 able
2684 3262 28 28 to

2062 3318 74 30 carry
2158 3312 47 26 out
2228 3318 15 19 a
2266 3305 67 31 tithe
2348 3305 30 31 of
2394 3304 72 30 what
2479 3303 33 31 he
2526 3301 138 42 promised,
2679 3301 33 31 he

2062 3351 88 30 would
2180 3348 226 41 unquestionably
2428 3348 35 29 be
2513 3347 44 29 the
2583 3356 61 20 man
2672 3346 40 29 for

2063 3395 109 38 Galway
2216 3393 33 30 all
2271 3403 67 20 over.
2381 3391 53 30 Rut
2448 3390 86 31 words
2558 3399 44 20 are
2617 3389 93 39 cheap,

2060 3437 53 30 and
2132 3440 72 27 must
2228 3436 67 30 have
2317 3434 97 39 weight
2435 3437 28 25 to
2486 3433 67 29 have
2569 3431 139 36 influence,

2060 3490 29 20 so
2113 3480 21 36 I,
2159 3480 66 29 with
2247 3489 16 19 a
2286 3487 62 30 very
2371 3486 65 29 very
2458 3475 71 40 largo
2551 3474 110 30 number
2683 3473 28 30 of

2063 3523 97 32 others,
2181 3523 63 38 only
2266 3520 63 31 take
2352 3531 15 19 a
2387 3518 76 31 small
2486 3528 50 29 per
2552 3520 110 38 centage
2684 3516 29 31 of

2061 3576 76 29 prom
2141 3559 4 46 :
2149 3576 42 18 ses
2211 3575 29 19 as
2262 3563 83 37 likely
2357 3565 29 26 to
2407 3563 75 36 ripen
2496 3560 56 29 into
2573 3562 63 33 fact,
2658 3559 53 29 and

2061 3617 73 20 came
2157 3612 28 25 to
2199 3607 44 29 the
2258 3604 153 32 conclusion
2425 3603 61 30 that
2500 3605 27 26 at
2540 3602 47 30 the
2606 3604 105 36 present

2057 3651 125 38 juncture
2197 3650 43 29 Mr
2253 3650 77 29 Crate
2343 3647 89 30 would
2446 3650 46 25 not
2503 3646 55 31 suit
2571 3654 48 20 our
2632 3644 75 31 book.

2061 3694 64 30 Just
2148 3703 61 21 now
2223 3703 38 19 we
2279 3692 34 29 do
2327 3693 48 27 not
2389 3692 72 28 want
2480 3692 28 26 to
2522 3689 65 29 send
2601 3698 15 19 a
2628 3687 67 30 wind-

2061 3736 51 40 bag
2134 3747 28 20 as
2185 3746 47 19 our
2254 3733 217 41 representative,
2487 3732 53 29 and
2557 3730 42 30 till
2613 3740 40 20 we
2667 3729 41 38 do,

2061 3780 12 29 I
2096 3780 89 34 think,
2200 3781 206 39 presumptuous
2426 3786 28 19 as
2475 3775 64 30 such
2553 3784 34 20 an
2600 3774 109 40 opinion

2061 3833 60 28 may
2145 3823 39 34 be,
2200 3823 59 29 that
2285 3821 44 30 Mr
2352 3819 100 32 Crate's
2474 3818 90 29 claims
2587 3827 43 20 are
2648 3827 47 27 par-

2061 3866 124 38 ticularly
2223 3865 110 28 minute.
2404 3861 45 30 He
2482 3861 61 35 will,
2576 3860 131 34 however,

2061 3908 115 40 promise
2186 3906 131 41 anything
2331 3905 66 29 from
2411 3914 15 20 a
2439 3903 109 41 railway
2560 3904 28 28 to
2599 3912 15 20 a
2627 3903 83 29 street

2061 3953 113 38 cutting,
2195 3951 53 30 and
2269 3959 106 20 rumour
2388 3948 47 30 has
2458 3948 21 28 it
2494 3947 65 35 that,
2575 3956 27 19 m
2616 3944 81 31 kfitici-

2061 3994 94 39 patiou
2179 3994 28 29 of
2229 3993 110 39 victory,
2357 3991 31 29 he
2412 3990 46 29 has
2472 3989 108 39 already
2595 3988 114 40 pledged

2049 4031 2 40 !
2061 4037 106 31 himself
2181 4040 28 28 to
2223 4037 100 31 bestow
2334 4045 50 20 one
2399 4044 27 20 or
2440 4043 72 20 more
2527 4031 182 32 Government

2049 4073 3 56 j
2060 4081 205 41 appointments.
2305 4079 64 30 This
2378 4087 61 30 may
2449 4077 42 33 be,
2505 4077 54 29 and
2570 4075 13 29 I
2597 4074 76 30 think
2689 4075 20 29 it

2049 4118 2 47 |
2061 4127 30 35 is,
2101 4137 16 17 a
2127 4124 158 36 canard,but
2294 4129 27 23 at
2331 4122 36 30 all
2375 4125 90 25 events
2477 4120 21 29 it
2508 4120 21 28 is
2542 4118 97 30 certain
2651 4118 58 30 that

2061 4167 74 31 there
2149 4177 42 20 are
2206 4176 71 19 some
2291 4167 122 36 amongst
2428 4173 31 20 us
2473 4162 108 38 already
2594 4159 114 41 grateful

2049 4203 2 49 I
2061 4212 41 29 for
2123 4211 88 29 favors
2232 4214 28 25 to
2283 4218 80 20 come.
2404 4207 24 28 It
2444 4205 52 30 will
2512 4205 32 30 be
2558 4215 16 19 a
2587 4203 122 31 dreadful

2049 4246 2 47 1
2061 4252 237 41 disappointment,
2315 4251 10 30 1
2343 4251 62 36 fear,
2420 4254 27 24 to
2470 4248 60 30 that
2553 4247 66 30 class
2635 4246 74 31 when

2049 4290 1 45 ;
2060 4298 45 28 the
2119 4296 53 39 poll
2196 4296 22 28 is
2240 4294 124 30 declared
2388 4304 33 17 on
2443 4291 123 38 Tuesday
2579 4294 74 30 next,
2668 4290 40 28 for

2048 4329 2 51 |
2060 4348 104 30 anyone
2178 4338 65 29 with
2266 4348 16 19 a
2303 4335 77 30 much
2398 4343 71 21 more
2487 4336 100 26 remote
2610 4332 98 30 chance

2060 4383 29 29 of
2110 4387 89 25 return
2224 4381 13 30 I
2260 4390 78 21 never
2352 4378 78 31 knew
2444 4377 26 30 in
2486 4386 45 32 my
2545 4376 162 39 experience.

2061 4427 34 28 So
2117 4425 78 29 much
2210 4425 40 28 for
2268 4424 59 28 that
2339 4421 127 39 meeting.
2508 4419 71 30 Now
2597 4419 47 30 the
2657 4419 52 30 last

2061 4477 52 20 was
2127 4468 30 28 of
2167 4478 14 18 a
2194 4466 95 39 totally
2303 4464 122 32 different
2438 4463 142 35 character,
2593 4460 53 29 and
2660 4460 47 30 the

2059 4512 93 29 holder
2177 4510 29 30 of
2229 4510 22 29 it
2275 4508 59 40 (Mr
2355 4506 116 42 Wright)
2499 4515 54 20 was
2576 4506 70 28 most
2666 4513 28 20 en-

2061 4553 195 39 thusiastically
2271 4550 129 33 received.
2444 4550 40 29 He
2496 4548 115 30 touched
2623 4557 35 20 on
2672 4546 34 31 all

2060 4599 45 28 the
2127 4600 70 27 most
2221 4595 152 40 prominent
2386 4592 94 40 topics,
2494 4590 52 31 and
2569 4590 42 29 his
2634 4590 73 29 ideas

2060 4651 66 20 were
2137 4640 86 31 .'jound
2234 4638 52 30 and
2297 4637 77 40 good,
2385 4636 53 30 and
2449 4646 64 29 gave
2524 4632 181 31 considerable

2059 4684 166 31 satisfaction
2239 4686 29 27 to
2287 4681 42 31 his
2352 4679 134 32 audience.
2525 4677 42 30 No
2581 4675 84 31 doubt
2678 4675 28 30 in

2061 4727 64 29 time
2151 4726 32 28 he
2209 4724 55 29 will
2289 4733 73 29 grow
2388 4723 59 28 into
2470 4731 15 17 a
2497 4720 69 38 good
2579 4718 124 35 member,

2059 4769 51 29 and
2138 4769 32 29 he
2197 4767 47 30 has
2270 4766 92 40 plenty
2388 4764 28 29 of
2441 4762 90 31 brains
2552 4765 28 27 to
2600 4760 113 39 acquire;

2058 4811 117 41 political
2197 4809 164 39 knowledge,
2390 4807 47 29 but
2451 4811 28 25 at
2498 4805 45 30 the
2557 4813 70 20 same
2641 4803 64 30 time
2712 4803 1 49 j

2059 4856 33 30 he
2115 4854 23 30 is
2159 4853 125 38 fearfully
2299 4862 61 20 raw,
2376 4850 59 36 and,
2451 4848 102 39 though
2566 4847 139 39 possessed

2058 4898 27 29 of
2105 4897 45 30 the
2173 4896 57 30 best
2244 4894 154 35 intentions,
2414 4893 32 28 he
2460 4892 22 28 is
2496 4895 48 25 not
2557 4889 90 39 likely,
2663 4889 42 30 for

2057 4951 15 17 a
2094 4940 101 29 session
2219 4948 29 19 or
2261 4943 52 23 two
2327 4941 26 25 at
2367 4936 72 32 least,
2454 4938 28 24 to
2496 4939 45 24 cut
2554 4943 53 28 any
2620 4933 83 38 figure

2056 4982 27 30 in
2106 4981 46 31 the
2176 4980 145 41 provincial
2345 4976 158 41 legislature.
2553 4974 56 29 The
2627 4974 62 41 peda-

2056 5037 86 27 gogue
2166 5023 140 31 candidate
2330 5021 56 40 (Mr
2409 5020 105 39 Fraser)
2529 5028 54 21 was
2596 5021 108 36 present

2054 5072 28 24 at
2105 5068 44 28 the
2172 5067 127 38 meeting,
2315 5065 48 28 but
2376 5065 40 28 for
2439 5071 71 19 some
2524 5060 178 38 unexplained

2055 5119 92 19 reason
2170 5118 53 19 was
2249 5106 125 39 specially
2400 5105 83 38 quiet,
2506 5103 53 29 and
2580 5112 66 29 gave
2667 5112 35 19 no

2054 5152 57 40 sign
2131 5150 32 31 of
2172 5150 105 39 coming
2290 5147 120 32 forward.
2451 5146 44 30 On
2508 5144 47 30 the
2569 5148 132 37 contrary,

2054 5195 31 28 he
2099 5194 105 30 seemed
2229 5199 28 23 to
2271 5195 77 26 enter
2360 5191 76 29 heart
2451 5188 51 30 and
2515 5188 58 29 soul
2587 5187 58 30 into
2660 5186 43 30 Mr

2056 5235 127 40 Wright's
2206 5237 86 33 views,
2312 5233 54 30 and
2389 5232 13 29 I
2425 5241 70 29 may,
2514 5230 139 36 therefore,
2668 5228 33 30 be

2048 5279 119 40 justified
2189 5280 27 28 in
2230 5277 111 41 putting
2354 5276 55 30 him
2425 5275 79 30 down
2518 5282 28 21 as
2565 5271 136 32 scratched

2053 5322 38 28 for
2113 5322 44 28 fhe
2180 5321 178 38 approaching
2372 5328 65 19 race.
2479 5317 38 28 As
2533 5316 87 38 might
2633 5315 67 28 have

2051 5363 64 31 been
2136 5362 137 42 expected,
2298 5373 15 18 a
2333 5365 62 26 vote
2414 5359 28 31 of
2467 5357 153 32 confidence
2648 5366 53 20 was

2049 5408 93 36 passed
2167 5408 27 29 in
2222 5407 43 29 Mr
2291 5405 111 39 Wright,
2428 5402 51 32 and
2506 5403 21 30 it
2546 5401 108 33 seemed
2670 5410 29 22 as

2834 519 26 30 It

2735 562 86 30 would
2834 561 32 31 be
2880 555 506 52 expectedt^P^^^^^^^^^H

2733 614 33 19 on
2779 604 58 29 that
2851 605 119 30 occasion
3008 604 61 35 and,
3083 615 28 18 as

2735 646 74 40 night
2834 656 28 23 as
2888 647 23 29 it
2936 658 76 26 were,
3040 656 39 20 we
3101 657 61 29 may

2733 694 108 26 amount
2863 689 30 30 of
2911 700 47 29 gas
2980 691 68 29 from
3062 690 45 29 the
3119 691 73 29 three

2731 743 51 28 any
2805 733 123 39 quantity
2941 733 29 30 of
2991 737 163 27 amusement
3175 737 28 25 to
3228 724 158 55 tn^^^H

2731 776 60 30 take
2807 775 102 42 delight
2922 777 29 30 in
2964 775 103 43 baiting
3081 776 159 31 candidates.

2766 819 77 30 After
2856 820 54 29 this
2922 830 72 30 yarn,
3009 830 56 28 you
3079 819 63 36 will,
3156 820 137 38 probably,
3307 820 66 30 licTTk

2732 861 51 30 had
2797 861 105 40 enough
2916 862 28 29 of
2957 861 136 35 elections,
3107 863 56 28 and
3177 863 101 38 mining
3290 862 84 40 topics

2731 903 61 38 will,
2808 905 13 29 I
2835 904 121 40 imagine,
2970 905 33 29 be
3018 905 46 29 the
3078 910 68 24 most
3168 907 129 28 welcome.
3336 905 39 29 To

2732 947 80 41 begin
2825 948 65 29 with
2912 948 44 29 the
2970 946 117 31 districts
3101 955 107 31 nearest,
3224 949 14 29 I
3252 957 61 31 may
3326 958 47 29 say

2732 990 57 30 that
2812 990 70 40 good
2895 990 64 39 gold
2977 990 23 29 is
3022 990 79 40 being
3118 995 45 34 got
3186 993 67 28 from
3267 990 109 31 Waite's

2733 1032 117 38 Pakihis,
2865 1032 101 40 though
2989 1032 21 30 it
3034 1032 22 31 is
3078 1037 50 26 not
3140 1032 159 40 sufficiently
3313 1044 63 29 pay-
3385 1032 1 41 J

2732 1075 60 30 able
2815 1079 28 25 to
2865 1074 98 31 induce
2976 1085 67 29 your
3062 1075 103 30 readers
3179 1081 26 24 to
3220 1081 26 24 at
3260 1084 64 20 once
3337 1086 36 34 up

2732 1127 71 30 swag
2825 1117 53 30 and
2899 1117 33 29 be
2958 1118 41 29 off.
3039 1119 40 28 As
3093 1118 14 29 I
3122 1117 58 31 told
3272 1105 114 45 befojJ

2733 1161 74 30 there
2834 1171 42 19 are
2902 1160 71 41 good
2998 1160 92 31 tucker
3115 1161 132 40 diggings,
3271 1161 64 31 with
3360 1164 26 27 al

2733 1204 98 28 chance
2845 1204 28 27 of
2885 1204 197 35 improvement,
3097 1204 40 28 for
3152 1213 14 19 a
3180 1204 72 39 large
3266 1204 110 28 number

2733 1245 28 30 of
2787 1244 103 40 people,
2916 1244 52 29 and
2993 1254 28 20 as
3047 1249 45 34 yet
3118 1245 58 29 that
3203 1246 22 29 is
3248 1245 44 29 the
3306 1247 70 27 most

2733 1286 132 31 favorable
2887 1291 89 36 report
2999 1287 13 28 I
3027 1297 47 19 can
3090 1288 75 29 make
3179 1288 27 29 of
3229 1289 28 29 it.
3297 1287 80 30 From

2733 1329 47 30 the
2794 1328 87 38 north,
2896 1328 46 31 the
2955 1329 69 40 good
3043 1333 123 27 accounts
3180 1330 66 30 have
3260 1329 117 30 received

2733 1371 94 39 partial
2841 1371 199 38 confirmation;
3059 1373 48 28 but
3121 1377 26 25 at
3161 1373 45 29 the
3226 1383 70 19 same
3309 1372 66 29 time

2733 1413 46 31 the
2801 1414 150 31 difficulties
2972 1415 151 40 previously
3136 1415 100 40 spoken
3260 1415 29 29 of
3309 1415 67 29 exist

2735 1456 63 36 still,
2813 1458 52 29 and
2880 1457 99 31 miners
2998 1468 43 20 are
3055 1468 63 28 very
3131 1458 154 38 reasonably
3298 1458 78 38 chary

2735 1498 30 30 of
2775 1500 141 39 venturing
2929 1509 72 31 upon
3015 1500 64 29 such
3094 1510 15 20 a
3121 1501 63 28 wild
3196 1510 82 30 goose
3292 1500 83 29 chase.
3382 1498 4 42 1

2734 1543 79 30 From
2838 1553 67 30 your
2930 1547 108 35 quarter
3062 1542 46 31 the
3134 1547 107 37 reports
3267 1553 42 20 are
3341 1542 36 30 all

2891 1586 32 29 de
3054 1586 52 29 and
3128 1586 13 27 I
3161 1587 68 39 hope
3243 1585 58 29 that
3314 1585 63 38 they

2734 1637 60 30 may
2807 1628 65 39 long
2885 1627 124 30 continue
3022 1637 37 20 so.
3088 1627 40 33 Of
3139 1638 91 21 course
3245 1628 13 28 I
3273 1633 104 30 cannot,

2735 1672 52 30 and
2801 1671 89 30 would
2904 1674 46 26 not
2963 1671 21 29 if
3005 1670 14 30 I
3038 1671 85 35 could,
3137 1677 111 26 venture
3262 1676 28 25 to
3303 1671 74 29 tread

2735 1724 34 20 on
2782 1723 69 30 your
2864 1714 129 40 territory.

2770 1758 41 29 As
2824 1757 118 38 epicures
2954 1768 44 18 are
3012 1757 57 29 said
3082 1761 29 26 to
3126 1758 67 38 keep
3207 1758 45 29 the
3265 1756 112 29 choicest

2735 1799 96 30 morsel
2850 1799 40 29 for
2904 1799 44 29 the
2961 1798 52 31 last
3027 1799 141 38 mouthful,
3184 1809 27 19 so
3230 1800 8 29 [
3254 1799 59 40 give
3325 1808 61 38 yoiy

2734 1841 46 29 the
2803 1852 86 19 cream
2914 1842 28 29 of
2966 1852 46 29 my
3034 1843 80 29 views
3137 1844 28 27 in
3186 1853 15 18 a
3220 1842 158 37 concluding

2734 1883 156 41 paragraph.
2930 1883 27 31 It
2979 1884 22 30 is
3022 1883 138 41 currently
3173 1883 133 41 reported,
3326 1884 53 30 and

2735 1928 68 28 from
2825 1927 122 39 personal
2968 1928 155 38 knowledge
3144 1928 14 28 I
3252 1928 53 28 add
3318 1929 55 27 that-

2734 1969 48 31 the
2795 1969 173 30 information
2978 1980 48 19 can
3040 1969 33 29 be
3085 1970 90 29 traced
3188 1976 27 23 to
3226 1970 45 29 the
3282 1970 94 40 police,

2735 2011 60 32 that
2816 2022 15 20 a
2851 2013 171 39 prospecting
3035 2011 76 32 claim
3126 2013 46 30 has
3191 2013 67 31 been
3272 2011 114 41 applied

2735 2055 41 29 for
2799 2054 40 29 for
2861 2055 102 37 ground
2978 2055 93 28 within
3093 2055 51 28 five
3157 2055 77 29 miles
3248 2056 27 28 of
3292 2056 69 28 West-

2735 2099 68 39 port.
2843 2095 27 32 It
2892 2097 22 31 is
2937 2097 87 31 stated
3042 2099 28 28 to
3083 2097 32 31 be
3130 2097 28 31 of

2735 2140 124 38 richness,
2883 2141 54 30 and
2958 2149 29 22 at
3012 2140 44 31 the
3078 2142 64 29 time
3156 2142 28 29 of
3206 2141 106 39 writing
3325 2142 54 29 this

2737 2184 43 40 (11
2806 2183 75 43 p.m.)
2902 2195 15 20 a
2939 2183 72 41 large
3039 2184 112 31 number
3178 2185 29 30 of
3231 2195 47 20 our
3308 2187 71 28 most
3380 2190 6 14 >

2735 2227 92 40 steady
2840 2228 102 29 traders
2964 2237 44 20 are
3031 2228 139 39 preparing
3183 2227 41 30 for
3243 2238 15 19 a
3271 2232 66 25 start
3350 2227 36 30 ini

2737 2270 44 30 the
2796 2270 131 39 morning.
2966 2269 14 30 I
3005 2269 34 31 do
3053 2274 47 26 not
3123 2270 107 41 happen
3246 2276 27 24 to
3287 2270 31 29 be
3330 2260 56 39 011J

2736 2314 29 29 of
2775 2313 47 30 the
2835 2312 52 30 few
2900 2313 59 29 who
2980 2313 79 29 know
3071 2313 46 31 the
3140 2312 114 39 locality,
3269 2323 28 19 so
3311 2312 75 32 sLdfl

2736 2356 67 40 keep
2824 2355 28 30 in
2874 2355 59 39 bed,
2948 2355 53 31 and
3020 2354 39 31 let
3081 2356 22 29 it
3125 2355 33 30 be
3175 2345 211 40 discoverecli

2736 2410 59 27 me;
2828 2398 49 31 but
2902 2399 14 29 I
2940 2399 68 30 have
3033 2408 80 31 every
3138 2398 152 31 confidence

2736 2443 76 30 there
2833 2441 81 40 being
2937 2451 71 20 some
3031 2439 158 32 foundation
3203 2442 40 29 for
3257 2441 45 30 the
3316 2432 70 40 faH

2735 2484 87 31 Could
2843 2484 15 30 I
2879 2484 69 32 have
2972 2483 160 31 ascertained
3158 2493 78 28 more,
3252 2483 14 29 I

2735 2528 91 40 gladly
2848 2528 65 30 have
2935 2528 68 30 done
3017 2537 46 26 so;
3095 2527 49 29 but
3168 2537 45 29 my

2736 2570 54 30 will
2803 2570 75 30 leave
2892 2570 70 38 early
2976 2570 27 28 in
3016 2569 45 29 the
3074 2569 131 38 morning,
3215 2569 52 29 and
3278 2570 16 29 I

2735 2613 73 30 leave
2831 2612 44 29 the
2899 2615 99 27 matter
3019 2611 58 39 just
3099 2611 84 30 where
3198 2611 14 29 I

2735 2655 109 30 nienced
2857 2655 29 29 it.
2926 2652 85 32 There
3021 2653 31 37 is,
3062 2654 129 36 however,

2738 2697 161 33 excitement
2921 2695 80 31 about
3023 2695 23 31 it
3067 2697 73 34 here,
3154 2697 53 29 and

2737 2750 109 29 appears
2867 2739 28 29 in
2918 2739 75 41 print
3015 2747 53 31 you
3082 2738 64 39 will,

2735 2782 82 31 heard
2830 2789 76 23 moje.
3102 2785 18 4 ~
3140 2780 27 5 ~~

2772 2825 36 28 As
2829 2828 28 24 to
2878 2824 108 37 general
3007 2834 71 20 news
3098 2825 74 30 there

2735 2864 44 31 the
2791 2864 74 41 place
2877 2865 23 29 is
2923 2865 29 28 in
2965 2874 16 20 a
2997 2865 69 28 state
3081 2864 28 28 of

2735 2907 54 31 The
2812 2906 100 32 Nelson
2933 2916 72 21 came
3026 2907 28 30 in
3075 2916 34 21 on
3123 2905 33 30 W

2735 2951 72 29 short
2834 2951 30 29 of
2886 2950 66 34 fuel,
2966 2950 98 37 having
3088 2949 68 29 been

2735 2992 56 32 into
2805 2992 43 32 the
2862 2991 80 43 Grey,
2956 3001 28 21 or
2997 2994 29 30 to
3038 2991 63 31 land
3114 2990 47 32 her

2735 3037 45 30 the
2794 3036 103 31 Fakihi.
2925 3036 53 31 She
2992 3036 53 31 had
3059 3039 27 27 to
3097 3039 44 26 cut
3151 3035 76 30 wood

2736 3079 53 31 and
2808 3079 51 30 left
2878 3079 41 30 for
2931 3079 45 30 the
2998 3078 79 32 south
3096 3088 34 20 on

2738 3123 57 31 The
2808 3122 82 40 lights
2903 3122 28 31 of
2943 3132 16 20 a
2972 3126 118 33 steamer,

2738 3165 155 37 Stormbird,
2908 3175 50 21 can
2971 3165 32 31 be
3016 3175 60 19 seen
3086 3165 37 30 off
3136 3164 28 29 in
3174 3165 44 29 the

2738 3208 58 32 Her
2808 3208 96 31 arrival
2925 3208 47 32 has
2985 3209 70 31 been
3068 3207 131 41 expected

2951 3293 137 40 Thursday
3101 3283 285 57 mornin^^^^^H

2772 3338 13 29 I
2808 3337 68 30 have
2895 3337 58 38 just
2975 3339 66 29 time
3061 3340 30 27 to
3114 3347 47 28 say

2736 3380 106 32 outside
2855 3379 23 32 is
2894 3380 45 31 the
2952 3378 157 38 Stormbird,
3124 3379 52 30 and

2735 3428 113 26 steamer
2862 3422 66 31 from
2941 3424 45 29 the
3001 3422 96 35 North,

2735 3466 146 40 Kennedy,
2908 3466 48 30 but
2981 3469 50 28 not
3055 3469 47 35 yet
3127 3455 259 58 mad^^^^^H

2732 3672 654 53 UNKNOWN

2734 3802 83 33 (From
2839 3802 40 26 the
2900 3802 99 25 Nelson

2771 3850 57 30 The
2855 3850 110 39 election
2992 3850 41 30 for

2736 3903 72 21 came
2828 3894 39 30 of
2883 3903 34 20 on

2733 3936 30 31 of
2990 3946 35 21 an

2733 3989 54 20 was
2852 3978 172 40 unexpected

2737 4021 45 31 Mr
2796 4023 150 35 Barnicoat,

2733 4066 166 31 transferred
2912 4066 70 30 their

2733 4120 35 19 on
2858 4111 154 29 retirement

2970 4151 56 29 The

2968 4238 9 29 i
2979 4248 20 20 n

2963 4281 28 30 in

2864 4322 99 31 friends

2733 4378 52 20 was

2879 4453 53 29 and

2846 4626 73 29 favor

2871 4668 66 32 odds

2730 4713 52 38 day

2728 4807 73 21 more

2727 4969 60 30 the-,

2726 5096 47 30 the

2726 5253 73 44 thfl

2726 5320 58 87 cjfl

1519 27 65 32 THE
1608 28 252 32 CHARLESTON
1883 28 127 32 ARGUS

169 4207 111 28 STAMP
297 4205 121 27 DUTIES
434 4203 74 30 ACT,
526 4205 61 23 1866.

251 4336 250 31 CAUTION.

53 4469 97 72 THE
166 4466 117 28 attention
294 4467 26 26 of
332 4466 39 25 the
383 4464 82 26 Public
481 4464 20 24 is
518 4461 73 26 culled
608 4464 25 21 to
651 4467 36 18 sec-

136 4520 49 25 tion
196 4518 90 25 sixteen
300 4516 53 35 [l6]
367 4515 25 26 of
404 4514 40 26 the
455 4514 83 33 Stamp
550 4511 84 26 Dnties
643 4512 54 29 Act,

52 4569 78 26 which
151 4567 105 34 specifies
277 4567 40 24 the
338 4565 156 25 instruments
512 4570 30 17 on
564 4560 76 26 which
657 4560 41 25 the

51 4618 78 26 duties
140 4614 97 36 payable
249 4621 54 25 may
315 4613 26 25 be
349 4610 98 27 denoted
453 4610 28 33 by
489 4609 111 26 adhesive
608 4612 88 30 stamps

52 4665 81 28 affixed
143 4665 30 33 by
185 4663 40 27 the
235 4662 94 26 makers
341 4669 26 19 or
378 4659 98 28 holders.

82 4715 37 26 On
131 4713 31 26 all
178 4713 68 24 other
261 4712 156 23 instruments
435 4709 40 24 the
491 4713 76 28 stamp
588 4712 63 19 must
669 4708 27 24 be

50 4762 82 28 affixed
152 4765 24 23 at
196 4760 40 26 the
253 4761 83 32 Stamp
354 4758 64 27 office
430 4768 6 19 ;
460 4765 45 24 any
524 4759 77 30 stamp
612 4758 41 23 not
670 4762 26 19 so

50 4810 84 29 affixed
145 4811 20 25 is
175 4809 27 27 of
213 4817 30 19 no
254 4807 70 31 avail,
335 4806 45 26 and
387 4806 40 27 the
435 4805 143 27 instrument
587 4809 24 20 to
618 4803 76 26 which

49 4862 20 25 it
80 4861 20 26 is
110 4857 82 28 affixed
202 4858 21 25 is
235 4855 140 34 unstamped
392 4855 83 25 within
492 4855 41 25 the
543 4853 111 32 meaning
670 4853 25 24 of

50 4910 41 26 the
101 4909 56 26 Act.

78 4955 42 27 All
136 4957 152 24 instrnmeots
305 4951 106 33 required
429 4955 24 21 to
463 4951 28 24 be
510 4948 104 33 stamped
631 4949 63 24 after

47 5005 124 28 execution
190 4998 95 40 [except
301 5001 68 28 those
387 4998 107 37 specified
512 4998 24 26 in
548 4997 89 28 section
652 4995 38 36 16]

48 5057 64 23 must
122 5054 28 24 be
161 5052 122 35 presented
294 5056 25 20 at
329 5050 41 26 the
381 5050 155 32 Stamp-office
548 5047 84 24 within
648 5054 44 17 one

47 5101 84 26 month
152 5101 62 24 after
225 5099 40 24 the
275 5099 54 24 date
340 5098 26 24 of
385 5099 133 27 execution,
536 5103 26 16 <ir
578 5095 56 31 they
653 5101 38 17 are

46 5149 92 32 subject
149 5151 24 23 to
184 5155 14 17 a
208 5147 46 26 fine
266 5148 27 24 of
311 5149 28 23 20
350 5153 40 26 per
406 5148 62 22 cent,
481 5151 29 18 on
529 5148 40 21 tile
580 5141 68 26 value
665 5143 26 25 of

46 5196 40 27 the
96 5201 77 29 stamp
185 5200 24 21 to
220 5196 26 25 be
256 5193 96 28 affixed.

283 5252 25 26 C.
326 5251 27 25 T.
372 5251 105 30 Batkis,

130 5303 47 25 For
187 5303 40 24 the
238 5300 182 28 Commissioner
430 5301 26 24 of
468 5300 85 33 Stamp
564 5301 92 25 Duties.

73 5365 84 34 Stamp
167 5363 79 30 Office,
256 5360 155 36 Wellington,

101 5414 40 25 oth
152 5414 126 25 Februarw
293 5415 62 22 1867.

744 135 192 32 NOTICE
975 135 55 30 TO
1070 134 283 31 MARINERS.

731 244 146 26 SIGNAL
893 242 162 26 STATIONS
1082 243 60 23 have
1162 242 57 24 been
1235 240 139 26 established

727 332 23 20 at
762 327 39 25 the
814 324 129 27 BULLER
959 323 45 27 and
1020 327 25 22 at
1063 321 93 28 FOX'S
1171 322 110 31 RIVER,
1298 321 77 25 where

728 396 38 24 the
788 400 65 19 same
864 393 93 32 Signals
979 400 38 18 are
1029 391 55 26 used
1102 398 24 17 as
1146 395 24 20 at
1193 391 39 24 the
1255 391 62 31 Grey
1329 389 45 25 and

730 464 121 26 Ilokitika.

758 551 22 24 A
803 548 116 33 Flagstaff
933 549 42 25 has
996 548 56 26 been
1075 547 91 27 erected
1187 555 29 16 on
1238 546 41 25 the
1300 545 75 26 North

731 619 67 25 Point
817 619 27 23 of
859 616 176 27 CONSTANT
1051 615 78 32 BAY,
1149 615 127 30 PAKIIII,
1299 614 76 25 where

729 689 40 26 the
790 686 121 33 following
937 685 94 33 Signals
1058 683 47 27 will
1131 685 27 24 be
1170 683 81 26 shown

728 757 48 27 Red
788 756 58 33 Flag
858 760 24 22 at
895 755 120 28 masthead
1027 767 5 15 :
1050 756 72 25 Boats
1134 762 42 18 can
1189 758 67 23 enter

728 828 59 25 Blue
808 826 66 33 Flag,
902 824 139 35 half-mast:
1076 826 56 24 Low
1154 828 80 27 water,
1256 824 55 26 wait
1339 825 36 24 for

787 876 54 25 tide.

728 946 80 25 White
819 944 58 32 Flag
888 955 5 15 :
910 945 119 25 Entrance
1040 944 137 32 dangerous,
1186 943 51 25 surf
1249 946 38 22 too
1298 943 77 31 heavy

788 993 37 24 for
835 993 73 24 boats.

842 1061 27 24 T.
887 1062 30 25 A.
935 1061 107 26 SNEYD
1058 1060 228 30 KYNNERSLEY,

1153 1108 190 27 Commissioner.

726 1144 107 34 January
845 1144 48 32 3rd,
907 1147 62 25 1867.
1345 1144 24 23 71
