3348 5545
1535 6 36 44 4

1525 52 79 34 'l'flE
1625 53 254 35 CHARLESTON
1901 56 77 33 AUG
1985 56 45 32 US

279 160 210 29 PROSPECTUS

141 358 196 33 ARLESTON
368 356 179 32 TITATER

213 499 26 37 C
258 498 32 39 0
309 498 34 37 M
364 499 26 37 P
408 498 31 38 A
458 496 33 39 N
509 496 46 48 Y,

64 615 48 34 [To
127 614 29 26 be
173 613 124 34 registered
316 613 73 26 under
411 614 39 24 the
471 611 102 27 Limited
595 610 110 33 Liability

307 703 55 28 Act,
387 701 75 34 ISCS.]

63 891 112 38 Capital,
191 889 104 36 .£SOOO,
317 890 26 27 in
358 889 50 29 five
428 888 121 30 hundred
572 889 89 29 shares
682 887 30 29 of

98 986 62 31 £lO
174 986 63 30 each
251 983 4 42 ;
274 985 39 31 .£1
331 989 28 25 to
373 984 31 31 be
419 985 62 38 paid
495 995 35 19 on
544 983 163 42 application

99 1082 52 29 and
164 1082 40 30 XI
222 1092 33 20 on
278 1081 147 32 allotment,
448 1080 47 30 the
510 1080 150 29 remainder
680 1079 29 28 in

100 1176 63 31 calls
186 1181 46 27 not
251 1177 146 39 exceeding
411 1176 51 37 £l,
486 1180 26 25 at
535 1174 130 32 intervals
685 1174 29 30 of

99 1276 101 34 twenty
215 1272 64 38 days
293 1270 71 31 each.

213 1468 164 19 rnoMSIONAL
406 1467 134 19 DIRECTORS
552 1467 4 20 :

214 1548 87 26 Messrs
312 1549 82 25 James
406 1547 118 33 Ilennelly

305 1637 104 26 Bernard
422 1636 85 32 M'Coy

302 1726 22 26 J.
338 1726 40 26 W-
390 1724 108 28 Griffiths

305 1816 80 31 Henry
399 1814 87 25 Kofohl

304 1903 120 28 Jeremiah
435 1903 74 28 Creed

309 1993 36 25 W.
361 1992 103 29 Keating

309 2081 104 26 William
426 2081 139 33 Flannigan.

140 2171 107 26 Bankers
259 2182 5 15 :
283 2171 50 25 The
345 2171 68 25 Bank
425 2171 26 24 of
462 2171 57 26 New
533 2171 108 26 Zealand.

124 2260 122 32 Manager,
264 2269 40 24 pro
316 2262 47 22 tem
375 2259 4 34 :
404 2259 82 26 James
505 2259 144 25 M'Mastcrs.

180 2350 131 31 Secretary,
322 2356 40 26 pro
373 2352 47 21 tem
434 2359 5 14 :
462 2348 26 25 F.
500 2347 96 28 Carroll.

189 2436 117 33 Engineer
318 2434 4 35 :
341 2434 96 27 Charles
447 2434 71 31 Nees,
530 2434 54 27 C.E.

93 2627 51 25 The
162 2625 75 32 object
248 2623 32 35 [in
291 2623 105 30 forming
413 2622 40 26 the
465 2622 72 26 above
559 2623 122 33 Company
691 2624 21 24 is
722 2620 3 39 |

62 2700 26 21 to
107 2695 82 34 supply
210 2703 14 17 a
237 2697 63 22 want
321 2700 57 24 very
400 2690 121 34 generally
542 2691 46 26 felt
614 2700 31 17 on
671 2693 40 25 the

64 2764 99 27 Terrace
184 2763 88 33 claims,
290 2761 45 28 and
354 2762 40 26 the
406 2768 52 19 new
477 2760 82 27 rushes
570 2762 141 33 contiguous

62 2837 24 23 to
108 2832 147 33 Charleston,
276 2832 108 32 whereby
406 2837 73 24 many
500 2830 106 26 hundred
629 2831 83 27 claims

62 2904 68 27 could
150 2905 27 25 be
198 2902 123 35 profitably
343 2900 95 28 woiked
449 2900 63 35 .that
528 2909 39 19 are
578 2910 52 18 now
641 2903 71 27 aban-
721 2884 4 56 j

63 2973 73 24 dnngd
155 2973 37 22 for
210 2976 64 18 want

446 2971 54 20 The
516 2970 123 27 Ootnpnnj-
651 2972 60 19 hrtic

61 3035 127 35 registered
208 3036 40 26 the
269 3035 63 26 Race
352 3038 26 24 to
399 3032 84 36 supply
504 3036 90 31 twenty
612 3042 85 25 govern-

62 3111 64 22 ment
144 3105 71 26 sluice
227 3104 78 31 heads,
314 3104 77 26 which
403 3102 76 28 would
490 3103 94 25 furnish
596 3111 30 17 an
638 3104 59 25 abun-

60 3177 57 26 dant
136 3175 117 35 quantity,
270 3175 25 25 in
312 3174 104 26 addition
427 3178 24 21 to
467 3174 70 32 being
548 3173 51 28 able
611 3177 23 24 to
646 3174 65 27 drive

59 3245 115 34 powerful
202 3245 137 31 machinery
351 3245 38 24 for
405 3243 113 31 crusliing
530 3248 92 21 cement
633 3244 77 25 which

56 3315 105 27 abounds
173 3316 24 25 in
218 3319 54 22 vast
283 3314 130 34 quantities
434 3320 30 18 on
483 3313 41 27 the
535 3312 47 27 line
594 3314 26 25 of
632 3316 74 28 route,

60 3383 50 27 also
130 3383 67 27 could
219 3384 27 26 be
268 3383 67 27 made
352 3382 113 27 available
485 3383 37 25 for
540 3383 51 26 Saw
609 3382 64 27 Mills
684 3392 25 17 or

60 3454 67 27 other
138 3461 120 28 purposes.

90 3534 50 26 The
158 3533 106 35 probable
281 3533 82 33 length
381 3533 27 25 of
419 3532 40 26 the
474 3540 53 19 race
538 3533 20 26 is
570 3535 54 24 four
635 3533 74 32 miles,

60 3603 45 27 and
124 3612 26 18 as
167 3612 44 19 one
228 3603 62 27 third
311 3602 46 27 will
375 3603 90 33 require
484 3603 107 33 fluming,
608 3605 41 26 the
660 3613 39 27 pro-

59 3678 88 23 moters
164 3683 40 17 are
221 3675 99 34 positive
337 3674 52 26 that
408 3674 40 25 the
467 3673 87 35 capital
566 3676 85 31 sought
664 3676 47 25 will

60 3744 28 26 be
98 3743 77 35 ample
187 3745 37 25 for
234 3744 30 26 all
276 3752 120 27 purposes.

91 3824 51 24 The
152 3822 47 27 line
210 3824 26 25 of
246 3824 63 25 Race
328 3824 20 24 is
360 3824 114 32 surveyed
485 3827 47 23 two
549 3824 74 26 thirds
635 3825 25 25 of
671 3825 40 25 the

58 3893 74 27 entire
152 3892 82 34 length
253 3893 30 33 by
301 3893 40 27 the
356 3897 137 31 promoters,
511 3893 53 27 who
583 3894 60 27 have
660 3893 49 28 also

57 3963 92 27 cleared
159 3963 41 26 the
211 3963 76 32 track,
298 3963 25 26 in
335 3963 173 28 consideration
518 3965 26 26 of
554 3965 78 26 which
653 3965 56 33 they

58 4035 91 32 require
168 4035 64 32 sixty
252 4036 50 31 (60)
323 4034 62 33 fully
395 4035 54 34 paid
461 4036 78 26 shares
551 4036 24 25 in
588 4036 39 26 the
639 4036 70 26 Com-

90 4190 20 27 It
123 4190 20 27 is
154 4189 52 28 well
217 4191 86 26 known
315 4191 51 26 that
378 4191 108 36 upwards
497 4194 26 25 of
535 4194 54 26 four
601 4193 106 27 hundred

56 4251 83 27 claims
159 4252 67 26 could
248 4254 28 24 be
297 4253 104 34 supplied
422 4254 61 26 from
501 4255 41 25 the
559 4255 72 26 above
655 4263 53 19 race

57 4314 86 32 which,
153 4318 24 22 at
188 4315 41 25 the
239 4318 51 22 rate
300 4315 26 25 of
339 4318 32 22 £2
384 4324 40 25 per
434 4317 74 30 week,
526 4316 52 26 half
596 4318 39 26 the
646 4318 62 33 price

58 4375 54 35 paid
123 4376 38 26 for
173 4380 72 23 water
265 4384 60 25 now,
344 4376 76 27 would
441 4377 61 33 yield
523 4379 40 26 the
581 4379 127 28 handsome

58 4441 80 22 return
155 4438 26 24 of
196 4441 60 22 £BOO
267 4437 99 34 weekly,
384 4447 26 17 or
422 4442 101 27 £40,000
542 4448 40 25 per
599 4448 90 18 annum
702 4454 5 17 ;

58 4501 45 17 one
113 4495 26 23 of
149 4495 41 25 the
202 4500 60 20 most
273 4495 116 26 lucrative
406 4495 171 33 undertakings
596 4497 52 26 that
665 4499 42 24 has

59 4551 58 26 been
129 4553 125 25 submitted
266 4556 24 23 to
302 4553 39 26 the
352 4553 82 34 public.

87 4614 37 25 As
141 4621 53 18 new
210 4614 81 26 rushes
308 4615 56 25 take
384 4615 66 33 place
472 4615 87 27 almost
580 4615 70 34 daily,
667 4617 40 26 the

59 4671 142 34 Company's
222 4672 62 27 Race
304 4671 75 28 would
401 4682 94 17 assume
516 4682 64 18 more
601 4675 105 32 gigantic

58 4728 146 34 proportions
225 4736 25 17 as
282 4729 41 25 the
349 4728 78 26 works
453 4729 131 29 extended;
616 4731 89 32 ground

58 4788 102 24 hitherto
177 4786 168 33 unprospected
364 4786 76 26 would
457 4788 28 24 be
501 4788 88 33 opened
609 4796 37 25 up,
664 4789 40 26 the

57 4845 95 29 miners,
163 4851 56 25 very
237 4842 126 34 naturally,
382 4843 76 26 would
475 4853 29 23 go
522 4845 141 33 contiguous
679 4852 25 20 to

57 4904 80 23 water,
148 4900 45 26 and
204 4901 40 24 the
256 4899 148 26 well-known
417 4901 121 26 character
549 4903 26 24 of
592 4903 40 26 the
643 4905 60 25 auri-
724 4899 1 31 ,

724 4938 1 13 i

56 4959 80 25 ferous
146 4956 102 35 deposits
259 4956 26 25 of
296 4956 46 26 this
354 4956 92 28 district
457 4957 76 27 would
551 4965 100 22 warrant
664 4962 39 26 the

55 5016 146 32 assumption
213 5015 51 23 that
282 5022 13 16 a
312 5022 56 25 very
379 5014 64 33 large
460 5016 45 25 and
525 5017 97 33 payable
639 5019 63 31 gold-
714 5014 2 36 i

55 5066 53 27 field
121 5065 74 26 would
206 5066 59 25 exist
277 5064 54 27 here
344 5066 36 24 for
391 5068 90 24 several
488 5076 75 24 years.

84 5130 77 25 When
173 5127 51 26 half
234 5128 26 26 of
271 5128 40 25 the
323 5127 79 27 shares
420 5137 38 18 are
476 5129 96 27 allotted
590 5133 39 25 the
646 5134 54 25 Pro-
724 5108 1 51 '

55 5180 98 27 visional
173 5180 120 26 Directors
315 5181 81 26 intend
418 5186 25 21 to
461 5181 44 27 call
526 5191 14 18 a
558 5185 102 33 meeting
675 5187 26 25 of

53 5233 168 30 shareholders,
232 5238 24 20 to
267 5232 61 27 elect
339 5234 127 30 Directors,
483 5236 45 25 and
540 5243 24 19 to
575 5238 69 26 settle
660 5240 40 24 the
724 5232 1 41 \

51 5287 62 26 rules
124 5286 44 26 and
180 5285 144 34 regulations
335 5287 74 26 under
428 5289 76 26 which
516 5290 40 25 the
577 5291 122 33 Company
722 5285 3 51 j

53 5338 58 27 shall
123 5339 27 25 be
160 5337 123 35 governed.

81 5400 163 35 Application-*
269 5401 35 24 for
328 5401 79 27 shares
429 5407 24 20 to
477 5403 28 26 be
527 5404 67 27 made
613 5409 24 22 to
658 5406 40 25 the

48 5454 127 26 Director?,
185 5462 27 16 or
223 5454 89 26 Messrs
324 5453 138 27 M'Mastcrs
473 5456 45 25 and
530 5456 95 28 Carroll.
708 5453 1 31 ;
723 5453 2 31 r

737 163 59 25 THE
817 162 182 26 WESTPORT
1013 163 19 24 &
1046 160 221 27 CHARLESTON
1280 161 94 25 TRAM

811 278 77 26 WAY
906 277 159 27 COMPANY
1083 276 215 27 PROSPECTUS.

737 502 132 38 Proposed
883 500 111 41 Capital,
1008 500 133 35 <£20,000,
1155 500 29 30 in
1198 500 71 29 4000
1285 498 94 32 Shares

968 622 27 30 of
1011 622 40 30 £5
1066 621 72 31 each.

821 852 93 34 [Under
926 852 40 26 the
983 851 102 27 Limited
1100 850 112 33 Liability
1224 850 69 34 Act.]

824 1066 224 27 PROVISIONAL
1074 1066 197 27 COMMITTEE
1286 1076 5 15 :

794 1180 144 27 Chairman:
966 1181 137 31 —Martin,
1114 1181 63 31 Esq.,
1194 1180 127 33 Westport.

797 1266 27 25 T.
837 1267 96 31 Askew,
945 1268 63 31 Esq.,
1025 1267 117 33 IVestport

836 1354 77 32 Blain,
925 1355 62 31 Esq.,
1065 1374 13 11 „

837 1443 110 32 Gibbons,
959 1443 64 33 Esq.,
1035 1440 86 29 Nelson

795 1532 25 26 J.
834 1532 77 31 Crate,
922 1532 58 32 Esq.
1065 1551 14 12 ~
1126 1530 46 26 and
1182 1530 121 35 Westport

837 1619 85 30 Smith,
933 1620 63 32 Esq.,
1007 1619 120 34 Westport

838 1708 140 32 Hammond,
991 1709 54 32 Esq,
1064 1728 12 12 „

837 1795 124 32 Hcnnellv,
974 1797 55 31 Esq,
1041 1796 137 26 Charleston

797 1885 30 26 G.
841 1883 72 32 Blair,
925 1884 66 33 Esq.,
1109 1906 12 11 „
1153 1884 45 27 and
1211 1885 120 34 Westport

836 1972 85 33 Roche,
933 1972 56 33 Esq,
1107 1994 13 11 „

795 2061 27 25 E.
834 2061 137 31 Broadbent,
983 2061 55 32 Esq,
1109 2082 14 11 „

837 2149 103 26 Thomas

796 2236 29 27 11.
837 2237 83 31 Mann,
932 2238 55 32 Esq,
1110 2258 13 12 „

796 2324 29 26 A.
838 2324 28 27 Y.
881 2323 125 35 Skogland,
1019 2325 55 33 Esq,
1111 2347 13 11 „

825 2412 67 25 With
904 2420 76 25 power
992 2416 24 22 to
1027 2413 43 25 add
1082 2419 24 20 to
1118 2415 61 26 their
1191 2416 103 25 number.

826 2635 123 27 Bankers:

782 2721 136 38 Solicitors:
946 2724 92 26 Adams
1049 2725 46 26 and
1106 2725 126 34 Kingdom,
1243 2726 96 27 Nelson.

806 2810 132 33 Engineer:
956 2812 51 26 The
1019 2813 162 27 Government
1191 2815 125 32 Engineer.

847 2899 122 35 Secretary
981 2909 42 26 pro
1034 2905 63 24 tem:
1121 2903 64 26 John
1198 2903 77 28 Crate.

738 3120 225 67 rjIRAMWAYS
980 3124 160 34 economising
1152 3124 58 28 time
1229 3125 46 28 and
1292 3135 93 27 money,

737 3196 43 25 and
792 3197 39 25 the
843 3197 119 27 increased
973 3200 75 25 traffic
1058 3200 106 26 between
1187 3201 137 28 Charleston
1340 3204 46 26 and

737 3265 129 34 Westport,
889 3267 122 25 combined
1032 3268 59 26 with
1111 3269 40 26 tha
1172 3277 52 18 now
1246 3271 140 28 established

737 3337 118 25 character
876 3338 27 24 of
923 3338 40 25 the
991 3339 131 27 auriferous
1149 3340 104 27 districts
1283 3343 101 34 through

737 3406 73 26 which
822 3407 41 26 the
874 3407 118 33 projected
1010 3407 48 28 line
1069 3418 88 26 passes,
1177 3411 42 26 has
1231 3412 99 28 induced
1346 3414 40 26 the

737 3481 125 31 projectors
869 3482 24 23 to
904 3479 86 27 launch
1003 3480 47 25 this
1061 3481 93 27 scheme
1165 3482 78 28 before
1255 3484 40 27 the
1309 3484 78 35 public

737 3548 71 26 under
818 3548 40 26 the
871 3553 62 21 most
945 3550 121 26 favorable
1078 3552 113 33 auspices.

764 3643 35 25 To
819 3644 92 26 further
923 3644 44 26 the'
980 3644 110 28 interests
1102 3647 26 25 of
1144 3647 40 27 the
1197 3649 133 36 Company,
1345 3653 40 26 the

737 3702 85 27 Nelson
834 3704 169 32 Government,
1022 3706 92 27 instead
1125 3710 26 23 of
1166 3710 84 33 giving
1259 3720 13 17 a
1284 3720 88 25 guaran-

737 3767 34 23 tee
782 3773 29 17 on
824 3765 40 27 the
881 3766 85 34 capital
988 3768 112 31 invested,
1123 3778 39 18 are
1180 3771 91 35 willing
1291 3778 25 22 to
1332 3776 53 32 give

737 3824 50 27 land
798 3825 70 34 along
879 3827 40 26 the
931 3828 110 27 intended
1052 3830 47 26 line
1119 3832 134 32 equivalent
1270 3834 25 26 in
1316 3835 69 28 value

737 3890 20 24 to
768 3895 14 19 a
792 3892 134 30 guarantee,
937 3891 42 27 but
991 3892 85 33 which,
1088 3893 37 27 for
1137 3894 39 27 the
1187 3894 110 28 interests
1307 3898 27 25 of
1344 3899 40 26 the

737 3948 127 35 Company,
872 3952 49 25 will
932 3960 71 27 prove
1015 3957 24 23 to
1050 3955 28 26 be
1088 3955 27 26 of
1132 3957 38 24 far
1188 3961 93 29 greater
1298 3961 72 26 advan-

870 3995 6 12 ♦

737 4013 59 29 tage.
839 4013 47 26 For
907 4014 114 35 example,
1037 4019 13 22 8
1065 4025 40 26 per
1116 4022 60 22 cent,
1188 4027 30 17 on
1230 4020 41 26 the
1289 4022 93 34 capital,

737 4071 9 32 L
746 4071 95 32 20,000,
853 4074 37 24 for
901 4074 65 26 three
977 4083 76 25 years,
1071 4077 19 24 is
1101 4078 68 32 equal
1189 4082 24 23 to
1230 4080 13 33 L
1243 4080 84 33 4,800,
1343 4082 41 26 the

737 4131 119 34 Company
865 4135 111 26 conceive
987 4137 51 24 that
1050 4138 74 24 under
1135 4140 39 24 the
1182 4140 87 26 Nelson
1277 4141 105 34 Railway

737 4192 42 26 Bill
789 4194 57 33 they
857 4195 48 26 will
917 4197 27 26 be
955 4197 98 28 entitled
1065 4202 25 23 to
1101 4208 30 19 an
1145 4202 136 31 equivalent
1293 4204 87 26 inland

737 4262 36 25 say
785 4258 58 23 5000
854 4263 71 26 acres,
937 4258 76 27 which
1027 4260 55 33 sold,
1094 4269 58 19 even
1164 4267 24 22 at
1200 4263 40 27 the
1250 4268 51 23 rate
1311 4267 26 24 of
1347 4267 32 25 Ll

737 4324 34 25 per
781 4324 60 21 acre,
852 4317 46 26 will
909 4327 70 25 prove
991 4321 39 26 the
1042 4322 133 34 advantage
1187 4328 24 22 to
1223 4326 26 24 be
1258 4326 98 27 derived.

762 4402 50 25 The
827 4404 174 34 extraordinary
1020 4415 92 18 success
1121 4409 26 25 of
1158 4410 40 24 the
1209 4411 117 26 Ilokitika
1337 4413 43 25 and

737 4462 141 31 Greymouth
890 4463 127 36 Tramway
1029 4467 46 24 will
1090 4468 28 26 be
1129 4475 13 18 a
1154 4470 115 26 sufficient
1280 4479 86 25 guaran-

737 4525 31 24 tee
780 4526 24 22 to
817 4524 39 25 the
867 4525 94 31 general
973 4527 84 33 public,
1069 4529 45 25 and
1126 4538 63 18 more
1198 4533 151 34 particularly
1358 4538 23 23 to

737 4585 33 24 the
781 4584 146 28 inhabitants
938 4588 26 23 of
977 4589 39 24 the
1027 4589 92 27 district
1133 4592 101 33 through
1246 4594 77 26 which
1339 4596 40 25 the

737 4644 39 28 line
794 4643 160 37 passes,•that
976 4649 39 28 the
1037 4656 93 29 present
1151 4653 158 36 undertaking
1332 4656 48 28 will

737 4715 62 25 prove
810 4716 14 17 a
834 4717 53 19 sure
898 4710 46 26 and
954 4711 120 33 profitable
1086 4713 151 28 investment.

759 4797 21 24 It
792 4797 19 25 is
823 4799 117 33 proposed,
952 4800 25 25 in
987 4802 124 34 accepting
1122 4803 93 26 tenders
1227 4804 37 25 for
1276 4805 39 26 the
1332 4806 34 25 for-

737 4858 80 26 mation
829 4860 25 24 of
866 4860 39 26 the
916 4860 53 32 line,
981 4862 51 26 that
1045 4863 40 25 the
1096 4863 138 27 Charleston
1245 4866 46 25 and
1300 4867 61 26 West-

737 4923 42 28 port
795 4919 44 25 end
858 4920 82 25 should
958 4930 133 19 commence
1108 4923 203 37 simultaneously,
1330 4928 46 26 and

739 4981 28 25 lie
778 4983 143 25 contractors
939 4983 38 25 for
988 4984 39 26 the
1039 4992 65 19 same
1121 4986 56 25 take
1195 4995 43 18 one
1257 4988 62 26 third
1336 4990 38 25 the

737 5044 86 21 unount
839 5043 26 24 of
883 5042 61 27 their
964 5043 93 26 tenders
1078 5044 23 25 in
1124 5046 78 24 shares
1213 5047 26 24 of
1255 5047 40 25 the
1312 5056 61 18 coir-

755 5189 39 26 Mr
806 5189 102 28 Warden
920 5191 148 34 Kynnersley
1079 5192 44 27 has
1142 5194 82 34 kindly
1235 5196 90 33 offered,
1342 5206 30 18 on

737 5250 66 27 >ehalf
813 5253 26 24 of
850 5252 39 26 the
900 5251 87 28 Nelson
1006 5253 171 35 Government,
1195 5260 23 23 to
1231 5265 83 26 survey
1332 5259 39 27 the

737 5313 32 24 ine
780 5313 49 25 free
839 5314 26 24 of
876 5321 106 26 expense.

749 5396 50 25 The
819 5396 147 27 Provisional
983 5397 141 28 Committee
1142 5399 47 26 will
1207 5400 43 26 call
1268 5409 13 17 a
1292 5401 76 33 public

737 5459 95 31 neeting,
843 5460 26 23 of
880 5460 76 24 which
967 5459 44 25 du«
1024 5461 78 25 notice
1114 5460 45 26 will
1172 5462 26 24 be
1210 5462 76 30 given.

1604 163 24 26 H
1640 184 5 5 .
1692 163 105 26 MAN
1812 164 20 25 N
1845 184 6 11 ,

1548 293 83 25 AND
1666 291 162 27 PORTER
1859 293 50 25 Blv
1919 293 128 31 EWER)

1624 466 63 26 Next
1698 466 39 26 the
1748 466 81 34 Camp,

1405 613 371 27 CUALST
1817 614 21 25 R
1875 615 19 25 E
1934 616 18 23 E
1991 616 19 25 T
2043 613 4 32 ,

1649 761 163 21 CJIATtI.ESTO.V

1490 829 26 27 M
1551 829 20 26 r
1602 829 12 26 I
1645 829 21 26 II
1692 830 20 25 E
1790 829 22 26 II
1845 831 20 26 0
1899 831 19 26 T

1535 917 88 32 Beacli
1642 917 92 37 Street,
1758 916 164 32 Charleston.

1790 829 22 26 II
1845 831 20 26 0
1899 831 19 26 T
1952 829 19 26 E
2008 831 19 26 L
2044 853 5 10 ,

1436 1031 81 25 James
1533 1031 90 25 Fenton
1635 1032 55 32 begs
1706 1035 24 22 to
1741 1031 108 26 intimate
1866 1035 23 21 to
1906 1032 36 25 his
1962 1031 89 26 friends

1407 1066 44 24 and
1464 1066 38 24 the
1513 1066 76 32 public
1607 1067 52 24 that
1676 1068 28 24 he
1716 1068 19 24 is
1755 1071 24 20 at
1791 1067 68 25 home
1878 1071 24 21 at
1922 1067 39 25 the
1978 1067 73 24 above

1407 1099 70 30 hotel,
1489 1100 43 24 and
1544 1100 20 24 is
1580 1101 111 32 prepared
1703 1105 23 21 to
1744 1101 54 30 give
1816 1109 13 16 a
1847 1102 82 31 hearty
1941 1100 111 27 welcome

1407 1139 23 22 to
1442 1135 65 26 those
1519 1135 51 25 who
1581 1143 54 24 may
1646 1135 67 26 favor
1724 1135 48 26 him
1784 1135 57 26 with
1852 1146 13 16 a
1875 1128 50 33 call

1441 1182 65 26 Good
1517 1181 93 32 liquors,
1621 1183 59 31 good
1691 1184 200 25 accommodation
1901 1184 45 24 and
1954 1184 97 31 civility.

1438 1227 82 28 Saddle
1527 1228 78 26 horses
1613 1229 37 26 for
1657 1230 56 25 hire.
1740 1230 55 25 Bait
1805 1231 45 26 and
1859 1232 86 32 Livery
1953 1231 99 31 Stables,

1407 1264 45 25 and
1464 1271 68 24 every
1543 1271 51 19 care
1605 1266 72 24 taken
1692 1266 26 23 of
1734 1266 122 24 travellers
1858 1267 5 8 1
1876 1267 86 25 horses.

1695 1312 109 27 JAMES
1821 1313 139 33 FENTON,

1490 1432 23 27 A
1536 1431 21 28 G
1581 1432 15 27 8

1649 1432 162 27 HEAI)
1866 1432 186 33 HOTEL,

1631 1545 61 32 (The
1704 1545 126 32 Original,)

1409 1628 117 27 COAL
1564 1627 170 32 STREET,
1772 1628 280 32 CHARLESTON,

1527 1768 37 27 P.
1604 1768 38 30 11.
1684 1768 248 30 ELLIOTT,

1659 1837 141 34 Proprietor.

1409 1978 158 28 NELSON
1598 1977 79 26 ALE
1711 1981 30 22 Is.
1774 1977 75 26 PER
1880 1977 105 25 PINT.
2029 1979 27 22 2c

1389 2049 46 27 V
1481 2049 46 27 0
1573 2049 46 27 C
1652 2050 24 24 A

1803 2048 253 30 HOTEL,

1601 2177 55 26 And
1673 2175 101 28 General
1791 2176 74 31 Store,

1450 2282 178 28 MAIN
1720 2278 297 32 STREET,

1661 2383 144 29 Charleston.

1428 2532 325 30 ALEXANDER
1816 2530 225 32 CARTER,

1659 2617 139 33 Proprietor.
2030 2617 27 21 Gc

1506 2686 302 31 ELLINGTON
1873 2684 183 31 HOTEL,

1480 2787 113 29 BEACH
1612 2784 132 31 STREET,
1762 2781 223 29 CHARLESTON.

1410 2835 88 26 Pascoe
1510 2831 46 27 and
1566 2830 114 27 McLeain
1690 2830 44 31 beg
1744 2831 26 22 to
1781 2830 61 22 state
1860 2826 52 25 that
1929 2825 57 31 they
1997 2824 60 25 have

1410 2891 53 19 now
1474 2879 129 37 completed
1613 2879 41 27 the
1671 2876 136 29 alterations
1825 2875 26 26 in
1866 2874 61 27 their
1938 2873 118 35 premises,

1410 2931 46 26 and
1464 2927 162 35 are'prepared
1640 2931 25 22 to
1678 2925 72 26 afford
1772 2932 72 24 every
1855 2922 199 27 accommodation

1410 2981 27 20 to
1461 2962 68 41 thise
1555 2976 52 24 who
1633 2981 59 26 majs
1715 2973 68 24 favor
1814 2971 64 26 them
1906 2970 58 25 with
1996 2969 61 26 their

1628 3009 9 6 •*
1650 3012 9 9 V
1687 3011 6 8 1

1410 3026 134 32 patronage.

1440 3070 76 26 Meals
1537 3073 25 23 at
1582 3069 31 27 all
1633 3070 77 25 hours.
1743 3066 67 28 Good
1830 3066 45 26 and
1894 3066 71 27 Clean
1988 3065 68 28 Beds.

1410 3119 120 26 Moderate
1541 3117 80 35 prices.
1652 3117 136 26 Remember
1801 3117 40 25 the
1854 3115 134 26 Address—

1447 3178 55 30 The
1530 3176 166 40 Wellington
1726 3174 95 40 Hotel,
1856 3175 162 30 Charleston.

1552 3312 64 27 AN
1670 3311 138 27 BORU
1860 3310 196 31 HOTEL,

1575 3400 19 26 P
1606 3420 5 6 .
1657 3399 63 26 TW
1732 3399 21 26 0
1765 3400 47 25 111
1823 3399 20 25 L
1854 3399 20 25 L

1410 3483 62 32 Begs
1493 3484 24 24 to
1539 3480 87 26 inform
1647 3480 37 26 bis
1704 3479 89 27 friends
1815 3477 46 26 and
1883 3479 39 26 the
1939 3477 77 35 public
2033 3477 23 26 in

1410 3560 94 35 general
1524 3560 52 25 that
1597 3560 28 25 he
1645 3559 43 24 has
1708 3556 89 35 opened
1825 3557 39 24 the
1891 3556 73 25 above
1985 3554 70 33 hotel,

1410 3642 46 26 and
1477 3641 99 32 nothing
1593 3640 42 25 but
1656 3639 40 26 the
1717 3639 51 26 best
1788 3636 85 27 brands
1890 3636 55 34 only
1956 3637 57 33 kept
2032 3637 24 25 in

1509 3893 27 30 A
1556 3891 110 31 Billiard
1692 3890 80 31 Table
1798 3889 129 31 attached.
2007 3888 48 30 14c

1410 3982 188 72 QREED'S
1630 3980 259 28 COMMERCIAL
1925 3979 129 27 HOTEL

1546 4068 174 33 Main-street,
1735 4067 166 30 Charleston.

1437 4121 22 25 J.
1473 4120 73 27 Creed
1557 4121 56 30 begs
1624 4123 23 22 to
1658 4119 88 25 inform
1758 4119 40 24 the
1811 4117 79 40 public
1906 4118 26 24 of
1948 4115 91 28 Charles-

1407 4158 40 22 ton
1459 4154 46 26 and
1515 4155 94 25 visitors
1630 4154 61 25 from
1711 4152 67 25 other
1797 4152 82 33 places,
1891 4151 52 25 that
1960 4151 30 25 lie
2010 4152 41 24 has

1407 4190 87 33 opened
1504 4190 40 26 the
1564 4190 71 25 above
1653 4186 71 32 hotel,
1735 4187 45 25 and
1797 4187 20 24 is
1838 4195 52 17 now
1901 4185 110 35 prepared
2027 4190 25 22 to

1406 4225 57 25 offer
1471 4225 66 24 those
1548 4225 52 24 who
1611 4232 54 24 may
1676 4223 68 24 favor
1761 4221 49 25 him
1822 4221 58 25 with
1886 4221 62 25 their
1958 4224 80 29 patron-

1406 4267 43 24 age
1461 4258 196 27 accommodation
1677 4255 68 34 equal
1766 4260 25 21 to
1802 4263 46 25 any
1861 4256 23 25 in
1896 4255 40 26 the
1953 4255 97 26 district.

1436 4295 51 25 The
1506 4294 90 30 Wines,
1607 4292 85 34 Spirits
1711 4290 46 25 and
1767 4290 59 25 Ales
1837 4298 39 17 are
1896 4291 26 24 of
1943 4290 40 25 the
1994 4297 57 25 very

1405 4329 52 25 ebst
1477 4328 91 33 quality
1589 4324 132 38 procurable
1753 4325 37 25 for
1821 4325 61 30 cash,
1910 4324 45 25 and
1980 4331 71 25 every

1405 4363 81 27 article
1497 4362 47 27 will
1555 4364 26 26 lie
1599 4362 78 32 found,
1692 4368 30 19 on
1732 4359 62 33 trial,
1805 4363 25 22 to
1840 4360 28 26 be
1884 4359 153 35 unexception-

1405 4399 56 26 able.

1435 4435 23 25 A
1470 4432 62 27 table
1553 4432 84 30 d'hote,
1657 4430 70 32 daily,
1749 4433 23 21 at
1787 4433 8 21 1
1809 4428 100 26 o'clock.
1942 4429 23 25 A
1987 4428 63 33 large

1405 4475 70 23 room,
1487 4469 23 24 in
1532 4474 70 24 every
1615 4473 50 24 way
1677 4463 99 26 suitable
1789 4464 37 24 for
1837 4462 77 34 public
1934 4464 115 31 meetings

1405 4502 19 25 is
1435 4501 109 27 attached
1555 4505 24 21 to
1595 4500 39 26 the
1645 4499 119 34 premises,
1775 4497 77 26 which
1864 4504 44 18 can
1925 4498 27 25 be
1963 4498 45 26 had
2019 4506 30 18 on

1405 4537 146 34 application.
2007 4536 43 23 48c

1406 4600 141 71 QAMP
1579 4598 134 26 HOTEL
1744 4596 80 26 AND
1856 4595 193 26 GENERAL

1619 4678 118 36 Grocery
1752 4675 83 35 Store,

1478 4729 95 41 Main
1605 4728 122 47 Street,
1755 4725 215 41 Charleston.

1403 4816 147 27 DAVID
1587 4814 283 30 HENDERSON,
1906 4794 151 53 Propriet^

1984 4845 63 41 /43c

1708 4914 132 31 ARMS
1879 4903 168 52 HO/el.

1525 5020 156 30 Main-street,
1692 5025 56 18 near
1759 5017 40 25 the
1812 5006 116 52 Cutting

1489 5081 37 25 W.
1553 5080 30 25 11.
1611 5077 144 32 WRIGHT,
1781 5054 121 58 PKorßj£
1903 5093 50 23 TOR)

1428 5152 97 31 Having
1535 5150 88 34 opened
1633 5149 40 24 the
1684 5149 73 24 above
1958 5152 87 27 friends

1395 5231 45 26 and
1452 5232 39 24 the
1503 5229 76 35 public
1590 5227 47 26 will
1648 5227 47 26 find
1706 5227 40 24 the
1824 5236 88 32 liquors
1921 5234 27 26 of
1953 5232 32 27 all
1994 5232 38 26 des-

1395 5310 110 33 criptions
1518 5309 55 32 kept
1584 5312 24 21 at
1620 5307 39 25 the
1670 5306 50 25 bar.
1743 5300 26 30 /

1558 5386 66 27 THE

1484 5457 53 25 Will
1563 5458 27 24 be
1610 5445 93 47 openfa
1729 5465 9 25 i
1739 5473 14 17 u
1774 5471 15 17 a
1811 5464 10 23 f
1823 5471 11 17 e
1837 5469 21 16 w
1883 5461 64 31 days.
2054 5445 3 47 '

2153 509 192 70 QOLOXIAL
2362 511 169 67 JgREWED
2567 514 76 66 ,^LE

2076 610 29 29 In
2119 610 103 30 Pewter
2236 611 40 30 for
2296 611 60 32 One
2370 612 124 43 Shilling,
2516 625 28 20 or
2565 615 65 31 Half
2652 617 65 31 Pint

2220 667 40 30 for
2279 667 137 41 Sixpence,
2438 680 32 29 go
2485 675 27 25 to
2525 671 43 30 the

2181 732 89 31 BIN
2526 739 191 67 JJOTEL,

2074 833 57 26 Two
2142 833 76 27 Doors
2232 834 61 25 from
2305 834 39 26 the
2361 835 69 27 Bank
2450 838 26 24 of
2491 838 58 26 New
2571 839 107 32 Zealand,
2695 846 23 21 at

2227 882 38 25 the
2277 890 80 17 eorner
2368 885 26 23 of
2406 885 85 25 Rotten
2504 887 63 25 Row.

2076 989 121 39 Nothing
2216 989 48 29 but
2286 989 124 30 Genuine
2437 991 110 39 Liquors
2574 994 75 38 kept,
2669 994 52 30 and

2272 1048 43 30 No
2329 1047 197 31 Adulteration.

2078 1123 329 41 OKARITA
2481 1126 237 49 HOTEL,

2276 1222 254 28 WILLIAM-STREET,

2212 1289 227 32 CHARLESTON,
2460 1290 127 26 PAKIHI.

2266 1491 74 30 MRS
2360 1490 217 35 THOMPSON,

2142 1570 71 30 (Late
2226 1566 24 35 ''
2262 1568 40 25 the
2320 1567 100 26 Okarita
2437 1566 79 32 Hotel,
2538 1568 120 33 Okarita.)

2108 1701 67 25 None
2186 1701 40 24 but
2235 1701 39 24 the
2287 1708 55 24 very
2354 1700 49 25 best
2416 1699 84 25 brands
2510 1700 27 24 of
2548 1699 79 30 wines,
2639 1698 85 34 spirits,

2080 1770 25 17 or
2117 1762 48 25 ales
2177 1763 54 31 kept
2244 1762 23 24 in
2281 1762 72 25 stock.
2697 1763 27 21 90

2080 1836 69 32 EE
2169 1836 14 30 I
2205 1836 68 30 D'S
2323 1835 142 31 SHIP
2515 1835 25 29 II
2563 1834 106 30 OTE
2690 1834 34 37 L,

2217 1893 184 30 Mais-street,
2418 1892 169 26 Charleston.

2109 1970 23 25 J.
2152 1970 58 26 Reid
2230 1969 42 26 has
2296 1970 70 24 much
2387 1967 106 35 pleasure
2510 1969 23 24 in
2546 1967 129 33 informing
2690 1967 36 26 his

2081 2005 88 26 friends
2190 2005 46 25 and
2261 2006 40 24 the
2323 2003 76 35 public
2421 2003 119 34 generally
2561 2004 52 24 that
2635 2003 29 25 he
2684 2003 42 25 lias

2080 2040 87 33 opened
2178 2040 35 25 his
2225 2048 52 18 new
2288 2040 118 33 premises,
2418 2040 45 24 and
2474 2040 20 23 is
2511 2037 111 34 prepared
2634 2042 23 20 to
2674 2046 40 24 sup-

2080 2074 39 34 ply
2130 2075 64 24 them
2206 2074 57 25 with
2274 2074 88 32 liquors
2374 2075 26 24 of
2411 2073 40 26 the
2462 2074 50 24 best
2524 2073 90 24 brands.

2083 2149 375 67 JJIBERNIAN
2519 2149 207 27 HOTEL.

2298 2238 63 25 Near
2371 2238 40 24 the
2423 2236 81 33 Camp,

2110 2296 33 26 M.
2172 2296 114 27 Corcoran
2313 2295 20 25 is
2359 2302 52 18 now
2437 2292 50 27 able
2514 2296 24 23 to
2561 2293 108 27 welcome
2690 2294 36 26 his

2081 2355 95 29 friends,
2198 2354 24 24 in
2243 2354 37 24 his
2301 2360 51 17 new
2373 2351 71 31 hotel,
2468 2351 60 25 built
2554 2350 127 33 regardless
2701 2352 26 24 of

2080 2430 107 27 expense.

2262 2498 464 27 WILLIAMS'S

2220 2593 95 39 Blow
2351 2593 90 38 Hole
2471 2591 115 48 Hotel,

2081 2691 87 26 Pakihi
2178 2689 72 27 Road.
2259 2690 78 26 Stores
2348 2690 26 24 of
2390 2689 30 24 all
2427 2688 151 32 descriptions
2587 2685 139 33 constantly.

2081 2761 31 18 on
2123 2751 67 27 hand.

2148 2823 201 31 MERALD
2399 2822 109 30 ISLE
2548 2819 175 35 HOTEL,

2211 2946 87 31 Beach
2319 2946 96 35 Street,
2429 2943 165 31 Charleston.

2097 3099 118 28 JOHN
2245 3099 116 26 McGR
2373 3098 55 25 AT
2439 3098 23 24 H
2474 3117 5 11 ,
2510 3096 140 34 Proprietor.
2685 3098 42 22 33c

2084 3180 113 66 JIOR
2253 3176 113 28 SALE
2426 3176 53 26 OR
2535 3174 53 28 TO
2644 3174 82 26 LET

2131 3265 94 33 THE
2265 3261 202 33 PHOENIX
2503 3260 177 38 HOTEL,

2333 3339 144 27 CNrleston.

2081 3473 50 26 The
2143 3473 72 26 above
2225 3470 64 28 hotel
2300 3470 42 26 has
2354 3468 115 28 excellent
2479 3467 198 27 accommodation
2690 3466 36 26 for

2081 3534 122 29 Boarders,
2225 3533 46 24 and
2296 3531 159 26 commodious
2481 3530 88 31 Sitting
2601 3529 46 25 and
2667 3529 45 25 Bed-

2081 3603 83 23 rooms,
2175 3593 45 27 and
2231 3594 20 26 is
2262 3601 52 18 now
2326 3592 70 33 doing
2408 3599 13 18 a
2432 3590 59 35 good
2502 3591 114 27 business.

2110 3683 46 25 For
2166 3682 94 26 further
2270 3681 139 34 particulars
2429 3680 69 34 apply
2509 3687 30 19 on
2557 3679 39 26 the
2606 3679 117 33 'premises

2083 3734 40 23 12c

2081 3801 364 33 HIBERNIAN
2505 3800 205 31 HOTEL

2247 3872 159 40 Esplanade,
2420 3870 144 42 Westport.

2079 3986 50 25 The
2141 3985 72 26 above
2223 3985 63 26 hotel
2296 3985 20 25 is
2327 3993 52 17 now
2390 3992 65 26 open.
2488 3982 65 28 Good
2566 3980 80 33 meals,
2657 3980 64 26 clean

2289 4020 54 25 beds
2354 4019 45 25 and
2413 4017 97 32 civility.

2076 4184 54 66 A
2194 4188 30 63 1

2333 4095 31 25 M.
2378 4092 183 32 CORCORAN,
2578 4091 119 34 Proprieto

2333 4180 384 35 BAKERY,

2205 4276 88 31 Beach
2308 4275 91 36 Street,
2421 4272 164 33 Charleston.

2075 4362 77 27 Bread
2162 4360 113 28 delivered
2286 4359 142 35 throughout
2439 4359 41 26 the
2486 4358 115 34 diggings.
2632 4357 85 27 Orders
2727 4357 2 51 j

2076 4410 106 27 received
2203 4413 24 21 at
2241 4409 40 25 the
2299 4409 102 32 Bakery,
2422 4412 24 22 at
2468 4408 40 24 the
2529 4407 72 25 above
2622 4404 94 26 address
2726 4404 3 37 i

2075 4447 29 25 F.
2116 4443 135 27 M'Parland
2263 4444 20 24 &
2297 4444 51 30 Co.,
2360 4443 148 36 Proprietors.
2674 4442 42 20 35c
2726 4434 3 45 (

2306 4534 27 30 T.
2358 4528 126 43 rnTAN,

2074 4592 169 33 Auctioneer,
2279 4589 181 42 Commission,
2494 4587 53 31 and
2585 4585 131 42 Shipping

2276 4646 97 43 Agent,
2396 4644 102 33 Pakihi.

2069 4787 105 37 '"Sloney
2187 4787 118 29 advanced
2316 4795 29 18 on
2358 4785 78 27 Goods
2456 4780 126 34 consigned
2592 4780 38 25 for
2640 4778 60 27 Sale.

2074 4874 40 68 J
2145 4865 180 30 AMES
2415 4856 300 31 BODKIN,

2107 4954 260 33 WATCHMAKER
2383 4951 77 28 AND
2476 4945 210 32 JEWELLER,

2072 5016 35 24 At
2128 5014 40 24 the
2189 5010 102 26 Wonder
2310 5008 26 25 of
2361 5007 41 25 the
2427 5003 89 31 World,
2549 5001 56 28 Coal
2631 5000 84 29 Street,

2321 5039 144 29 Charleston.

2100 5118 75 31 Rings
2202 5114 46 26 and
2274 5109 123 32 Jewellery
2425 5108 26 25 of
2486 5112 70 25 every
2575 5101 134 36 deicriptig

2070 5149 183 29 manufactured
2264 5151 24 21 at
2298 5146 45 25 low
2354 5144 82 33 prices.
2673 5140 43 22 44c

2195 5229 136 50 George
2364 5224 32 38 J.
2431 5218 154 44 Kenny's

2107 5321 66 30 Hair
2186 5318 112 38 Cutting
2312 5314 52 33 and
2382 5309 179 42 Shampooing
2575 5306 95 32 Saloon

2260 5385 64 27 Near
2334 5384 40 26 the
2386 5381 56 34 Ship
2453 5377 79 33 Hotel,

2206 5448 180 34 Main-street,
2410 5441 165 34 Charleston.

2864 691 84 25 Patent
2961 691 75 26 Medio

2864 752 131 33 Requisites

2806 815 169 35 Prescriptions
2985 816 115 35 carefully
3111 825 54 28 prep

2806 877 74 26 Teeth
2892 878 126 30 extracted,
3030 878 83 32 scaled,
3125 888 25 17 or
3162 877 59 38 stopj

2807 938 74 26 Horse
2892 938 45 26 and
2949 938 79 27 Cattle
3039 939 130 28 Medicines
3181 942 87 29 always

2944 1058 59 25 Note
3015 1059 40 24 the
3068 1059 128 27 Address—

2748 1126 53 31 The
2829 1127 105 31 Corner
2958 1130 120 38 opposite
3099 1130 46 31 the
3172 1131 21 31 B

3007 1198 122 30 Zealand.

2934 1303 90 31 DR,
3076 1303 131 40 LEE,

2751 1364 235 66 REGISTERED
3003 1367 104 26 Member
3118 1369 25 24 of
3159 1369 39 25 the
3209 1369 73 33 Roya!

2835 1402 25 23 of
2877 1402 123 31 Surgeons,
3017 1402 114 33 England,
3149 1405 87 32 maybe
3256 1413 12 19 c

2749 1438 61 32 daily
2822 1440 24 22 at
2857 1437 37 24 his
2904 1437 125 30 residence,

2894 1480 162 39 Coal-street,
3078 1482 164 32 Charleston.

2750 1565 153 25 Vaccination
2915 1566 60 24 from
2990 1569 25 21 10
3023 1574 52 18 a.m.
3088 1571 23 21 to
3127 1571 24 21 12
3163 1576 68 24 noon,
3242 1576 69 26 erery
3323 1577 11 17 o

3003 1602 130 32 Thursday.

2754 1676 49 67 D
2857 1676 20 25 1!

2855 1802 127 22 SURGZON
3003 1804 63 21 and
3090 1806 202 26 accoucheur,

3019 1879 57 24 Late
3097 1881 25 24 of

2740 1952 22 36 C
2784 1952 22 36 0
2828 1952 22 36 L
2860 1953 20 26 L
2891 1953 78 27 ING
2983 1955 29 25 ir
3022 1955 21 26 0
3053 1957 21 24 0
3086 1956 32 32 I),
3160 1957 75 28 VIC

2753 2032 56 30 May
2820 2034 27 24 be
2858 2032 118 27 consulted
2988 2038 24 21 at
3024 2035 35 24 his
3073 2036 124 31 residence,
3208 2045 56 18 near

2812 2112 25 24 of
2852 2111 57 26 New
2928 2112 107 33 Zealand,
3057 2114 60 25 from
3139 2117 12 22 9
3173 2115 36 25 till
3226 2119 26 23 12

2930 2190 45 25 and
2987 2191 60 25 from
3060 2195 12 21 2
3083 2192 36 24 till
3131 2195 50 23 6.30
3192 2202 53 24 p.m.

2961 2336 50 25 DR.
3040 2338 144 26 O'KELLY.

2852 2418 20 25 R
2889 2439 5 6 .
2977 2418 197 28 HILL
3215 2422 21 25 Y

3014 2512 118 28 IUfIGEOX,

2754 2596 50 27 Can
2815 2597 27 25 be
2854 2595 119 25 consulted
2984 2599 24 21 at
3019 2596 40 24 the
3070 2596 100 25 Phoenix
3186 2597 62 25 Hote

2751 3084 273 40 RANSON
3070 3088 32 35 &

2754 3390 58 67 H

2881 3238 139 38 Timber
3061 3234 48 45 Ml

2845 3391 131 26 AVE
3038 3392 20 26 0

2810 3511 142 31 Quartering

2810 3584 112 35 Tongued
2933 3585 46 27 and
2989 3593 82 27 groove

2810 3666 82 35 Doors,
2904 3657 86 43 gashes)

2810 3741 75 34 Paper
2896 3742 114 33 hangings
3021 3733 50 35 ifl

2874 3911 197 45 Main-stro^B

2744 4177 58 69 N
2803 4180 35 28 o>

2803 4180 101 27 OXPAI

2741 4481 85 28 Orders
2836 4485 73 29 punct
