2572 3932
88 326 2373 60 THE

88 386 569 7 OXFORD
752 386 285 7 AND
1132 386 380 7 CUST
1607 386 854 7 OBSERVER,

88 393 310 7 AND
501 393 1032 7 CANTERBURY
1636 393 825 7 LIBERAL.

750 404 504 45 CIRCULATING
1299 416 502 37 THROUGHOUT

164 625 41 20 cl.
228 615 16 29 2
246 632 40 5 —
286 614 59 30 ISTo.
369 614 63 38 94.]

816 613 105 32 EAST
943 615 179 38 OXFOItD,
1170 616 234 39 SATURDAY,
1457 618 167 31 AUGUST
1660 619 26 33 1,
1738 616 73 29 1891

2086 615 130 31 Price—
2218 618 82 30 ONE
2327 620 138 31 PENNY

1941 733 65 43 M.
2076 734 389 50 SANDSTEIN

1949 798 89 49 HAS
2060 804 44 14 no*
2120 801 72 20 moved
2207 802 46 20 into
2269 803 33 19 his
2319 804 64 20 NEW
2401 805 54 20 PEE

2029 825 89 24 MISES,
2137 832 26 13 on
2184 827 34 20 the
2235 829 42 19 site
2295 829 67 20 which
2380 830 26 20 he
2424 831 40 20 has

1942 850 96 24 ooeupied
2048 851 73 25 duiing
2132 853 34 19 the
2181 856 47 22 past
2238 858 144 21 twenty-seven
2396 863 68 19 years,

1941 876 42 19 and
2001 878 76 24 opened
2095 877 33 20 his
2146 879 66 21 NJiW
2234 881 94 25 toTOuK,
2347 884 116 25 purchased

1941 902 56 19 when
2008 909 26 14 on
2045 903 33 20 his
2088 904 47 20 visit
2149 910 21 15 to
2178 906 89 26 Europe.

1965 933 161 26 Arrangements
2135 936 75 26 having
2217 938 48 20 been
2276 940 59 19 made
2344 940 31 19 for
2382 942 80 24 regular

1941 959 95 26 Monthly
2051 961 121 26 Shipments
2187 965 23 18 of
2230 965 48 19 New
2294 966 74 24 Goods,
2381 967 25 20 he
2421 968 39 20 has

1941 987 83 20 marked
2041 987 35 21 the
2092 990 60 18 Stock
2172 992 21 18 at
2207 992 51 19 such
2272 992 66 25 piices
2351 999 23 14 as
2384 1000 74 16 canno.

1940 1012 37 20 fail
1987 1016 22 16 to
2018 1020 69 14 secure
2100 1021 13 13 a
2122 1016 61 23 quick
2198 1018 48 18 sale.
2287 1018 43 20 The
2339 1021 76 23 capital
2424 1021 37 19 in-

1942 1039 66 19 vested
2019 1043 55 16 must
2085 1041 24 19 be
2118 1043 101 24 promptly
2231 1044 72 19 turned
2312 1050 52 15 over.

1968 1069 31 19 He
2022 1070 38 20 has
2083 1077 92 19 pleasure
2198 1073 21 19 in
2238 1074 100 26 directing
2356 1077 104 21 atteniioa

1940 1096 98 25 specially
2054 1098 22 19 to
2091 1098 35 20 the
2141 1098 149 25 DIAMONDS,
2306 1103 55 19 loose
2371 1103 41 21 and
2424 1106 36 22 3et,

1940 1122 41 19 and
1991 1123 58 19 other
2058 1124 94 19 Precious
2163 1127 78 19 Stones.

1969 1153 142 22 WATOi/ES.
2138 1156 31 24 By
2179 1158 75 24 special
2271 1162 142 22 arrangement
2432 1161 28 21 he

1941 1179 17 18 is
1974 1180 85 21 enabled
2077 1183 20 18 to
2107 1183 44 23 give
2169 1184 34 19 lh«
2213 1184 43 20 beat
2272 1187 58 18 value
2340 1187 21 19 in
2371 1188 88 23 genuine

1940 1205 155 24 English-made
2106 1209 64 18 Oliver
2185 1211 41 18 and
2236 1211 52 19 Gold
2301 1213 93 20 Watches
2409 1214 40 20 tha

1939 1231 39 20 has
1987 1237 45 16 ever
2042 1234 50 19 been
2102 1235 74 20 offered
2185 1241 22 15 in
2217 1236 42 21 this
2269 1237 84 26 Colony.

1965 1263 85 26 Having
2058 1265 72 25 family
2146 1269 132 19 connections
2289 1269 49 21 with
2349 1270 57 21 Paris
2416 1277 43 15 ana

1939 1289 86 20 London
2041 1291 104 21 Diamond
2162 1294 41 18 and
2213 1295 105 24 Jewellery
2334 1297 117 21 Merchants

1938 1317 68 22 places
2024 1316 43 21 him
2086 1319 21 18 in
2126 1325 13 13 a
2156 1320 91 23 position
2264 1323 21 17 to
2304 1323 37 18 sell
2359 1324 35 18 the
2411 1324 46 21 best

1938 1342 80 20 articles
2029 1345 21 18 at
2060 1350 12 13 a
2081 1345 120 20 reasonable
2212 1347 62 25 price.
2317 1348 42 20 The
2368 1349 90 26 Jobbing

1938 1368 41 19 and
1988 1369 168 27 Manufacturing
2165 1371 18 20 is
2199 1373 77 20 carried
2292 1376 36 18 out
2344 1375 65 21 under
2424 1377 34 20 his

1938 1399 44 15 own
1991 1396 127 26 supervision
2129 1401 22 16 at
2158 1399 34 19 the
2198 1399 79 21 Lowest
2284 1401 67 20 Prices
2359 1402 100 23 Possible.

1964 1447 30 20 M.
2005 1448 155 21 SAND3TI3IN
2170 1450 38 21 has
2222 1453 111 24 appointed
2343 1454 41 20 Mb.
2393 1455 24 20 R.
2427 1456 30 20 H.

1937 1472 78 21 Parish
2031 1481 23 13 as
2071 1475 32 20 his
2118 1476 76 21 Oxford
2208 1478 99 24 AGENT,
2323 1479 45 20 who
2383 1481 41 19 will
2434 1488 12 14 a

1937 1504 41 19 any
1987 1500 51 20 time
2046 1507 91 19 procure,
2151 1508 27 13 on
2194 1505 142 25 approbation,
2356 1507 102 24 Watches;

1937 1524 80 25 Clocks,
2027 1528 41 18 and
2077 1528 111 24 Jewellery,
2197 1530 32 19 for
2245 1530 33 19 his
2292 1532 76 20 Oxford
2382 1534 74 20 clients

1936 1556 13 14 o
1958 1552 62 19 select
2032 1553 63 24 from,
2107 1556 21 17 at
2139 1554 34 19 the
2190 1561 57 14 same
2256 1557 55 24 price
2326 1564 23 14 as
2365 1559 90 25 charged

1936 1579 22 18 at
1968 1578 35 20 the
2011 1578 148 22 Chriutchurch
2168 1582 171 22 Establishment.

1978 1631 56 39 M.
2078 1632 334 51 SANDSTEIN,

2076 1685 109 28 pASHEL
2199 1686 113 26 STREET,

2022 1719 345 30 CHEISTCHURCH.

1937 1800 75 55 A.
2031 1801 79 55 11.
2139 1802 313 62 Ilsssall

2053 1870 282 43 SAOI>LER

2018 1945 27 5 _
2116 1925 2 3 •
2162 1923 58 20 AND

2013 2031 352 57 GUST.

1939 2099 95 50 BEGS
2044 2102 21 17 to
2080 2100 65 20 thank
2154 2102 35 21 the
2203 2104 129 20 inhabitants
2347 2106 23 19 of
2384 2106 70 20 North

2008 2125 127 27 Canterbury
2151 2129 32 18 for
2198 2129 34 20 the
2250 2130 72 20 libeial
2340 2133 113 24 patronage

1934 2151 88 21 received
2043 2152 74 26 during
2139 2153 35 21 the
2196 2157 47 23 past
2266 2159 34 18 ten
2321 2164 66 18 years,
2410 2158 43 21 and

1933 2177 75 21 desires
2018 2179 22 19 to
2046 2180 40 19 call
2097 2180 103 21 attention
2210 2184 22 18 to
2241 2182 33 21 his
2283 2184 70 20 varied
2361 2184 59 21 stock
2429 2186 23 20 of

1959 2204 152 24 SADDLERY,
2125 2207 40 23 &c,
2180 2208 66 20 which
2255 2210 19 18 is
2283 2209 59 26 being
2352 2211 75 20 offered

2100 2234 22 18 at
2130 2233 81 21 Lowest
2219 2235 64 20 Price.

1935 2282 130 32 Subjoined
2076 2292 40 17 are
2126 2293 16 16 a
2151 2287 102 24 number
2261 2288 27 23 of
2292 2288 95 25 articles
2394 2289 58 31 kept

2114 2318 27 24 in
2152 2319 68 25 stock
2230 2327 5 17 :
2237 2334 32 4 —

1922 2381 2 4 ,
1965 2358 120 26 Harness.
2086 2374 32 4 —
2119 2360 58 29 Cab,
2200 2361 54 32 Dog
2276 2363 65 29 Cart,
2364 2364 87 32 Buggy

1932 2390 88 32 (plated
2054 2393 48 24 and
2134 2393 67 28 br^ss
2227 2396 138 33 furniture),
2394 2398 56 31 Gig,

1934 2424 79 29 Shaft,
2025 2425 117 32 Leading,
2154 2427 47 25 and
2215 2429 104 31 Plough.

1965 2457 101 25 Chains.
2067 2473 33 3 —
2100 2459 107 32 Leading
2226 2461 90 24 Chains
2336 2462 63 25 from
2421 2466 29 22 6s

1931 2488 46 29 6d;
1994 2490 96 31 Plough
2097 2491 99 29 Chains,
2205 2493 62 24 from
2276 2495 28 23 3s
2312 2495 44 28 6d;
2373 2495 77 29 Back,

1929 2521 59 30 Tug,
2001 2523 49 23 and
2057 2523 58 31 Dog
2126 2524 99 25 Chains.

1965 2554 116 25 Saddles.
2099 2570 33 4 —
2148 2556 164 26 Gentlemen's
2342 2559 108 30 Saddles,

1931 2586 61 24 from
2009 2587 53 30 £3;
2086 2589 95 25 Ladies'
2203 2590 107 30 Saddles,
2326 2594 26 23 at
2368 2593 82 25 Prices

1930 2620 24 23 to
1965 2620 49 25 suit
2025 2620 33 25 all
2069 2624 137 23 customers.

1962 2652 121 26 Belting.
2095 2669 32 3 —
2144 2655 54 24 Mill
2220 2657 47 23 and
2290 2657 162 26 Chaff-cutter

1933 2684 66 25 Belts
2010 2686 26 24 of
2045 2694 47 24 any
2103 2687 86 31 length
2199 2690 49 23 and
2258 2690 82 24 width.

1965 2718 86 24 Horse
2059 2720 180 26 Medicines.—
2238 2722 130 26 Elliman's
2374 2724 76 32 Boyal

1931 2750 180 30 Embrocation,
2132 2753 97 26 Cottie's
2250 2755 111 25 Colonial
2379 2756 70 29 Cure,

1930 2782 92 31 Fryer's
2030 2781 107 32 Balsam,
2144 2786 86 24 Worm
2241 2787 119 30 Powders,
2372 2789 79 26 Sweet

1930 2815 75 29 Nitre,
2030 2816 117 30 Stevens',
2170 2819 99 30 James',
2288 2821 48 24 and
2359 2822 91 25 Slesin-

1928 2850 61 28 ger's
2001 2848 150 33 Biisterings.
2296 2868 2 6 ,
2376 2873 13 6 

1962 2881 112 32 Carriage
2102 2883 99 31 Lamps,
2239 2885 96 33 Whips,
2365 2887 85 32 Spurs,

1930 2913 160 32 Breaking-in
2107 2916 72 28 Gear,
2201 2918 53 24 Soft
2278 2919 71 31 Soap,
2372 2920 79 33 Lamp

1931 2946 81 29 Black,
2026 2947 80 32 Sheep
2119 2948 81 31 Skins,
2214 2950 62 25 Sack
2287 2951 89 30 Twine,
2388 2953 62 32 Leg-

1928 2979 78 31 gings,
2020 2980 168 32 Currycombs,
2207 2983 58 25 Iron
2276 2985 49 23 and
2344 2985 108 27 Wooden

1914 3019 2 14 :
1928 3012 99 28 Hames,
2041 3014 43 23 &c.

1961 3045 77 24 Hope.
2039 3061 33 2 —
2072 3046 110 29 Manilla,
2205 3048 90 32 Hemp,
2318 3050 49 24 and
2389 3050 63 25 Flax

1930 3076 26 25 of
1975 3077 32 24 all
2032 3078 63 24 sizes
2123 3078 116 33 (English
2266 3082 49 24 and
2342 3083 111 26 Colonial

1930 3109 187 34 manufacture).
2178 3113 152 32 Tarpaulins,
2370 3116 73 26 Tents

1930 3142 90 25 Binder
2046 3144 107 31 Aprons,
2181 3145 133 31 Elevators,
2342 3148 101 26 Butters

1931 3175 148 32 Polestraps,
2092 3177 74 24 Eidin
2178 3178 96 25 Bridles
2287 3181 104 31 (Snaffle
2401 3183 50 24 and

1931 3207 127 33 Pelhans),
2070 3209 62 24 from
2144 3211 65 30 6g6d.
2218 3215 26 21 to
2250 3229 7 11 r
2257 3213 43 23 l2s
2312 3214 39 24 6d.

1968 3240 68 24 Oils.
2039 3255 32 3 —
2071 3241 21 23 A
2103 3242 67 31 large
2181 3245 113 32 quantity
2302 3246 26 23 of
2339 3246 113 26 Machine

1930 3272 52 25 Oils
1994 3276 25 21 at
2031 3273 186 28 Ghristcehurcli
2224 3278 85 31 prices,
2328 3280 87 24 includi
2433 3290 8 15 i

1930 3305 59 24 Eaw
1999 3306 49 24 and
2058 3306 95 31 Boiled,
2161 3309 106 26 Linseed
2278 3311 90 30 Castor,
2377 3313 36 24 La
2429 3313 23 29 d,

1930 3337 95 25 Golden
2043 3340 151 33 Machinery,
2212 3343 136 31 Valvoline,
2368 3346 84 29 Colwa,
2467 3362 2 5 -

1927 3371 48 24 and
1985 3371 133 26 Neatsfoot.

1931 3431 165 25 Second-hand
2122 3433 99 26 Saddles
2249 3437 86 32 bought
2361 3447 27 16 or
2412 3447 39 16 ex-

2074 3466 104 33 changed
2184 3469 52 32 for-
2248 3479 57 15 new.

2006 3507 167 23 HOBSEHAIR
2194 3511 177 25 PURCHASED.

1928 3558 80 33 Agent
2025 3560 39 26 for
2081 3563 40 25 the
2139 3563 124 32 Lyttelton
2281 3567 79 26 Times
2380 3567 70 26 Com-

1928 3600 71 24 pany.
2034 3595 89 26 Orders
2134 3596 70 26 taken
2219 3599 38 24 for
2267 3600 48 24 and
2326 3600 123 31 Subscrip-

1928 3626 64 24 tions
2003 3628 109 25 received
2122 3638 32 16 on
2161 3634 103 23 account
2274 3633 27 24 of
2311 3636 5 11 '
2326 3633 123 30 Lyttelton

1928 3658 100 27 Times/
2058 3665 6 10 '
2075 3661 150 33 Canterbury
2265 3665 96 27 Times,'
2401 3663 47 24 and

1935 3693 68 30 £ar.'

1368 763 177 45 JOHN
1608 760 282 52 INGRAM,

1368 848 57 21 HAH
1439 849 54 20 FOE
1507 849 68 21 SALE
1592 849 36 20 BY
1644 848 119 21 PRIVATE
1776 846 116 23 TEISATY,

1473 954 32 20 On
1515 956 87 19 account
1612 956 21 19 of
1642 955 35 20 Mr
1686 953 96 21 Johnson

1395 1007 59 25 Shop
1463 1009 41 18 and
1515 1009 95 24 dwelling
1622 1009 92 23 pointing
1721 1007 36 20 the
1767 1004 122 21 MainEoad

1368 1034 95 23 opposite
1472 1034 89 21 Pearson
1583 1036 56 19 Park
1662 1040 26 15 on
1708 1034 46 19 haif
1763 1038 27 13 an
1809 1034 50 17 Acre
1868 1030 22 20 of

1367 1058 58 21 laud.
1635 1079 3 3 .
1655 1076 3 3 .

1369 1110 54 21 That
1442 1113 128 20 two-storied
1588 1114 98 24 Building
1703 1119 27 14 on
1749 1112 36 20 the
1801 1111 92 22 Terrace,

1369 1138 94 24 opposite
1473 1139 43 19 Mrß
1525 1140 77 19 Leurs'.

1462 1203 33 19 On
1504 1206 88 17 account
1600 1204 22 19 of
1632 1204 33 19 Mr
1674 1204 29 20 H.
1714 1204 73 20 Bkarn

1368 1247 40 20 His
1417 1254 48 20 very
1480 1251 96 25 compact
1604 1253 54 19 little
1667 1251 97 25 Property
1782 1249 23 20 in
1823 1248 68 25 Queen

1368 1276 72 22 Street,
1450 1277 121 27 containing
1579 1279 63 19 about
1651 1278 26 26 4^
1686 1280 61 17 Aores
1756 1276 22 19 of
1784 1275 45 20 rich
1836 1274 55 23 land,

1369 1301 121 21 subdivided
1500 1304 45 20 into
1555 1307 76 19 several
1642 1306 61 18 small
1712 1303 110 25 paddocks,
1841 1301 49 19 with

1368 1328 54 21 good
1438 1328 72 21 House
1528 1330 90 25 thereon,
1637 1331 57 20 brick
1712 1330 51 19 well.
1787 1329 49 18 Cost
1855 1327 35 19 the

1369 1357 68 16 owner*
1446 1355 60 20 £250.
1534 1357 48 21 Will
1594 1359 22 19 be
1626 1357 44 20 sold
1680 1359 22 18 at
1711 1363 13 13 u
1733 1361 47 19 very
1790 1354 100 20 consider-

1368 1379 45 20 able
1422 1381 106 21 reduction
1538 1390 26 14 on
1575 1385 42 20 this
1626 1390 61 19 pnce.

1454 1434 32 19 On
1496 1438 87 19 account
1593 1438 22 19 of
1624 1436 175 21 Mr.WooLDiiiGE.

1371 1477 38 20 His
1417 1479 46 19 nice
1472 1480 54 21 little
1535 1483 104 25 Properly,
1649 1483 91 20 situated
1749 1484 21 17 at
1778 1481 35 20 the
1819 1485 74 15 corner

1369 1504 22 19 of
1400 1505 82 21 Church
1489 1507 66 22 Street
1562 1511 18 18 &
1587 1510 44 25 Bay
1638 1510 57 19 road,
1701 1508 124 25 comprising
1833 1506 57 20 three

1369 1531 61 19 Acres
1439 1533 22 18 of
1469 1533 45 20 rich
1524 1537 55 22 jand,
1591 1537 57 19 lilled
1656 1536 49 19 with
1714 1535 51 19 fruit
1780 1534 41 19 and
1830 1533 59 19 other

1369 1558 57 19 trees.
1456 1558 45 21 The
1511 1560 107 27 Buildings
1628 1562 100 25 comprise
1739 1561 76 23 House,
1826 1559 62 23 Shop,

1368 1584 41 18 and
1423 1584 62 26 large
1497 1585 55 22 Shed
1568 1588 50 20 with
1630 1589 46 19 iron
1693 1587 50 21 roof.
1778 1587 58 19 Price
1844 1590 47 19 very

1368 1609 44 21 low.

1459 1665 32 21 Ou
1502 1670 87 17 account
1597 1669 21 19 of
1626 1669 31 19 Mr
1665 1669 24 20 F.
1699 1669 29 19 M'
1735 1667 68 21 Nabb.

1397 1710 40 20 His
1444 1718 49 19 very
1503 1717 93 22 compact
1606 1716 52 20 little
1667 1716 53 19 farm
1731 1714 122 24 containing
1862 1714 26 20 60

1371 1742 56 14 acres
1437 1740 21 18 of
1468 1745 56 14 some
1534 1743 21 16 of
1565 1741 34 19 ihe
1609 1742 46 20 best
1662 1742 51 21 land
1722 1743 23 18 in
1756 1742 34 19 the
1806 1741 80 19 district

1371 1762 80 22 divided
1459 1765 45 20 into
1518 1773 31 13 sue
1559 1768 102 23 paddocks
1671 1768 50 20 with
1731 1771 87 16 watenn
1828 1773 58 18 every

1370 1794 39 15 one
1418 1791 21 19 of
1449 1791 56 20 them
1515 1794 28 18 all
1552 1794 43 19 laid
1611 1795 61 20 down
1689 1796 23 18 in
1729 1794 90 24 English
1829 1799 58 19 grass

1369 1816 42 20 and
1420 1817 22 19 in
1453 1819 50 23 good
1514 1820 65 19 heart.
1607 1821 65 20 There
1681 1822 19 19 is
1709 1827 12 14 a
1725 1821 52 24 good
1782 1822 12 18 5
1803 1819 83 21 roomed

1368 1841 71 26 house,
1450 1845 12 18 3
1472 1845 75 21 Btalled
1559 1846 72 22 stable,
1650 1848 63 23 shed,.
1718 1848 44 19 and
1780 1852 106 19 necessary

1368 1869 141 26 outbuildings
1522 1879 27 13 on
1561 1872 34 21 (he
1608 1878 96 22 property
1714 1873 90 21 situated
1814 1873 72 20 within

1368 1895 25 24 1$
1402 1896 59 20 milts
1469 1899 54 19 from
1540 1900 40 19 the.
1594 1902 102 24 township
1713 1900 119 20 immediate
1841 1905 45 20 pos-

1330 1938 13 4 „
1365 1921 88 24 StsSdion*
1479 1930 84 22 3,,,^.;.^
1590 1935 21 11 :•-
1627 1939 82 10 .!,.__...
1720 1932 24 19 -h?-
1754 1937 15 9 -■:
1832 1944 15 7 -<.
1887 1940 7 7 .-

1458 1975 33 21 On
1501 1980 119 26 account^of
1630 1980 34 20 the
1673 1980 124 25 Mortgagee.
1807 1998 4 2 .

1390 2022 45 21 The
1443 2024 62 20 Farm
1515 2026 63 25 lately
1590 2027 23 19 in
1628 2027 35 21 the
1677 2028 122 25 occupation
1815 2029 22 19 of
1852 2027 33 20 Mr

1366 2048 63 25 Snell,
1446 2050 58 21 three
1520 2053 58 20 miles
1594 2053 53 20 from
1665 2055 56 19 West
1736 2055 84 24 Oxford,
1838 2060 47 14 con-

1365 2075 81 25 taining
1461 2078 39 19 335
1514 2084 64 15 acres.
1618 2080 52 20 Well
1684 2081 87 20 watered
1786 2081 43 20 and
1837 2081 47 19 sub-

1362 2100 89 23 divided.

1481 2158 33 20 On
1522 2161 87 18 account
1618 2160 22 19 of
1650 2161 34 19 Mr
1691 2160 69 22 Bows.

1362 2198 38 20 116
1418 2198 61 21 Acres
1498 2201 22 18 of
1537 2201 56 23 land,
1611 2202 115 27 adjoining
1738 2203 37 20 Mr
1790 2203 94 20 Duder's

1362 2224 59 26 land,
1432 2227 23 18 at
1463 2226 56 20 View
1528 2227 283 26 Hill.frontingFourChain
1818 2229 65 21 Eoad.

1362 2250 70 21 Water
1439 2257 48 16 race
1495 2253 92 25 rnnning
1594 2255 106 25 alongside
1705 2256 22 20 of
1736 2255 35 21 the
1780 2256 104 25 Property.

1385 2304 19 19 A
1413 2304 86 21 Slendid
1507 2306 55 20 farm
1571 2307 22 19 of
1602 2307 39 22 227
1651 2314 57 15 acres
1726 2309 23 19 in
1769 2309 110 24 Taranaki,

1359 2335 39 15 one
1408 2332 21 18 of
1439 2331 35 20 the
1483 2332 44 20 best
1537 2333 65 26 Mheep
1613 2335 43 20 akd
1664 2336 72 20 Cattle
1751 2337 34 19 for
1802 2335 29 21 its
1841 2335 42 20 size

1354 2356 24 20 in
1385 2358 35 19 the
1430 2358 102 25 province.
1710 2372 5 3 -
1858 2362 4 3 '

1477 2423 32 20 On
1519 2426 88 19 account
1619 2426 22 19 of
1650 2427 33 19 Mr
1691 2426 70 22 Keats.

1359 2457 65 26 Forty
1432 2459 62 21 Acres
1503 2461 58 20 Bush
1569 2462 56 25 lapd,
1636 2462 59 21 West
1704 2464 83 20 Oxford.

1444 2533 54 20 FOE
1512 2534 174 22 SALE-VEBY
1694 2537 101 21 CHEAP.

1385 2560 39 19 200
1433 2560 61 20 Acres
1510 2561 21 19 of
1540 2561 68 26 partly
1617 2563 82 19 worked
1708 2565 37 18 ont
1753 2563 58 20 Bush
1820 2564 61 20 Land

1359 2590 13 15 s
1382 2584 55 26 large
1445 2593 15 13 a
1468 2587 57 25 large
1542 2589 48 24 part
1599 2589 22 19 of
1633 2589 18 21 it
1660 2589 43 21 laid
1712 2589 59 21 down
1789 2591 24 20 to
1822 2597 59 19 grass

1357 2612 58 26 price
1421 2613 44 20 low.

1555 2672 56 21 FOE
1625 2673 75 22 SALE.

1357 2707 65 25 Forty
1438 2708 62 20 Aores
1514 2708 22 20 of
1550 2709 70 25 partly
1635 2710 80 20 worked
1731 2711 36 19 out
1786 2711 60 21 bush.
1862 2712 18 19 A

1359 2739 46 19 very
1415 2734 56 24 early
1488 2735 104 23 selection,
1602 2736 40 19 and
1653 2737 38 20 300
1702 2739 61 17 Acres
1771 2738 22 19 of
1802 2738 79 20 worked

1357 2760 38 21 ont
1404 2760 54 22 bush
1465 2760 63 26 lately
1537 2761 97 25 occupied
1644 2762 25 25 by
1678 2763 33 19 Mr
1719 2763 130 26 Youngman.

1577 2815 54 20 Also
1632 2827 27 3 —

1436 2866 32 20 On
1478 2869 88 19 account
1575 2869 22 19 of
1606 2869 33 19 Mr
1647 2869 57 19 John
1713 2869 87 21 Fisheb.

1357 2901 42 20 His
1409 2908 13 14 v
1435 2902 69 21 luable
1514 2904 64 20 Stone
1587 2904 80 26 Quarry
1676 2906 22 19 at
1707 2906 55 19 View
1773 2906 43 20 Hill
1833 2913 47 14 con-

1357 2928 52 20 taini
1441 2929 47 25 ,/the
1496 2930 45 20 best
1550 2930 93 25 building
1653 2932 59 19 stone
1721 2931 22 20 in
1752 2932 129 26 Canterbury

1359 2955 45 20 witl
1453 2956 62 20 Acres
1525 2957 21 19 of
1554 2957 61 20 Land
1624 2964 27 13 on
1669 2958 69 20 which,
1756 2958 57 22 there
1830 2960 19 20 is
1868 2967 13 14 a

1356 2987 35 15 sea
1425 2982 23 20 of
1455 2982 125 22 Limestone.

1417 3044 33 20 On
1461 3046 88 20 account
1557 3046 22 20 of
1588 3046 32 20 Mr
1629 3047 95 20 William
1735 3048 93 26 Harvey.

1384 3080 40 20 His
1437 3081 94 20 valuable
1540 3083 99 25 property
1656 3083 110 26 adjoining
1776 3085 35 20 the
1820 3085 60 21 West

1359 3106 76 21 Oxford
1446 3106 76 22 School
1531 3109 122 25 containing
1661 3110 26 26 1J
1696 3116 58 16 acres
1764 3111 51 21 with
1828 3113 51 26 good

1359 3133 95 25 dwelling
1463 3134 42 20 and
1514 3134 51 21 shed
1575 3135 91 22 thereon.

1562 3242 37 22 TO
1611 3244 63 22 LET.

1512 3280 27 20 In
1555 3282 81 21 Horn's
1644 3283 81 21 Estate.
1767 3301 2 3 .

1356 3315 61 21 Good
1425 3316 96 26 dwelling
1529 3317 51 21 with
1589 3318 43 20 Ten
1641 3325 57 15 acres
1707 3320 24 21 of
1738 3321 56 21 land.

1357 3410 188 34 JOHN
1574 3410 303 40 INGRAM

1501 3481 234 33 AUCTIONEER,

1435 3566 209 34 OXFO
1681 3570 27 31 R
1743 3572 28 30 D
1792 3595 7 7 .

713 1935 3 7 ;■
732 1937 8 5 ■:
748 1935 4 7 :
755 1932 31 13 .-•■.■■■■-
787 1935 6 10 <
794 1935 2 7 .
797 1938 5 5 J
803 1933 9 7 --
816 1932 63 14 ;v-r--:^,
880 1938 5 7 v
887 1936 43 9 ,.y--,
934 1937 6 4 ■■
946 1934 49 17 ■■■^v^
1002 1939 1 1 .
1009 1939 1 1 .
1019 1935 39 14 -^.
1065 1936 1 1 ■
1072 1937 22 5 ,,
1101 1937 10 5 ...
1119 1931 134 26 i^^fifgffM^
1258 1942 1 1 -
1263 1943 3 2 ■
1272 1934 14 17 ■■?
1292 1932 5 17 ■>

775 1955 221 64 EGBERT
1072 1963 220 75 FISHER,

809 2047 172 27 GENERAL
1003 2049 257 30 STOREKEEPER

773 2092 93 46 Teas,
906 2093 129 47 Coffees,
1070 2095 125 58 Cocoas,
1225 2099 69 38 and

873 2144 139 39 General
1035 2146 164 41 Groceries

821 2194 141 32 WEST
1023 2197 217 34 OXFORD.

839 2326 69 25 THE
927 2327 144 26 HORSE'S
1087 2330 138 26 FRIEND.

766 2386 100 22 PAGE'S
884 2387 52 23 tfol
957 2387 93 22 HORSE
1069 2389 92 21 OlLS—
1162 2389 54 23 Sure
1234 2391 55 22 Cure

765 2419 34 21 for
809 2419 97 27 Sprains,
934 2420 91 21 Bruises
1038 2427 24 15 or
1080 2422 117 27 Swellings
1205 2424 24 20 of
1246 2430 44 20 any

766 2451 53 21 kind
826 2452 25 19 in
859 2452 87 20 Horses*

765 2504 82 21 PAGE*
879 2504 34 21 No
929 2506 14 19 2
953 2504 96 21 HOESE
1070 2506 92 21 OlLS—
1162 2507 53 21 Sure
1233 2508 55 20 Cure

765 2535 35 20 for
839 2542 34 14 res
884 2542 28 14 on
921 2537 60 20 Back
990 2544 26 13 or
1022 2537 120 22 Shoulders
1152 2544 26 15 or
1186 2546 44 19 any
1233 2540 56 21 kind

766 2567 24 21 of
798 2568 86 20 Broken
894 2568 105 21 Wounds.

766 2621 108 22 Numbers
883 2622 24 21 of
920 2622 148 21 testimonials
1087 2629 42 14 can
1138 2623 26 22 be
1173 2624 115 26 produced.

872 2653 50 21 Sole
932 2655 75 19 maker
1016 2654 45 20 and
1068 2655 129 26 proprietor.

810 2685 25 22 Fi
847 2686 33 21 W.
890 2686 81 24 PAGE,
981 2687 111 26 Chertsey,
1103 2688 146 30 Canterbury.

767 2723 85 25 Agents
870 2723 35 20 Mr
914 2723 58 25 Pole,
985 2723 61 21 View
1064 2724 58 21 Hill.
1150 2726 36 20 Mr
1204 2726 85 26 isher.P

766 2754 64 21 West
839 2754 90 21 Oxford.

823 2880 253 27 CALEDONIAN
1092 2883 141 26 HOUSE.

765 2941 214 45 JAMES

845 2996 80 27 BOOT.
943 2997 82 27 SHOE.
1041 2998 24 28 &
1080 2998 127 28 SLIPPER.
1242 3020 6 11 t

867 3054 3 7 :
906 3029 248 30 Manufacturer

865 3073 114 31 WEST
1022 3075 167 30 OXFORD

765 3123 48 21 Has
823 3130 28 14 on
859 3124 62 20 hand
929 3130 13 14 a
950 3125 102 26 splendid
1059 3127 129 19 assortment
1193 3126 24 20 of
1222 3127 67 21 Boots

765 3156 44 20 and
819 3156 68 20 Shoes
896 3156 66 21 made
979 3162 30 14 on
1018 3157 38 20 the
1065 3158 103 25 premises
1186 3159 25 20 at
1220 3158 68 26 prices

764 3187 52 20 that
825 3187 52 26 defy
885 3188 148 25 competition.
1059 3188 60 26 Boys
1127 3188 88 21 Schools
1223 3190 66 20 Boots

764 3218 57 20 back
830 3224 70 14 seams
909 3219 45 20 and
962 3219 63 20 front
1032 3219 62 20 hand
1101 3224 64 20 sewn,
1173 3221 81 20 cannot
1260 3221 27 21 be

764 3249 123 27 surpassed.
917 3249 68 22 Men's
995 3250 47 21 best
1056 3251 140 27 watertights
1204 3252 83 27 pegged

765 3282 49 26 15/-.
852 3283 96 25 Bespoke
969 3282 139 26 department
1129 3284 103 25 carefully
1254 3285 34 19 at-

764 3313 83 21 tended
861 3315 30 19 to.
918 3314 39 20 Fit
974 3314 45 20 and
1037 3314 165 27 Workmanship
1220 3316 67 20 Guar-

764 3345 85 20 anteed.
875 3345 92 25 -Repairs
975 3346 75 26 neatly
1059 3346 46 20 and
1112 3347 111 26 promptly
1232 3348 55 20 done

732 3386 8 3 -
764 3377 25 19 at
796 3376 128 20 reasonable
931 3377 77 25 prices.
1246 3395 2 5 ,

764 3429 87 20 Branch
864 3429 189 21 Establishment:
1068 3429 59 21 Near
1144 3431 65 20 Town
1227 3431 60 24 Hall,

945 3456 57 21 East
1010 3456 89 21 Oxford.

786 3562 49 38 G.
862 3563 46 37 E.
929 3561 341 47 .WEYLANDT,

894 3623 108 34 FAMILY
1018 3626 142 31 BUTCHER.

806 3654 154 55 E&ST
988 3671 256 41 OXFORD,

151 1953 222 79 WEEBERS
384 1953 143 30 FANCY
537 1953 107 31 STOR

320 2006 75 21 EAST
421 2007 119 21 OXFOBD.

329 2052 2 3 ■
369 2048 10 11 *
390 2047 39 13 <+m
443 2049 9 10 »

154 2074 42 21 For
205 2073 125 26 Stationery,
340 2073 60 26 Toys,
417 2074 70 25 Fancy
504 2073 75 24 Goods,
593 2074 80 19 Razors

197 2105 40 20 and
247 2104 92 25 Shaving
348 2104 108 25 requisites
467 2105 44 20 and
519 2105 125 25 Perfumery,

156 2141 94 25 irthday,
271 2141 40 19 Chi
316 2141 26 20 isl
346 2146 46 15 mas
411 2141 42 20 and
475 2142 89 24 Flaying
581 2141 68 21 Caids

249 2172 90 22 SKUFF
349 2173 41 20 and
398 2173 12 20 9
417 2173 103 20 obacoDißt
529 2173 77 20 Goods.

160 2199 68 21 Silver
237 2199 110 23 Brooches,
357 2199 103 21 CLOCKS
471 2202 52 18 liom
537 2199 32 20 six
579 2199 98 25 shillings

153 2235 86 21 Picture
250 2236 75 20 Frame
343 2236 114 24 Moulding.
492 2236 82 21 Picture
591 2236 86 21 Frames

339 2262 60 20 made
417 2265 22 17 to
448 2262 72 21 Order.

151 2288 76 21 Sahes
245 2288 64 25 ready
331 2288 71 25 glazed
421 2289 28 20 all
468 2289 60 21 sizes,
542 2295 27 14 on
579 2288 66 25 hand,
654 2294 24 15 or

300 2314 97 26 procured
414 2316 21 19 to
453 2315 71 20 Order.

150 2346 69 26 Agent
234 2346 9 20 f
246 2351 21 14 t
277 2346 114 20 EMie-tan's
400 2347 111 25 Neuralgia
518 2347 127 26 l>rops,and
649 2347 28 20 W

274 2378 64 21 £a.,.*
353 2384 35 14 me
404 2378 153 27 Preparations.

235 2473 149 30 COALS!
409 2473 140 31 COALS!
572 2474 7 30 !

170 2553 144 28 Neweastle,
326 2553 134 31 Westport,
478 2553 180 32 Coalpitheath,

330 2585 116 29 Malvern,
459 2587 47 23 and

186 2618 172 25 Blacksmiths'
377 2619 114 24 Brunner
501 2619 63 26 Nuts
576 2619 66 26 Coal.

154 2683 148 21 FIREWOOD
315 2684 22 20 in
350 2684 93 26 Lengths
457 2686 21 20 to
496 2685 47 21 Suit
556 2686 119 21 CLIENTS

325 2743 90 20 Lowest.
421 2744 97 21 Odebbnt
527 2746 61 19 Eatb

154 2794 22 25 A
185 2794 151 31 Conveyance
342 2799 77 22 meets
424 2805 70 23 every
503 2799 71 23 train.
592 2799 82 25 Goods

165 2827 120 31 conveyed
296 2831 25 21 to
332 2835 68 26 every
410 2831 54 30 part
475 2830 26 24 of
510 2831 42 24 the
560 2828 102 28 district.

219 2859 97 25 Booked
322 2862 90 29 parcels
423 2863 118 25 delivered
548 2864 63 25 Frefc

275 2893 85 24 within
371 2894 41 25 the
424 2895 120 32 Borough.

154 2923 158 26 Commercial
333 2927 139 26 Travellers'
504 2930 170 30 requirements

186 2956 49 25 will
245 2958 90 24 receive
346 2958 32 25 all
388 2967 124 26 necessary
523 2963 119 24 attention

224 2995 73 32 W
325 2996 44 32 A
405 2998 193 35 JBXJRT

245 3033 158 26 GENERAL
426 3035 157 30 CAERIER,

153 3064 85 25 COAL
249 3066 19 24 &
279 3066 180 29 FIREWOQD
477 3069 196 30 MERCHANT,

350 3098 130 27 Rangioba.
690 3113 2 10 i

151 3161 89 25 Orders
252 3170 55 23 may
318 3163 28 24 be
357 3163 43 25 left
409 3166 24 23 at
440 3165 39 24 Mr
486 3165 26 24 C.
522 3166 22 23 I.
553 3167 122 31 Jennings

279 3195 128 29 Stationer,
417 3196 127 32 Rangiora.

154 3300 46 44 J.
221 3301 52 43 T.
301 3301 193 55 Brown,
515 3304 40 43 &
576 3304 99 44 Son

206 3376 107 23 TIMBEfc
322 3378 18 20 &
350 3377 70 21 COAL
433 3378 179 22 MERCHANTS.

322 3415 160 23 IMPORTEf&S
686 3414 2 7 '

155 3459 35 27 Of
217 3460 136 28 TIMBER
381 3463 52 26 and
462 3463 48 26 All
538 3463 86 26 Kinds
647 3463 28 28 of
683 3456 5 13 1

206 3507 178 27 BUILDING
409 3508 207 28 MATERIALS

326 3572 158 28 .CORNER

152 3612 158 26 COI/OMBO
348 3614 19 24 &
392 3614 97 28 TUAM
524 3614 149 26 STREETS
684 3602 3 28 ;;

303 3656 196 23 Chkistohoboh.

481 769 57 41 j.
581 771 57 39 s.
682 769 252 56 oops.

540 820 116 24 Registered
668 821 176 20 Pharmaceutical
858 821 94 25 Chemist,

661 856 126 33 Triangle,
803 856 88 25 Gasbel
904 856 93 33 Street,

860 894 271 27 CHEISTCHURCH.

619 926 22 25 »:
831 924 2 2 ■
884 930 1 2 ■
1055 948 3 2 .

140 954 78 24 Allow
234 961 37 16 me
287 955 27 22 to
330 952 88 24 pubmit
439 953 24 26 to
479 960 59 23 your
554 953 175 25 consideration
746 954 42 24 the
804 953 124 32 following
945 954 158 31 Specialities,
1121 955 34 25 all
1171 955 26 25 of
1210 956 86 29 which,

204 996 73 31 being
287 1005 39 22 my
337 1003 54 17 own
402 995 183 33 compounding,
601 995 14 25 I
631 1004 45 16 can
692 997 145 31 confidently
854 997 161 30 recommend,
1033 997 91 32 having
1141 999 155 32 successfully

206 1038 57 23 used
280 1038 66 24 them
362 1037 35 24 for
414 1045 66 16 some
495 1045 67 23 years
573 1045 5 16 :
580 1051 33 4 —

142 1082 91 23 CURE
251 1082 61 21 FOR
329 1081 62 20 ALL
408 1081 103 20 KINDS
526 1082 42 21 OF
583 1082 79 20 SKIN
682 1082 169 22 DISEASE—

297 1108 11 19 1
318 1112 34 14 am
362 1106 128 25 exceedingly
500 1107 109 19 successful
621 1107 22 19 in
653 1113 34 19 my
698 1108 97 21 remedies
804 1110 33 18 for
846 1108 172 28 thisjobtnplaint,
1028 1109 140 26 have'a'large
1178 1110 88 23 number
1275 1112 21 19 of

355 1132 145 20 testimonials.

143 1173 73 21 NEW
233 1171 140 21 REMEDY
392 1171 61 20 FOR
472 1171 94 20 LIVER
582 1171 216 21 COMPLAINTS
815 1173 67 20 AND
900 1174 248 21 INDIGESTION—
1149 1173 7 26 '.

297 1196 49 19 Thid
355 1195 39 20 has
404 1195 48 20 beun
464 1196 43 19 well
515 1195 71 23 tested,
596 1197 41 18 and
647 1196 123 26 hasgproved
780 1197 72 25 highly
862 1197 138 26 satisfactory.

141 1234 134 22 GOLDEN
294 1233 108 21 CROSS
421 1234 191 21 NEURALGIA
630 1234 179 22 MIXTURE-

297 1258 30 24 liy
342 1258 65 19 which
422 1258 34 19 the
470 1258 49 25 pain
533 1259 17 18 is
564 1259 67 23 cured,
647 1265 46 14 ease
707 1260 97 20 obtained
825 1260 26 26 by
865 1267 12 14 a
891 1262 38 20 few
942 1262 63 21 doses-

145 1293 228 22 RHEUMATISM
392 1293 67 19 AND
477 1293 191 21 LUMBAGO-

299 1318 31 24 B.y
345 1322 35 19 my
394 1317 74 25 special
484 1319 117 19 treatment,
614 1319 18 18 is
646 1324 47 19 very
706 1319 91 24 speedily
809 1321 68 19 cured.

144 1355 183 21 DIARRHOEA
344 1355 67 20 AND
429 1354 198 22 DYSENTERY
644 1356 31 20 IN
695 1357 142 21 INFANTS
853 1358 43 21 OR
912 1360 160 21 ADULTS—

297 1380 11 19 X
322 1385 38 14 can
374 1379 46 23 give
433 1385 12 14 a
460 1380 43 19 safe
512 1380 42 19 and
564 1380 73 28 speedy
653 1386 47 15 euro
715 1381 25 25 by
754 1389 12 12 a
779 1382 38 20 few
830 1382 66 21 dones.

144 1418 87 20 SORE
249 1417 110 20 HEADS
375 1418 68 19 AND
461 1417 111 20 LEGS—
1001 1432 4 4 .

298 1441 66 20 Cured
378 1441 26 24 by
417 1448 11 12 a
432 1448 12 12 a
458 1442 104 24 agreeable
576 1442 42 20 and
632 1442 94 25 pleasant
736 1444 134 25 application,
884 1447 45 19 also
942 1446 83 21 relieves
1039 1448 56 25 pain.

143 1478 217 22 ANTIBILIOUS
377 1479 67 19 AND
463 1479 93 19 LEVER
574 1479 123 21 PILLS—

300 1502 78 25 Highly
391 1502 142 25 commeuded,
548 1503 42 20 and
603 1504 67 20 which
684 1510 34 15 are
731 1505 50 21 used
794 1505 28 26 by
834 1506 123 23 thousands.

142 1540 204 22 CHILDREN'S
361 1540 189 21 TASTELESS
565 1542 167 21 TEETHING
748 1543 190 23 POWDERS-

299 1564 43 20 The
356 1564 44 20 best
413 1565 22 19 in
447 1565 134 25 Canterbury,
602 1572 12 13 a
629 1566 48 21 trial
691 1567 40 20 will
745 1574 61 19 prove
818 1568 23 21 it.

143 1602 75 26 Sore
233 1601 127 26 Throats
376 1601 55 25 and
447 1601 214 26 Hoarseness—

300 1630 19 18 A
332 1628 61 25 quick
404 1628 41 20 and
460 1629 83 19 reliable
555 1635 48 14 cure
615 1629 33 21 /or
661 1630 28 20 all
702 1630 38 20 kin
754 1636 10 15 a

144 1665 168 25 Bronchitis
327 1663 56 27 and
399 1664 149 26 Asthma—
817 1686 2 4 .
907 1685 5 3 .

299 1690 95 21 .Relieved
407 1691 42 20 and
462 1691 81 25 rapidly
555 1691 63 21 cured
631 1691 27 26 by
670 1698 37 19 my
719 1693 75 21 Aoacia
808 1694 104 23 Mixtube.

145 1727 59 25 Bad
220 1726 90 26 Colds
326 1726 55 25 and
397 1726 108 26 Severe
522 1728 180 25 Headache—

303 1753 87 25 Quickly
403 1759 48 19 pass
465 1759 57 19 away
537 1756 25 22 by
576 1755 72 25 taking
661 1761 35 19 my
711 1756 156 23 Desidbbatum.

145 1790 106 28 Corns,
266 1790 104 27 Warts,
386 1789 55 26 and
458 1790 159 25 Bunions-

301 1817 71 20 Taken
385 1822 57 19 away
456 1818 26 23 by
494 1823 14 14 a
521 1817 91 26 painless
625 1818 155 22 Embrocation.

469 1863 599 42 CO^r.STJTL.TA.TIONS
1108 1874 190 35 FREE
