2572 3932
1329 1822 128 18 Oxford
1478 1822 64 18 and
1563 1822 85 18 Cust
1669 1822 192 18 Observer.

1329 1840 282 59 PUBLISHED
1642 1840 219 59 WEEKLY.

1392 1899 164 24 SATURDAY,
1585 1900 88 20 August
1681 1901 11 18 1
1707 1902 59 19 1891.

1380 1952 69 30 The
1468 1953 120 31 debates
1614 1954 33 30 in
1679 1954 180 39 parliament

1338 1994 82 39 give,
1440 2004 127 30 presage
1594 1995 64 29 that
1680 1996 34 28 in
1736 2006 19 18 a
1780 1995 78 32 little

1338 2035 89 29 while
1456 2036 60 30 this
1529 2055 12 5 ■■
1548 2034 114 40 Colony
1698 2036 70 29 will,
1781 2035 77 30 have

1339 2075 116 33 stain,ed
1470 2076 39 29 its
1524 2075 96 30 honor
1637 2076 42 39 by
1693 2073 166 41 inscribing

1339 2125 39 19 on
1392 2115 40 29 its
1445 2118 111 27 statute
1567 2116 78 29 book
1663 2126 18 18 a
1694 2116 165 29 deliberate

1340 2156 59 28 and
1440 2156 74 38 high
1558 2159 51 25 act
1642 2156 32 29 of
1706 2156 150 38 injustice.

1340 2196 75 32 New
1424 2195 130 31 Zealand
1571 2196 60 30 will
1645 2196 76 31 have
1733 2197 54 29 the
1799 2196 60 31 bad

1340 2236 174 40 reputation
1539 2237 34 29 of
1590 2236 122 40 making
1737 2247 38 20 an
1802 2247 54 19 un-

1340 2278 163 38 equalrlaw
1525 2288 32 19 as
1571 2278 136 29 between
1720 2278 51 29 the
1785 2284 74 32 poor

1341 2318 57 29 and
1398 2344 3 7 r
1406 2318 58 33 ,tihe
1475 2316 84 37 rich;
1581 2318 32 29 of
1620 2318 115 38 having
1743 2318 116 29 started

1340 2367 39 20 on
1403 2369 18 18 a
1435 2367 104 20 course
1554 2358 31 29 of
1598 2358 135 30 national
1741 2366 117 32 wrong-

1341 2399 100 40 doing,
1456 2399 59 30 arid
1526 2399 31 32 of
1566 2400 102 38 trying
1679 2399 50 30 the
1741 2400 116 40 experi-

1339 2445 82 24 ment
1435 2440 32 28 of
1475 2439 100 40 seeing
1588 2440 68 29 how
1667 2440 55 30 far,
1726 2450 19 19 a
1754 2441 104 28 nation

1340 2479 61 30 will
1426 2490 126 29 prosper
1577 2481 38 38 by
1641 2480 217 40 unrighteous-

1338 2530 78 21 ness.
1427 2544 3 3 .
1432 2546 3 9 ;
1447 2545 2 10 ;
1458 2552 2 2 .
1468 2540 3 4 ■
1479 2551 2 5 ,
1494 2530 68 27 ...;.>.
1626 2548 14 7 ..
1701 2521 34 35 .';.■
1743 2519 66 37 .','■.'""'
1823 2540 11 15 .•

1361 2587 3 3 .
1378 2561 55 30 We
1443 2572 74 19 once
1531 2572 82 19 more
1623 2562 59 29 call
1691 2589 2 4 ,
1709 2563 149 29 attention

1339 2605 32 26 to
1385 2602 51 29 the
1457 2602 72 38 grad
1534 2613 19 21 u
1555 2603 69 28 ated
1628 2624 4 3 .
1638 2603 48 28 lan
1690 2603 20 28 d
1732 2606 56 30 tax,
1799 2604 59 29 be-

1340 2652 88 20 cause
1436 2643 25 28 it
1474 2643 25 28 is
1514 2653 18 18 a
1545 2643 162 38 departure
1721 2643 67 30 that
1796 2647 60 26 sets

1333 2683 87 29 ■aside
1432 2683 50 28 the
1496 2683 157 29 traditions
1665 2683 32 28 of
1719 2683 136 30 the'Em-

1339 2723 64 38 pire
1413 2723 56 30 and
1482 2724 34 29 of
1525 2723 45 30 all'
1580 2723 137 30 civilized
1726 2724 130 36 nations,

1338 2765 129 34 ancient,
1477 2765 59 28 and
1543 2765 134 34 modern,
1692 2767 54 26 not
1759 2768 33 25 td
1804 2775 54 28 say

1339 2805 67 28 that
1420 2804 25 29 it
1466 2805 26 28 is
1523 2813 18 20 a
1564 2813 103 20 course
1684 2808 174 35 repugnant

1338 2847 34 26 to.
1383 2845 52 29 the
1446 2845 142 38 religious
1597 2845 161 29 sentiment
1766 2845 33 29 of
1806 2847 52 29 the

1338 2886 106 39 people
1458 2886 59 28 and
1524 2888 5 14 1
1541 2886 52 28 the
1614 2883 129 41 plainest
1752 2883 105 33 teach-

1338 2925 69 40 ings
1438 2925 32 31 of
1492 2927 65 29 the.
1578 2925 96 30 Bible.
1716 2925 62 31 The
1808 2927 49 29 old

1328 2979 4 4 ■
1338 2965 128 40 English
1480 2966 87 30 boast
1577 2966 36 36 ;of
1639 2966 129 41 honesty
1791 2968 67 29 that

1338 3014 43 22 We
1555 3007 85 29 when
1664 3008 126 39 landing
1817 3020 39 18 on

1336 3048 84 30 these
1428 3067 6 9 /
1455 3047 111 36 bliQres,
1594 3057 60 20 was
1682 3058 33 20 as
1742 3049 114 40 lasting

1337 3099 32 19 as
1379 3088 50 30 the
1440 3089 114 30 eternal
1561 3089 71 30 hills
1642 3089 26 29 is
1677 3091 126 29 scorned
1817 3091 40 39 by

1339 3130 58 28 tnis
1428 3134 49 26 act
1505 3130 33 28 of
1550 3129 69 29 'the'
1649 3135 206 34 goyerninent.

1338 3170 73 33 The,,
1416 3170 49 30 old
1480 3168 119 34 eJewisJi.
1607 3169 131 39 proverb

1337 3210 224 38 righteousness
1566 3210 134 30 exalteth
1709 3221 17 19 a

1336 3250 26 28 is
1399 3250 149 38 trampled
1590 3250 96 30 under
1724 3251 66 30 foot
1822 3254 33 27 in

1336 3290 138 30 derision.
1649 3294 4 28 !

1376 3330 31 30 It
1419 3332 27 29 is
1454 3340 40 20 no
1505 3341 52 19 use
1571 3335 33 26 to
1616 3332 84 40 plead
1707 3333 74 30 that
1789 3335 3 26 '.
1802 3334 52 31 the

1333 3372 131 38 unequal
1473 3375 53 27 tax
1534 3383 82 28 upon
1630 3374 131 40 wealthy
1774 3375 82 30 land-

1329 3413 174 37 ,pwne,ijs,is,;
1517 3405 73 54 oijiy;
1594 3442 10 8 ;i
1610 3424 104 25 .a;rsma
1714 3435 3 18 !
1718 3415 36 32 11,.
1767 3426 86 21 exac-
1862 3416 2 46 1

1334 3453 75 35 tion,
1420 3463 34 19 or
1464 3454 74 28 that,
1545 3454 26 28 it
1578 3453 67 30 falls
1659 3463 39 20 on
1709 3466 69 18 men
1785 3457 70 29 who
1862 3478 2 12 ,

1336 3503 56 19 can
1406 3493 94 39 easily
1512 3494 73 29 bear
1600 3494 25 28 it
1644 3494 52 30 the
1721 3495 87 40 reply
1828 3497 25 30 is
1862 3491 2 32 I

1336 3537 54 26 not
1399 3537 33 26 to
1439 3535 38 28 be
1491 3534 123 35 evaded,
1622 3538 5 4 '
1635 3535 178 41 dishonesty
1826 3538 26 29 is
1862 3530 2 40 !

1332 3575 157 28 thelsame.
1503 3568 134 35 whether
1649 3571 147 44 a.paupe^
1816 3579 47 30 be!

1332 3615 114 29 robbed
1456 3614 35 29 of
1500 3624 19 19 a
1528 3624 163 30 penny^or
1704 3626 19 19 a
1736 3627 72 29 peer
1820 3619 33 29 of

1331 3656 152 38 a^pqund.
1491 3675 9 5 -.
1526 3656 85 39 Thej
1623 3677 14 15 r
1632 3647 68 48 w,Jip
1800 3669 52 19 un-
1861 3665 2 32 j

1327 3691 179 34 faitbfuPin
1515 3695 93 31 'little
1634 3692 55 35 We
1698 3696 11 17 -'
1718 3695 133 34 iinfaith-
1860 3699 3 29 !

1328 3736 46 30 fiil
1394 3737 65 29 also
1479 3736 33 30 in
1530 3737 97 30 much.
1671 3738 64 30 The
1771 3741 82 39 sting

1329 3777 32 30 of
1390 3777 61 30 this
1484 3777 152 37 dishonor,
1670 3778 68 31 that
1764 3781 85 30 hum-

1327 3819 98 30 iliates
1440 3829 91 31 every
1554 3819 137 31 Colonist
1715 3821 33 29 of
1774 3821 75 31 New

1960 177 36 8 jT'^
2017 177 26 8 ■;■••:
2074 177 3 2 -
2159 177 1 1 ■
2255 179 18 4 _.
2296 178 2 2 ■
2306 177 13 6 ■:•
2343 178 18 12 -^
2390 179 11 4 ...
2464 176 2 2 ■

1947 216 139 38 Zealand,
2098 218 26 29 is
2135 219 65 30 that
2222 221 23 28 it
2265 220 25 30 is
2317 232 19 19 a
2359 230 109 31 wrong

1947 257 60 28 and
2035 258 104 39 unjust
2152 264 58 25 act.

1950 296 87 31 Some
2046 308 50 19 are
2111 299 48 30 led
2172 310 86 29 away
2276 301 39 40 by
2330 303 50 29 the
2394 313 71 29 sup-

1942 338 134 41 position
2086 339 66 29 that
2161 340 51 30 the
2227 341 82 39 large
2323 344 141 36 holdings

1948 376 75 31 have
2046 378 75 31 been
2141 381 139 30 obtained
2302 383 31 29 in
2354 395 38 19 an
2410 396 55 18 un-

1945 417 59 28 fair
2037 428 64 30 way
2101 437 39 3 —
2140 421 108 30 indeed
2295 424 69 29 that
2399 426 65 31 rich

1947 458 104 38 people
2060 461 153 39 generally
2227 463 77 29 have
2322 466 142 37 acquired

1947 497 79 29 their
2059 500 111 29 wealth
2204 501 42 41 by
2279 504 184 42 dishonesty.

1947 536 54 31 We
2011 548 70 30 may
2089 542 118 29 remark
2216 543 67 29 that
2290 545 25 28 it
2326 546 54 30 has
2388 548 76 29 been

1949 578 50 29 the
2013 585 115 25 custom
2156 583 31 28 of
2213 583 199 40 Englishmen
2432 593 33 25 to

1948 618 69 28 hold
2033 630 18 17 a
2060 630 67 19 man
2138 621 142 32 innocent
2293 626 47 28 till
2351 627 37 29 he
2403 637 61 21 was

1948 659 112 37 proved
2074 661 113 39 guilty,
2230 663 62 30 But
2312 665 52 30 the
2386 668 80 29 alle-

1949 699 148 38 gation:-i£
2105 701 110 40 simply
2237 708 120 26 untrue.
2400 708 66 32 Tbe

1952 738 119 39 bargain
2109 752 61 19 was
2211 745 86 29 made
2330 746 134 32 between

1922 782 148 35 ';persfc>ns
2095 781 217 42 of?enterprise
2338 788 60 30 and
2411 789 53 31 the

1949 826 196 31 government
2168 825 32 29 of
2223 825 52 31 the
2305 827 96 40 day—
2404 832 61 28 and

1949 860 52 29 the
2023 861 124 40 bargain
2171 867 123 36 maybe
2316 872 149 36 supposed

1948 903 30 26 to
1994 901 75 31 have
2093 904 72 29 heen
2194 906 31 28 in
2256 907 84 30 favor
2370 911 33 29 of
2413 912 52 29 the

1947 950 197 28 government
2158 955 32 19 as
2205 947 72 39 they
2291 959 79 21 were
2393 962 72 21 ven-

1949 980 76 41 dors,
2068 984 37 29 In
2117 995 91 30 many
2225 997 84 21 cases
2330 990 52 30 the
2396 1001 69 31 pur-

1948 1021 121 32 chasers
2079 1025 61 29 lost
2150 1026 80 30 th«ir
2244 1030 108 39 capital
2367 1032 31 29 in
2412 1033 53 29 the

1932 1060 339 42 /.^skr-^-tlie/few'who'
2286 1079 77 20 were
2383 1081 82 21 more

1934 1108 5 3 ■
1942 1129 6 11 #
1948 1099 153 49 f6rtupat(^
2120 1109 4 29 ;
2145 1114 50 21 are
2236 1117 68 21 now
2351 1113 116 29 termed

2087 1150 82 33 pests
2231 1148 41 42 hg
2294 1150 53 30 the
2369 1162 97 29 repre-

1922 1189 4 30 ;■
1939 1181 7 19 :
1950 1183 161 35 senfotiyes
2126 1186 34 28 of
2168 1187 85 31 those
2264 1190 64 30 who
2338 1186 125 37 induct

1950 1223 80 30 them
2041 1229 37 30 :tp
2083 1227 92 30 settle
2185 1228 71 31 here
2265 1232 59 29 and
2333 1234 132 41 actually

1950 1265 66 28 sold
2037 1266 81 29 them
2144 1268 78 30 their
2239 1276 122 33 present
2385 1274 83 31 hold-

1941 1303 87 40 ings-.
2071 1305 109 32 Others
2206 1319 59 30 say,
2284 1310 27 30 it
2329 1313 27 29 is
2370 1315 99 29 owin^

1952 1347 31 25 to
1998 1345 53 30 the
2075 1355 138 23 encrease
2235 1351 32 29 of
2293 1341 174 51 population^

1953 1385 60 29 and
2034 1387 139 41 railways
2205 1388 66 33 that
2295 1393 78 30 their
2401 1405 66 29 pro-

1952 1429 85 36 perty
2069 1427 51 33 has
2145 1434 159 29 encreased
2324 1434 30 29 in
2380 1437 89 30 value

1952 1464 60 34 arid,
2021 1467 152 32 .therefore
2190 1472 74 38 they
2277 1471 107 39 shou]<l
2397 1477 75 28 bear

1952 1507 230 41 extraordinary
2210 1514 143 30 taxation.
2395 1507 74 40 This

1941 1545 37 30 <is
2000 1551 54 26 not
2074 1548 52 32 the
2157 1561 68 21 case
2256 1553 31 30 in
2309 1566 90 29 many
2421 1558 46 29 in-

1953 1591 149 37 stance^
2125 1592 60 28 jnd
2199 1592 27 29 if
2243 1594 24 29 it
2298 1597 115 39 applies
2436 1601 33 28 to

1951 1624 86 44 large
2046 1629 139 41 holdings
2199 1632 26 30 it
2241 1635 117 39 applies
2380 1639 89 30 much

1928 1678 107 20 ...more
2057 1674 31 26 to
2116 1674 87 28 small
2224 1674 140 41 holdings
2396 1689 75 20 near

1930 1712 105 26 •town
2047 1710 59 30 and
2128 1713 198 42 particularly
2345 1722 31 24 to
2387 1721 82 28 town

1953 1753 144 38 property
2110 1752 60 30 and
2180 1754 26 29 is
2222 1765 42 20 no
2284 1766 105 21 reason
2400 1760 72 39 why

1953 1789 52 29 the
2027 1790 76 31 least
2119 1793 148 32 benefited
2297 1796 108 35 should
2432 1801 39 30 be

1954 1833 87 28 extra
2063 1834 91 29 taxed
2173 1836 89 29 while
2288 1839 42 28 all
2342 1839 52 30 the
2408 1844 64 27 rest

1922 1877 1 4 '
1952 1879 39 29 go
1999 1871 77 39 free,
2091 1878 25 29 .'./
2141 1889 2 2 •

1922 1926 2 5 ■
1949 1916 3 5 '
1993 1912 32 29 It
2046 1913 25 29 is
2095 1914 64 29 also
2185 1917 96 38 urged
2305 1919 32 28 in
2360 1921 111 38 vulgar

1921 1982 2 4 ,
1953 1950 89 40 slang
2057 1963 51 23 ,as
2145 1964 19 19 a
2234 1957 143 41 bursting

1952 1990 143 42 policy—
2094 1995 66 29 that
2170 1996 24 29 is
2205 2002 33 25 to
2244 2008 54 33 say
2309 2004 31 25 to
2361 2001 106 31 induce

1954 2033 83 39 large
2046 2061 2 3 .
2062 2034 123 35 holder^
2192 2069 3 2 .
2204 2041 33 25 to
2248 2036 3 33 [
2259 2044 52 24 cut
2326 2051 41 28 up
2389 2040 82 32 their

1952 2076 111 27 estates
2076 2075 47 28 for
2135 2077 52 29 the
2211 2077 108 32 benefit
2338 2081 32 28 of
2384 2082 87 30 those

1953 2114 68 29 who
2049 2116 117 37 require
2192 2118 53 29 the
2274 2119 90 30 land.,
2396 2121 74 31 This

1954 2162 73 34 may-
2042 2154 76 30 have
2137 2165 79 22 soi^e
2243 2159 81 30 force
2342 2161 24 28 if
2382 2162 88 30 there

1954 2204 62 20 was
2030 2205 38 20 no
2074 2195 76 31 -land
2158 2202 31 25 to
2202 2199 37 29 be
2264 2202 141 37 acquired
2421 2203 50 31 for

1953 2235 69 30 that
2039 2246 131 30 purpose
2192 2238 54 31 but
2264 2240 51 30 the
2334 2241 134 32 Govern-

1953 2279 83 26 ment
2057 2276 53 31 has
2139 2289 18 18 a
2174 2279 83 39 large
2285 2284 140 39 quantity
2438 2284 37 34 qf

1953 2316 58 29 fair
2025 2317 72 30 land
2110 2328 37 20 on
2171 2320 40 29 its
2231 2321 97 30 hands
2347 2323 123 41 already

1953 2357 61 31 aid
2031 2357 85 31 there
2138 2370 49 19 are
2215 2369 61 32 any
2297 2364 125 30 number
2435 2365 35 29 of

1952 2397 93 31 farms
2064 2399 34 29 in
2205 2403 118 29 market
2342 2405 123 39 waiting

1952 2439 183 37 purchasers.
2179 2441 108 31 Beside
2297 2443 83 39 large
2385 2444 81 30 hold-

1952 2479 78 38 ings!
2037 2490 60 21 are.
2328 2485 42 39 by
2392 2489 74 26 nat-^

1950 2520 68 29 ural
2041 2531 113 20 causes.
2195 2522 47 40 By
2265 2524 52 30 the
2345 2525 120 32 decease

1945 2560 253 32 .of---Studholme
2221 2563 72 41 Esq.
2315 2566 51 29 the
2385 2565 80 32 Wai-

1952 2604 79 27 mate
2038 2601 108 31 Estate
2160 2603 53 30 has
2234 2605 76 29 been
2330 2609 61 29 cut.
2404 2617 40 29 up
2457 2620 7 18 :

1949 2641 53 32 tho
2017 2641 163 32 Grlenmari:
2190 2645 104 29 Estate
2305 2646 31 29 is
2356 2650 32 26 at
2398 2657 69 29 pre-

1950 2685 67 26 sent
2025 2681 30 30 in
2070 2682 51 30 the
2135 2684 117 30 market
2265 2686 61 30 and
2334 2687 135 31 it/would

1950 2732 112 30 appear
2075 2723 69 31 that
2156 2725 59 30 this
2237 2728 120 38 cutting
2374 2739 41 30 up
2438 2730 31 31 of

1950 2763 85 39 large
2055 2764 141 40 holdings
2210 2766 26 29 is
2250 2768 93 39 going
2352 2775 40 23 On
2409 2770 60 29 fas-

1950 2806 47 25 ter
2020 2803 75 30 than
2128 2805 52 29 the
2206 2808 203 38 requirement
2436 2811 35 29 of

1950 2842 169 41 purchased.
2138 2853 2 23 ;
2169 2845 79 41 Why
2287 2849 73 30 then
2402 2850 65 31 this

1950 2884 211 42 impatience—
2161 2885 70 31 rthis
2278 2888 192 43 begrudging

1922 2952 1 4 .
1951 2925 64 32 riqh
2029 2935 3 20 ;
2046 2936 81 22 men-
2138 2921 80 36 their
2237 2930 110 29 wealth
2358 2933 12 29 ?
2371 2951 10 10 .«
2397 2931 32 32 Is
2432 2932 37 32 it

1953 2975 79 20 mere
2067 2975 81 32 envy
2178 2969 63 29 and
2274 2970 169 33 discontent
2453 2974 14 30 ?

1950 3006 164 32 Whaitever
2120 3009 78 39 May
2214 3015 121 37 prompt
2350 3013 51 30 the
2415 3024 54 30 cry

1943 3045 124 41 .agaiiist
2086 3048 139 43 tlie^riclj.
2238 3052 27 29 it
2282 3048 26 35 is
2330 3064 19 19 a
2369 3054 100 41 policy

1922 3089 94 29 'that
2023 3089 25 29 is
2057 3086 178 35 siiicidal'tb
2262 3092 52 31 the
2309 3092 3 11 1
2328 3085 141 43 interWts

1949 3130 32 29 of
2007 3130 53 29 the
2100 3133 88 28 'sons
2200 3133 51 29 -.of
2279 3135 65 28 toil'
2376 3146 32 19 as
2427 3137 41 29 all

1939 3171 203 39 inexpedient,'
2153 3173 314 38 poHcieseverwill'beJ

1987 3210 63 30 But
2060 3212 51 29 the
2122 3214 161 29 encreased
2290 3229 2 4 ■
2297 3214 170 41 depression

1949 3250 66 31 that
2022 3251 26 30 it
2055 3252 62 29 will
2128 3253 92 30 entail
2228 3255 26 28 is
2269 3265 19 20 a
2294 3256 84 29 trifle
2388 3266 79 21 com-

1948 3290 94 42 pared
2050 3295 33 27 to
2104 3293 52 31 the
2184 3294 149 41 principle
2361 3298 32 34 qf
2401 3297 67 32 dis-

1948 3333 126 41 honesty
2085 3335 67 30 that
2161 3336 25 29 is
2194 3346 68 20 now
2277 3337 48 31 for
2333 3337 52 32 the
2394 3339 73 32 -first

1947 3375 86 32 time,:
2050 3379 32 26 to
2110 3377 41 32 be.
2177 3379 158 29 enscribed
2354 3390 39 19 on
2413 3380 54 32 the

1947 3419 115 28 statute
2090 3417 87 31 book.
2220 3419 31 29 It
2271 3420 26 29 is
2314 3427 46 23 we
2376 3420 91 32 know

1922 3476 14 11 .
1947 3459 54 26 not
2009 3457 52 28 the
2069 3460 50 39 apt
2131 3457 32 40 of
2166 3487 2 10 (
2178 3458 53 42 tjtie
2241 3460 106 39 people
2363 3462 32 28 of
2403 3462 62 42 phis

1947 3495 190 49 Cplpng^but.
2154 3498 41 29 of
2203 3523 3 7 ,
2213 3508 19 20 a
2258 3496 117 50 {faction
2396 3502 69 30 who

1947 3537 75 30 have
2032 3537 81 30 been'
2119 3538 86 30 lifted
2228 3540 65 29 into
2302 3543 163 41 transitory

1943 3586 101 30 power
2064 3579 45 38 by.
2126 3579 52 29 the
2206 3580 100 29 Labor
2336 3581 129 41 League.

1936 3617 87 31 ißtitr
2027 3627 92 30 every
2140 3629 70 20 man
2240 3621 76 34 who,
2319 3622 72 30 dues
2408 3629 58 28 iaofc

1943 3661 116 37 protest
2072 3660 165 37 against.it
2252 3662 26 29 is
2299 3665 135 40 actually
2446 3677 19 20 a

1943 3702 91 37 party
2044 3702 33 26 to
2096 3700 51 29 the
2166 3701 148 31 shameful
2332 3709 57 25 act.
2432 3707 32 30 Tt

1941 3741 26 29 is
1977 3749 17 19 a
2003 3743 122 36 strange
2135 3741 85 40 thing
2230 3742 68 30 that
2302 3743 161 41 Catholics,

1942 3781 61 29 and
2022 3779 173 33 Dissenters
2215 3782 87 39 alike,
2330 3786 129 40 Orange-

1940 3831 69 21 men
2025 3822 60 30 and
2102 3822 41 29 all
2163 3823 65 30 who
2246 3834 96 22 sware
2358 3827 42 41 by
2411 3828 53 33 the

632 89 162 31 OXFORD
836 88 87 30 AND
967 87 103 30 OUST
1114 86 219 31 OBSERVER
1378 89 228 41 SATURDAY,
1647 95 170 32 AUGUST
1840 97 28 33 1,
1912 98 88 28 1891.

1337 207 168 34 OXFORD
1547 213 181 31 LIBRARY
1768 214 85 31 AND

1425 251 190 32 READING
1635 254 127 31 ROOM.

1333 328 52 25 The
1413 330 90 26 Oxford
1529 333 101 31 Library
1642 334 40 25 "is'
1700 340 64 25 'open
1786 342 101 24 eYeryv...

1334 371 110 35 Tuesday
1456 375 48 24 and
1526 375 118 33 Saturday
1677 378 92 30 nights,
1789 378 62 24 from

1335 416 57 23 680
1404 423 66 23 p.m.,
1491 420 24 22 to
1536 420 14 23 8
1561 427 69 22 p.m.,
1653 420 47 24 and
1731 428 31 16 on
1784 428 68 22 every

1334 457 116 26 alternate
1461 460 126 33 Thursday
1611 461 133 30 afternoon,
1774 463 77 32 (Sale-

1308 512 10 6 -
1334 500 68 32 days)
1425 501 61 25 from
1498 503 15 23 2
1525 505 32 22 80
1567 512 63 22 p.m.,
1647 505 25 23 to
1684 507 14 22 5
1710 512 57 23 p.m.

1335 542 108 34 Beading
1454 545 75 24 Boom
1541 547 20 22 is
1573 554 61 23 oper»
1657 549 25 22 to
1705 548 42 23 the
1769 547 82 31 public

1334 585 48 24 free
1393 587 64 31 daily
1468 588 63 25 from
1550 590 28 22 11
1592 597 67 20 a.m.,
1683 595 24 19 to
1719 590 132 28 Sundown,

1336 628 122 32 (Sundays
1486 631 123 32 excepted)
1642 633 47 22 and
1718 632 67 24 when
1811 632 42 23 the

1335 670 102 32 Library
1463 672 22 24 is
1512 681 68 22 open,
1630 674 51 24 The
1708 674 145 30 circulating

1336 713 100 32 Library
1447 715 110 25 contains
1569 717 73 26 1,700
1653 716 115 27 volumns',
1789 724 64 16 coin-

1334 756 93 31 prising
1437 765 38 15 :—
1477 758 107 30 History,
1599 757 109 31 Science,-;
1721 759 132 30 Theology,
1864 781 11 7 ,.
1880 782 5 5 r

1334 798 146 33 Biography,
1520 801 82 24 Travel
1635 802 47 24 and
1861 808 3 5 ■
1874 809 8 10 T

1335 842 79 25 Books
1426 844 36 23 for
1474 845 40 23 the
1533 845 89 30 Young
1634 846 40 22 &c.
1682 866 2 2 .
1708 846 56 22 This
1785 842 30 33 is,
1830 854 25 14 a-
1872 870 5 2 .

1310 891 2 4 1
1335 888 98 28 mongst
1455 887 41 24 the
1508 886 88 32 largest
1618 888 49 24 and
1678 888 57 24 best,
1754 888 99 24 selected
1874 885 2 27 '.

1334 926 102 35 Library
1447 929 24 24 in
1500 930 59 25 New
1571 931 113 24 Zealand.
1719 931 21 24 A
1751 931 104 24 number

1334 971 27 23 of
1366 978 54 17 new
1442 971 73 25 books
1538 973 47 23 will
1606 973 92 31 shortly
1717 973 40 24 be'
1769 973 84 24 added.
1860 973 3 5 '

1335 1013 56 24 The'
1397 1014 146 25 Committee
1567 1015 44 24 will
1624 1016 27 23 be
1662 1016 52 30 glad
1727 1019 25 21 to
1764 1016 89 23 receive
1884 1027 3 3 •

1334 1056 174 25 contribntions
1531 1058 27 23 of
1583 1058 101 23 suitable
1709 1058 74 24 books
1805 1057 48 24 and
1886 1078 1 3 .

1333 1098 143 30 periodicals,
1494 1099 35 24 for
1540 1100 41 23 the
1592 1099 102 32 Library
1715 1099 151 32 and/.Re:adrf
1879 1100 3 11 :

1307 1140 2 24 i
1334 1140 42 32 ing
1404 1149 73 17 room:
1511 1142 110 24 Edward
1644 1142 108 29 Beeves,
1787 1143 65 25 Hon.
1877 1154 10 10 :.

1307 1196 2 15 ;
1727 1205 2 4 .
1773 1192 5 21 ■;
1792 1181 17 32 /'

1369 1227 169 31 Subscription
1550 1228 36 32 2/-
1599 1236 47 15 per
1661 1236 119 20 .quarter.
1870 1232 9 17 .:

1307 1346 2 23 ;
1309 1324 154 65 :^soo
1520 1326 87 43 to.
1660 1326 215 48 LEJsrD::

1378 1420 15 29 I
1407 1420 77 30 have
1493 1422 52 29 the
1559 1423 99 36 above;
1674 1433 64 19 sum
1750 1423 107 40 placed

1338 1461 29 29 in
1391 1463 51 37 iriy
1456 1462 98 30 hands
1575 1469 31 22 to
1625 1460 73 32 leiod'
1719 1474 38 18 on
1778 1464 78 38 good

1337 1501 133 29 freehold
1500 1503 133 39 security
1654 1503 32 29 in
1715 1513 81 20 sums
1827 1503 34 30 of

1340 1541 83 32 £100
1435 1543 59 29 and
1506 1544 148 38 upwards.
1672 1561 3 5 ■
1795 1562 20 4 -

1308 1605 1 3 •
1432 1587 109 31 JOHN
1561 1585 175 40 INGRAM,

1626 1629 190 33 Auctioneer.

812 207 131 44 FOE
969 206 177 45 SALE.

765 296 27 30 J.
814 296 40 29 M.
877 294 236 36 VERRALL'S,
1136 295 106 29 Latest

727 336 251 34 STOCKWHIP,
1000 335 85 29 Price
1113 335 48 29 6d.

785 377 103 39 Apply
905 376 92 30 Office
1006 375 32 30 of
1051 375 61 31 this
1136 374 105 42 Paper.

783 476 192 43 TOWN
990 475 194 44 HALL.

825 541 105 30 EAST
964 541 176 30 OXFORD.

739 592 216 25 WEDNESDAY
991 591 135 25 AUGUST
1140 602 5 5 •
1160 592 60 24 12th

869 624 84 24 Grand
964 626 135 23 Panorama

782 667 205 38 DARKEST
1008 666 176 38 AFEICA.

898 717 31 24 In
941 717 38 24 aid
990 716 26 24 of
1025 717 43 23 the

793 759 166 30 OXFORD
981 759 191 30 LIBRARY.

804 809 107 32 jMusical
926 809 131 25 Selections
1068 808 30 33 by
1112 809 40 25 the

724 849 188 30 OXFORD
933 848 307 33 BRASS..BAND.
1260 873 5 11 ,

722 940 318 31 BRACKENFIELD
1062 940 180 31 HOUNDS.

721 1022 30 29 A
783 1022 131 39 meeting
945 1022 32 29 of
1009 1022 38 29 al!
1079 1021 163 30 interested

722 1063 32 28 in
786 1062 113 38 having
937 1062 51 29 the
1033 1062 208 29 Brackenfield

724 1102 128 31 Hounds
863 1105 33 25 to
910 1102 79 29 hunt
999 1102 31 28 in
1044 1101 61 29 this
1115 1100 129 30 District

725 1145 73 27 riext
812 1151 113 29 season,
948 1143 63 29 will
1021 1142 37 30 be
1069 1142 70 29 held
1150 1143 31 28 in
1192 1142 50 29 Mr

725 1182 117 38 Paget's
870 1182 202 31 Commercial
1077 1182 100 38 Hotel,
1204 1191 37 20 on

727 1223 161 37 Saturday,
925 1225 47 28 Ist
990 1224 31 29 of
1056 1224 130 38 August,
1196 1248 3 3 .
1211 1228 33 25 at

728 1265 17 28 8
773 1263 121 37 o'clock,
929 1267 32 26 to
988 1265 145 29 ascertain
1162 1265 82 29 what

728 1309 127 34 support
870 1315 57 20 can
940 1305 37 30 be
987 1305 149 38 promised
1150 1305 89 29 them.

726 1345 27 28 A
765 1345 60 29 full
847 1345 132 38 meeting
993 1345 26 30 is
1035 1345 160 38 requested
1209 1356 33 18 as

727 1385 25 28 it
780 1386 132 39 depends
931 1396 38 19 on
993 1386 53 29 the
1065 1389 123 25 amount
1213 1386 31 28 of

727 1429 127 35 support
903 1426 146 30 accorded
1089 1430 32 25 to
1161 1427 95 34 them.,

727 1467 134 29 whether
875 1466 51 30 the
948 1467 118 29 hounds
1092 1467 61 29 will
1173 1467 73 29 visit

725 1506 61 30 this
800 1506 127 30 District
936 1507 97 38 again.

888 1552 33 31 F.
943 1551 155 37 CROWE,

1039 1592 167 30 Convener;

706 1660 4 7 '
726 1685 274 43 SPECIAL
1070 1685 176 43 SALE.

729 1782 35 77 A
790 1780 118 40 Special
939 1780 68 31 Sale
1037 1780 35 31 of
1098 1780 149 30 Freehold

808 1821 175 40 properties,
1009 1822 62 29 will
1084 1821 35 30 be
1133 1821 69 30 held
1216 1825 31 26 at
1271 1853 4 3 .

728 1872 51 30 my
788 1862 129 31 Auction
937 1862 119 36 Rooms,
1079 1871 40 20 on
1134 1862 112 29 Thurs-
1266 1882 10 7 ..

729 1902 67 40 day,
807 1903 81 35 27th,-
894 1902 130 41 August^
1035 1902 91 30 when;
1131 1912 17 19 a
1158 1910 86 21 liunr-
1274 1921 4 10 .

728 1944 55 29 ber
810 1943 31 28 of
863 1942 106 31 Farms
994 1944 60 28 and
1078 1945 88 26 town'

728 1984 109 38 parties
861 1983 63 30 will
954 1983 37 30 be
1019 1984 165 29 submitted
1213 1986 33 27 to

729 2023 136 33 Auction.

769 2064 132 29 Further
919 2064 110 29 entries
1042 2064 145 31 solicited!.

823 2111 109 30 JOHN
955 2110 169 38 INGRAM,

777 2168 2 2 •
802 2179 2 1 .
832 2166 2 4 ■
833 2158 2 20 i
852 2155 9 14 ■■■
883 2158 92 24 ".:•.•',.
1019 2151 186 29 Auctioneer.

746 2238 53 36 R.
843 2237 376 45 ROBERTSON,

728 2289 130 22 SHOEING
885 2288 59 21 AND
985 2280 146 29 GENERAL'
1147 2289 99 20 BLAGK-

873 2333 4 6 ,
936 2318 96 22 SMITH.
1198 2337 2 4 .

885 2357 60 20 Near
959 2357 37 21 the
1015 2356 50 21 Sale
1075 2356 68 26 yards

771 2394 151 38 EAST
963 2391 253 41 OXFORD.

946 2448 9 10 *
969 2448 38 12 *m
1020 2448 8 11 a

728 2470 40 23 All
779 2471 67 22 kinds
858 2469 26 23 of
892 2468 124 25 IronworK
1027 2469 114 31 Skilfully
1152 2470 93 23 Execu-
1277 2488 2 4 ,

727 2503 40 24 ted
775 2507 25 19 at
811 2503 122 23 Moderate
945 2502 87 23 Prices.

729 2591 112 80 MISS
875 2591 171 31 REEVES,
1082 2593 110 29 desires
1204 2584 41 37 'to
1265 2591 3 4 '

818 2634 70 38 give
905 2633 113 29 lessons
1036 2634 33 28 in
1090 2632 164 43 Drawing^

727 2674 60 29 and
800 2673 117 29 Flower
926 2673 149 40 Painting.

841 2718 104 30 Terms
962 2717 74 36 1.0/-
1049 2729 54 27 per
1117 2721 124 37 quarter

725 2820 277 56 HOUSE

689 2885 3 41 :
832 2892 410 72 C^IFPINCK

786 3002 131 31 William
954 3001 168 35 Cockburn,
1159 3001 85 31 West
1277 3026 2 6 ;

727 3043 117 31 Oxford
854 3043 130 38 Smithy,
1000 3043 75 39 clips
1087 3042 101 30 horses
1211 3045 32 26 at

726 3085 154 31 moderate,
886 3087 90 27 rates.

765 3186 225 38 TEHMIFUS
1032 3186 135 38 HOTEL

854 3235 94 26 WEST
976 3235 143 25 OXFORD.

725 3309 58 25 ME.
795 3308 25 25 J.
833 3307 103 25 KIRBY
949 3306 57 32 begs
1018 3308 24 24 to
1051 3308 112 24 intimate
1170 3309 24 23 to
1202 3308 43 25 the

724 3342 152 25 inhabitants
885 3341 25 24 of
917 3341 90 24 Oxford
1016 3341 42 22 and
1070 3341 40 23 the
1119 3341 127 31 travelling

725 3375 80 32 public
812 3375 23 23 in
844 3373 137 33 particular,
992 3372 53 25 tliat
1054 3375 27 22 he
1093 3373 42 24 has
1148 3375 97 23 secured
1273 3384 2 10 •■

725 3416 15 17 a
750 3407 64 25 lease
826 3407 25 24 of
860 3407 50 24 this
920 3406 55 24 first
983 3405 61 24 class
1049 3405 78 26 .Hotel
1130 3406 5 28 l
1146 3407 47 23 and
1201 3406 43 25 ha-

725 3441 58 30 ving
802 3438 128 31 throughly
948 3438 150 24 refurnished
1115 3438 42 24 tbe
1169 3447 75 20 same,
1273 3449 1 9 •■

725 3473 32 24 he
767 3473 22 23 is
799 3479 55 16 now
865 3471 114 31 prepared
990 3472 26 23 to
1025 3470 57 25 offer
1089 3470 101 25 comfort
1197 3471 46 24 and
1273 3493 1 2 .

725 3504 180 26 accomodation
922 3502 106 32 superior
1046 3504 26 23 to
1091 3509 47 25 any
1159 3504 24 23 in
1202 3503 42 25 the
1272 3511 2 25 ;

724 3537 109 26 district.,

782 3568 114 26 LIQUOR,
894 3562 4 10 1
923 3563 79 25 WINE
1029 3567 57 21 AND
1113 3567 74 21 BBEM
1224 3584 3 7 ;

884 3605 22 21 of
915 3605 37 19 the
960 3604 47 20 hest
1015 3604 88 24 quality.

770 3680 159 76 fOR
991 3660 281 81 SAU>E~.

919 3784 101 31 OATS

789 3835 102 41 Apply
914 3836 93 31 Office
1023 3836 35 30 of
1068 3835 61 33 this
1139 3835 98 41 Paper

110 208 45 60 J.
197 208 45 60 J.
282 207 348 58 WEEBER,

192 270 70 31 High
275 271 86 27 Street,
374 269 62 24 East
455 268 98 25 Oxford.

191 331 122 28 PICTURE
333 329 98 28 FRAME
448 329 102 26 MAKER

143 383 88 25 Dealer
241 383 24 24 in
278 383 59 28 Oils,
351 381 92 29 Colors,
466 381 70 28 Lead,
562 380 71 24 Glass

113 416 85 26 Scrim,
215 417 45 23 and
273 424 66 23 everj
355 415 70 31 thing
436 414 128 24 connected
575 413 60 24 with

112 450 42 23 tbe
167 449 71 24 trade.

144 487 83 24 Direct
237 486 116 31 importer
361 485 24 23 of
395 483 205 31 Paperkangings.

224 545 84 25 Paints
320 543 79 26 mixed
411 547 24 20 to
447 541 74 26 order.

172 623 400 59 TEHDEES.

155 736 191 31 TENDERS
356 746 50 19 are
414 734 124 35 invited,
553 733 77 29 until

112 787 79 20 noon
200 788 37 18 on
244 776 191 38 Wednesday
446 775 118 38 August
576 774 54 28 sth

113 818 46 30 for
174 817 124 40 Cutting
311 816 149 40 Stubbing
471 815 60 29 and
539 816 90 28 burn-

113 860 53 38 ing
189 859 102 34 Gorse,
312 862 31 25 at
358 857 124 29 Glentui
503 856 127 29 Station.

156 899 221 39 Specifications
408 897 60 29 and
511 896 120 29 further

113 940 181 38 particulars
312 948 70 29 may
397 938 36 30 be
447 938 59 30 had
522 938 42 38 by
581 946 49 30 ap-

113 981 107 38 plying
252 985 30 24 at
310 980 52 29 the
397 978 127 30 Station,
566 978 64 28 The

113 1020 105 29 lowest
226 1030 34 19 or
271 1030 60 29 any
341 1020 106 29 tender
458 1023 52 25 not
521 1028 109 20 neces-

113 1062 92 37 sarily
219 1061 150 37 accepted.

155 1104 111 31 JOHN
277 1102 271 36 O'HALLORAN,

170 1154 2 23 :
373 1144 121 31 Glentui
507 1142 124 31 Station.

215 1216 119 38 Divine
367 1215 161 38 Services.

291 1288 95 26 Sunday
403 1295 63 16 next

146 1354 53 24 The
211 1353 31 25 U.
256 1354 34 24 M.
303 1354 29 23 F.
342 1352 105 28 Church,
460 1351 67 25 West
546 1350 90 25 Oxford

114 1410 32 5 —
149 1397 37 23 11.
197 1404 57 16 a.m.
264 1396 143 31 (Baptisms)
419 1395 52 24 Rev
479 1394 24 24 J.
514 1394 121 30 Benning,

115 1440 48 23 and
174 1444 24 18 at
212 1440 63 27 6.30,
298 1446 66 23 p.m.,
378 1438 39 23 Mr
428 1437 30 24 G.
471 1439 28 22 A.
515 1437 87 24 White.

147 1482 62 23 East
221 1481 90 24 Oxford
330 1483 63 22 2.45.
416 1488 50 23 p.m
490 1479 145 32 (Baptisms)

115 1523 53 24 Rev
187 1523 22 25 J.
231 1523 120 31 Benning,
374 1523 47 23 and
441 1524 25 22 at
490 1523 62 27 G.30,
576 1529 58 24 p.m,

116 1566 196 32 (Communions)
325 1566 51 25 Rev
385 1565 22 25 J.
418 1562 120 34 Benning.

147 1609 40 23 All
199 1609 66 25 Seat?
277 1609 69 28 Free,
358 1609 49 24 and
424 1615 32 17 an
479 1608 71 31 equal
567 1607 70 25 Wei-'

115 1660 68 16 come
209 1653 24 23 to
352 1662 3 5 ■

175 1735 401 56 DANCING.
594 1733 5 12 '
665 1783 1 4 .

159 1844 62 31 The
237 1844 139 32 Juvenile
398 1844 138 40 Dancing
551 1844 84 31 Class

118 1896 133 19 resumes
260 1890 31 25 at
303 1887 17 27 2
332 1885 122 35 o'clock,
475 1895 38 19 on
532 1886 108 29 Satur-.

119 1926 60 37 day
205 1925 166 35 afternoon,
402 1930 32 24 at
463 1921 52 34 tlie
543 1925 95 31 Town

119 1965 82 36 Hall,
222 1966 75 30 East
308 1966 125 30 Oxford.

198 2069 219 30 INSTITUTE
444 2070 113 29 HALL

269 2114 225 31 CARLETON.

162 2188 28 29 A
206 2187 97 31 Social
313 2187 164 40 consisting
491 2187 34 30 of
531 2187 106 40 Songs,

119 2227 128 31 Musical
265 2228 173 35 Selections,
467 2229 32 29 in
528 2229 46 29 aid
604 2229 33 28 of

117 2269 52 30 the
186 2268 124 41 Sunday
330 2269 117 35 School,
468 2279 40 20 on
524 2269 112 40 Friday

118 2311 125 37 August
253 2310 73 29 14th
341 2316 31 23 al
383 2311 16 28 8
409 2309 123 30 o'clock.

152 2417 164 31 OXFORD
330 2417 112 31 ROAD
461 2417 142 33 BOARD.

158 2497 129 31 Tenders
310 2509 52 19 are
382 2499 116 29 invited
518 2498 46 30 for
581 2499 52 29 the

116 2539 155 40 following
282 2540 107 30 works.

158 2582 67 28 290.
247 2580 126 39 Putting
407 2581 31 27 in
466 2580 79 29 Dam
575 2580 60 30 and

117 2622 205 38 constructing
335 2623 16 27 6
363 2621 103 29 chains
481 2621 32 29 of

117 2660 80 30 Race
207 2666 32 24 at
249 2660 82 30 View
348 2661 73 29 Hill.

156 2702 68 29 291.
247 2700 214 40 Constructing
483 2702 93 29 about
593 2702 37 29 35

117 2742 103 30 chains
230 2742 32 30 of
395 2742 79 30 Race
498 2748 31 24 at
551 2742 82 31 View

117 2783 75 29 Hill.

157 2824 67 29 292.
247 2823 157 39 Grubbing
415 2834 34 18 or
464 2823 169 39 ploughing

116 2874 41 29 up
178 2867 70 35 part
272 2864 32 30 of
329 2864 129 31 German
489 2864 84 30 Road
600 2871 32 23 to

116 2904 54 29 kill
181 2914 96 21 rrorse.

156 2947 65 28 298.
246 2945 159 39 Grubbing
425 2946 138 29 tussocks
593 2956 40 19 on

117 2986 62 29 Fen
181 2986 101 31 wick's
320 2986 91 38 Road,
459 2987 91 29 about
595 2987 37 30 60

115 3027 110 30 chains.

157 3069 66 28 294.
246 3068 159 39 Grubbing
418 3067 137 30 tussocks
574 3067 60 30 and

115 3109 97 39 filling
237 3109 122 30 hollows
382 3120 37 19 ou
447 3108 187 31 Ashworth's

115 3149 93 35 Road,
221 3151 92 28 about
323 3151 37 28 60
379 3149 113 30 chains.

157 3191 130 28 Tenders
306 3194 29 25 to
344 3191 36 28 be
391 3194 66 25 sent
475 3190 32 29 in
531 3190 102 29 before

122 3230 93 36 10.30,
231 3240 77 24 a.m.,
319 3240 38 19 on
372 3229 188 40 Wednesday
567 3228 64 31 Au-

115 3275 70 33 gust
202 3270 62 29 sth.
306 3269 63 30 The
390 3270 104 29 lowest
515 3280 35 19 or
572 3280 60 29 any

115 3310 106 30 tender
230 3313 53 26 not
292 3310 181 40 necessarily
479 3311 151 40 accepted.

216 3355 131 31 JAMES
359 3355 38 30 H.
422 3356 170 30 SHARPE.

319 3397 91 29 Clerk
423 3400 32 26 to
463 3397 51 29 the
523 3398 109 31 Board.

157 3509 285 33 ODDFELLOWS
484 3510 111 31 HALL

228 3548 3 15 ;
249 3554 96 25 WEST
364 3553 141 25 OXFORD.
545 3560 3 21 ;

114 3633 39 80 A
168 3629 108 33 Public
299 3628 68 30 Ball
383 3626 59 30 will
461 3627 36 30 be
508 3628 75 33 .held
602 3629 31 30 in

195 3670 179 32 connection
386 3668 70 29 with
477 3668 50 29 the
536 3669 97 39 Loyal

114 3714 120 32 Oxford
252 3711 101 40 Lodge
380 3719 38 19 on
441 3707 111 41 Friday
571 3711 62 27 Au-

109 3760 77 38 .gust
239 3755 67 29 21st
357 3751 87 31 1891.
516 3749 118 30 Double

114 3799 124 32 Tickets
251 3797 50 40 3/6
326 3792 104 41 Single
439 3788 123 33 Tickets
572 3789 60 39 2/6.

205 3843 88 31 Band
310 3842 33 31 in
353 3838 187 35 attendance.
