2572 3932
115 219 96 34 Bible,
246 219 76 33 that,
343 228 33 19 so
405 218 73 38 they
511 218 55 28 tell
586 228 44 26 us,

115 259 163 28 inculcates
287 259 136 38 honesty,
443 261 32 25 to
486 268 53 27 say
549 258 84 28 noth-

115 299 54 39 ing
183 299 31 28 of
234 299 162 30 honorable
416 309 68 18 men
505 298 32 29 of
555 298 80 29 busi-

115 349 79 25 ness,
197 357 38 3 —
236 350 18 19 a
262 343 121 35 strange
389 339 87 39 thing
481 339 67 28 that
553 337 40 30 all
604 339 32 29 of

116 380 84 29 them
212 380 107 29 should
328 380 39 29 sit
386 379 62 30 still
459 380 60 28 and
529 379 36 28 be
576 379 58 28 dis-

116 420 133 30 h'nored
267 421 42 38 by
325 419 84 31 those
428 420 66 29 who
516 423 49 26 act
588 419 47 29 for

118 461 89 30 them.
252 461 109 29 Unless
378 461 50 29 the
447 460 103 39 people
560 459 74 30 have

118 501 59 29 lust
188 501 39 28 all
247 511 83 19 sense
348 501 31 28 of
393 501 95 28 honor
504 501 58 30 and
574 500 60 38 jus-

117 542 67 36 tice,
205 541 52 28 the
278 541 85 38 pride
377 540 32 29 of
423 541 75 28 their
506 540 114 29 fathers
622 569 8 14 ?

117 583 72 36 they
199 580 62 29 will
291 581 58 28 rise
377 581 30 28 in
438 581 80 28 their
539 580 94 39 might

117 621 60 29 and
189 621 106 29 hinder
308 621 60 29 this
387 621 103 39 public
504 620 130 39 iniquity

116 663 91 37 being
216 661 199 40 perpetrated.
457 661 30 28 It
494 661 26 29 is
532 671 18 18 a
561 661 73 38 pub-

118 703 40 30 lic,
166 706 124 34 outrage
301 702 120 37 against
429 701 114 28 eternal
552 700 82 38 right

118 742 59 29 and
189 742 26 29 if
219 741 191 39 perpetrated
421 741 59 29 will
488 741 147 39 probably

116 783 77 29 have
212 787 31 26 to
262 783 36 29 be
319 781 119 31 washed
457 785 53 26 out
527 781 32 29 in
583 781 52 30 tlie

117 823 90 29 blood
217 823 32 29 of
260 833 53 18 our
332 821 143 30 children.

215 943 173 24 FOOTBALL
416 942 116 25 MATCH

151 1010 21 23 A
183 1008 111 26 Football
317 1009 83 23 Match
423 1015 47 16 was
493 1007 85 31 played
598 1008 38 22 be-

118 1048 75 23 tween
207 1046 89 24 Oxford
308 1046 46 23 and
366 1046 67 23 View
445 1044 52 25 Hill
511 1043 126 26 combined

118 1084 96 32 against
237 1084 127 30 Rangiora,
392 1091 29 16 on
439 1083 107 24 Pearson
566 1082 71 27 Park,

120 1124 46 25 last
179 1124 126 30 Saturday.

153 1166 51 25 Tbo
216 1167 45 30 day
272 1173 47 17 was
331 1165 141 32 everything
494 1165 54 25 that
571 1164 68 25 could

120 1204 30 25 be
172 1204 100 28 desired,
294 1204 43 24 the
359 1204 92 31 ground
473 1211 48 17 wa?
545 1203 94 31 equally

119 1241 194 32 irreproachable,
336 1243 40 22 the
398 1243 110 22 turn-out
531 1241 45 23 and
597 1248 41 16 en-

121 1280 90 25 semble
222 1281 27 23 of
269 1281 130 30 spectators
419 1287 48 16 was
490 1286 55 23 very
568 1278 69 31 good.

121 1319 22 23 A
165 1318 86 31 goodly
273 1317 134 30 sprinkling
430 1317 24 23 of
476 1317 42 23 the
540 1316 46 24 fair
598 1323 41 16 sex

120 1355 77 24 added
209 1363 14 15 a
234 1354 83 24 charm
330 1356 24 21 to
367 1354 41 24 the
419 1354 162 30 proceedings.

152 1398 121 31 Eangiora
288 1397 86 23 turned
386 1404 32 23 up
438 1397 71 23 about
534 1404 29 15 an
576 1396 63 24 hour

120 1436 47 24 and
178 1444 15 16 a
204 1436 52 24 half
266 1436 56 28 late,
334 1443 26 17 so
372 1434 56 31 only
439 1436 47 23 two
497 1434 83 25 forties
590 1441 49 17 was

120 1476 94 31 played.
247 1476 51 23 The
309 1475 72 24 home
392 1476 64 22 team
468 1482 55 16 won
540 1475 38 23 the
589 1476 51 22 toss

120 1513 49 25 and
180 1513 95 24 decided
291 1514 26 23 to
328 1512 86 25 defend
425 1512 41 24 the
489 1512 77 25 North
578 1512 61 30 goal.

121 1551 123 30 Rangiora
254 1550 84 23 kicked
360 1550 35 23 off
414 1550 49 23 and
484 1549 92 24 carried
597 1549 42 24 the

120 1588 49 25 ball
190 1589 51 24 into
263 1588 42 24 the
329 1589 74 24 home,
420 1589 87 23 team's
529 1587 110 30 territory

116 1628 144 30 ,whereplay
277 1627 124 24 remained
422 1627 37 24 for
481 1634 67 17 some
570 1627 67 23 time.

120 1668 74 24 Fr*om
206 1676 15 16 a
232 1667 100 25 throwin
345 1667 41 24 the
398 1667 72 24 home
492 1668 65 22 team
568 1665 71 25 made

121 1714 65 16 some
198 1705 86 30 leeway
295 1705 42 24 but
348 1705 122 30 Rangiora
487 1704 89 25 carried
598 1704 42 24 the

122 1742 50 30 ball
196 1744 55 23 well
283 1742 77 28 down,
401 1742 48 24 and
487 1742 59 23 after
574 1741 66 31 eight

122 1781 21 24 rii
147 1782 76 23 mutes
233 1780 54 32 play
304 1779 98 24 notched
425 1787 13 15 a
449 1780 46 30 try,
519 1778 41 24 but
571 1778 69 24 failed

121 1819 28 24 in
160 1818 41 25 the
212 1818 66 31 place
295 1817 62 24 kick.
391 1815 168 32 Immediately
581 1815 59 25 from

120 1857 42 23 the
174 1856 54 24 kick
239 1855 34 24 off
281 1855 55 31 play
346 1862 50 17 was
407 1854 105 31 brought
529 1853 60 25 back
600 1854 37 24 in-

121 1895 25 24 to
158 1893 41 26 tlie
214 1893 73 25 home
308 1895 86 22 team's
416 1893 120 30 territory,
560 1892 80 24 where

121 1932 58 24 Free
190 1932 43 23 and
247 1931 38 24 W.
298 1931 65 30 Ryde
374 1930 103 24 relieved
488 1930 46 24 and
546 1930 94 24 carried

122 1969 40 24 the
173 1969 46 23 ball
232 1968 50 24 well
296 1976 31 22 up
338 1968 52 24 into
402 1968 38 23 the
453 1968 93 24 visitors

121 2006 44 24 but
177 2006 119 30 Rangiora
305 2013 50 16 was
367 2007 42 22 not
419 2008 27 21 to
457 2006 29 23 be
496 2005 86 24 beaten
593 2005 49 24 and

121 2043 84 25 within
218 2051 15 16 a
244 2043 94 24 minute
349 2050 27 17 or
388 2045 45 22 two
446 2043 29 30 by
486 2051 13 15 a
510 2043 77 30 dodgy
595 2050 45 16 run

121 2085 42 28 got
174 2082 51 24 well
245 2082 67 24 down
331 2082 76 24 where
423 2081 101 24 another
534 2083 39 23 trv
593 2089 47 17 was

120 2119 106 25 secured.
260 2119 52 23 The
332 2119 54 23 kick
413 2118 36 24 for
476 2118 55 31 goal
555 2126 47 16 was
626 2127 13 15 a

121 2167 102 16 success.
267 2158 52 24 The
341 2158 72 24 home
436 2160 59 22 team
519 2158 121 31 protested

122 2198 137 31 vigorously
270 2197 94 30 against
375 2198 40 23 the
442 2197 66 30 point
536 2196 42 25 but
600 2198 40 23 the

120 2237 86 25 referee
228 2236 101 33 granted
347 2236 28 24 it.
417 2236 98 25 Nettled
536 2236 31 32 by
589 2236 50 26 this

120 2283 93 17 reverse
225 2274 41 25 the
278 2274 70 24 home
359 2276 65 22 team
440 2274 96 25 worked
557 2275 57 24 with
625 2283 15 16 a

120 2313 49 25 will
181 2313 47 23 and
240 2313 56 30 kept
319 2312 120 30 Rangiora
461 2312 54 24 well
538 2312 26 24 in
575 2312 64 24 their

112 2359 62 16 .own
185 2350 120 31 territory,
322 2349 49 24 and
381 2358 59 15 were
451 2349 119 25 rewarded
579 2350 60 25 with

117 2396 17 16 a
167 2389 52 29 try/
256 2387 134 24 Parkinson
428 2394 49 17 was
517 2388 122 24 entrusted

118 2426 60 24 with
189 2425 42 23 the
242 2424 56 24 kick
308 2424 44 24 but
363 2424 72 24 failed
447 2426 25 22 to
484 2425 110 30 improve.

152 2467 52 25 The
214 2466 49 26 ball
274 2474 48 18 was
334 2468 36 23 set
381 2474 15 17 a
407 2466 89 32 rolling
502 2467 79 31 again,
594 2467 43 25 the

118 2506 122 30 Rangiora
251 2508 65 20 team
328 2504 109 31 swooped
448 2505 68 24 down
536 2504 47 24 and
605 2506 34 22 al-

117 2545 66 22 most
193 2551 56 16 ovor
268 2549 66 16 came
357 2542 32 23 all
411 2542 134 24 resistance.
578 2542 61 31 Play

119 2588 54 17 now
194 2587 50 17 was
267 2579 69 23 much
359 2579 26 24 of
404 2586 15 17 a
437 2579 54 31 give
512 2579 49 24 and
583 2580 55 24 take

116 2621 97 25 nature,
233 2617 60 24 Both
306 2621 75 19 teams
393 2617 96 30 making
511 2619 127 22 strenuous

117 2656 81 24 efforts
210 2656 25 22 to
247 2654 47 24 add
302 2655 25 23 to
337 2654 63 24 their
411 2661 75 17 score.
519 2654 119 31 Rangiora

115 2692 91 26 carried
217 2692 128 24 hostilities
356 2692 52 24 into
431 2692 40 23 the
494 2692 70 24 home
587 2694 46 22 ter-

115 2732 85 30 ritory,
211 2730 80 24 where
303 2729 57 31 they
371 2730 123 23 remained
512 2729 63 25 until
586 2729 54 25 half

116 2769 61 24 time
188 2767 106 25 sounded
308 2765 56 26 with
376 2768 43 23 the
430 2775 72 16 score.
602 2770 7 8 *

149 2811 128 30 Rangiora,
290 2817 44 17 one
346 2810 54 30 goal
413 2811 47 22 and
472 2818 43 15 one
527 2812 46 28 try.

150 2848 90 24 Oxford
251 2847 47 24 and
310 2846 138 27 View.Hill,
461 2854 46 17 one
527 2848 45 30 try.

149 2890 107 28 Nojbime
263 2897 52 18 jvas
325 2889 49 25 lost
384 2890 25 23 in
417 2889 100 32 making
524 2890 114 33 a^start—

116 2928 95 26 neither
219 2932 66 21 team
293 2927 95 31 leaving
397 2928 40 23 the
441 2928 101 31 ground.
577 2928 67 24 Free'

118 2962 85 30 kicked
214 2966 42 25 off.
266 2965 37 26 for
319 2965 44 28 the,
371 2965 71 25 home
448 2974 4 20 ;
465 2967 73 23 team.
573 2965 64 24 Ran-

115 3005 66 31 giora
192 3004 56 26 took
261 3003 134 32 possession
407 3003 25 24 of
440 3003 43 24 the
494 3003 49 24 ball
553 3003 47 24 and
609 3003 30 31 by

116 3050 16 17 a
143 3042 35 24 bit
190 3042 24 24 of
221 3042 52 26 :fine
284 3041 98 30 passing
398 3041 122 30 gradually
542 3040 95 24 worked

117 3080 63 29 their,
192 3087 53 24 way
266 3079 77 25 down.
349 3076 8 13 f
356 3082 27 21 to
405 3078 41 24 the
459 3078 80 28 .home
561 3080 77 22 teams

218 3117 80 24 where
305 3116 73 27 .Free?
391 3116 46 24 and
461 3116 92 24 Gorton
575 3117 64 22 tern*

104 3177 4 6 ,
116 3155 113 32 porarjLly,
242 3154 60 28 held,
320 3154 69 24 them
411 3154 26 23 in
460 3155 80 23 check.
562 3174 11 9 
585 3154 52 23 The

117 3193 123 31 Rangiora
250 3191 111 27 lorwards
372 3200 54 16 now
439 3191 95 25 showed
546 3200 15 16 a
572 3191 65 31 piece'

117 3232 27 24 of
153 3229 75 33 really
240 3231 46 24 fine
296 3230 102 31 passing
414 3230 48 24 and
473 3230 89 31 capped
574 3230 64 24 their

115 3269 162 32 performance
288 3269 28 29 by
327 3268 99 31 kicking
436 3276 13 15 a
461 3269 52 23 nice
526 3268 62 30 goaL

150 3311 52 25 The
212 3311 74 25 home
305 3313 70 21 team'
387 3318 55 16 now
462 3310 113 24 wakened
598 3317 38 24 up,

103 3353 2 8 ;
115 3351 49 25 and
176 3351 66 25 amid
253 3351 41 25 the
305 3350 83 24 cheers
400 3350 27 24 of
441 3350 43 24 the
506 3351 129 29 spectators

115 3388 142 25 transferred
268 3390 39 22 the
320 3388 48 24 ball
380 3390 25 22 to
416 3389 42 22 tlie
470 3387 108 31 opposite
590 3388 46 22 end

114 3427 76 23 where
202 3426 59 31 they
271 3426 50 24 had
332 3433 55 24 very
399 3425 62 24 hard
472 3425 72 24 times
555 3424 26 25 in
593 3426 43 23 not

113 3466 105 30 scoring,
244 3464 61 24 Free
327 3464 49 23 and
399 3463 94 24 Gorton
517 3462 120 32 dribbling

113 3503 42 24 the
168 3503 46 24 ball
225 3510 55 16 over
291 3502 40 23 the
340 3501 47 24 lnie
400 3503 40 22 but
460 3501 42 24 the
513 3501 123 29 Rangiora

111 3540 62 25 back
184 3548 49 17 was
244 3543 42 21 too
306 3547 70 22 many
399 3539 36 24 for
459 3538 75 24 them.
571 3537 54 25 Ran
628 3552 7 16 :

112 3579 66 30 giora
188 3579 71 31 again
271 3576 85 24 kicked
378 3576 36 24 off
424 3576 47 24 and
482 3575 91 25 carried
594 3576 41 23 the

110 3616 58 27 ball;
172 3618 25 22 to
217 3614 105 25 midfield
330 3624 11 15 ;,
345 3614 78 23 wrhere
435 3614 56 31 play
502 3614 131 24 continued

110 3652 73 26 untill
190 3666 3 15 i
212 3653 41 29 the.
276 3651 95 25 whistle
395 3651 58 28 blew,
473 3650 97 32 leaving
592 3650 43 25 the

112 3699 73 18 score.
299 3715 2 2 .

108 3736 124 30 Rangiora
239 3736 14 22 2
262 3732 67 33 goals
341 3733 24 31 (1
378 3732 114 32 dropped)
505 3732 46 25 and
560 3734 13 21 1
584 3733 46 31 try,

109 3773 90 26 Oxford
209 3774 48 24 ani
268 3767 65 30 View
345 3767 65 33 HilJ,'
419 3773 11 24 1
446 3773 45 30 try.

753 217 51 25 The
819 220 122 31 strangers
963 223 92 23 treated
1077 230 29 17 us
1128 225 24 22 to
1164 231 15 16 a
1189 223 49 23 fine

720 256 66 29 piece
798 257 26 23 of
843 259 63 33 play,
932 260 63 24 their
1018 261 104 24 conduct
1144 269 32 16 on
1199 262 42 23 the

720 292 57 25 field
790 294 69 32 being
878 298 145 31 exemplary.
1057 298 49 25 Not
1129 307 14 16 a
1162 299 36 25 bit
1218 298 26 24 of

720 331 75 31 rough
806 332 57 32 play
874 341 49 17 was
942 335 114 31 indulged
1078 337 24 23 in
1124 336 31 32 by
1167 338 75 23 either

721 374 71 19 team.
826 372 24 23 It
873 380 54 23 says
950 381 14 16 a
986 374 61 30 good
1070 376 54 23 deal
1146 376 37 24 for
1200 376 42 23 the

720 407 73 25 home
805 410 60 22 team
878 410 54 24 that
944 411 54 31 they
1010 412 86 24 curbed
1113 413 61 24 their
1185 418 56 19 tem-

719 452 50 23 per,
781 446 45 28 for,
844 447 26 23 in
882 447 42 25 the
936 449 95 30 opinion
1054 450 23 23 of
1099 458 80 23 many,
1202 451 40 23 the

720 482 96 28 referee,
829 483 38 24 Mr
879 484 109 29 Wilmot,
1006 494 49 16 was
1077 489 64 23 most
1153 488 87 23 unfair.

720 519 47 24 His
778 520 92 25 whistle
883 523 94 23 seemed
990 525 25 21 to
1026 531 30 22 go
1069 525 173 30 mechanically

720 558 24 23 to
757 557 36 24 his
804 558 87 23 mouth
915 559 68 24 when
1002 567 47 23 any
1066 561 26 24 of
1112 561 42 24 the
1176 562 65 23 Kan-

720 593 65 31 giora
802 595 121 30 appealed,
948 596 42 25 but
1012 597 72 24 when
1106 597 43 25 the
1172 599 69 24 other

721 631 49 24 side
782 632 114 31 appealed
910 633 27 24 he
948 633 56 25 took
1017 642 30 17 no
1058 635 80 25 notice
1146 636 26 24 of
1176 636 66 24 them

720 670 129 23 whatever.
884 670 54 24 Ido
949 675 44 21 not
1006 680 42 22 say
1059 672 36 24 for
1107 681 13 14 a
1132 677 110 21 moment

721 706 53 23 that
803 706 90 25 Oxford
920 708 49 25 and
1004 708 67 25 View
1094 709 52 24 Hill
1166 711 75 23 would

722 745 59 24 have
795 753 59 20 won,
877 745 20 24 if
915 746 31 24 all
967 747 42 24 the
1030 748 63 24 foiils
1105 748 57 32 they
1186 758 56 16 were

722 783 100 24 entitled
838 785 25 23 to
881 783 48 25 had
951 785 57 24 been
1134 787 45 24 but
1201 788 42 23 the

722 822 85 24 referee
818 823 86 23 shouid
921 824 62 24 have
1006 825 60 24 been
1088 833 30 16 an
1131 827 111 24 uninter-

723 861 64 25 ested
809 864 76 29 party.
918 863 25 24 It
965 865 105 24 seemed,
1085 866 30 25 to.
1132 865 28 24 be
1177 867 66 30 quite

723 901 93 25 evident
828 903 58 23 from
903 903 39 23 the
965 905 61 22 start
1048 904 52 23 that
1122 905 121 31 Eangiora

723 946 49 16 was
783 941 25 21 to
819 942 40 27 get
870 940 33 22 all
915 940 42 24 the
978 940 63 24 little
1063 942 103 24 chances
1188 943 55 23 that

725 983 59 17 were
795 977 80 30 going.
905 999 2 2 .

756 1018 51 24 The
819 1020 96 24 visitors
925 1020 73 25 taken
1026 1020 33 24 all
1080 1021 77 24 round
1177 1030 66 16 area

725 1058 74 23 smart
810 1058 34 23 lot
855 1057 25 24 of
890 1057 101 31 players.
1024 1058 25 24 It
1059 1058 79 25 would
1149 1059 30 24 be
1190 1067 50 17 use-

724 1093 48 25 less
784 1096 25 23 to
831 1094 54 32 pick
907 1100 42 20 out
970 1103 47 24 any
1037 1097 129 30 particular
1188 1105 54 21 one,

725 1132 77 24 where
814 1133 31 23 all
857 1133 83 31 played
965 1142 26 17 so
1012 1134 62 25 well.
1110 1134 69 29 Free,
1203 1135 39 25 W.

725 1169 49 25 and
795 1170 31 24 G.
839 1171 73 31 Ryde,
936 1173 48 23 and
1004 1172 91 25 Gorton
1117 1181 62 17 were
1200 1174 43 24 the

725 1209 55 31 pick
802 1208 27 26 of
853 1211 42 24 the
917 1212 72 24 home
1011 1214 73 22 team.
1118 1213 68 27 After
1205 1214 39 24 the

727 1249 82 25 match
837 1250 41 25 the
911 1251 93 31 plaj'ers
1042 1252 88 25 retired
1152 1254 29 27 to.
1205 1253 39 24 Mr

725 1289 123 25 Mitchells
859 1290 76 25 where
946 1291 57 31 they
1014 1293 100 29 partook
1124 1293 27 23 of
1160 1300 31 15 an
1202 1300 40 17 ex?

726 1328 87 23 cellent
841 1336 93 23 supper.
980 1330 50 24 The
1063 1332 100 29 evening
1195 1340 49 15 was

726 1366 124 24 enlivened
861 1367 30 30 by
912 1368 79 31 Songs
1014 1369 49 24 and
1085 1369 157 29 Recitations,

725 1406 44 24 but
781 1413 64 25 sorry
867 1406 25 26 to
915 1408 73 24 relate
1010 1416 14 16 a
1045 1409 44 25 few
1110 1409 135 26 conducted

725 1442 143 29 themselves
889 1447 26 23 in
937 1455 15 17 a
974 1456 54 21 very
1047 1449 198 32 ungentlemanly

725 1493 108 17 manner.
868 1486 71 24 Their
966 1488 114 31 shouting
1101 1496 49 17 was
1172 1497 72 16 some-

725 1524 180 31 thing/terrible,
918 1527 115 30 parading
1054 1536 33 22 up
1098 1527 3 4 '
1109 1528 42 24 the
1173 1531 72 21 street

725 1564 49 24 and
784 1564 103 32 bawling
894 1568 25 22 at
931 1566 40 24 the
981 1566 68 31 pitch
1061 1566 26 25 of
1096 1567 62 25 their
1169 1568 74 24 voice.

725 1604 25 25 It
760 1604 21 24 is
793 1613 14 15 a
817 1606 66 29 great
893 1606 52 31 pity
956 1606 55 24 that
1028 1615 54 16 men
1104 1615 27 17 so
1141 1607 37 25 far
1198 1608 45 24 for-

726 1644 40 29 get
777 1639 155 28 themselves.
965 1644 25 24 It
1000 1644 22 24 is
1033 1644 33 25 all
1077 1653 55 23 very
1144 1646 54 24 well
1218 1648 25 22 to

726 1681 60 24 have
798 1689 14 17 a
823 1682 64 25 little
909 1682 137 33 enjoyment
1068 1685 42 24 but
1120 1684 21 25 it
1164 1693 76 17 seems

725 1728 68 17 some
811 1722 83 30 people
916 1722 30 25 do
967 1725 41 22 not
1030 1724 68 24 know
1120 1724 77 25 where
1219 1727 26 22 to

725 1761 66 24 draw
812 1761 43 24 the
876 1761 58 25 line.
969 1762 24 25 It
1014 1762 22 25 is
1058 1763 60 24 such
1141 1764 104 25 conduct

725 1800 53 23 that
789 1800 66 30 gives
866 1799 99 26 football
976 1809 16 18 a
1003 1801 45 24 bad
1059 1809 78 22 name,
1150 1803 47 23 and
1209 1811 31 16 no
1249 1814 2 2 •

728 1839 103 25 wonder.
931 1838 5 5 '
1080 1846 6 3 ~
1158 1860 2 2 .
1249 1857 2 10 :

758 1882 51 25 The
820 1883 112 32 majority
949 1884 27 25 of
984 1884 42 25 the
1048 1886 65 24 team
1135 1893 57 25 may
1214 1886 29 25 be

727 1929 54 23 very
809 1921 121 24 thankful'
944 1923 54 23 that
1021 1923 56 31 they
1098 1926 41 28 got
1162 1925 35 24 off
1218 1933 26 16 so

726 1958 81 31 easily.
840 1959 25 23 If
873 1959 20 23 it
904 1959 49 23 had
964 1959 60 28 been
1035 1961 26 22 in
1080 1969 74 22 many
1176 1963 70 23 other

725 1997 89 31 places,
847 1997 65 25 lam
923 1997 74 25 afraid
1008 1999 43 24 the
1073 1999 72 24 brake
1168 2001 77 24 would

726 2036 43 23 not
781 2034 59 26 have
851 2037 62 23 went
925 2037 70 24 home
1007 2044 26 17 so
1055 2037 55 28 full,
1129 2038 56 26 and.
1188 2039 58 31 they

728 2074 77 24 would
816 2075 61 24 have
896 2078 41 27 got
956 2083 35 17 no
1012 2083 66 17 more
1102 2077 58 24 than
1188 2078 59 31 they

726 2113 119 24 deserved.
878 2114 47 24 Let
936 2122 29 16 us
976 2115 61 30 hope
1052 2116 20 23 if
1083 2116 54 32 they
1160 2117 87 25 should

727 2161 66 16 come
805 2154 24 23 to
842 2153 89 25 Oxford
941 2155 76 30 again,
1041 2155 53 25 that
1113 2156 65 24 their
1188 2165 56 17 con-

725 2192 52 28 duc;
791 2192 35 24 off
835 2192 41 25 the
888 2192 53 25 field
964 2193 47 25 will
1033 2194 28 24 be
1082 2203 25 15 as
1130 2196 62 30 good
1215 2204 27 17 as

725 2231 65 26 what
800 2232 19 25 it
830 2240 49 18 was
890 2240 32 17 on
934 2232 42 26 the
992 2233 57 25 field
1070 2243 33 17 on
1115 2234 129 35 Saturday.

821 2340 204 25 CHILDREN'S
1033 2341 109 24 PARTY

758 2420 53 24 One
822 2421 25 23 of
856 2422 42 23 the
909 2421 63 25 most
984 2423 126 31 enjoyable
1129 2425 117 31 .eveijings

724 2458 20 24 it
756 2458 45 25 has
812 2458 59 25 been
883 2467 41 23 my
935 2461 34 23 lot
980 2461 25 23 to
1018 2461 82 30 spend,
1124 2468 48 18 was
1195 2461 51 25 Fri-

726 2496 46 31 day
783 2496 57 30 July
852 2497 66 28 24th,
932 2505 28 17 on
974 2498 42 24 the
1038 2499 112 24 occasion
1162 2499 25 24 of
1207 2500 40 24 the

725 2533 75 24 dance
811 2534 67 30 given
903 2534 31 31 by
957 2535 59 24 Miss
1039 2536 100 28 Parish,'
1156 2538 25 23 to
1204 2538 41 23 the

724 2570 77 31 pupils
813 2571 25 24 of
856 2571 43 26 her
910 2572 102 31 dancing
1031 2573 62 25 class
1115 2574 47 23 atfd
1185 2574 65 29 their;

724 2608 98 24 friends.
856 2609 52 24 The
1042 2611 82 24 March
1164 2611 40 25 led
1214 2613 33 24 off

725 2648 29 30 by
776 2647 92 25 Master
890 2648 75 31 Percy
987 2649 86 25 Parish
1096 2657 28 18 as
1183 2651 63 24 Lord

906 2687 49 23 and
966 2687 133 25 MissEdie
1110 2688 98 31 Ingrain
1220 2689 25 24 in
1249 2688 1 14 :

724 2725 73 24 white
808 2725 47 24 and
866 2726 106 24 cardinal
984 2726 65 29 sash,
1061 2734 50 18 was
1122 2735 15 17 a
1148 2729 62 24 treat
1222 2730 24 23 to

724 2770 47 20 see,
784 2762 49 25 and
844 2771 73 23 many
927 2771 61 17 were
1000 2764 42 24 the
1054 2767 89 29 regrets
1154 2771 25 19 ot
1198 2767 47 25 late

724 2807 90 16 comers
826 2800 53 25 that
891 2795 57 36 iihey
954 2801 50 24 had
1011 2802 89 24 missed
1106 2798 28 29 it.
1169 2804 76 24 There

724 2844 61 16 were
803 2837 72 24 about
898 2838 46 25 100
967 2838 84 30 people
1071 2842 104 27 present,
1198 2841 48 24 and

724 2881 114 24 everyone
851 2882 10 11 a
863 2875 83 24 eemed
957 2877 25 23 to
1002 2875 70 32 enjoy
1093 2877 153 26 themselves:

725 2913 75 25 Great
807 2914 92 25 thanks
911 2921 40 19 are
964 2915 45 25 due
1021 2917 25 23 to
1058 2917 48 28 Mr,
1119 2917 59 29 Mrs,
1198 2917 48 26 and

724 2952 61 23 Miss
796 2952 87 24 Parish
894 2952 37 24 for
942 2953 42 24 the
995 2961 52 24 way
1058 2954 26 24 in'
1093 2955 3 10 :
1105 2955 78 25 which
1206 2957 40 24 the

723 2990 78 25 whole
812 2990 67 23 affair
891 2997 49 17 was
951 2990 90 25 carried
1061 2990 50 26 but.
1118 3015 2 4 ,
1146 2993 36 24 At
1204 2995 42 23 ten

723 3026 90 27 o'clock
835 3028 42 23 the
899 3029 92 26 curtaiu
1014 3036 54 20 rose,
1090 3030 36 25 for
1148 3035 95 27 $uppe'r,

723 3064 79 24 which
823 3072 47 17 was
892 3065 143 32 beautifully
1065 3069 116 29 arranged
1214 3076 31 17 on

724 3103 66 24 three
801 3103 59 32 long,
869 3103 75 25 tables
955 3105 56 24 with
1033 3105 101 29 flowers,
1158 3108 51 23 and
1229 3116 13 15 a

724 3142 92 31 variety
827 3143 27 24 of
871 3144 127 31 tempting-
1011 3142 134 32 delicacies,
1169 3147 76 24 which

724 3190 61 17 were
807 3182 56 31 duly
881 3184 159 30 appreciated.
1074 3185 51 24 The
1158 3187 88 31 pupils,

724 3218 146 36 numberin'g
881 3224 39 29 50,
932 3225 37 23 sat
988 3223 82 28 down'
1081 3226 25 23 to
1129 3225 42 25 the
1194 3227 53 24 first

851 3262 79 25 There
962 3271 62 17 were
1057 3272 74 23 niany
1167 3267 79 29 pretty

724 3299 99 28 dresses,
837 3299 43 24 but
888 3300 19 23 it
920 3300 78 24 would
1020 3300 31 24 be
1073 3302 60 23 hard
1156 3303 25 23 to
1204 3311 45 23 say.

724 3336 75 25 which
809 3345 47 16 was
867 3336 68 25 Belle
944 3345 6 21 ;
969 3338 92 31 thbugh
1074 3339 22 23 I-
1102 3342 67 22 must
1190 3349 55 17 con-
1249 3358 2 7 :

722 3374 48 25 fess
781 3374 14 23 1
806 3374 87 25 should
904 3375 61 24 ha.ve
976 3375 63 24 liked
1059 3377 25 23 to
1106 3376 72 25 have'
1191 3386 55 16 seen

724 3420 64 16 more
799 3413 27 23 in
837 3412 73 24 white
927 3414 104 36 presses,
1055 3414 41 25 but
1118 3422 32 17 no
1158 3425 4 3 •
1172 3416 74 24 doubt

724 3451 41 23 the
793 3449 52 24 cold
875 3447 105 28 weather
1011 3451 134 31 prevented''
1173 3459 73 25 many

723 3490 105 30 wearing
849 3490 77 24 them.
960 3490 21 25 A
990 3491 120 32 ..novelty,
1123 3493 26 23 to
1170 3500 74 24 many

722 3535 49 16 was
786 3527 47 23 the'
1095 3529 78 25 which
1193 3538 51 17 was

722 3564 53 25 well
800 3564 89 25 danced
911 3566 31 30 by
964 3567 40 23 the
1026 3566 118 25 children.
1179 3567 66 33 Th^y

722 3602 116 30 certainly
901 3603 74 24 credit
986 3606 25 21 to
1019 3604 65 24 their
1091 3606 97 23 teacher
1195 3606 49 23 and

722 3639 32 24 all
765 3638 62 32 hope
839 3639 60 25 Miss
911 3639 86 25 Parish
1009 3640 48 27 will
1068 3641 115 24 continue
1204 3643 39 23 the

722 3677 69 24 class.
825 3677 49 25 Mrs
897 3677 85 25 Parish
993 3699 5 6 ,
1005 3678 103 26 assisted
1129 3679 30 31 by
1192 3679 52 25 Mrs

721 3715 89 25 Reeves
821 3715 108 32 presided
941 3717 26 23 at
988 3716 42 25 the
1054 3717 85 29 piano,.
1155 3717 40 25 Mr
1211 3718 31 24 E.

721 3754 90 24 Reeves
835 3756 95 26 ,cornet,
953 3754 47 25 and
1012 3754 58 25 ;.Mi\
1084 3756 29 24 T.
1148 3756 94 29 Br.own,

1323 228 97 30 Piccoli,
1444 230 95 27 deserve
1559 234 85 30 special
1665 235 118 24 mention.
1818 236 32 25 At

1325 273 45 16 one
1378 267 99 29 o'clock,
1516 270 39 23 Sir
1566 270 79 31 Roger
1682 279 46 17 was
1750 272 99 30 danced,

1325 303 47 24 and
1392 312 68 24 every
1483 313 45 18 one
1550 309 62 23 went
1635 309 70 24 home
1726 310 67 26 with,
1809 310 40 25 the

1325 348 105 25 memory
1451 343 27 24 of
1498 345 125 30 apleasant
1634 346 120 32 eveaing/
1764 349 26 22 to
1813 355 35 17 re-

1324 379 66 23 main
1402 380 57 24 with
1471 381 65 25 them
1545 382 37 24 for
1588 390 66 17 some
1667 385 59 23 time
1738 386 24 22 to
1774 392 75 16 come.

1500 501 187 26 CARLETON.

1358 562 22 24 A
1392 567 61 21 most
1465 566 128 24 successful
1605 567 73 24 social
1691 576 49 16 was
1751 569 58 24 held
1819 571 27 22 in

1325 599 42 25 the
1379 600 110 26 Carleton
1512 603 67 30 Hall,
1609 612 32 16 on
1663 604 97 33 Friday,
1790 607 57 32 July

1325 637 67 25 24th.
1426 639 80 26 About
1517 641 63 31 forty
1592 642 97 31 couples
1700 650 59 18 vvere
1781 653 65 22 pies-

1325 678 49 26 ent,
1387 678 48 23 and
1454 679 105 31 dancing
1579 688 49 16 was
1651 672 113 40 kept^up
1786 684 60 23 with

1327 715 68 30 spirit
1402 717 61 23 until
1472 719 71 23 about
1551 719 63 24 2.30.
1623 727 59 16 a.m.
1716 720 39 25 Mr
1764 722 85 25 Bluett

1327 755 108 31 supplied
1447 756 42 24 the
1500 759 79 23 music
1590 759 61 24 with
1662 760 36 23 his
1716 762 69 23 usual
1809 762 40 23 ab-

1325 792 60 31 ility,
1397 793 48 24 and
1457 793 39 25 Mr
1507 795 223 26 Dohnnanrracfced
1743 806 27 15 as
1780 799 66 24 M.C.

1325 830 60 24 with
1396 832 73 22 much
1478 832 134 32 officienc}..
1642 835 52 23 The
1705 835 143 26 Committee

1325 870 82 23 intend
1419 875 23 19 to
1454 871 58 24 hold
1535 872 67 24 these
1626 874 86 23 socials
1734 875 113 32 monthly

1326 908 86 32 during
1423 910 48 23 ihe-
1477 910 86 24 winter
1575 913 106 23 months.
1716 914 51 23 The
1789 918 58 21 next

1325 945 51 24 will
1388 946 55 24 take
1453 947 67 31 place
1532 956 32 15 on
1577 948 94 30 August
1683 950 71 25 21st..

1328 1051 168 39 EVENTS
1522 1054 48 37 OF
1585 1054 86 38 THE
1694 1051 155 43 WEEK.

1359 1147 116 34 Tuesday..
1496 1149 100 33 Library
1612 1159 63 24 open
1687 1152 63 25 from
1775 1155 74 28 6.30.,

1327 1194 66 22 p.m.,
1407 1188 25 23 to
1444 1189 22 22 8.
1487 1195 59 23 p.m.
1661 1188 4 14 :
1730 1183 4 18 ;

1360 1224 157 32 Wednesday.
1536 1227 68 24 Road
1615 1227 78 26 Board
1718 1228 114 32 Meeting.

1359 1262 133 32 Thursday.
1512 1263 56 26 Sale
1590 1265 62 30 Pay,
1676 1265 67 29 East,
1760 1267 91 25 Oxford

1328 1299 87 25 School
1438 1300 140 26 Committee
1600 1302 117 32 Meeting.
1752 1304 99 32 Library

1327 1344 61 24 open
1400 1337 87 31 during
1497 1338 39 23 the
1555 1339 52 30 day.

1360 1374 96 32 Friday.
1473 1375 113 33 Monthly
1599 1377 107 31 meeting
1714 1377 27 24 of
1746 1377 70 25 Band
1826 1379 24 24 of

1330 1411 79 32 Hcpe.
1555 1425 2 1 ■
1615 1423 3 13 :
1798 1435 2 3 .

1363 1450 126 32 Saturday.
1507 1451 101 31 Library
1620 1459 61 24 open
1692 1453 60 25 from
1778 1456 71 27 680.,

1328 1496 69 22 p.m.,
1416 1489 108 30 Meeting
1536 1489 26 25 of
1569 1490 150 29 Oddfellows,
1733 1492 62 24 East
1802 1493 47 23 Ox-

1327 1525 65 25 ford,

1404 1632 235 26 PENDRAGON'S
1657 1634 110 25 NOTES

1330 1698 128 32 {Specially
1468 1701 137 30 writtmjor
1625 1704 6 11 '
1643 1701 47 24 The
1714 1702 136 33 Obseever.')

1362 1740 73 24 Hush
1446 1742 6 22 !
1470 1742 122 23 mafchinks
1612 1742 14 24 I
1637 1742 59 24 bear
1713 1742 52 25 him
1777 1744 70 24 whis-

1332 1780 47 24 per,
1514 1782 44 16 one
1581 1773 49 24 kiss
1650 1775 88 29 Ma^el,

1331 1806 69 24 Then
1419 1814 77 16 cornea
1519 1807 72 31 softly
1613 1807 60 24 back
1696 1808 42 24 the
1749 1816 99 22 answer,

1356 1838 86 32 Harry,
1453 1841 83 29 you've
1559 1840 59 24 been
1640 1840 110 32 drinking

1331 1871 55 25 And
1397 1872 52 31 why
1458 1874 43 22 not
1510 1873 12 22 ?
1550 1874 23 22 A
1586 1872 65 31 glass
1662 1873 27 25 of
1697 1874 61 29 good
1779 1875 37 25 ale
1827 1876 22 24 is

1331 1913 31 15 an
1374 1905 117 24 excellent
1504 1905 114 31 beverage
1629 1907 47 22 and
1689 1908 9 21 I
1708 1907 37 24 for
1756 1916 44 15 one
1806 1916 43 19 .am

1333 1937 121 31 delighted
1465 1939 24 22 to
1501 1945 38 16 see
1551 1946 14 16 a
1585 1938 144 25 Committee
1740 1940 26 23 of
1785 1948 66 17 com-

1331 1976 59 17 mon
1530 1978 51 16 men
1605 1978 29 16 on
1658 1973 40 22 the
1720 1971 129 33 Licensing

1331 2002 91 23 Bench.
1455 2001 36 32 By
1503 2004 62 23 what
1575 2010 92 23 process
1687 2004 24 24 of
1722 2006 127 30 reasoning
1871 2011 3 19 ;

1331 2036 38 23 the
1381 2036 127 29 argument
1524 2035 55 25 that
1590 2044 13 15 a
1614 2036 59 24 total
1684 2036 122 26 abstainer
1822 2039 52 23 :is-'

1331 2075 14 16 a
1367 2067 116 24 desirable
1501 2075 85 22 person
1609 2076 42 16 on-
1661 2069 54 23 that
1737 2069 73 24 bench
1833 2070 14 23 I

1331 2101 88 23 cannot
1452 2100 154 24 understand.
1639 2100 85 24 Either
1750 2096 31 30 lie
1803 2102 45 24 has
1868 2111 3 7 •

1331 2132 60 25 been
1402 2139 15 17 a
1428 2133 108 30 stranger
1546 2135 26 22 to
1583 2132 94 25 alcohol
1689 2133 33 25 all
1741 2134 39 25 his
1801 2135 48 29 life,

1331 2173 27 16 or
1369 2165 31 24 he
1411 2165 45 24 has
1467 2166 61 23 tried
1539 2166 20 23 it
1570 2166 47 23 and
1628 2166 62 24 finds
1708 2166 20 24 it
1739 2167 56 23 does
1808 2170 60 25 not,

1331 2197 48 25 suit
1390 2196 61 25 him.
1484 2196 29 24 In
1524 2197 95 25 neither
1630 2206 54 16 case
1694 2197 22 25 is
1727 2198 32 25 he
1781 2199 68 25 fitted
1865 2199 4 21 i

1331 2231 25 24 to
1367 2229 117 33 desperise
1489 2229 92 33 justice:
1588 2232 25 23 to
1625 2230 40 25 aIL

1364 2295 74 25 What
1449 2302 15 17 a
1474 2295 68 24 habit
1553 2297 19 22 it
1584 2296 19 23 is
1614 2296 37 24 for
1661 2304 59 17 men
1727 2298 54 24 who
1792 2305 58 18 once

1332 2328 150 31 appreciated
1493 2335 15 17 a
1648 2330 53 23 andi
1708 2330 61 24 have
1780 2337 89 24 given-;>

1332 2361 20 24 it
1363 2368 32 23 up
1406 2362 26 23 to
1443 2360 30 24 be
1484 2360 149 32 continually
1649 2362 96 28 railing.:
1757 2364 96 30 against
1860 2368 3 24 j

1332 2394 28 23 it.
1394 2391 65 26 Such
1471 2392 103 35 cohdii.pt
1585 2393 29 23 is:
1628 2394 132 32 extremely,
1778 2395 72 24 small

1332 2425 49 24 and
1392 2425 60 30 silly,
1475 2425 48 23 aud
1534 2425 131 24 resembles
1676 2434 13 15 a
1699 2427 81 29 youth,
1788 2428 60 27 who,
1858 2429 17 30 p

1297 2457 13 8 '"'
1332 2457 88 25 unable
1442 2458 25 23 to
1475 2457 71 24 make
1557 2465 15 16 a
1582 2457 62 31 good
1654 2458 159 32 impression;
1817 2457 56 27 on!'

1331 2490 40 24 the
1398 2489 45 32 girl
1470 2490 29 23 he
1520 2489 68 28 likes,
1611 2491 69 25 turns
1702 2491 77 25 round
1802 2492 57 32 andj

1296 2546 2 2 .
1306 2525 4 14 ;
1332 2521 94 25 villifies
1437 2523 49 23 her.
1539 2541 3 3 .
1600 2528 4 7 ■■
1615 2528 4 16 :
1646 2531 3 20 ;
1682 2530 4 17 :
1697 2542 2 3 ,
1712 2531 12 14 ■•:
1737 2530 14 8 ■•
1768 2540 3 9 ;
1777 2540 2 4 .

1322 2587 18 17 •'■'
1362 2586 38 25 An
1412 2585 117 26 excellent
1550 2587 71 24 letter
1632 2589 122 31 appeared-
1758 2589 27 24 in
1792 2590 57 28 .last

1331 2618 77 26 weeks
1414 2627 74 23 paper
1494 2627 32 16 on
1536 2619 40 24 the
1584 2622 138 22 waterrrace
1730 2622 117 31 question,
1854 2629 2 7 '

1330 2652 44 24 but
1385 2651 53 32 why
1449 2651 56 24 does
1513 2651 42 25 the
1566 2652 80 24 writer
1656 2655 71 23 want,
1740 2656 24 22 to
1774 2653 80 29 ihirq-;

1330 2684 60 24 duce
1437 2684 49 24 Tea
1497 2692 13 15 v
1521 2684 62 25 Beer
1623 2693 27 16 as
1662 2686 37 24 his
1712 2686 142 32 signature?;

1331 2717 52 25 One
1393 2716 90 32 always
1493 2716 46 25 feel
1550 2717 103 25 inclined
1661 2721 25 23 to
1697 2727 53 16 ram
1761 2730 4 5 -
1773 2720 53 24 half
1834 2716 21 34 a|

1320 2770 3 3 .
1329 2749 83 33 pound
1416 2748 3 10 '
1423 2749 26 24 of
1464 2749 91 24 Neteon
1567 2751 139 25 andfMoate
1717 2752 47 32 .(of
1777 2747 76 37 -their)

1303 2780 3 7 '
1329 2784 40 22 tea
1380 2782 15 23 I
1404 2783 82 31 mean)
1495 2791 2 8 ■
1504 2782 66 24 down
1583 2784 40 23 the
1634 2784 80 27 throat
1731 2785 26 24 of
1775 2778 76 35 .sucn.i

1328 2815 65 32 Why
1423 2816 41 22 not
1497 2815 72 30 sign,.
1609 2809 53 34 jlex
1686 2826 14 14 v
1732 2815 92 33 Regina
1833 2817 19 12 "'
1866 2823 4 19 :

1328 2855 32 16 or,
1367 2853 46 25 any
1425 2846 25 24 of
1459 2846 40 24 the
1511 2843 119 29 thousanS
1651 2843 194 38 and'one'.signa-
1849 2851 2 14 1

1297 2878 2 2 '
1329 2883 62 20 tures
1402 2878 122 26 available!
1664 2880 121 23 '"•'•-•'■'•,

1332 2930 26 6 ...
1376 2937 2 2 .
1392 2933 2 4 .
1419 2928 24 9 •..
1449 2931 14 6 ■-
1525 2931 26 6 ...
1594 2926 4 9 :
1628 2932 26 5 ...
1708 2926 52 14 !-..i«:
1766 2924 20 14 i.v
1795 2926 8 9 '■
1821 2928 34 12 .'..(■'

1411 2953 30 22 ye
1463 2945 59 30 gods
1532 2946 48 24 and
1590 2945 62 25 little
1671 2946 84 29 fishesy
1762 2964 2 6 ,
1846 2942 4 35 \

1494 2987 14 14 a
1512 2986 57 16 man
1579 2979 100 24 without
1684 2980 37 25 his
1726 2980 122 25 breeches?

1301 3002 149 43 JBBgffi|||tan
1461 3010 106 31 walking
1578 3019 31 16 on
1618 3019 17 16 a
1646 3012 59 24 dark
1727 3013 68 30 night
1818 3023 29 15 on

1301 3035 137 47 Wffl|^^h
1449 3043 56 23 road
1518 3043 61 25 from
1591 3044 60 25 East
1664 3048 24 21 to
1706 3048 2 8 :
1711 3046 67 25 West
1800 3048 47 23 Ox-

1451 3075 106 25 discover
1568 3076 64 24 what
1642 3078 19 23 it
1673 3078 21 24 is
1705 3078 47 24 like
1772 3081 25 23 to
1820 3079 29 25 be

1309 3109 2 22 '.
1327 3107 99 24 witHout
1437 3107 38 24 his
1486 3107 111 27 breeches
1610 3109 18 23 if
1637 3110 28 23 he
1677 3111 55 23 does
1740 3114 47 21 not:
1795 3112 54 31 give

1321 3138 48 26 .the
1381 3140 40 24 bai
1426 3140 43 25 bed
1477 3141 56 24 wire
1545 3149 30 16 on
1588 3149 14 16 a
1613 3143 92 24 certain
1719 3144 91 24 section
1833 3153 14 16 a

1329 3172 58 24 wide
1398 3172 77 25 berth.
1501 3173 44 25 -Its
1556 3182 15 16 a
1593 3174 129 26 barbarous
1745 3178 102 29 practice

1329 3207 28 22 to'
1367 3205 66 31 place
1547 3207 57 24 wire
1626 3208 94 24 outside
1743 3217 15 16 a
1767 3228 2 3 .
1779 3210 68 24 fence

1301 3241 4 3 '
1327 3238 78 24 which
1416 3238 92 25 divides
1517 3247 17 16 a
1545 3239 94 26 section;
1647 3241 61 26 frqim
1719 3241 42 25 the
1780 3245 67 22 main

1326 3271 65 29 road,
1403 3271 48 23 and
1472 3271 13 23 I
1508 3272 115 31 sincerely
1644 3273 59 31 hope
1726 3274 41 24 the
1788 3278 59 24 nex,t

1328 3303 59 23 time
1398 3302 42 25 the
1451 3304 131 30 proprietor
1592 3311 83 24 passes
1684 3307 28 22 he
1722 3306 48 24 will
1788 3308 60 24 rend

1297 3334 2 5 '
1308 3335 3 11 :
1328 3335 60 24 both
1391 3336 3 15 ;
1398 3335 39 25 his
1448 3339 121 27 garments
1580 3337 49 23 and
1636 3338 37 23 Ms
1681 3339 75 24 heart.
1755 3344 3 7 1
1789 3340 59 24 lam

1327 3367 109 32 alluding
1447 3372 24 22 to
1483 3368 42 25 the
1539 3368 81 25 South'
1626 3370 50 24 sidj
1687 3370 26 25 of
1722 3371 41 24 the
1776 3373 71 24 'toad.

1359 3433 51 24 The
1419 3433 75 24 Choir
1505 3433 90 26 Master
1599 3439 3 12 !
1604 3437 26 22 at
1641 3435 62 25 East
1715 3436 86 26 Oxford
1809 3439 38 24 in-

1299 3490 3 3 .
1326 3466 69 24 tends
1407 3467 24 23 to
1442 3466 93 24 enforce
1555 3474 65 18 more
1632 3482 3 8 •
1639 3467 62 32 rigid
1722 3466 126 36 disciplhie

1297 3521 3 2 .
1327 3503 109 25 amongst
1446 3499 42 23 the
1499 3499 59 31 boys
1569 3501 26 22 at
1605 3501 111 29 practice,
1728 3503 49 24 and
1783 3517 3 7 .
1795 3504 52 24 als^o

1327 3531 174 30 contemplates
1510 3532 117 31 adopting
1633 3533 123 32 surplices.
1758 3545 11 15 o
1776 3535 71 32 Quite

1301 3564 2 4 '
1327 3563 66 31 right
1416 3563 39 24 Mr
1478 3563 27 24 G.
1517 3564 46 24 •M.
1586 3565 27 23 in
1624 3565 75 25 'both,
1714 3567 131 32 instance?!.

1297 3617 1 2 .
1313 3612 9 18 ;J
1328 3595 51 24 T'is
1391 3595 51 24 said
1453 3593 56 27 that'
1519 3597 68 25 walls
1596 3598 62 24 have
1670 3605 53 19 ears
1796 3599 51 27 this

1392 3627 28 24 be
1442 3629 60 23 true'
1525 3635 3 5 '
1644 3636 3 7 ;
1694 3636 28 19 •■•■;
1738 3639 27 10 -^v
1773 3648 1 6 :
1781 3644 1 2 -
1824 3634 4 18 \

1362 3659 28 25 St
1407 3660 118 25 Andrews
1536 3661 66 25 walls
1614 3662 42 25 tte
1667 3663 51 32 gift-
1724 3667 66 23 must
1813 3658 36 39 ojf-
1873 3669 2 5 '

1392 3693 42 24 ten
1443 3701 72 17 rue:-
1522 3703 2 4 1
1539 3701 11 9 '"■•
1560 3703 4 11 ;
1593 3694 29 24 /'
1634 3706 3 3 •
1659 3695 28 24 '..
1708 3702 10 17 .•
1736 3705 11 6 ■■<
1823 3699 3 7 '

1297 3782 1 5 ,
1357 3758 64 25 lam
1433 3758 124 33 delighted
1567 3760 35 25 t6.
1604 3761 56 25 read
1664 3761 63 26 ■that
1738 3764 41 25 the
1790 3765 57 26 Lib-

1939 240 55 24 rary
2006 233 141 26 Committee
2159 235 45 24 has
2215 235 61 25 been
2287 237 61 30 good
2365 228 98 39 enough

1940 269 24 20 to
1975 267 93 29 provide
2079 274 15 16 a
2113 268 142 23 chess-table
2277 268 46 24 and
2346 269 20 23 si
2384 268 78 31 cerely

1940 296 33 29 do.
1982 298 12 23 I
2006 298 63 32 hope,
2079 299 52 24 that
2144 308 66 16 some
2221 300 56 32 lady
2288 309 26 16 or
2321 301 141 31 gentloman

1940 330 49 24 will
2001 331 121 32 challenge
2134 332 42 25 the
2187 332 101 27 humble
2299 334 79 24 writer
2399 337 33 21 to'
2446 341 16 17 a

1940 362 78 31 garde.
2052 364 88 24 Ladies
2157 365 86 24 should
2264 368 43 22 not
2329 366 63 24 from
2415 374 48 23 any

1939 395 121 24 mistaken
2082 397 95 24 notions
2199 398 26 23 of
2244 399 103 31 delicacy
2378 399 86 24 absent

1940 427 145 26 themselves
2097 428 59 26 from
2169 428 42 26 the
2234 431 71 24 chess
2327 431 49 24 and
2398 430 65 25 draft

1940 460 69 24 table.
2036 461 77 25 There
2124 470 112 22 presence
2245 463 81 24 would
2333 464 29 23 be
2371 472 14 15 a
2392 465 71 22 bene-

1940 492 29 23 fit
1991 494 49 26 and.
2060 494 77 24 would
2169 494 30 25 be
2232 496 158 30 appreciated.
2425 496 36 24 To

1940 524 74 25 doubt
2023 526 48 23 this
2083 527 20 22 is
2116 527 136 24 affectation
2265 527 46 25 and
2322 528 59 24 false
2392 527 68 25 mod-

1940 559 59 28 esty.
2035 559 98 29 Beyond
2145 559 54 24 that
2209 560 21 23 it
2241 560 21 23 is
2274 567 38 19 an-,
2318 560 83 31 unjust
2423 567 39 16 re-

1940 588 94 26 flection
2048 598 31 16 on
2090 591 41 23 the
2143 593 68 23 other
2220 599 50 17 sex.

1973 654 74 25 What
2058 663 14 16 a
2082 656 78 30 pitiful
2183 657 49 23 tale
2254 658 26 22 of
2300 657 39 23 the
2361 665 57 22 poor
2439 656 28 24 of

1940 686 169 25 Christchureh
2120 696 46 23 you
2179 689 84 24 unfold
2274 690 27 23 in
2312 697 61 22 your
2382 688 81 25 leader

1939 718 27 23 of
1974 718 47 25 last
2034 720 70 28 week,
2119 721 38 23 Mr
2169 720 93 25 Editor.
2298 721 64 25 Such
2375 729 15 16 a
2401 722 62 23 state

1940 750 27 24 of
1976 751 82 32 things
2069 753 20 23 is
2102 753 41 23 sad
2155 754 94 24 indeed.
2283 753 57 28 But,
2352 753 48 28 Sir,
2413 761 49 23 you

1941 791 39 16 arft
1990 789 44 19 not
2045 784 97 33 leading
2152 787 26 22 in
2189 795 62 22 your
2261 787 110 31 writings
2383 787 26 23 in
2421 786 41 23 the

1940 823 51 24 way
2011 819 24 21 to
2058 818 106 30 improve
2185 821 110 23 *natters.
2303 830 4 3 •
2328 820 50 23 Too
2397 819 66 30 long.

1943 849 46 27 Sir,
2002 849 61 24 have
2074 858 44 22 you
2133 852 79 30 stayed
2226 853 25 22 in
2263 852 75 25 Dura.
2371 852 25 24 It
2418 851 46 24 has

1940 887 55 17 now
2003 882 125 29 .become._a
2140 884 68 23 habit
2220 885 58 23 with
2289 892 47 22 you
2359 884 56 24 that
2436 886 27 22 at

1940 913 42 23 the
1994 911 111 27 moment
2114 923 45 22 you
2170 916 57 23 hear
2239 917 40 23 the
2288 916 78 24 sound
2376 915 27 25 of
2420 916 42 24 the

1940 949 88 25 cornet,
2040 946 66 28 flute,
2120 945 67 33 harp,
2202 948 108 28 sackbftt,
2323 948 105 31 psaltery
2436 955 28 18 or

1939 977 122 29 dulcimer,
2094 985 46 24 yon
2163 980 41 23 fall
2216 981 67 25 dpwn
2295 981 49 23 and
2360 980 103 31 worship

1942 1010 41 23 the
1994 1010 87 31 golden
2088 1011 81 31 image
2177 1012 53 24 that
2241 1010 222 27 JTebuchadfiezZaf

1941 1042 41 24 the
1994 1042 58 32 king
2065 1044 57 23 hath
2135 1046 36 24 set
2183 1053 40 22 up.
2259 1046 68 30 Why,
2350 1046 41 23 Mr
2411 1045 52 24 Ed-

1942 1075 53 28 itor,
2008 1076 54 32 why-
2073 1077 77 30 speak,
2156 1078 25 22 in
2192 1080 58 21 such
2260 1070 92 33 witW^

1942 1108 26 23 of
1978 1108 41 25 the
2030 1108 154 26 unfortunate
2196 1110 88 31 beggar
2296 1111 53 24 who
2360 1111 45 25 has
2427 1111 35 24 al-

1941 1140 74 27 lowed
2020 1157 2 5 .
2027 1141 75 28 drjnk'-
2109 1145 24 21 to
2145 1145 89 23 master
2245 1144 52 24 him
2307 1145 10 23 ?
2356 1143 53 26 You
2421 1143 41 25 ad-

1943 1174 107 25 mit.that
2060 1175 42 26 tlic
2112 1176 92 29 ground
2222 1185 29 15 on
2274 1177 79 24 which
2373 1176 90 25 nettles

1939 1206 63 28 Jiaye
2014 1208 60 23 been
2083 1208 104 24 'allowed
2209 1212 25 22 to
2256 1218 63 23 grow
2342 1209 21 24 is
2385 1209 77 25 worth

1942 1239 112 31 clearing.
2088 1240 26 24 Is
2129 1242 41 23 not
2192 1241 40 24 the
2255 1249 57 17 man
2335 1242 25 23 in
2382 1242 80 25 whoso

1934 1272 82 24 -better
2027 1277 85 20 nature
2135 1274 76 24 weeds
2232 1274 61 25 have
2316 1282 92 25 sprung
2427 1282 33 24 up

1940 1305 77 23 worth
2029 1305 83 32 giving
2122 1307 101 23 another
2234 1309 59 22 start
2303 1308 12 22 ?
2349 1308 113 23 Remem-

1941 1336 40 23 ber
1992 1338 94 24 sinners
2097 1345 40 16 are
2149 1339 74 23 saints
2244 1339 53 24 that
2319 1339 61 24 have
2404 1340 59 22 been

1940 1369 97 31 spoiled.
2049 1373 6 3 '
2070 1368 94 28 .''■..'

1973 1446 50 24 The
2034 1446 104 24 number
2157 1446 26 24 of
2202 1447 59 30 girls
2283 1447 54 24 that
2359 1455 39 16 are
2420 1455 42 16 en-

1935 1489 2 4 •
1941 1479 112 23 amoured
2065 1479 26 23 of
2100 1479 42 24 the
2153 1479 65 24 schol
2222 1481 60 23 astic
2292 1479 132 31 profession
2439 1480 21 24 is

1941 1510 63 32 truly
2015 1511 121 31 appalling.
2171 1512 78 24 When
2260 1521 14 15 a
2294 1520 105 23 vacancy
2422 1519 38 17 oc-

1940 1551 62 20 curs,
2183 1552 65 16 come
2259 1545 26 23 in
2296 1545 26 23 in
2342 1542 119 27 hat-fulls.

1941 1575 73 33 Boys,
2035 1576 29 25 be
2087 1577 95 24 warned
2204 1578 26 23 in
2252 1578 74 28 time;
2345 1577 67 25 learn
2434 1579 26 23 to

1940 1608 52 25 knit
2003 1609 48 28 an^d
2062 1613 23 20 to
2097 1618 45 16 sew
2154 1609 48 25 and
2213 1612 25 23 to
2251 1609 67 26 100k.
2353 1610 48 25 For
2418 1610 42 25 the

1939 1641 113 33 majority
2063 1642 26 23 of
2097 1642 73 25 wives
2182 1642 25 25 of
2216 1643 42 24 the
2269 1643 80 24 future
2359 1642 48 25 will
2430 1643 30 24 be

1940 1682 26 16 so
1975 1674 82 24 fulTof
2065 1674 110 31 learning
2187 1676 52 24 that
2251 1676 63 31 they.
2319 1676 48 24 will
2376 1676 84 24 devote

1939 1707 41 24 the
1991 1704 76 27 whole
2078 1707 26 24 of
2114 1706 62 27 their
2188 1709 58 24 time
2258 1710 25 23 to
2294 1709 112 31 teachiug
2417 1709 43 24 the

1938 1739 64 24 little
2011 1747 65 16 ones.

1951 1780 3 12 :
1969 1778 42 31 My
2023 1778 61 25 dear,
2089 1787 82 23 young
2182 1779 78 25 friend
2272 1780 89 31 Harry,

1955 1822 37 15 •:••■■■
2003 1816 23 24 If
2037 1823 53 17 ever
2101 1824 47 24 you
2161 1824 86 24 marry,

1969 1853 37 25 Be'
2016 1860 56 18 Sure
2082 1862 45 22 you
2139 1855 60 23 doht
2212 1857 64 22 mate
2289 1855 57 24 vvitb
2360 1863 15 16 a
2386 1855 56 28 fool,

1990 1891 93 25 "Who's
2095 1900 65 16 cram
2172 1892 46 24 full
2230 1895 25 22 of
2265 1893 119 31 learning,

1969 1931 56 23 And
2037 1931 135 30 constantly
2195 1931 106 32 burning

1959 1980 2 2 ■
2001 1969 34 23 To
2046 1970 57 22 turn
2110 1976 61 23 your
2183 1969 75 24 house
2267 1970 54 23 into
2333 1976 14 16 a
2360 1968 90 25 school.

2167 2007 103 28 notions,
2295 2006 48 24 and
2375 2006 86 31 physic

1938 2043 52 32 ■-'';"■
2034 2044 135 26 emotions,'

1969 2080 47 24 Are
2028 2084 41 27 apt
2081 2082 24 22 to
2119 2081 27 23 be
2159 2081 67 23 bores
2237 2081 25 23 in
2270 2089 15 16 a
2293 2080 52 25 wife
2356 2090 5 19 ;

2003 2121 142 23 Remember
2168 2120 108 25 Minerva
2299 2128 49 16 was
2371 2120 41 24 left
2434 2121 26 23 to

2031 2168 109 22 preserve
2150 2168 15 16 a
2176 2160 42 23 sad
2230 2161 101 24 celibate
2343 2163 63 21 state
2428 2160 32 22 all

1999 2200 3 14 ;
2065 2197 44 25 her
2119 2198 49 26 life.
2367 2216 2 2 ■

1922 2356 516 55 CORRESPONDENCE.

1942 2474 64 22 While
2017 2482 34 14 our
2063 2476 87 20 columns
2160 2482 35 14 are
2205 2482 49 19 open
2264 2468 69 31 laFall,
2346 2482 29 13 we
2393 2475 25 20 do
2427 2478 34 16 not

1963 2501 90 33 identify
2058 2508 98 20 ourselves
2161 2508 50 19 with
2215 2514 41 20 any
2261 2508 92 25 opinions
2358 2506 103 27 expressed

1956 2539 92 18 •therein.
2086 2556 2 1 .

2018 2584 69 25 THE
2099 2584 91 25 LAND
2212 2584 194 27 PETITION.

1961 2664 42 24 'To
2011 2665 39 26 the.
2059 2665 85 24 Editor
2154 2666 30 30 of
2217 2665 50 24 The
2292 2665 137 24 Observer:'

1969 2707 97 29 Ser,4-I
2077 2708 80 25 notice
2170 2710 55 22 that
2229 2717 4 19 :
2237 2707 173 36 the^pbser.ver
2420 2706 37 25 in-

1935 2745 76 25 forms
2022 2754 29 16 us
2062 2746 26 23 in
2101 2754 14 16 a
2123 2746 79 28 .local,;
2215 2746 55 24 that
2288 2753 45 25 pur
2356 2745 106 24 member

1934 2783 46 24 has
1990 2783 126 31 presented
2128 2792 15 15 a
2154 2783 103 31 petition
2266 2783 63 24 from
2337 2783 41 24 the
2385 2783 75 24 work-

1934 2820 43 31 ing
1987 2828 58 16 men
2056 2820 26 24 of
2098 2821 88 33 Oxford
2192 2839 5 8 ,
2220 2821 100 30 praying
2343 2821 56 23 that

1936 2857 112 25 Minister
2060 2858 26 24 of
2088 2858 89 31 .Lands
2189 2865 57 24 may
2258 2858 39 33 be.;
2309 2857 151 32 empowered

1935 2900 25 20 to
1971 2896 83 25 obtain
2065 2895 57 25 land
2133 2896 62 25 from
2207 2896 40 24 the
2261 2895 110 25 Midland
2392 2894 69 26 Rail-

1935 2940 52 24 way
1999 2934 120 31 Company
2135 2934 38 25 for
2184 2935 40 23 the
2241 2941 103 24 purpose
2366 2934 26 24 of
2411 2935 50 22 set-

1935 2972 64 31 tling
2004 2993 2 2 .
2011 2981 39 20 on,
2071 2972 40 24 &c.
2145 2972 68 30 Now,
2237 2972 46 28 Sir,
2307 2972 42 27 the
2360 2971 101 31 petition

1936 3011 131 28 forwarded
2081 3013 23 24 to
2116 3019 44 17 our
2179 3012 106 24 member
2307 3011 37 24 for
2364 3019 98 23 presen-

1936 3052 79 24 tation
2025 3051 42 24 did
2078 3054 42 21 not
2130 3059 58 23 pray
2199 3051 36 24 for
2246 3050 120 34 anything
2376 3050 27 25 of
2420 3051 19 24 tl
2448 3058 14 17 e

1936 3091 183 29 kind,-;but;was
2131 3099 19 16 a.
2156 3092 94 29 request
2260 3092 25 23 .to
2297 3098 98 23 procure
2403 3090 59 24 land

1936 3131 37 24 for
1984 3132 10 23 t
1996 3131 14 16 v
2013 3138 13 17 e
2037 3138 103 24 purpose
2151 3129 26 25 of
2186 3130 98 32 settling
2295 3129 166 32 unpecunious

1937 3176 64 21 men,
2013 3168 53 24 who
2077 3168 61 24 have
2149 3167 75 26 borne
2235 3170 44 23 tne
2290 3168 109 24 heatand
2406 3166 57 26 bur-

1937 3208 48 24 den
1996 3207 27 25 of
2034 3208 39 24 the
2085 3207 55 32 day;
2152 3207 55 25 who
2219 3209 65 23 must
2306 3214 32 19 on
2361 3208 99 23 account

1936 3248 27 24 of
1972 3248 86 24 dearth
2069 3247 26 24 of
2105 3248 165 31 employment
2292 3248 92 23 become
2403 3254 60 25 pau-

1936 3287 101 31 perised,
2050 3286 49 24 and
2109 3287 85 30 failing
2204 3288 155 29 government
2378 3286 84 24 assist-

1936 3332 60 16 ance
2008 3324 50 25 will
2070 3324 96 24 become
2178 3333 15 15 a
2204 3324 76 31 heavy
2295 3323 90 24 burden
2398 3331 64 22 upon

1936 3362 42 24 the
1989 3366 146 27 ratepayers.
2170 3361 77 25 What
2269 3361 103 31 possible
2396 3361 66 30 hopa

1936 3408 46 19 can
1994 3408 33 17 we
2039 3400 60 24 have
2112 3399 26 25 of
2147 3400 126 31 obtaining
2288 3407 44 16 our
2344 3399 78 32 object
2442 3399 20 23 if

1937 3446 36 17 we
1977 3437 48 26 fore
2036 3440 26 23 to
2075 3437 29 25 be
2115 3438 103 25 shunted
2231 3437 35 25 off
2278 3445 31 17 on
2322 3442 24 19 to
2358 3437 42 24 the
2410 3440 52 20 ten-

1937 3475 41 25 der
1989 3475 101 26 mercies
2110 3476 26 24 of
2156 3476 41 24 the
2222 3475 109 25 Midland
2353 3474 109 31 Eailway

1937 3513 132 32 Company,
2083 3513 40 25 the
2123 3525 1 11 i
2137 3517 61 21 most
2209 3513 113 32 powerful
2330 3512 130 24 landrnon^

1937 3547 120 36 opblismg
2067 3553 122 30 syndicate
2211 3552 39 22 in-
2258 3551 42 24 the
2324 3549 78 25 South
2423 3548 36 24 Is-

1936 3589 78 25 land?
2049 3589 88 25 Would
2148 3590 18 24 it
2175 3591 2 15 :
2178 3591 42 22 not
2233 3588 27 25 be
2273 3588 36 24 far
2329 3587 77 24 better
2422 3585 37 24 for

1936 3634 45 17 our
1997 3627 107 24 member
2122 3628 26 23 to
2170 3624 166 31 acknowledge
2358 3627 24 20 at
2400 3630 59 17 once

1936 3665 56 24 that
2003 3665 32 25 he
2046 3665 46 24 has
2104 3664 73 25 failed
2187 3664 27 23 in
2225 3662 108 31 carrying
2352 3663 42 21 out
2416 3659 43 25 the

1936 3703 77 25 desire
2024 3703 27 25 of
2057 3707 44 20 bur
2112 3701 101 33 petition
2222 3701 10 24 ?
2237 3713 4 8 >
2267 3699 65 30 Why,
2349 3700 45 24 not
2417 3705 43 24 say

1936 3746 25 21 at
1972 3751 60 17 once
2044 3743 51 25 that
2107 3743 42 24 the
2160 3740 111 25 Minister
2281 3738 49 24 had
2337 3736 122 32 ralegated

1938 3780 19 24 it
1969 3784 25 22 to
2006 3781 42 25 the
2060 3778 193 27 circumlocution
2276 3776 73 27 office,
2370 3774 90 30 adding

600 102 165 32 OXS.ORD
805 105 89 30 AND
938 107 102 31 CUST
1084 110 219 31 OBSERVER
1326 110 231 40 SATURDAY,
1572 111 164 34 AUGUST
1761 117 27 33 1,
1820 117 87 30 1891.
