3241 4277
601 1997 123 18 VISITORS'
738 1998 62 17 LIST.

613 2044 82 17 Geyser
711 2044 77 18 Hotel.

510 2075 104 17 Mesdames
633 2076 58 19 Buck,
709 2076 100 20 Arbuckle,
833 2076 82 21 Hewett,

485 2098 82 21 Hazard,
581 2098 108 23 Auckland;
711 2099 100 20 Morrisbv,
830 2099 85 22 Findlay,

485 2121 106 17 Transvaal.
633 2121 66 18 Misses
725 2122 99 21 Arbuckle,
857 2123 58 19 Buck,

486 2144 110 23 Auckland;
611 2145 86 22 Findlay,
715 2145 108 18 Transvaal.
848 2145 69 18 Messrs

486 2168 85 22 Findlay,
586 2168 99 22 Morrisby,
701 2169 111 19 Transvaal;
834 2168 81 21 Hazard,

485 2191 52 20 Reid,
557 2191 97 17 Auckland
663 2191 3 23 ;
692 2191 92 20 Johnson,
804 2192 97 22 Liverpool
911 2191 3 23 ;

485 2214 68 20 Satow,
562 2214 103 22 Chapman,
671 2215 58 17 Davis
736 2215 37 17 and
779 2215 53 21 Reid,
840 2215 74 17 H.M.S.

485 2237 66 22 Rapid,

550 2284 86 17 Brent's
648 2284 112 18 Batiigate
772 2285 77 17 House.

508 2315 104 18 Mesdamcs
626 2315 78 22 Martin,
722 2315 119 23 Wairarapa;
863 2316 41 17 Mill-

485 2338 56 19 ward,
570 2338 115 23 Wellington
698 2338 3 23 ;
734 2340 76 19 Cutten,
838 2340 75 20 Barker,

485 2361 37 17 and
535 2361 65 18 Misses
607 2362 126 17 Mendeshons
749 2362 32 23 (2),
792 2363 122 22 Canterbury.

485 2384 28 17 Dr
520 2385 23 16 B.
552 2385 20 17 T.
583 2385 80 21 Russell,
679 2385 86 21 Ireland;
780 2386 69 17 Messrs
863 2386 39 17 Mar-

485 2408 33 19 tin,
539 2408 120 23 Wairarapa;
678 2409 101 18 Millward.
798 2410 20 16 F.
833 2409 80 21 Telford,

485 2431 56 21 Gray,
551 2431 80 22 Rcaney,
645 2432 123 23 Wellington;
779 2432 77 20 Barker,
866 2432 36 18 Can-

484 2453 76 23 terbury
567 2453 4 25 ;
581 2455 99 21 Clements,
688 2455 100 17 Auckland
795 2453 3 25 ;
812 2456 101 22 Pinckney,

484 2477 81 21 Robson,
575 2477 99 24 England;
693 2479 45 16 Rev.
755 2479 31 16 Mr
800 2479 113 22 McKinney,

484 2501 97 17 Auckland
589 2497 4 28 ;
607 2497 31 21 Mi'
646 2502 37 17 and
690 2502 40 17 Mrs
739 2502 111 23 McGregor,
858 2502 45 17 Coro-

484 2525 85 20 niandel;
583 2525 45 17 Rev.
638 2525 37 17 and
684 2525 40 17 Mrs
732 2525 76 20 Brown,
818 2525 61 18 India.

614 2557 44 16 The
670 2556 112 18 Langham.

506 2588 105 17 Mesdames
619 2588 78 20 Joshua,
704 2589 65 21 Taupo
776 2588 3 22 ;
794 2588 77 21 Corlott,
878 2589 36 17 and

484 2612 55 19 child,
549 2612 89 16 Tokaanu
646 2611 3 23 ;
664 2611 75 20 Parata,
750 2612 105 22 Tauranga.
868 2612 47 17 Miss

484 2635 74 22 Battey,
565 2634 82 18 Pokeno.
656 2634 63 23 Judge
724 2634 79 21 Wilson,
811 2635 102 20 Auckland;

484 2658 67 17 Messrs
569 2658 74 20 Parata,
668 2658 111 22 Tauranga;
807 2658 106 19 Tarawliiti,

484 2681 80 22 Huntly;
578 2681 70 22 Sleigh,
659 2680 97 21 Scotland;
771 2680 85 19 Skinner,
866 2681 36 23 Syd-

484 2710 36 16 ney
526 2704 4 22 ;
544 2704 96 19 Lichfield,
649 2704 83 17 Lismore
740 2704 4 22 ;
759 2704 72 22 Bailey,
846 2705 56 16 Black-

484 2727 63 19 boord,
558 2727 108 21 Auckland;
680 2727 71 20 Proud,
759 2727 86 21 Pokeno;
867 2728 35 16 Tur-

484 2751 38 21 pin,
538 2751 128 19 Webberston,
684 2750 118 18 Stratliniore
811 2750 4 22 ;
834 2751 79 19 Simcox,

486 2773 125 23 Wellington;
625 2773 66 20 Johns,
701 2774 106 17 Hamilton.

655 2830 80 16 BIRTH.

508 2875 147 18 Corlett.—-At
664 2876 38 16 The
709 2876 106 22 Langham,
825 2877 88 20 Rotorua,

485 2904 23 11 on
518 2898 31 17 the
561 2899 41 17 17th
610 2898 51 21 inst.,
672 2899 32 17 the
711 2899 43 17 wife
763 2901 20 15 of
789 2900 75 17 Charles
870 2900 33 17 Cor-

485 2922 40 20 lett,
533 2922 20 16 of
561 2922 99 22 Matapihi,
667 2922 96 21 Tokaanu,
772 2923 19 16 of
798 2929 12 11 a
815 2923 98 21 daughter.

486 2980 56 23 THE
563 2980 55 23 HOT
636 2980 92 23 LAKES
746 2980 166 23 CHRONICLE

671 3024 55 12 AND

587 3058 106 20 Tourists'
711 3060 100 23 Journal.

521 3124 169 20 WEDNESDAY,
702 3125 68 17 JULY
780 3126 28 19 22,
819 3126 51 17 1896.

539 3177 19 19 A
572 3177 132 19 HOPEFUL
723 3177 141 20 OUTLOOK.

490 3231 126 18 Elsewhere
628 3231 19 17 in
654 3230 40 19 this
705 3231 53 18 issue
768 3231 41 18 will
819 3231 24 18 he
854 3231 63 19 found

490 3263 23 13 an
525 3259 75 16 extract
611 3257 52 18 from
680 3257 33 18 the
729 3257 106 18 Financial
851 3257 56 19 State-

490 3286 54 15 ment
561 3282 98 25 detailing
676 3283 35 18 tho
728 3283 110 18 intentions
847 3283 21 18 of
885 3283 33 18 the

490 3309 134 18 Government
635 3309 20 17 in
671 3308 122 25 developing
810 3309 53 19 what
880 3309 38 19 Mr.

490 3335 79 19 Seddon
579 3334 63 25 justly
652 3335 115 24 recognises
776 3341 22 12 as
830 3341 36 13 our
877 3335 33 19 val-

492 3360 59 19 uable
560 3360 89 19 national
756 3361 44 23 viz.,
811 3361 34 19 the
864 3361 44 19 ther-

492 3387 38 18 mal
541 3387 79 25 springs
632 3387 20 18 of
661 3386 41 19 this
713 3387 85 18 district.
826 3387 18 18 A
860 3394 48 18 peru-

492 3413 29 18 sal
539 3413 21 18 of
578 3412 34 19 tho
630 3412 66 19 clause
715 3413 21 18 in
757 3412 34 19 the
809 3413 111 19 Statement

493 3438 39 19 will
543 3438 53 19 show
607 3438 43 19 that
657 3439 33 18 tho
699 3445 44 12 sum
752 3439 21 18 of
779 3445 71 18 money
859 3439 61 19 asked

492 3465 31 18 for
533 3464 108 25 (£50,000)
651 3464 40 19 will
708 3467 34 16 not
758 3464 25 19 he
798 3465 72 25 wholly
887 3472 22 12 ex-

493 3490 77 25 pended
580 3490 20 19 in
610 3490 41 19 this
661 3490 52 19 iniuii
722 3491 54 18 diate
787 3491 86 24 locality,
883 3492 37 19 but

494 3516 55 19 there
558 3523 35 12 can
605 3516 25 18 be
640 3516 51 19 little
702 3516 63 19 doubt
776 3517 44 18 that
830 3517 34 19 tiie
871 3518 49 19 bulk

494 3542 20 18 of
524 3542 33 19 tho
568 3549 37 12 am'
614 3544 36 17 unt
670 3542 40 19 will
730 3542 25 19 be
774 3546 57 21 spent
850 3544 21 19 in
888 3544 33 19 the

494 3568 55 24 place
565 3568 66 19 whose
656 3568 80 19 natural
752 3575 101 13 resources
870 3573 52 16 most

494 3594 68 24 loudly
574 3594 38 18 call
628 3594 31 19 for
678 3595 21 18 if.
728 3594 40 19 We
787 3601 33 12 are
837 3596 46 24 glad
902 3598 20 16 to

495 3627 32 12 see
537 3620 46 19 that
591 3620 35 19 the
635 3620 57 19 claim
704 3620 20 19 of
743 3620 91 20 Rotorua
844 3625 20 15 to
882 3622 40 18 this

496 3646 145 18 consideration
652 3646 16 19 is
678 3649 35 16 not
732 3646 73 20 denied
821 3646 27 26 by
866 3647 56 20 tbosa

498 3672 20 19 of
528 3678 36 12 our
574 3672 167 25 contemporaries
762 3672 43 19 who
823 3672 52 20 have
893 3674 20 19 al-

495 3698 60 18 luded
574 3700 20 16 to
613 3699 35 19 the
670 3705 84 12 manner
770 3699 21 18 in
809 3699 64 19 which
889 3700 35 19 tho

494 3725 97 24 pr'.iy,:;s(.d
602 3728 44 15 vote
656 3725 40 18 will
708 3724 24 20 be
747 3725 111 26 expended.
880 3726 44 20 The

496 3750 104 19 Auckland
612 3751 46 18 Star
667 3757 46 18 says
723 3758 35 11 :

538 3782 31 16 Mr
577 3782 73 17 Seddon
659 3782 19 17 in
687 3782 29 17 his
722 3782 67 23 speech
798 3783 69 22 clearly
874 3783 40 18 indi-

496 3806 49 16 cates
553 3805 42 17 that
603 3805 33 17 the
644 3806 75 21 greater
727 3806 44 22 part
779 3806 19 17 of
811 3806 15 17 it
840 3806 14 17 is
866 3808 21 16 to
901 3806 23 18 be

496 3827 78 18 devoted
583 3829 19 16 to
611 3828 32 17 the
652 3828 56 17 needs
721 3829 20 16 of
758 3829 89 17 Itotorun.
880 3830 44 17 This

496 3850 13 17 is
520 3857 19 10 as
548 3851 15 16 it
572 3851 66 17 should
646 3851 29 17 be.
700 3852 34 16 We
742 3857 34 17 say
784 3858 20 11 so
813 3853 34 16 not
854 3853 19 16 in
887 3859 37 16 any

497 3879 51 11 mean
556 3874 103 22 provincial
667 3874 90 22 spirit—a
765 3875 54 22 spirit
823 3876 43 16 that
871 3876 16 17 is
894 3878 30 15 too

496 3897 51 17 often
556 3898 90 22 apparent
654 3897 20 17 in
681 3898 46 16 New
739 3898 141 18 Zealand—but
892 3898 22 18 be-

497 3926 52 11 cause
567 3926 27 11 we
610 3921 87 22 honestly
713 3921 72 18 believe
800 3921 43 18 that
857 3922 15 17 if
889 3928 35 16 any

497 3949 66 16 money
571 3943 15 17 is
594 3944 18 16 to
621 3943 22 17 be
652 3944 55 22 spent
715 3944 29 17 for
753 3944 32 17 the
794 3950 89 16 purposes
896 3946 19 17 in-

496 3965 78 20 dicated,
584 3967 83 17 Rotorua
675 3966 15 18 is
699 3966 33 18 the
744 3966 41 18 first
797 3968 53 21 place
864 3968 60 18 which

496 3988 66 18 should
569 3989 71 17 receive
649 3989 142 18 consideration.
816 3991 38 17 Tho
859 3991 65 22 region

496 4011 13 16 is
518 4012 30 17 far
556 4012 35 17 and
601 4019 52 15 away
662 4013 31 16 the
703 4014 48 16 most
766 4013 69 23 unique
847 4014 18 17 in
878 4015 46 16 New

496 4034 87 19 Zealand.
596 4036 20 17 It
624 4036 63 17 stands
696 4036 55 17 alone
759 4036 18 17 in
784 4037 26 17 all
817 4037 31 17 the
854 4037 59 17 South-

496 4063 32 11 ern
536 4058 128 23 Hemisphere,
682 4061 37 15 and
734 4059 15 17 it
765 4059 16 17 is
797 4060 127 22 questionable

497 4080 82 18 wnotlier
586 4081 19 17 in
614 4088 35 16 any
659 4082 54 17 other
725 4083 44 21 part
783 4083 19 17 of
819 4083 31 17 the
867 4083 57 17 world

496 4103 44 17 such
549 4109 11 11 a
576 4104 69 17 diverse
662 4105 98 18 collection
774 4106 21 17 of
810 4106 114 18 remarkable

953 95 119 22 phenomena
1080 94 15 17 is
1104 95 19 17 to
1132 94 23 16 be
1163 94 39 17 met
1215 93 46 18 with
1274 91 66 19 within
1355 91 33 17 the

953 124 51 12 same
1013 123 91 17 compass.
1128 117 21 17 It
1157 116 39 18 will
1209 122 43 12 ever
1264 116 24 17 be
1304 115 33 17 the
1353 120 35 12 one

953 141 54 22 point
1023 143 21 15 to
1060 140 60 18 which
1137 139 98 18 travellers
1250 139 20 17 in
1285 138 64 18 search
1369 138 19 17 of

953 164 66 17 health
1028 170 21 11 or
1064 169 42 12 new
1122 162 38 17 and
1176 164 77 21 strange
1270 167 63 12 scenes
1349 160 39 18 will

953 188 46 16 turn
1007 187 55 17 when
1071 187 22 17 he
1102 186 54 17 lands
1165 186 19 16 in
1193 187 33 16 tne
1240 185 78 21 Colony.
1349 184 39 17 The

954 210 95 17 Southern
1057 209 47 22 Alps
1113 214 30 12 are
1153 209 66 22 grand,
1232 209 32 16 the

954 233 56 17 rivals
1019 233 33 17 the
1058 232 64 17 classic
1131 232 67 19 Rhino,
1212 231 32 18 the
1257 231 64 22 Otago
1337 230 51 17 lakes

953 262 31 11 are
993 262 20 11 as
1021 256 45 17 blue
1074 261 20 11 as
1103 255 53 17 those
1165 255 20 17 of
1193 254 128 20 Switzerland,
1328 254 36 16 but
1368 253 20 17 in

953 285 25 11 no
987 280 44 21 part
1039 279 20 17 of
1067 278 82 22 Europe,
1159 284 21 11 or
1188 278 50 20 Asia,
1256 284 22 10 or
1292 277 64 17 Africa
1373 277 15 17 is

953 303 53 16 there
1014 301 96 23 anything
1117 301 44 17 that
1168 306 35 12 can
1210 306 86 16 compare
1303 300 46 17 with
1355 299 33 18 the

953 325 81 17 thermal
1043 325 65 22 region
1117 324 72 17 around
1198 324 90 17 Rotorua.
1319 323 29 22 By
1363 322 25 17 all

953 354 64 11 means
1026 348 27 17 let
1060 353 23 12 us
1091 353 29 11 see
1129 349 20 15 to
1165 348 15 16 it
1198 347 43 17 that
1256 347 53 17 these
1326 346 62 23 places

953 377 31 11 are
993 371 72 22 opened
1073 376 33 17 up,
1116 370 35 17 but
1160 371 40 16 first
1216 370 26 17 let
1257 376 22 11 us
1295 369 32 22 lay
1343 369 45 17 bare

953 400 34 11 our
996 395 49 16 most
1053 393 99 18 attractive
1161 399 65 12 wares.
1240 393 89 18 Rotorua,
1340 392 46 17 with

953 418 31 16 the
994 418 80 21 country
1082 416 73 17 around
1163 416 21 20 it,
1194 417 34 16 has
1236 416 47 17 been
1297 415 91 18 rendered

953 440 57 22 easily
1019 439 99 19 accessible
1132 440 48 16 from
1198 439 99 17 Auckland
1313 439 26 21 by
1356 439 32 16 the

953 463 83 22 railway.
1062 463 39 17 The
1111 463 59 17 whole
1179 462 81 18 thermal
1268 462 66 22 region
1343 467 33 12 can-

951 487 35 16 not
994 489 32 19 yet
1034 486 24 17 be
1066 485 92 23 regarded
1172 492 21 11 as
1206 485 42 18 well
1265 484 72 23 opened
1354 491 32 15 up,

951 510 35 17 but
995 515 20 11 as
1024 510 29 16 far
1061 515 21 12 as
1096 509 84 17 Rotorua
1194 508 37 18 and
1245 509 24 17 its
1283 508 57 17 baths
1356 513 31 11 are

952 532 109 20 concerned,
1071 532 45 23 they
1125 538 31 11 are
1165 531 66 18 within
1240 537 44 16 easy
1297 531 56 17 reach
1368 531 19 17 of

952 555 107 23 everybody
1066 557 21 15 at
1095 561 11 11 a
1115 555 95 17 moderate
1215 560 47 12 sum.
1288 554 57 17 Great
1350 553 24 18 im-

951 581 120 20 provements
1080 584 31 11 are
1119 583 98 17 necessary
1229 578 92 19 however,
1340 577 46 16 both

952 604 21 15 at
980 602 32 17 the
1022 602 119 17 Sanatorium
1155 601 38 17 and
1207 601 20 17 in
1243 600 32 17 the
1292 600 95 21 township

951 625 65 17 before
1025 625 32 17 the
1066 625 52 22 place
1127 625 15 17 is
1151 630 19 11 as
1185 625 16 15 it
1215 623 66 17 should
1298 623 29 17 be.
1360 623 27 17 At

953 649 31 16 the
1002 649 119 17 Sanatorium
1138 654 11 10 a
1165 649 54 19 great
1236 646 41 17 deal
1294 646 55 17 could
1363 646 23 17 be

951 671 49 17 done
1010 673 19 15 to
1038 671 68 18 render
1114 670 32 17 the
1154 670 53 23 place
1220 675 51 11 more
1287 668 99 18 attractive

951 694 36 17 and
998 700 50 12 more
1057 694 67 19 useful,
1135 693 37 17 and
1180 694 20 16 at
1210 694 75 21 present
1300 693 86 16 Rotorua

951 717 52 17 itself
1010 718 16 16 is
1035 717 88 22 reported
1131 718 20 15 to
1160 717 22 16 be
1191 716 19 17 in
1224 722 11 10 a
1248 721 46 16 very
1307 715 66 17 unsani-

951 741 42 21 tary
1001 740 101 18 condition.
1116 739 49 17 How
1172 739 56 17 much
1234 744 36 16 any
1276 738 99 17 unhealthi-

951 769 41 12 ness
1010 764 18 16 in
1043 764 33 16 the
1089 763 53 22 place
1156 763 51 16 must
1221 761 79 17 militate
1309 761 77 21 against

951 786 31 17 the
991 786 108 23 popularity
1107 786 19 16 of
1135 785 32 17 the
1174 785 62 19 baths,
1247 784 38 17 and
1292 784 93 22 probably

951 809 75 23 against
1046 809 32 17 the
1094 814 88 16 recovery
1199 808 20 17 of
1235 807 53 17 those
1306 807 80 23 visiting

950 833 58 20 them,
1018 833 16 16 is
1043 832 19 17 of
1071 837 64 12 course
1143 832 92 21 apparent
1245 832 18 15 to
1271 830 113 23 everybody.

950 856 38 16 The
998 861 65 11 sooner
1071 861 28 11 we
1108 854 76 22 remedy
1196 860 38 15 any
1248 853 100 17 drawback
1365 855 19 15 to

950 879 31 16 the
990 878 95 22 township
1093 878 32 16 the
1133 878 62 16 better
1207 877 30 17 for
1250 877 90 19 Rotorua,
1354 877 31 17 for

949 901 99 18 Auckland
1062 901 36 17 and
1114 901 30 17 for
1160 901 47 16 New
1223 900 89 17 Zealand.
1345 900 39 17 The

949 925 87 22 proposal
1045 924 20 17 of
1074 924 32 17 the
1115 924 126 17 Government
1250 925 20 15 to
1276 923 96 23 thorough-

949 948 19 21 ly
977 948 53 16 drain
1039 948 32 16 the
1080 947 52 22 place
1140 947 16 17 is
1165 952 23 11 an
1197 946 93 18 excellent
1298 952 41 14 one,
1346 947 38 17 and

948 971 67 16 should
1024 971 22 17 be
1056 970 102 22 supported
1171 971 34 16 not
1222 969 44 22 only
1280 969 25 22 by
1320 969 50 18 Auck-

948 993 45 18 land
1003 993 160 23 representatives,
1173 993 36 16 but
1217 993 25 21 by
1251 992 26 17 all
1286 993 32 17 the
1325 999 43 11 mem-

947 1017 49 17 bers.
1034 1016 33 18 We
1084 1016 24 18 do
1124 1018 34 16 not
1175 1016 102 22 anticipate
1294 1016 42 17 that
1350 1016 32 18 the

947 1040 65 17 House
1029 1040 38 17 will
1082 1040 63 22 object
1161 1041 19 16 to
1198 1039 32 17 the
1243 1039 92 22 proposed
1349 1046 22 10 ex-

947 1063 106 23 penditure.
1063 1063 35 17 but
1106 1064 15 16 if
1130 1063 52 17 there
1195 1063 15 16 is
1226 1063 106 21 opposition
1349 1068 35 12 our

949 1086 99 17 Auckland
1059 1086 90 17 members
1158 1086 67 17 should
1234 1086 23 16 be
1273 1091 45 17 very
1335 1086 48 17 alert

947 1112 19 15 to
976 1110 104 16 withstand
1094 1110 21 19 it,
1131 1109 37 17 and
1182 1110 20 16 to
1217 1108 64 18 obtain
1298 1110 30 16 for
1344 1109 38 17 this

947 1134 42 21 part
1000 1133 19 17 of
1027 1133 32 17 the
1068 1133 72 22 Colony
1150 1133 50 16 what
1210 1133 26 15 all
1246 1132 136 23 clear-sighted

947 1162 42 11 men
996 1158 51 15 must
1057 1162 29 11 see
1094 1156 16 17 is
1116 1157 29 16 for
1151 1155 31 18 the
1188 1155 50 23 good
1245 1155 20 18 of
1271 1155 32 18 the
1309 1155 73 23 Colony

946 1185 20 11 as
975 1186 11 10 a

946 1208 21 19 It
978 1209 16 18 is
1002 1209 129 24 satisfactory
1141 1209 32 19 for
1191 1215 23 12 us
1233 1211 21 16 to
1270 1210 47 17 note
1336 1208 44 20 that

946 1235 56 19 what
1012 1235 36 19 lias
1059 1235 49 18 been
1120 1235 103 19 advanced
1233 1235 52 19 from
1296 1235 49 18 time
1359 1238 21 16 to

946 1261 49 18 time
1005 1261 20 19 in
1036 1262 34 18 the
1080 1261 91 19 columns
1182 1262 21 18 of
1210 1262 34 18 the
1261 1261 119 20 Chronicle

946 1288 16 18 is
974 1294 44 12 now
1028 1287 69 19 voiced
1108 1288 27 24 by
1145 1294 12 12 a
1167 1288 142 24 metropolitan
1323 1287 44 25 jour-

946 1313 33 19 nal
990 1313 68 19 whose
1068 1317 115 16 utterances
1202 1314 102 24 naturally
1322 1321 58 18 carry

945 1339 59 19 much
1014 1346 14 12 w
1033 1339 63 25 eight,
1106 1340 40 18 and
1156 1347 29 12 we
1204 1343 56 16 arust
1279 1340 46 19 that
1343 1342 36 17 the

945 1366 114 18 merchants
1068 1366 22 18 of
1108 1366 107 19 Auckland
1234 1366 41 19 will
1293 1366 85 26 impress

945 1398 54 18 upon
1009 1391 53 19 their
1077 1392 168 25 representatives
1261 1393 21 18 in
1300 1392 68 20 Parlia-

944 1420 55 16 ment
1009 1418 34 17 the
1054 1418 115 24 advantage
1178 1418 22 19 of
1209 1418 74 25 falling
1298 1418 20 19 in
1329 1419 49 19 with

945 1444 34 18 the
988 1444 61 18 views
1059 1444 21 18 of
1096 1445 34 18 the
1140 1446 139 17 Government
1298 1445 20 19 in
1337 1446 41 19 this

943 1470 111 25 important
1064 1473 80 16 matter.

971 1496 40 19 We
1021 1495 66 20 would
1097 1496 42 20 also
1149 1496 62 20 direct
1227 1497 34 19 the
1277 1498 100 19 attention

943 1523 21 19 of
984 1529 37 13 our
1042 1523 82 18 readers
1143 1528 20 14 to
1182 1530 12 12 a
1211 1528 68 21 report
1297 1531 26 12 on
1342 1524 34 19 the

966 1549 95 20 Thermal
1069 1549 171 19 Establishments
1247 1550 21 18 of
1275 1550 81 25 Europe

943 1576 114 25 appearing
1067 1582 25 12 on
1112 1576 34 18 the
1164 1576 55 19 third
1239 1583 58 19 page.
1327 1576 49 20 This

943 1609 40 13 was
993 1601 111 21 submitted
1123 1606 20 15 to
1162 1602 124 20 Parliament
1303 1611 23 12 so
1344 1604 32 18 far

943 1629 50 19 back
1004 1636 22 12 as
1102 1629 27 24 by
1150 1629 31 18 Mr
1200 1629 21 19 0.
1242 1629 89 26 Malfroy
1349 1637 25 11 on

942 1655 31 19 his
983 1658 69 16 return
1070 1655 52 19 from
1145 1662 12 11 a
1176 1655 46 19 visit
1242 1659 19 15 to
1281 1656 34 19 the
1336 1656 38 20 Old

941 1681 97 24 Country.
1066 1681 21 19 It
1097 1681 38 19 will
1148 1681 25 19 be
1180 1688 46 12 seen
1236 1683 18 17 in
1265 1683 34 19 the
1305 1689 70 13 course

941 1708 21 18 of
977 1709 34 17 the
1020 1711 69 22 report
1105 1708 44 18 that
1169 1708 32 19 Mr
1220 1709 88 26 Malfroy
1326 1710 48 19 then

942 1734 84 19 advised
1037 1741 10 12 a
1054 1734 72 19 liberal
1134 1735 133 24 expenditure
1275 1736 21 18 of
1301 1742 73 19 money

941 1763 20 16 to
972 1761 56 24 place
1039 1761 34 19 the
1084 1761 63 19 8.-ths
1156 1761 48 19 here
1214 1768 24 12 on
1250 1768 11 12 r
1278 1769 37 18 par
1326 1763 47 18 with

940 1787 58 19 those
1009 1788 21 18 of
1040 1787 33 19 the
1085 1787 115 19 Continent.
1231 1787 32 19 Ho
1274 1789 37 18 has
1322 1789 52 19 from

941 1814 47 18 time
997 1817 20 15 to
1028 1814 49 18 time
1087 1813 146 26 subsequently
1247 1815 95 19 returned
1353 1819 21 15 to

941 1840 34 18 the
986 1839 80 24 cliftrge,
1087 1840 40 18 and
1146 1847 30 11 we
1195 1840 52 18 have
1266 1848 25 11 no
1310 1841 64 20 doubt

940 1866 45 18 that
995 1866 31 18 his
1037 1867 108 24 persistent
1155 1866 136 20 deliverances
1301 1874 25 12 on
1337 1868 34 19 the

940 1892 79 25 subject
1030 1892 52 18 have
1092 1892 51 19 been
1154 1899 12 11 a
1185 1892 63 19 factor
1267 1893 20 19 in
1306 1894 56 19 deter-

939 1919 79 22 mining
1028 1918 35 19 the
1077 1918 137 19 Government
1233 1922 20 15 to
1272 1919 47 19 take
1338 1921 35 18 the

939 1951 70 12 course
1028 1952 43 11 now
1098 1945 104 25 proposed.
1240 1945 65 19 What
1322 1953 51 13 were

939 1973 72 19 strontr
1020 1973 118 23 arguments
1148 1971 21 18 in
1180 1972 46 18 1891
1241 1978 34 12 are
1291 1972 27 18 all
1337 1973 36 19 the

939 1999 94 23 stronger
1056 1997 21 18 in
1100 1999 53 17 1896.
1200 1997 44 19 The
1267 2000 74 17 stream
1352 2000 21 18 of

940 2024 73 18 tourist
1020 2024 64 18 traffic
1092 2025 36 17 has
1134 2024 119 22 immensely
1261 2024 109 24 increased,

939 2050 34 18 the
984 2050 95 19 facilities
1091 2050 31 19 for
1132 2049 64 19 travel
1206 2050 51 19 have
1267 2050 104 20 advanced

939 2076 49 18 with
999 2076 60 24 equal
1070 2079 59 22 steps,
1141 2076 39 19 and
1200 2076 56 19 there
1277 2077 16 18 is
1312 2084 60 18 every

939 2102 110 19 indication
1060 2102 45 19 that
1115 2102 33 19 the
1159 2108 69 13 means
1239 2104 21 17 of
1269 2104 74 18 transit
1351 2106 21 17 to

939 2128 56 18 these
1005 2128 70 19 shores
1086 2128 40 19 will
1136 2128 20 19 in
1167 2128 34 18 the
1212 2128 69 19 future
1291 2129 25 19 be
1327 2136 33 13 ren-

939 2154 61 19 dered
1011 2154 64 19 easier
1086 2154 46 19 still.
1161 2154 43 19 The
1220 2155 39 25 trip
1279 2157 21 17 to
1318 2156 52 19 New

938 2180 91 19 Zealand
1061 2180 47 19 does
1138 2183 35 16 not
1192 2180 51 19 offer
1264 2187 22 13 so
1310 2189 61 16 many

938 2206 114 19 difficulties
1063 2213 43 12 now
1117 2213 22 12 as
1150 2207 33 18 the
1218 2207 68 19 Grand
1297 2208 54 19 Tour

939 2232 21 19 of
970 2232 79 25 Europe
1069 2232 34 19 did
1122 2233 54 25 forty
1193 2239 59 18 years
1270 2240 45 18 ago,
1331 2234 40 19 and

939 2258 47 19 with
998 2258 35 19 the
1041 2259 122 25 superiority
1173 2259 20 19 of
1203 2259 35 19 the
1246 2260 125 25 therapeutic

938 2284 94 23 agencies
1051 2285 89 25 existing
1159 2285 48 19 hero
1225 2286 94 25 properly
1339 2290 30 15 set

938 2311 54 18 forth
1004 2311 91 19 Eotorua
1104 2311 73 19 should
1195 2318 61 18 prove
1275 2319 56 12 more
1340 2315 21 16 at-

938 2337 82 19 tractive
1040 2340 20 16 to
1086 2337 161 19 health-seekers
1265 2338 51 19 from
1326 2338 43 20 *the

938 2363 40 18 Old
990 2363 78 23 World,
1077 2363 40 19 and
1127 2370 12 12 a
1150 2370 68 13 source
1229 2364 21 18 of
1266 2364 74 20 wealth
1350 2368 21 16 to

938 2389 33 18 the
983 2389 83 18 Colony.

938 2444 195 19 PROSPECTING
1154 2444 58 19 THE
1234 2445 135 20 DISTRICT.

937 2496 75 19 Every
1018 2497 56 18 wnok
1086 2503 21 13 or
1118 2499 38 17 two
1167 2503 29 13 we
1216 2497 48 19 hear
1283 2498 87 25 fugitive

937 2526 78 21 reports
1024 2523 21 18 of
1065 2523 145 24 gold-bearing
1229 2526 57 17 stone
1304 2524 64 25 being

937 2549 96 19 obtained
1041 2549 21 19 in
1073 2549 80 19 various
1162 2549 67 24 places
1239 2550 21 18 in
1279 2550 41 18 this
1330 2550 30 19 dis-

938 2575 51 23 trict,
1000 2575 40 18 and
1050 2577 22 17 at
1091 2582 37 12 one
1146 2575 54 23 time,
1222 2582 30 12 we
1269 2575 77 24 beleve,
1358 2583 12 12 a

939 2601 137 26 Ppospecting
1085 2601 125 19 Association
1225 2608 39 12 was
1275 2603 21 18 in
1306 2602 52 19 exist-

937 2634 47 12 ence
994 2628 54 18 here.
1077 2627 26 19 So
1113 2628 32 18 far
1160 2634 22 12 as
1202 2634 29 12 we
1250 2634 36 13 can
1306 2627 62 24 learn,

937 2653 99 24 however,
1047 2653 86 25 nothing
1144 2660 39 12 w;is
1193 2660 48 12 ever
1255 2654 52 19 done
1325 2654 22 19 in
1358 2661 12 13 a

937 2679 114 25 systematic
1071 2679 38 19 and
1128 2679 94 25 practical
1246 2687 84 12 manner
1349 2683 20 16 to

937 2708 38 16 test
986 2705 33 19 the
1029 2705 98 19 lnealitie-i
1135 2705 65 19 which
1208 2707 64 18 would
1281 2706 26 19 be
1316 2709 53 16 most

937 2731 61 25 likely
1003 2735 21 15 to
1030 2738 62 18 prove
1100 2732 119 20 auriferous,
1225 2733 46 21 and,
1280 2732 87 25 latterly,

937 2764 38 18 any
987 2764 38 19 exp
1035 2757 78 20 oration
1121 2758 20 19 in
1150 2758 39 19 this
1202 2764 43 19 way
1262 2759 37 18 has
1316 2759 52 19 been

937 2784 78 18 carried
1043 2791 25 11 on
1095 2784 20 18 in
1133 2791 11 11 a
1171 2787 52 16 most
1243 2784 126 25 hap-hazard

937 2810 86 18 fashion.
1055 2810 21 18 It
1094 2817 64 11 seems
1176 2813 20 15 to
1216 2817 23 12 us
1257 2811 45 18 that
1320 2811 48 19 with

937 2836 55 18 fresh
997 2836 119 19 discoveries
1125 2843 17 11 m
1304 2839 63 17 strata

938 2862 61 24 being
1010 2862 58 18 made
1082 2869 25 11 oil
1127 2869 59 17 every
1206 2862 42 19 side
1268 2863 34 18 the
1321 2863 48 19 time

938 2887 36 18 has
993 2894 44 12 now
1057 2888 78 19 arrived
1156 2889 58 18 when
1230 2895 12 12 a
1260 2890 105 18 concerted

938 2914 58 18 effort
1006 2914 67 24 might
1082 2913 25 20 be
1118 2914 58 19 made
1195 2914 27 25 by
1240 2915 99 19 residents
1349 2918 21 16 to

938 2939 123 25 thoroughly
1071 2944 92 21 prospect,
1182 2940 33 19 tho
1235 2940 83 24 district,
1330 2942 40 18 and

938 2965 110 19 determine
1055 2966 18 18 if
1082 2972 29 13 we
1123 2973 33 12 are
1173 2968 20 17 to
1212 2966 26 19 be
1257 2967 113 24 altogether

938 2991 72 25 passed
1020 2998 47 12 over
1076 2992 52 19 from
1147 2999 11 12 a
1174 2992 79 25 mining
1271 2993 57 25 point
1347 2994 22 18 of

939 3018 55 18 view.
1023 3017 65 19 There
1097 3018 15 18 is
1120 3025 24 12 no
1152 3025 72 12 reason
1232 3019 20 19 in
1264 3019 34 19 the
1307 3020 63 18 world

939 3043 45 24 why
994 3043 145 26 gold-bearing
1156 3048 63 16 strata
1237 3045 73 19 should
1335 3048 35 17 not

940 3069 23 18 he
973 3069 116 19 discovered
1104 3071 21 18 in
1144 3071 42 19 this
1204 3071 87 24 locality
1328 3071 42 19 The

939 3095 33 19 old
982 3095 45 19 idea
1038 3096 44 18 that
1092 3096 47 25 gold
1149 3103 36 13 can
1195 3097 48 24 only
1262 3097 24 19 be
1305 3097 65 19 found

940 3121 18 18 in
969 3122 76 18 certain
1055 3122 119 20 formations
1192 3123 37 18 has
1248 3123 49 25 long
1316 3124 54 18 since

939 3147 106 25 exploded.
1073 3148 20 18 It
1108 3149 17 17 is
1143 3150 72 17 uns-ife
1234 3152 20 16 to
1269 3156 36 16 say
1325 3156 44 12 now

940 3173 44 19 that
993 3180 36 12 anv
1041 3174 108 19 formation
1167 3175 16 18 is
1203 3175 71 19 barren
1286 3177 21 17 of
1316 3176 55 22 gold.

942 3199 18 18 It
970 3199 35 18 lias
1017 3200 50 18 been
1078 3200 63 19 found
1156 3201 21 18 in
1187 3201 87 24 recently
1294 3201 78 25 ejected

940 3224 46 19 lava
997 3225 55 23 beds,
1064 3226 20 19 in
1095 3227 35 18 the
1140 3231 61 15 water
1211 3228 20 17 of
1240 3227 34 19 tho
1283 3234 38 15 sea,
1332 3227 40 19 and

941 3253 81 23 stnmgo
1032 3254 20 17 to
1057 3252 68 22 relate,
1135 3253 19 18 in
1163 3254 33 17 the
1205 3253 78 25 deposit
1291 3253 77 19 formed

941 3276 27 19 b\'
978 3277 35 18 hot
1024 3278 80 24 pprings
1113 3285 45 12 now
1168 3279 19 18 in
1203 3279 88 25 activity.
1320 3279 53 20 That

942 3303 39 18 this
992 3303 77 20 district
1080 3304 35 19 has
1127 3311 10 12 a
1147 3305 112 25 geological
1276 3305 86 20 relation-

941 3328 45 25 ship
998 3330 47 18 with
1055 3330 35 18 the
1100 3331 114 19 auriferous
1227 3335 72 21 quartz
1316 3332 56 18 reefs

942 3355 20 18 of
971 3355 34 18 tiie
1012 3355 88 20 Thames
1112 3356 36 19 has
1159 3357 50 18 been
1220 3357 149 20 demonstrated

942 3380 27 25 by
977 3387 54 12 more
1041 3381 49 19 than
1102 3389 36 12 one
1148 3383 106 25 geologist,
1275 3384 39 18 and
1332 3384 19 18 in
1363 3390 10 11 a

942 3410 66 15 recent
1019 3406 54 20 i*sue
1082 3415 28 12 we
1120 3409 74 24 quoted
1207 3410 33 17 tho
1350 3411 21 17 of

942 3432 33 19 Mr
985 3432 76 26 Phillip
1072 3434 70 25 Argall
1152 3441 25 12 on
1193 3435 41 18 this
1254 3442 47 18 very
1311 3436 61 25 point.

942 3458 40 18 For
993 3459 57 19 these
1059 3466 82 13 reasons
1159 3467 28 12 we
1204 3461 65 18 would
1289 3466 85 20 sugge-t

943 3485 44 18 that
997 3491 11 12 a
1020 3485 133 26 Prospeeting
1163 3487 125 19 Association
1299 3487 73 19 should

943 3510 25 19 be
975 3511 78 19 formed
1063 3511 20 19 in
1095 3511 89 21 Rotorua
1197 3513 32 19 for
1242 3513 34 19 the
1287 3519 87 20 purpose

943 3537 22 17 of
980 3537 126 25 thoroughly
1125 3538 107 25 exploring
1250 3539 35 19 the
1307 3539 54 19 Horo-

944 3563 49 18 horo
1003 3563 40 19 and
1053 3563 47 19 othe
1119 3570 74 19 ranges
1211 3565 22 18 in
1251 3565 34 19 the
1304 3565 60 25 neigh-

944 3588 97 20 borhood.

968 3620 63 22 [Since
1040 3620 33 18 the
1083 3621 59 17 above
1151 3627 38 11 wari
1197 3622 75 18 written
1281 3629 24 11 an

945 3643 88 17 tisement
1043 3644 34 17 lias
1085 3644 47 17 been
1140 3645 75 17 handed
1224 3646 19 16 to
1250 3651 22 11 us
1281 3646 30 16 for

945 3666 40 17 tion
995 3666 70 23 calling
1074 3673 11 11 a
1093 3668 84 22 meeting
1186 3669 29 16 for
1223 3668 32 17 the
1262 3674 80 17 purpose
1359 3665 18 21 o'

946 3689 83 23 forming
1038 3696 11 11 a
1057 3690 124 24 Prospecting
1191 3692 186 17 Association.—Ed-

946 3711 134 25 Chronicle.]

946 3759 44 17 The
999 3759 67 18 Crown
1076 3760 63 17 Lands
1147 3761 77 22 Ranger
1230 3761 71 22 having
1306 3761 63 23 inspec-

946 3782 31 16 ted
986 3782 33 17 the
1028 3784 52 15 town
1088 3784 80 16 sections
1181 3784 62 17 which
1256 3790 47 11 were
1317 3784 62 17 leased

946 3806 21 16 at
976 3805 32 17 the
1017 3805 37 17 last
1060 3806 46 17 land
1114 3806 37 17 sale
1160 3806 60 18 under
1228 3808 71 16 certain
1315 3808 54 17 condi-

946 3828 50 17 tions
1004 3828 16 17 is
1029 3834 42 11 now
1080 3829 19 17 in
1108 3835 11 11 a
1128 3829 81 23 position
1218 3832 20 14 to
1247 3831 64 22 report
1324 3837 21 11 as
1359 3832 20 16 to

946 3851 85 17 whether
1039 3852 52 16 these
1098 3852 105 18 conditions
1216 3853 47 17 have
1278 3853 47 18 been
1343 3854 27 17 ful-

946 3874 52 17 filled
1006 3880 21 12 or
1035 3876 40 16 not.
1101 3876 19 16 It
1129 3876 14 16 is
1153 3876 77 17 obvious
1239 3876 42 17 that
1294 3877 19 16 in
1330 3883 51 11 some

947 3903 50 11 cases
1010 3897 46 23 they
1070 3898 48 17 have
1135 3900 33 16 not
1183 3899 48 17 been
1248 3900 79 17 fulfilled
1344 3900 36 17 and

946 3920 53 17 there
1019 3921 15 16 is
1051 3926 55 17 every
1123 3927 65 12 reason
1205 3923 19 16 to
1243 3928 79 17 suppose
1339 3923 43 17 that

947 3944 70 17 several
1027 3944 20 17 of
1056 3944 52 17 these
1120 3944 59 17 leases
1192 3945 39 17 will
1248 3946 22 17 be
1287 3946 94 17 forfeited.

946 3966 59 18 There
1014 3972 59 12 seems
1083 3969 20 15 to
1110 3967 24 17 be
1143 3968 126 17 considerable
1275 3970 96 16 uncertain-

947 3991 20 21 ty
977 3996 21 10 as
1007 3991 20 16 to
1035 3990 43 17 how
1087 3990 146 22 improvements
1247 3991 39 17 will
1302 3992 23 16 bo
1343 3998 29 11 rec-

947 4012 68 18 koned.
1044 4019 20 11 in
1075 4013 31 17 tho
1115 4019 41 12 case
1165 4015 19 16 of
1200 4020 12 11 a
1228 4020 67 16 person
1311 4015 71 23 leasing

948 4041 33 11 one
992 4036 70 17 section
1071 4036 33 17 tlio
1118 4038 70 16 matter
1200 4037 16 17 is
1232 4038 52 22 plain
1300 4038 81 23 enough,

947 4059 34 16 but
995 4059 62 17 whore
1071 4065 35 11 one
1119 4059 104 18 individual
1240 4060 54 17 holds
1310 4061 72 17 various

948 4087 71 17 groups
1028 4083 19 16 of
1056 4083 80 17 sections
1144 4083 19 17 in
1171 4083 75 17 various
1254 4085 52 21 parts
1315 4085 19 16 of
1351 4084 31 17 the

949 4107 51 15 town
1016 4106 76 20 opir'on
1106 4106 14 17 is
1136 4106 74 17 divided
1227 4113 20 11 as
1263 4108 19 16 to
1301 4107 50 17 what
1367 4108 15 16 i.i

1406 88 1 26 f
1410 97 98 17 necessary
1516 92 20 17 to
1544 91 28 17 fill
1580 91 33 17 the
1618 90 113 18 conditions.
1745 89 86 18 Common-

1411 120 52 12 sense
1471 116 86 21 prompts
1565 120 36 11 one
1613 116 22 15 to
1648 118 82 17 suppose
1746 112 43 17 that
1804 112 16 16 if
1836 118 9 10 a

1410 144 68 17 person
1486 137 55 18 holds
1550 138 37 16 two
1599 144 21 10 or
1629 144 52 10 more
1692 135 81 18 sections
1785 134 60 18 which

1411 166 34 12 can
1455 160 23 18 be
1486 160 86 17 enclosed
1580 160 20 17 in
1609 166 35 11 one
1653 160 54 17 fence
1721 158 43 18 that
1779 158 17 17 it
1808 158 37 17 will

1410 184 23 17 be
1443 184 92 17 sufficient
1543 185 20 15 to
1571 185 51 16 erect
1631 189 11 10 a
1650 183 59 17 house
1719 187 24 12 on
1752 187 34 12 one
1801 186 33 17 por-

1410 208 41 16 tion
1460 207 20 17 of
1488 206 32 18 the
1528 206 59 18 entire
1595 206 81 22 holding
1683 207 20 15 to
1716 205 33 17 the
1756 204 55 17 value
1827 204 18 17 of

1410 231 31 16 ten
1451 230 54 17 times
1514 229 32 17 the
1554 229 71 17 unnual
1643 228 68 18 rental.
1741 227 57 18 From
1813 227 32 17 the

1410 254 39 17 fact
1458 253 85 17 however
1556 253 42 16 that
1613 252 33 17 the
1661 251 56 18 value
1730 251 20 17 of
1764 250 32 17 the
1809 250 24 17 im-

1410 277 119 21 provements
1538 277 20 15 to
1564 276 33 16 the
1606 275 65 18 Grand
1686 274 60 17 Hotel
1761 273 84 22 bowling

1411 305 58 17 green
1477 304 47 12 were
1533 298 78 23 gravely
1622 297 101 23 appraised
1738 302 28 12 we
1782 295 63 18 would

1409 324 35 16 not
1452 323 23 16 be
1484 321 94 23 surprised
1596 323 19 15 to
1632 321 40 17 find
1690 319 93 19 ourselves
1800 319 33 18 mis-

1410 345 63 18 taken.
1499 345 154 18 Common-sense
1662 344 40 17 also
1718 342 52 19 leads
1786 348 22 11 us
1825 344 19 15 to

1410 368 54 17 think
1473 368 43 17 that
1523 368 138 21 improvement
1669 373 25 11 on
1702 372 35 12 one
1751 372 60 16 group
1825 366 20 17 of

1410 392 79 17 sections
1498 392 19 16 to
1526 391 33 17 the
1573 392 80 16 amount,
1667 391 21 16 of
1700 391 32 15 ten
1743 389 54 17 times
1813 389 31 17 the

1409 415 71 17 annual
1496 413 61 18 rental
1571 414 21 17 of
1608 413 26 18 all
1650 413 33 18 the
1698 418 70 17 groups
1782 412 62 17 would

1410 438 81 21 scarcely
1500 443 48 16 pass.
1574 437 20 16 It
1602 437 15 17 is
1627 436 69 21 stated,
1702 436 93 19 however,
1801 435 43 17 that

1409 462 16 16 if
1434 461 31 17 the
1474 461 56 17 lessee
1545 460 33 17 has
1593 460 48 17 been
1655 460 64 16 astute
1731 458 76 22 enough
1824 459 19 16 to

1410 485 32 21 get
1451 484 25 17 all
1483 483 29 17 his
1518 489 71 16 groups
1595 482 88 18 included
1689 483 19 16 in
1716 487 35 12 one
1757 481 55 19 lease,
1820 481 23 17 he

1409 513 35 12 can
1457 507 53 17 build
1526 512 35 11 one
1575 506 59 17 house
1650 511 25 12 on
1692 511 35 11 one
1736 504 75 19 section,
1829 504 15 17 if

1409 530 24 17 he
1441 530 77 22 pleases,
1528 529 38 17 and
1575 535 20 11 so
1604 528 49 17 fulfil
1662 529 33 16 the
1703 527 105 18 conditions
1814 527 30 17 for

1409 554 32 16 the
1450 552 66 18 whole.
1542 552 38 17 The
1593 551 88 23 building
1695 551 95 17 condition
1805 556 38 11 was

1409 575 110 18 introduced
1535 581 20 11 so
1568 581 21 11 as
1605 576 20 16 to
1643 574 52 17 deter
1711 573 67 23 people
1794 573 49 18 from

1409 599 73 23 leasing
1502 598 78 18 sections
1598 599 30 16 for
1644 598 67 22 purely
1729 596 114 23 speculative

1409 627 94 17 purposes,
1521 621 35 17 but
1568 621 15 17 if
1597 621 32 17 the
1643 620 95 18 condition
1752 620 16 17 is
1783 621 20 15 to
1820 619 23 17 be

1409 645 70 17 evaded
1488 645 19 16 in
1521 645 32 16 the
1565 650 79 11 manner
1656 643 96 17 indicated
1768 643 15 17 it
1799 643 44 17 does

1408 669 34 16 not
1450 674 70 16 appear
1529 669 20 16 to
1557 667 48 17 have
1614 667 96 17 answered
1719 667 24 16 its
1755 671 86 17 purpose.

1409 691 32 16 We
1450 691 24 17 do
1483 692 33 15 not
1524 690 56 17 know
1589 690 52 17 what
1649 696 65 11 course
1723 690 32 17 the
1761 690 69 21 Depart-

1408 716 53 15 ment
1477 714 37 16 will
1531 713 44 17 take
1592 713 18 17 in
1627 713 70 22 regard
1717 714 21 16 to
1755 712 87 17 forfeited

1408 737 63 17 leases.
1496 737 39 17 The
1549 737 65 16 fairest
1627 742 66 12 course
1708 735 63 18 would
1785 735 22 17 be
1822 737 19 15 to

1408 760 59 17 ballot
1480 760 29 17 for
1522 759 45 18 such
1583 761 20 15 at
1623 759 33 18 the
1673 759 62 18 rental
1752 758 54 17 value
1823 759 19 16 at

1408 783 60 17 which
1478 783 45 22 they
1538 788 47 11 were
1599 782 87 17 knocked
1703 782 56 17 down
1774 783 20 15 at
1811 781 31 17 the

1408 806 36 17 last
1453 806 44 18 land
1506 806 44 17 sale.

1408 856 120 17 ROTORUA
1536 855 111 18 AFFAIRS
1653 855 29 18 IN
1689 855 52 17 THE
1747 854 86 18 HOUSE.

1430 902 30 18 On
1476 902 85 21 Tuesday
1570 902 38 17 last
1621 902 34 17 the
1668 901 89 19 Premier,
1768 907 19 11 as
1797 901 32 17 Col-

1406 926 51 16 onial
1477 926 105 18 Treasurer,
1593 925 94 17 delivered
1702 925 28 17 his
1744 924 95 18 Financial

1407 949 105 17 Statement
1525 949 49 16 from
1583 948 62 17 which
1653 954 29 11 we
1691 948 55 17 make
1755 947 32 18 the
1803 947 27 18 fol-

1406 972 71 21 lowing
1489 973 77 20 excerpt
1582 972 72 22 setting
1669 971 52 17 forth
1737 971 33 17 the
1778 971 51 16 inten-

1406 996 49 17 tions
1464 996 20 16 of
1492 995 32 17 the
1533 995 127 17 Government
1669 995 19 17 in
1698 994 67 23 regard
1774 996 20 15 to
1809 994 30 18 the

1406 1018 131 23 development
1549 1019 21 16 of
1582 1018 33 16 the
1623 1017 77 18 natural
1714 1023 94 11 resources
1821 1019 18 15 of

1407 1041 32 18 the
1578 1041 40 17 The
1632 1041 128 17 Government
1769 1041 16 16 is
1797 1047 42 11 now

1406 1066 19 16 of
1443 1065 76 22 opinion
1536 1064 43 17 that
1596 1064 31 17 the
1651 1064 46 17 time
1717 1064 33 17 has
1767 1064 72 17 arrived

1405 1088 55 18 when
1476 1094 35 11 our
1526 1088 88 16 valuable
1630 1087 86 17 national
1733 1089 64 19 assets,
1808 1088 31 16 the

1404 1111 80 17 thermal
1502 1111 80 22 springs,
1604 1111 68 17 should
1693 1111 23 16 be
1729 1111 51 16 dealt
1794 1111 44 17 with

1404 1140 25 12 on
1437 1141 11 10 a
1462 1135 75 16 definite
1552 1135 76 21 system.
1663 1134 25 17 So
1702 1134 55 17 much
1771 1140 68 16 money

1404 1158 33 17 has
1446 1158 47 17 been
1503 1158 47 17 sunk
1559 1158 19 16 in
1588 1157 89 23 carrying
1686 1158 33 16 the
1730 1157 78 22 railway
1818 1159 21 16 to

1404 1181 90 20 Rotorua,
1510 1181 20 17 in
1539 1180 67 23 laying
1615 1182 34 16 out
1662 1180 34 18 the
1704 1180 100 23 township,
1819 1180 18 18 in

1403 1204 79 23 putting
1502 1210 26 16 up
1545 1204 31 17 the
1590 1203 98 23 buildings
1704 1203 38 18 and
1761 1203 78 24 making

1402 1227 63 21 baths,
1479 1227 19 17 in
1516 1227 83 23 opening
1613 1233 26 16 up
1648 1228 81 19 country
1737 1227 25 22 by
1776 1227 60 21 roads,

1402 1250 38 17 and
1448 1251 20 16 in
1476 1250 90 23 bringing
1575 1250 18 17 in
1601 1257 11 10 a
1621 1250 60 23 costly
1691 1252 58 15 water
1762 1250 74 23 supply,

1402 1274 43 17 that
1462 1274 14 17 it
1493 1274 15 17 is
1522 1273 107 23 impossible
1644 1280 38 15 any
1698 1273 67 23 longer
1778 1276 19 14 to
1814 1270 23 21 be

1402 1298 77 16 content
1488 1297 45 17 with
1548 1297 32 17 the
1595 1298 76 21 present
1685 1297 114 22 inadequate
1807 1303 20 11 re-

1402 1321 50 16 turn.
1474 1320 34 17 Wo
1515 1320 48 17 have
1571 1320 124 20 determined,
1704 1320 100 21 therefore,
1817 1320 19 17 in

1402 1344 32 17 the
1443 1344 41 16 first
1492 1344 53 22 place
1560 1344 20 16 to
1589 1346 35 19 put
1632 1344 86 17 Rotorua
1727 1344 18 16 in
1756 1349 10 11 a
1783 1343 43 18 thor-

1402 1367 72 22 oughly
1480 1367 83 22 sanitary
1576 1367 83 22 position
1673 1367 25 22 by
1714 1367 122 23 introducing

1401 1396 11 11 a
1437 1390 91 22 complete
1545 1390 91 22 drainage
1658 1390 80 17 scheme.
1764 1389 24 18 In
1804 1391 32 17 the

1401 1414 46 16 next
1462 1414 52 22 place
1531 1419 34 12 our
1571 1414 37 16 aim
1623 1414 16 17 is
1646 1415 19 16 to
1680 1419 31 11 ma
1717 1413 2 23 •
1724 1419 9 11 e
1742 1419 12 10 a
1768 1413 56 23 begin-

1400 1436 47 23 ning
1456 1443 23 11 on
1489 1443 11 11 a
1507 1436 109 23 systematic
1620 1437 45 22 plan
1673 1437 30 17 for
1711 1436 79 23 making
1798 1437 38 17 this

1399 1460 113 17 marvellous
1521 1460 64 23 region
1593 1466 35 11 one
1637 1461 20 16 of
1665 1461 33 16 the
1707 1461 50 16 most
1764 1461 60 17 attrac-

1399 1483 38 17 tive
1454 1483 65 17 health
1528 1484 68 16 resorts
1603 1483 38 17 and
1649 1483 86 23 pleasure
1751 1483 85 23 grounds

1399 1507 21 16 of
1434 1507 32 16 thi!
1483 1506 64 17 world.
1582 1506 34 17 We
1632 1506 68 18 intend
1722 1508 20 15 to
1764 1512 70 15 secure,

1399 1530 84 23 through
1493 1530 31 16 the
1533 1530 163 22 Agent-General,
1707 1535 10 11 a
1726 1530 95 23 thorough-

1399 1553 19 22 ly
1433 1553 89 22 qualified
1545 1553 79 17 medical
1645 1555 72 20 expert,
1739 1553 38 17 and
1799 1559 35 11 one

1400 1577 41 17 who
1449 1576 35 17 has
1493 1576 36 17 had
1546 1582 51 11 some
1607 1577 110 22 experience
1726 1576 19 17 in
1755 1582 67 12 connec-

1399 1600 40 17 tion
1448 1600 45 17 with
1503 1600 32 16 the
1548 1600 79 17 mineral
1636 1600 76 22 springs
1721 1600 20 17 of
1749 1600 33 17 the
1796 1600 37 17 Old

1399 1623 70 20 World,
1479 1623 42 17 who
1529 1622 72 18 besides
1609 1623 73 22 having
1690 1623 69 22 charge
1768 1623 20 17 of
1801 1623 33 17 the

1398 1646 120 18 Sanatorium
1528 1646 47 17 shall
1583 1646 24 17 be
1622 1648 108 20 competent
1738 1648 21 15 to
1775 1646 59 18 direct

1398 1670 38 17 and
1444 1675 80 17 manage
1533 1669 32 17 tin;
1571 1669 69 18 tourist
1650 1669 60 18 traffic
1719 1669 19 18 of
1747 1669 33 18 the
1794 1670 29 17 dis-

1398 1693 50 17 trict.
1474 1693 47 17 New
1544 1692 82 17 Zealand
1653 1692 33 18 has
1711 1692 46 17 been
1783 1699 50 11 more

1397 1716 126 22 bounteously
1547 1716 90 17 endowed
1650 1716 27 22 by
1692 1716 73 17 Nature
1787 1716 45 18 with

1397 1739 47 23 git'ts
1458 1740 20 17 of
1495 1739 31 17 the
1550 1739 113 17 marvellous
1685 1739 38 17 and
1739 1739 93 18 beautiful

1397 1763 46 17 than
1458 1769 37 16 any
1509 1763 54 16 other
1580 1763 76 22 portion
1673 1763 20 17 of
1706 1763 32 16 the
1760 1763 69 17 known

1397 1786 66 17 world.
1488 1786 38 17 The
1540 1791 76 17 scenery
1629 1786 17 17 is
1662 1786 19 17 in
1697 1791 57 17 many
1770 1786 62 22 places

1397 1809 80 17 sublime
1487 1810 18 16 in
1523 1809 24 17 its
1555 1809 46 17 bold
1616 1809 101 23 grandeur,
1736 1809 20 17 in
1768 1809 64 18 others

1396 1833 144 22 awe-inspiring
1549 1833 19 16 in
1576 1833 25 17 its
1608 1832 47 23 deep
1661 1833 107 21 solemnity.
1793 1833 39 17 The

1397 1857 127 21 temperature
1530 1856 60 17 varies
1601 1856 49 17 from
1658 1856 33 17 the
1700 1856 72 17 intense
1787 1856 44 17 heat

1396 1879 20 17 of
1425 1880 32 16 the
1465 1879 84 17 volcanic
1557 1879 75 22 regions
1648 1880 18 16 to
1676 1879 32 17 the
1718 1879 58 23 frigid
1790 1880 41 16 cold

1396 1902 20 17 of
1424 1902 69 17 Mount
1510 1902 51 17 Cook
1575 1908 22 11 or
1617 1902 33 17 the
1666 1902 78 18 Francis
1760 1902 70 23 Joseph

1396 1925 75 23 glacier.
1496 1925 91 17 Whether
1610 1926 19 16 in
1643 1926 33 16 the
1693 1932 57 16 grave
1764 1926 63 17 silence
1827 1932 5 6 l

1396 1955 71 16 among
1475 1949 32 17 the
1521 1949 104 17 stalactites
1639 1949 21 17 of
1676 1949 32 17 the
1726 1949 105 18 Waiotouio

1395 1978 58 13 caves,
1465 1978 20 11 or
1494 1972 19 17 in
1522 1972 32 17 the
1563 1972 41 17 fern
1613 1978 68 17 groves
1697 1972 20 17 of
1733 1972 96 20 Tokaanu,

1395 2001 21 11 or
1424 1995 80 22 floating
1517 1995 54 17 down
1580 1995 33 17 the
1622 1995 94 17 beautiful
1724 1996 106 21 Wangauui

1395 2018 49 17 river
1451 2021 21 15 to
1481 2015 32 20 the
1523 2024 35 14 sea,
1566 2024 21 12 or
1594 2018 91 23 standing
1694 2024 23 11 on
1728 2019 32 17 the
1771 2019 59 17 banks

1395 2042 20 17 of
1420 2042 32 17 the
1458 2042 76 22 roaring
1540 2042 89 17 southern
1635 2042 65 20 rivers,
1707 2042 45 17 each
1758 2042 72 23 change

1394 2065 21 17 of
1422 2065 77 22 locality
1512 2065 108 23 challenges
1640 2065 114 17 admiration
1770 2071 59 12 anew.

1394 2088 39 18 The
1449 2089 66 17 visitor
1535 2089 43 17 who
1596 2089 65 16 stands
1670 2090 20 15 at
1708 2089 32 16 the
1757 2089 40 17 foot
1811 2089 19 17 of

1394 2111 33 17 the
1440 2111 113 18 Sutherland
1563 2111 57 20 Falls,
1635 2111 98 23 watching
1742 2112 31 17 the
1790 2113 30 16 tor-

1394 2136 43 16 rent
1449 2135 77 22 leaping
1535 2141 43 10 over
1592 2135 32 16 the
1632 2134 54 23 dizzy
1700 2135 66 23 height
1782 2136 47 16 from

1394 2158 55 23 ledge
1458 2160 19 16 to
1486 2158 61 23 ledge,
1557 2163 21 12 or
1587 2158 42 17 who
1638 2158 55 18 looks
1702 2158 69 18 almost
1783 2158 45 18 with

1394 2181 103 23 trembling
1505 2182 49 16 from
1563 2181 33 17 the
1604 2181 47 17 road
1656 2183 21 15 at
1686 2182 87 16 Arthur's
1783 2182 46 17 Pass

1394 2204 55 17 down
1467 2205 29 17 far
1512 2205 59 17 below
1589 2210 24 11 on
1630 2205 33 17 the
1680 2205 81 22 surging
1782 2205 48 17 river

1394 2228 78 22 hurling
1491 2228 24 17 its
1529 2233 41 17 way
1585 2228 84 22 through
1685 2228 32 17 the
1734 2228 93 21 boulders,

1394 2253 51 15 must
1453 2251 36 17 feel
1498 2257 11 11 a
1516 2251 46 22 deep
1579 2257 17 11 re
1599 2257 78 12 verence
1694 2252 72 22 mingle
1783 2252 45 17 with

1394 2274 28 17 his
1447 2274 112 18 admiration
1583 2275 21 16 in
1625 2280 64 12 scenes
1706 2277 20 15 at
1742 2281 46 11 once
1808 2282 20 10 so

1394 2297 57 18 awful
1476 2297 37 18 and
1530 2303 19 12 so
1571 2297 68 23 lovely.
1665 2298 52 17 With
1735 2298 25 17 all
1777 2299 52 17 these

1394 2321 76 17 natural
1489 2323 91 15 treasures
1596 2321 41 17 that
1655 2327 44 17 may
1712 2321 23 18 be
1758 2322 70 17 classed

1394 2350 70 17 among
1471 2344 32 18 the
1512 2346 49 16 most
1576 2344 87 18 valuable
1681 2345 21 17 of
1717 2351 35 11 our
1770 2346 58 16 assets

1394 2367 52 17 what
1453 2374 31 10 are
1493 2373 28 11 we
1529 2367 59 23 doing
1604 2369 21 16 to
1635 2368 55 16 make
1701 2368 52 17 them
1766 2374 51 12 acces-

1394 2391 51 20 sible,
1456 2397 21 11 or
1493 2391 56 23 bring
1565 2391 33 17 the
1614 2391 114 23 knowledge
1743 2391 21 18 of
1780 2392 49 17 their

1394 2414 92 17 existence
1497 2414 55 23 fairly
1561 2414 64 17 before
1638 2414 33 18 the
1681 2415 59 16 world
1749 2415 8 17 ?
1770 2415 42 17 Com-

1393 2437 105 22 paratively
1507 2437 97 23 speaking,
1615 2438 88 22 nothing.
1729 2438 44 18 You
1783 2444 33 11 can-

1393 2461 34 17 not
1436 2466 23 12 on
1469 2461 31 17 the
1509 2461 47 17 East
1564 2461 58 17 Coast
1627 2461 55 17 reach
1692 2461 70 17 Mount
1776 2462 51 17 Cook

1393 2484 46 17 with
1449 2484 80 17 comfort
1538 2484 63 22 owing
1610 2485 19 16 to
1647 2484 38 17 bad
1693 2485 62 17 roads.
1789 2485 38 17 The

1393 2513 51 11 same
1458 2507 98 17 drawback
1573 2508 71 21 applies
1654 2509 20 16 to
1687 2508 32 17 the
1733 2509 94 21 approach

1392 2532 21 16 to
1426 2531 32 17 the
1479 2531 77 17 Francis
1579 2531 72 22 Joseph
1666 2531 71 23 glacier
1754 2537 24 11 on
1796 2532 31 16 the

1392 2554 53 17 West
1453 2553 62 21 Coast,
1522 2555 32 21 yet
1562 2554 24 17 its
1595 2554 92 18 situation
1696 2555 67 17 should
1773 2555 54 17 make

1392 2577 16 16 it
1413 2577 33 17 the
1458 2579 51 15 most
1517 2577 58 22 easily
1590 2577 86 18 attained
1685 2577 71 23 glacier
1764 2578 18 17 in
1796 2579 31 16 the

1392 2600 62 22 globe,
1464 2600 58 23 being
1530 2600 45 23 only
1584 2602 34 16 600
1627 2601 39 17 feet
1674 2601 60 17 above
1740 2607 31 11 sea
1780 2602 47 17 level

1392 2623 59 18 There
1459 2629 32 12 are
1499 2630 25 10 no
1532 2624 55 17 roads
1596 2624 85 17 between
1690 2624 33 18 the
1731 2624 92 18 beautiful

1392 2647 52 17 lakes
1452 2647 20 17 of
1480 2647 32 17 the
1526 2647 65 20 South,
1602 2653 34 11 nor
1645 2649 20 15 to
1671 2648 33 16 the
1713 2648 113 17 Sutherland

1392 2670 43 17 falls
1443 2670 4 24 ;
1460 2670 33 17 the
1507 2670 106 18 Waiotomo
1622 2677 54 11 caves
1684 2677 32 11 are
1729 2671 98 23 neglected

1392 2693 37 17 and
1444 2693 32 18 the
1492 2694 54 16 roads
1563 2694 84 23 through
1664 2694 33 17 the
1709 2694 78 19 interior
1803 2696 20 16 of

1392 2717 31 16 the
1432 2717 62 17 North
1504 2717 64 17 Island
1582 2718 20 16 to
1611 2713 32 21 tins
1658 2718 108 21 Wanganui
1779 2718 49 18 river

1392 2746 31 11 are
1439 2740 111 22 impassable
1568 2741 29 16 for
1613 2741 52 21 parts
1683 2741 20 17 of
1719 2741 33 17 the
1773 2747 51 17 year.

1392 2763 56 17 From
1455 2765 48 15 want
1509 2764 20 16 of
1532 2769 68 17 proper
1603 2764 84 22 sanitary
1691 2765 95 21 provision
1790 2765 37 17 and

1392 2791 68 18 proper
1465 2786 161 18 accommodation
1637 2788 30 16 for
1680 2788 79 17 tourists
1775 2790 53 15 scant

1392 2809 66 22 justice
1467 2810 16 17 is
1492 2810 47 17 done
1549 2812 19 15 to
1582 2816 35 11 our
1633 2811 82 17 thermal
1732 2812 67 16 waters
1808 2814 20 14 at

1392 2833 86 17 Hanmer
1486 2833 84 23 Springs,
1580 2834 26 17 Te
1615 2834 70 20 Aroha,
1692 2834 38 17 and
1736 2835 90 17 Rotorua.

1392 2856 38 17 The
1449 2856 127 17 Government
1590 2857 94 17 therefore
1701 2858 47 16 with
1766 2858 49 17 confi-

1392 2879 57 17 dence
1464 2880 43 16 asks
1521 2880 95 21 provisiou
1629 2881 21 16 to
1662 2880 24 18 be
1700 2880 54 18 made
1763 2882 19 16 to
1796 2881 32 17 the

1392 2905 80 15 amount
1484 2903 20 17 of
1518 2903 80 21 £50,000
1613 2903 30 17 for
1656 2904 32 17 the
1702 2904 91 23 drainage
1808 2905 20 17 of

1392 2925 91 21 Rotorua,
1493 2926 32 17 the
1534 2927 81 17 erection
1625 2927 19 17 of
1650 2932 68 17 proper
1729 2927 97 23 buildings

1393 2948 37 17 and
1438 2950 81 21 bathing
1525 2950 158 21 establishments,
1692 2950 32 17 the
1731 2952 86 16 construc-

1393 2972 40 17 tion
1443 2972 19 18 of
1476 2972 55 18 roads
1544 2972 38 18 and
1598 2973 76 22 bridges
1691 2975 21 15 to
1725 2974 43 22 give
1785 2980 43 17 easy

1393 3001 61 12 access
1469 2997 19 16 to
1505 2996 31 17 the
1557 2996 105 21 volcanoes,
1681 2997 86 22 glaciers,
1787 2998 40 16 fern

1394 3025 72 16 groves,
1479 3019 56 20 lakes,
1546 3019 37 17 and
1597 3019 56 18 other
1658 3020 64 17 native
1736 3022 92 15 treasures

1394 3042 19 17 of
1422 3048 34 11 our
1465 3042 77 22 Colony,
1552 3043 20 16 in
1581 3042 55 17 order
1644 3044 20 16 to
1679 3044 70 17 attract
1756 3045 20 15 to
1795 3049 34 12 our

1394 3065 62 17 shores
1465 3066 33 16 the
1507 3066 84 21 pleasure
1601 3066 73 18 seekers
1683 3066 38 18 and
1730 3068 30 16 art
1768 3066 61 18 lovers

1394 3089 20 16 of
1422 3089 33 17 the

1395 3142 103 23 LOCAL
1511 3142 97 24 NEWS
1632 3142 70 24 AND
1716 3143 110 24 NOTES.

1419 3203 38 17 The
1466 3204 84 17 Kotorua
1559 3203 120 19 Sanatorium
1689 3204 91 23 (salaries)
1788 3206 42 16 vote

1395 3226 33 18 has
1437 3227 47 17 been
1493 3227 94 17 increased
1597 3227 47 17 from
1655 3227 50 17 i.'BtS(>
1714 3229 20 16 to
1743 3227 56 18 £BBI.

1419 3258 39 17 The
1467 3258 90 17 members
1566 3259 21 16 of
1602 3258 33 18 the
1650 3259 74 17 Church
1741 3260 20 16 of
1776 3260 41 22 Eng-

1395 3281 45 17 land
1449 3283 49 15 meet
1506 3281 18 17 in
1534 3281 31 17 the
1575 3281 67 18 School
1652 3288 24 11 on
1686 3282 69 22 Friday
1769 3283 61 22 night.

1421 3310 73 17 Stead's
1503 3310 124 23 Masterpiece
1635 3311 87 22 Library,
1738 3312 94 17 Numbers

1399 3333 14 24 1,
1425 3334 9 16 2
1443 3333 38 17 and
1489 3335 11 15 .'5
1509 3335 20 15 to
1541 3333 58 21 hand,
1616 3334 119 23 Threepence
1752 3335 45 17 each
1813 3337 20 15 at

1396 3356 118 17 Chronicle
1522 3356 73 18 Office.*

1420 3385 38 17 The
1475 3385 46 18 Rev.
1534 3385 32 18 Mr
1578 3385 21 18 C.
1609 3386 21 17 C.
1643 3386 71 17 Brown
1735 3387 42 17 who
1797 3387 35 17 has

1397 3408 47 17 been
1453 3408 102 23 appointed
1569 3410 19 15 to
1604 3410 33 16 the
1653 3410 65 17 native
1734 3410 63 17 school
1814 3412 20 15 at

1397 3431 26 17 Te
1432 3431 54 23 Ngae
1495 3431 73 18 arrived
1577 3432 37 18 last
1622 3432 63 23 night.

1421 3463 16 16 A
1446 3463 60 22 heavy
1515 3464 100 17 rainstorm
1623 3464 46 17 took
1677 3465 54 21 place
1746 3471 24 11 on
1785 3465 36 17 Sun-

1399 3486 36 21 day
1446 3486 60 22 night,
1514 3486 31 17 the
1555 3493 62 16 gauge
1628 3489 20 15 at
1665 3488 32 17 the
1714 3488 120 17 Sanatorium

1399 3509 113 23 registering
1520 3509 65 23 nearly
1594 3516 24 11 an
1627 3511 50 17 inch.

1468 3540 80 18 Ancient
1557 3541 62 17 Maori
1628 3542 54 17 Land
1690 3540 3 25 :
1726 3542 28 23 By
1764 3542 70 17 Elsdon

1400 3563 51 17 Best.
1460 3563 104 24 Intending
1573 3565 112 18 advertisers
1699 3572 31 10 are
1738 3566 97 22 requested

1400 3589 20 14 to
1436 3587 46 17 send
1488 3587 20 16 in
1525 3587 48 17 their
1582 3588 62 17 favors
1655 3589 80 17 without
1745 3589 54 22 delay
1816 3591 19 15 to

1401 3610 31 17 the
1442 3610 118 17 Chronicle
1570 3610 74 18 Office.*

1424 3641 39 17 The
1472 3641 82 22 by-laws
1561 3642 109 23 regulating
1685 3643 33 17 the
1735 3643 61 17 traffic
1812 3649 23 11 on

1401 3664 33 17 the
1442 3664 74 17 various
1525 3664 55 18 roads
1589 3666 19 16 in
1617 3666 32 17 the
1667 3666 75 17 district
1755 3672 30 11 are
1801 3672 22 17 ga-

1401 3686 67 18 zetted.
1501 3688 93 20 Bullocks,
1613 3694 19 12 as
1649 3690 83 17 traction
1750 3690 84 20 animals,

1402 3716 31 11 are
1442 3711 106 22 prohibited
1557 3711 46 22 May
1613 3712 19 16 to
1641 3712 49 17 Nov.
1708 3713 46 17 each
1762 3719 51 16 year.

1425 3742 33 17 We
1467 3742 47 16 have
1523 3742 83 17 received
1616 3743 48 17 from
1674 3744 33 16 the
1713 3744 125 22 Department

1402 3765 21 16 of
1431 3765 120 22 Agriculture
1566 3765 32 17 the
1628 3766 126 23 Proceedings
1771 3768 20 16 of
1806 3768 31 16 the

1402 3788 113 17 Conference
1521 3788 20 17 of
1554 3789 130 17 Australasian
1688 3790 137 22 Fruitgrowers
1833 3788 4 24 '

1403 3811 60 17 which
1480 3817 37 11 was
1533 3812 43 17 held
1590 3813 21 16 at
1627 3813 119 22 Wellington
1757 3813 20 17 in
1791 3813 45 23 May

1402 3834 44 17 last.
1470 3834 39 17 The
1526 3836 63 21 report
1603 3836 95 17 embodies
1715 3836 33 17 the
1764 3836 73 17 various

1403 3862 67 17 papers
1479 3857 43 17 read
1529 3859 21 15 at
1559 3858 31 17 the
1599 3859 116 17 Conference
1723 3865 24 11 on
1756 3859 82 22 subjects

1403 3880 20 17 of
1432 3879 77 18 interest
1517 3881 20 17 to
1546 3881 53 17 those
1615 3882 88 22 engaged
1713 3882 18 17 in
1747 3882 33 18 the
1792 3883 47 17 fruit

1403 3903 93 23 industry,
1520 3904 98 22 appended
1641 3907 20 15 to
1675 3905 62 17 which
1759 3911 31 12 are
1806 3906 33 17 the

1403 3926 90 22 practical
1501 3927 120 22 suggestions
1630 3928 38 17 and
1676 3928 84 18 remarks
1769 3929 70 22 arising

1404 3949 109 18 therefrom.
1538 3950 58 23 Many
1604 3951 89 17 valuable
1698 3952 52 16 hints
1759 3958 43 16 may
1816 3953 23 16 bo

1405 3972 68 22 gained
1482 3972 25 22 by
1523 3973 130 23 fruitgrowers
1662 3974 19 18 in
1696 3975 32 17 the
1743 3980 64 12 course
1820 3975 19 18 of

1404 3995 24 17 its
1439 3995 80 22 perusal.

1486 4022 61 28 £SO,
1564 4023 60 29 £lO,
1641 4024 58 28 £lO,
1717 4025 42 25 £5.

1406 4052 65 20 Given
1483 4060 55 18 away
1548 4054 32 19 for
1590 4060 12 13 a
1613 4055 65 25 single
1687 4061 67 18 guees.
1787 4055 52 19 Send

1407 4082 65 22 stamp
1483 4079 31 19 for
1524 4080 118 24 particulars
1653 4081 41 19 und
1709 4081 95 19 circulars
1820 4085 19 15 to

1407 4105 44 18 Bo\
1464 4106 41 22 170,
1517 4105 22 24 P.
1539 4105 34 24 0.,
1587 4106 132 26 Wellington.

1892 87 134 24 Negotiations
2039 91 32 12 are
2087 86 20 17 in
2123 91 87 17 progress
2228 85 29 18 for
2274 86 31 18 the

1869 111 92 22 purchase
1970 111 21 17 of
1999 111 32 16 Mr
2042 109 29 18 W.
2090 109 22 17 A.
2130 108 97 18 Williams'
2245 111 50 15 store-

1869 134 82 23 keeping
1958 133 85 18 business
2051 133 27 21 by
2086 132 32 17 Mr
2126 131 23 18 G.
2158 132 80 17 Burton.

1892 166 24 16 In
1931 165 38 17 this
1991 164 68 18 week's
2079 164 126 17 Government
2228 163 77 17 Gazette

1869 194 78 17 appears
1957 194 11 11 a
1976 187 81 23 lengthy
2065 187 33 17 list
2106 187 20 16 of
2134 185 54 18 lands
2197 186 20 16 in
2222 186 38 17 this
2267 186 29 17 dis-

1868 211 45 18 trict
1921 211 62 18 which
1992 217 32 10 are
2032 209 87 18 declared
2127 209 69 17 Crown
2204 209 54 17 lands
2267 209 38 17 and

1868 234 74 23 subject
1951 236 20 15 to
1977 234 24 17 be
2010 233 51 17 dealt
2070 232 46 18 with
2130 231 127 23 accordingly.

1891 266 26 17 As
1926 272 11 11 a
1949 265 95 18 reminder
2063 270 28 11 we
2112 264 84 17 mention
2213 263 44 17 that
2272 264 33 17 the

1867 289 55 17 Band
1931 290 20 16 of
1964 289 56 22 Hope
2037 287 81 18 Concert
2136 286 53 18 takes
2205 286 53 22 place
2275 288 20 16 to-

1867 312 57 23 night
1931 312 21 17 in
1960 312 33 16 the
2008 310 123 18 schoolroom.
2156 309 40 17 The
2211 309 47 17 Rev.
2274 310 31 16 Mr

1867 335 103 21 McKinley
1978 334 40 17 will
2026 333 80 23 preside.

1890 366 39 18 The
1937 366 71 18 Native
2013 365 56 17 Land
2078 365 64 19 Court,
2152 363 65 23 Judge
2232 363 73 18 Wilson

1866 389 103 23 presiding,
1978 389 16 17 is
2003 388 39 17 still
2051 387 87 23 engaged
2147 393 44 11 over
2199 387 33 17 the
2245 387 48 17 Roto-

1867 411 221 22 mahana-Parekarangi
2096 410 60 17 Block
2172 411 29 16 Ga.
2235 410 29 17 On
2281 410 24 17 its

1867 436 108 17 conclusion
1985 435 33 17 the
2027 434 60 18 Court
2095 434 39 17 will
2142 432 80 23 proceed
2237 434 20 16 to
2271 432 22 18 de-

1867 459 79 17 termine
1967 458 33 17 the
2020 458 88 16 interests
2135 457 19 16 in
2171 457 33 16 the
2220 456 73 17 Wliaka-

1865 482 117 22 poungakau
1991 481 69 17 Blocks
2067 480 62 17 which
2135 479 75 19 include
2215 479 89 17 Tikitere.

1890 514 16 16 A
1923 512 85 23 meeting
2021 512 72 22 having
2110 511 30 17 for
2153 511 25 17 its
2195 511 64 22 object
2272 511 33 16 the

1867 537 101 17 formation
1986 537 20 16 of
2022 542 12 10 a
2047 531 125 26 Prospecting
2184 533 120 18 Association

1866 560 53 17 takes
1926 559 54 23 place
1987 559 21 17 in
2016 559 33 17 the
2058 558 64 17 Grand
2132 557 58 17 Hotel
2200 563 24 11 on
2234 556 70 23 Friday

1865 584 99 16 afternoon
1974 583 20 16 at
2002 583 11 16 4
2022 581 78 18 o'clock.
2124 580 35 18 We
2167 586 31 11 are
2205 580 100 23 requested

1865 608 21 15 to
1895 607 49 17 state
1953 606 42 16 that
2004 605 93 17 members
2105 604 20 17 of
2134 604 32 17 the
2175 603 31 17 old
2215 603 77 17 Associa-

1865 629 40 17 tion
1914 635 31 11 are
1954 628 123 23 particularly
2085 627 73 18 invited
2166 628 20 16 to
2194 627 73 16 attend.

1888 661 17 16 A
1916 662 65 15 return
1991 659 57 17 asked
2057 660 30 16 for
2095 659 20 17 in
2123 659 33 16 the
2164 659 66 17 House
2238 658 26 22 by
2273 658 31 16 Mr

1865 684 29 16 W.
1902 683 57 22 Kelly
1968 683 29 17 for
2005 683 33 17 the
2047 681 158 23 correspondence
2218 681 85 17 between

1866 707 34 17 Dr.
1917 706 87 19 Ginders,
2029 706 38 17 Mr.
2097 705 90 21 Malfroy,
2208 704 40 17 and
2272 704 31 17 the

1866 730 129 17 Government
2003 735 20 11 re
2032 729 32 17 the
2076 728 84 22 sanitary
2170 727 97 18 condition
2283 728 21 16 of

1865 753 86 17 Rotorua
1960 752 95 22 township
2064 758 39 10 was
2111 751 81 20 refused,
2203 757 19 11 as
2231 751 33 17 the
2272 756 20 12 re-

1865 777 52 21 ports
1926 781 49 12 were
1984 776 20 17 of
2013 782 11 10 a
2032 774 121 19 confidential
2161 775 74 16 nature.

1888 808 17 16 A
1927 807 86 17 half-ton
2028 807 20 17 of
2064 806 99 22 flowering
2184 805 64 22 plants
2265 805 38 17 and

1864 831 68 17 shrubs
1940 836 60 12 seems
2009 831 20 16 to
2041 830 23 17 be
2073 835 11 11 a
2090 830 64 22 pretty
2171 829 53 22 large
2241 828 60 21 order,

1865 854 35 17 but
1906 853 46 18 such
1959 859 38 12 was
2007 853 32 17 the
2055 852 132 22 consignment
2201 852 60 16 which
2271 858 21 10 ar-

1865 877 51 17 rived
1925 878 20 15 at
1954 876 33 17 the
1996 876 64 17 Grand
2074 875 57 18 Hotel
2146 875 32 17 the
2196 874 53 18 ether
2257 874 44 23 day.

1864 900 39 17 The
1911 900 64 22 plants
1984 905 48 11 were
2042 899 49 17 from
2100 899 32 17 the
2140 904 80 16 nursery
2229 899 21 16 of
2257 898 45 22 Hay

1864 923 38 17 and
1911 924 53 19 Sons,
1975 922 106 20 Auckland,
2091 921 38 18 and
2138 921 91 22 comprise
2244 927 56 13 roses,

1864 946 100 21 camellias,
1990 945 161 20 rhododendrons,
2175 944 73 17 azaleas
2264 944 38 17 and

1864 970 74 17 various
1953 969 71 22 species
2041 969 19 17 of
2074 968 71 23 Spring
2165 967 80 18 flowers.
2270 968 32 17 Mr

1864 993 73 22 George
1944 993 41 21 Gay
1994 993 16 17 is
2017 998 42 11 now
2065 992 62 21 busily
2135 991 87 22 engaged
2229 992 72 21 setting

1863 1016 52 17 Ihern
1928 1017 18 16 in
1957 1015 32 18 the
2001 1015 78 23 garden,
2090 1014 37 18 and
2142 1014 76 17 borders
2234 1014 21 17 of
2269 1014 33 18 the

1863 1039 154 23 bowling-green
2026 1038 90 17 attached
2124 1039 20 16 to
2154 1038 31 16 the
2194 1038 59 17 hotel.

1886 1071 39 17 The
1944 1076 44 11 area
2005 1071 20 16 of
2038 1070 65 17 native
2119 1069 45 18 land
2173 1069 89 22 acquired
2274 1069 26 23 by

1862 1095 33 16 the
1905 1094 128 17 Government,
2042 1094 20 16 in
2075 1093 33 17 the
2123 1092 61 18 Forth
2201 1092 64 17 Island
2274 1099 26 16 up

1863 1120 20 15 to
1904 1117 67 17 March
1997 1118 45 16 1895
2064 1122 40 11 was
2121 1116 97 20 .'5,158,413
2241 1121 57 12 acres.

1862 1141 76 22 During
1946 1140 34 17 the
1995 1141 43 21 past
2052 1146 46 16 year
2114 1139 32 17 the
2155 1144 43 12 area
2211 1139 89 22 acquired

1862 1170 38 11 was
1909 1165 78 17 467.088
1996 1169 52 11 acres
2056 1163 62 17 which
2127 1162 65 17 makes
2201 1168 10 11 a
2218 1162 49 17 total
2280 1163 20 16 of

1862 1187 97 20 3.626,102
1971 1192 58 13 acres.
2054 1186 39 17 The
2109 1186 94 22 Surveyor
2219 1186 80 17 General

1860 1212 73 21 reports
1942 1210 43 17 that
1995 1210 32 17 the
2034 1210 101 22 purchases
2144 1208 19 18 in
2172 1209 33 17 the
2214 1209 85 17 Rotorua

1861 1234 74 17 district
1951 1233 76 18 include
2044 1233 54 17 those
2121 1233 86 21 quarters
2224 1233 21 16 of
2266 1233 32 16 the

1860 1257 81 17 thermal
1950 1257 75 22 springs
2039 1257 21 16 in
2077 1256 33 17 the
2124 1255 174 18 Whakarewarewa

1858 1281 62 18 block,
1931 1280 33 17 the
1972 1280 112 17 Hamurana
2095 1279 76 22 springs
2180 1285 23 10 on
2213 1279 85 17 Rotorua

1859 1304 42 17 lake
1909 1304 36 17 and
1956 1304 32 16 the
1996 1304 52 16 alum
2057 1309 45 11 cave
2107 1304 19 16 at
2133 1302 164 17 Orakei-Korako.

1858 1328 59 16 These
1927 1327 123 22 acquisitions
2058 1327 32 16 Mr
2098 1326 60 22 Percy
2173 1325 61 17 Smith
2252 1331 34 11 con-

1858 1351 63 19 siders,
1932 1351 52 17 must
1991 1349 113 22 necessarily
2112 1349 82 17 increase
2206 1348 29 17 ;he
2244 1350 43 16 tour-

1858 1374 25 17 ist
1892 1374 60 17 traffic
1962 1374 18 16 in
1989 1374 33 17 the
2032 1373 42 17 Hot
2082 1372 62 17 Lakes
2152 1372 45 17 disti
2203 1372 29 19 'Ct.

1882 1406 39 16 The
1938 1405 93 17 Gisborne
2050 1403 148 23 correspondent
2218 1404 21 17 of
2264 1404 31 17 the

1858 1429 72 23 Napier
1944 1428 106 23 Telegraph
2065 1428 68 20 writes;
2137 1429 36 10 —*'
2182 1427 19 16 It
2225 1427 70 22 having

1857 1453 47 16 been
1914 1451 117 18 ascertained
2047 1451 44 17 that
2099 1457 11 11 a
2119 1450 50 23 good
2178 1450 54 17 stock
2247 1450 46 18 road

1857 1476 15 17 is
1884 1475 115 23 practicable
2014 1475 48 16 from
2077 1474 91 17 Gisborne
2183 1473 18 17 in
2211 1480 11 10 a
2236 1474 59 17 direct

1857 1499 38 17 line
1922 1498 84 18 towards
2029 1496 106 22 Auckland,
2160 1497 76 23 joining
2260 1497 33 18 the

1857 1522 128 17 Government
1992 1521 45 18 road
2046 1521 20 16 in
2072 1521 32 16 the
2112 1520 89 17 Urewera
2206 1521 87 21 country,

1857 1551 10 11 a
1874 1547 67 20 strong
1957 1546 108 15 movement
2079 1544 16 17 is
2109 1549 24 12 on
2143 1544 41 16 foot
2192 1544 19 16 to
2221 1545 32 21 get
2263 1544 32 17 the

1857 1568 128 18 Government
2005 1570 19 15 to
2050 1567 105 17 undertake
2180 1567 33 17 the
2234 1567 59 18 work,

1857 1592 60 17 which
1926 1592 16 16 is
1959 1591 100 17 estimated
2072 1592 21 16 to
2102 1592 40 16 cost
2156 1589 67 18 £7OOO.
2249 1590 44 17 This

1856 1615 150 21 wouldbringus
2013 1614 65 17 within
2084 1615 34 16 120
2122 1614 51 17 miles
2178 1614 20 16 of
2202 1614 90 19 Rotorua,

1855 1639 68 21 saving
1938 1639 34 16 200
1992 1637 52 18 miles
2059 1643 24 12 on
2101 1637 32 17 the
2150 1638 76 21 present
2240 1637 53 17 stock

1855 1663 54 16 route
1918 1663 20 16 to
1950 1661 105 18 Auckland,
2074 1660 61 18 which
2149 1666 45 10 runs
2208 1660 84 23 through

1855 1685 76 23 Napier,
1942 1685 37 17 and
1994 1684 63 17 would
2066 1683 66 18 enable
2146 1683 118 22 pastoralists
2273 1685 20 16 to

1855 1708 45 17 land
1909 1708 50 17 their
1968 1708 75 22 surplus
2057 1707 53 17 stock
2122 1707 18 16 in
2156 1713 10 10 a
2182 1706 50 23 good
2247 1713 33 11 con-

1855 1732 61 17 dition
1933 1737 24 12 on
1974 1731 33 17 the
2020 1732 42 16 Auc
2074 1730 45 18 land
2133 1730 80 20 market,
2229 1730 62 18 which

1854 1755 46 22 they
1910 1761 32 11 are
1950 1756 35 16 not
1994 1755 20 16 at
2022 1756 77 20 present
2108 1753 42 17 able
2159 1755 19 15 to
2188 1753 30 20 do,
2229 1753 64 23 owing

1854 1780 20 15 to
1883 1779 32 16 the
1923 1779 47 21 long
1984 1777 84 18 distance
2084 1777 38 17 and
2130 1777 68 17 barren
2211 1778 81 21 country

1854 1802 67 22 passed
1935 1801 91 21 through.
2052 1801 39 16 The
2106 1800 46 17 road
2170 1800 64 17 would
2250 1800 40 17 also

1854 1831 48 16 open
1912 1831 26 16 up
1951 1831 11 11 a
1974 1824 53 22 large
2044 1830 44 11 area
2097 1824 20 16 of
2135 1823 50 21 good
2199 1823 46 17 land
2262 1829 19 11 re-

1854 1849 63 21 cently
1934 1847 89 23 acquired
2037 1847 25 22 by
2079 1847 32 17 the
2130 1847 73 17 Crown.
2230 1847 48 17 Prob-

1854 1871 44 23 ably
1908 1878 11 10 a
1928 1873 68 21 strong
2008 1870 118 23 deputation,
2145 1870 72 17 backed
2226 1876 27 16 up
2265 1870 26 22 by

1853 1901 11 10 a
1873 1895 86 22 petition,
1970 1894 38 17 will
2023 1894 22 17 be
2055 1895 42 16 sent
2105 1896 20 15 to
2140 1894 117 22 Wellington
2271 1895 20 15 at

1853 1924 24 11 an
1886 1918 52 18 early

1877 1949 40 18 The
1932 1949 41 20 Bay
1989 1949 19 17 of
2023 1949 69 21 Plenty
2105 1949 61 16 Times
2175 1949 19 16 in
2209 1949 80 22 quoting

1853 1973 33 17 the
1901 1973 119 17 Chronicle
2043 1973 80 16 account
2141 1972 20 17 of
2174 1972 32 17 the
2225 1974 64 15 recent

1853 1996 81 17 footoall
1954 1996 71 19 match,
2046 1996 103 21 Tauranga
2165 2001 18 11 v.
2202 1995 86 17 Rotorua

1853 2019 58 17 heads
1936 2019 15 17 it
1994 2019 117 22 Tauranga's
2132 2018 43 17 Win
2205 2018 84 22 through

1853 2043 85 17 Rotorua
2095 2042 61 17 Neat!
2177 2041 39 17 The
2222 2042 67 17 Times'

1852 2067 64 22 report
1925 2066 20 17 of
1962 2065 32 17 the
2003 2065 64 17 match
2076 2071 45 14 was,
2137 2071 23 11 on
2170 2065 33 17 the
2220 2064 67 21 whole,

1852 2095 24 11 an
1894 2089 96 22 impartial
2008 2094 40 14 one,
2067 2089 38 16 and
2118 2088 55 16 while
2187 2088 88 17 corrobor-

1852 2113 55 22 ating
1916 2118 57 16 many
1982 2112 20 17 of
2015 2118 34 11 our
2062 2111 135 18 contributor's
2206 2111 83 18 remarks

1852 2135 101 18 contained
1963 2135 55 17 much
2027 2135 113 17 wholesome
2149 2134 64 17 advice
2227 2135 62 16 which

1851 2165 35 11 our
1902 2158 49 18 local
1969 2164 42 12 men
2029 2158 63 23 might
2109 2158 64 17 follow
2190 2157 47 18 with
2251 2158 24 17 ad-

1851 2184 89 20 vantage.
1961 2182 37 17 For
2004 2182 96 16 instance:
2144 2181 39 17 The
2196 2181 93 17 forwards

1851 2205 68 23 played
1926 2212 12 10 a
1951 2205 49 17 hard
2015 2205 35 16 but
2063 2206 35 15 not
2104 2210 10 11 a
2128 2204 90 17 scientific
2225 2210 62 17 game,

1851 2235 12 10 a
1872 2229 28 17 lot
1909 2229 19 17 of
1938 2228 92 22 coaching
2039 2228 36 17 and
2086 2228 56 17 much
2151 2228 68 17 harder
2227 2228 51 17 train-

1851 2252 34 23 ing
1893 2252 16 17 is
1916 2257 97 16 necessary
2022 2252 15 16 if
2053 2252 46 21 they
2108 2251 66 17 intend
2182 2251 87 22 winning
2277 2258 12 10 a

1851 2282 55 15 game
1915 2275 25 22 by
1949 2275 83 17 forward
2040 2274 51 23 play.
2117 2275 56 17 Wera
2182 2274 37 17 and
2229 2275 59 22 Foley

1851 2304 49 12 were
1909 2299 32 16 the
1956 2299 50 16 most
2021 2298 129 22 conspicuous,
2157 2298 37 17 and
2204 2298 84 22 possibly

1851 2328 49 11 were
1909 2322 32 17 the
1954 2322 43 17 best
2011 2321 93 18 forwards
2118 2327 23 11 on
2156 2321 31 17 the
2197 2321 44 17 field
2249 2321 4 22 ;
2268 2322 20 17 of

1850 2345 33 17 the
1892 2347 38 15 two
1938 2345 56 17 Wera
2008 2345 62 17 would
2079 2344 23 18 be
2111 2351 35 11 our
2163 2344 62 18 choice
2236 2351 52 16 upon

1851 2369 110 21 Saturday's
2100 2368 19 17 It
2132 2368 15 17 is
2159 2369 34 16 not
2203 2368 85 23 unlikely

1850 2392 43 17 that
1906 2392 57 17 Wera
1977 2397 44 17 may
2037 2387 23 21 be
2078 2391 72 17 invited
2164 2393 21 16 to
2198 2391 41 23 join
2255 2392 32 17 the

1850 2416 41 21 Bay
1908 2416 20 16 of
1944 2415 70 22 Plenty
2028 2416 51 16 team
2104 2421 24 10 on
2145 2415 49 17 their
2210 2415 45 17 visit
2267 2416 21 17 to

1850 2438 105 17 Auckland.

1873 2470 39 17 The
1921 2470 75 18 concert
2004 2469 38 17 and
2048 2469 57 17 social
2114 2469 102 23 gathering
2225 2470 62 18 which

1849 2494 46 17 took
1905 2494 52 22 place
1966 2493 20 17 in
1995 2493 32 17 the
2036 2493 128 17 Sclioolhouse
2175 2499 24 11 011
2217 2493 71 23 Friday

1849 2517 56 23 night
1914 2517 19 17 in
1942 2516 31 18 aid
1983 2517 19 16 of
2011 2516 32 17 the
2051 2516 81 22 Library
2146 2516 37 17 and
2200 2516 88 24 Reading

1849 2541 60 16 Room
1916 2540 46 17 fund
1969 2540 70 22 proved
2046 2540 49 17 most
2102 2540 99 22 enjoyable
2207 2541 19 15 to
2233 2540 55 17 those

1850 2564 42 17 who
1901 2563 90 18 attended
1999 2563 38 17 and
2046 2569 38 11 was
2096 2563 20 17 in
2126 2563 84 17 addition
2219 2563 69 23 highly

1849 2587 121 22 satisfactory
1983 2587 49 16 from
2045 2586 33 17 the
2095 2586 20 17 £.
2133 2592 14 11 s.
2166 2586 17 17 d.
2201 2587 55 21 point
2267 2587 21 17 of

1849 2611 53 16 view.
1928 2610 28 17 Dr
1965 2609 79 18 Ginders
2053 2615 38 11 was
2101 2610 19 16 in
2132 2610 32 17 the
2181 2609 53 18 chair
2250 2610 38 17 and

1849 2633 88 23 prefaced
1953 2634 33 16 the
2002 2632 129 18 introduction
2149 2633 20 17 of
2189 2633 32 17 the
2242 2639 33 16 pro-

1849 2663 85 16 gramme
1943 2656 46 18 with
2001 2662 11 11 a
2021 2656 36 17 few
2066 2656 84 18 remarks
2166 2657 107 17 commenda-

1849 2682 43 20 tory
1902 2681 19 17 of
1930 2680 32 17 the
1971 2679 115 18 institution.
2112 2679 88 18 Pressure
2214 2686 23 11 on
2253 2686 35 11 our

1849 2710 55 16 space
1914 2703 72 18 forbids
1995 2703 35 17 but
2039 2703 32 17 the
2084 2703 70 18 merest
2166 2703 85 18 mention
2268 2704 20 17 of

1849 2727 54 17 those
1912 2727 43 16 who
1964 2732 49 17 gave
2025 2726 50 17 their
2089 2726 79 17 services
2184 2728 20 15 to
2220 2727 68 17 render

1849 2750 33 17 the
1891 2750 146 18 entertainment
2046 2750 108 16 successful.
2180 2750 38 17 The
2231 2756 45 11 voca-

1849 2773 42 17 lists
1900 2779 47 11 were
1956 2773 107 17 Mesdaines
2072 2773 46 17 Keir
2127 2773 37 17 and
2170 2773 78 20 Wilson,
2255 2774 33 16 the

1849 2797 68 17 Misses
1926 2796 91 19 Griffiths,
2027 2796 61 20 Cross,
2098 2796 84 22 Malfroy
2191 2796 38 17 and
2241 2797 35 17 Bat-

1849 2822 28 20 ty,
1887 2820 37 17 and
1929 2820 70 17 Messrs
2008 2819 86 21 Webber,
2105 2819 75 20 Parata,
2196 2820 92 17 Williams

1850 2843 38 17 and
1902 2844 20 16 C.
1938 2843 38 17 and
1992 2843 19 17 J.
2030 2843 61 17 Cross.
2125 2843 66 17 Misses
2208 2843 80 17 Ginders

1851 2866 37 17 and
1901 2867 55 17 Cross
1964 2866 70 22 played
2042 2865 34 18 the
2084 2866 75 17 various
2168 2867 108 21 accompani-

1851 2891 66 16 ments.
1943 2890 27 17 At
1978 2890 33 16 the
2018 2889 108 18 conclusion
2135 2890 21 16 of
2164 2890 32 17 the
2213 2891 76 16 concert

1850 2913 83 22 dancing
1940 2919 38 11 was
1987 2912 77 18 entered
2069 2913 42 17 into
2117 2912 46 18 with
2170 2913 57 17 much
2234 2913 55 22 spirit

1851 2936 38 17 and
1926 2936 32 17 the
1975 2936 86 21 glowing
2077 2936 58 16 hours
2151 2942 49 11 were
2220 2937 69 17 chased

1851 2959 47 18 with
1906 2959 62 23 flying
1976 2960 38 17 feet
2043 2959 30 17 till
2086 2959 74 22 shortly
2176 2959 50 18 after
2239 2959 37 18 mid-

1850 2983 62 21 night.
1946 2983 16 16 A
1981 2982 67 17 liberal
2064 2982 70 22 supply
2147 2982 21 17 of
2182 2983 107 17 toothsome

1851 3006 97 17 delicacies
1968 3011 39 13 was
2023 3006 91 21 provided
2134 3006 26 21 by
2182 3006 107 18 Mesdames

1851 3029 64 21 Brent,
1926 3029 92 21 Griffiths,
2035 3029 91 22 Malfroy,
2142 3025 95 21 Morrison
2251 3029 38 17 and

1851 3053 75 16 Purcell
1935 3053 38 16 and
1981 3053 32 16 Mr
2023 3052 86 17 Samson.
2140 3053 39 16 The
2191 3053 60 17 whole
2270 3053 19 17 of

1851 3076 32 17 the
1896 3076 142 22 arrangements
2055 3081 48 12 were
2116 3076 20 16 in
2149 3076 33 17 the
2195 3076 60 17 hands
2270 3077 19 16 of

1851 3099 70 17 Messrs
1929 3098 87 21 Webber,
2032 3099 93 17 Williams
2138 3099 37 17 and
2192 3099 70 20 Boord,
2269 3101 20 15 to

1851 3122 63 17 whom
1922 3123 33 16 the
1964 3123 38 16 rest
2011 3123 20 16 of
2036 3122 33 17 the
2084 3123 152 17 committeemen
2250 3128 39 12 owe

1851 3152 11 10 a
1871 3145 46 18 debt
1925 3145 20 18 of
1954 3145 103 23 gratitude.

1852 3177 53 17 THE
1929 3177 97 17 WHOLE
2044 3177 101 17 SYSTEM
2162 3177 24 17 IS
2203 3177 86 17 TONED

1853 3231 16 17 A
1878 3236 41 12 new
1928 3231 81 22 impulse
2018 3231 15 17 is
2041 3231 55 22 given
2107 3232 19 16 to
2140 3231 33 17 the
2180 3231 109 18 circulation

1852 3254 26 21 by
1903 3254 43 17 that
1977 3254 92 17 esteemed
2102 3254 51 17 tonic
2160 3264 8 3 -
2173 3254 116 23 invigorant,

1853 3277 77 17 Wolfe's
1959 3277 104 22 Schnapps,
2089 3277 62 17 which
2173 3278 15 16 is
2210 3278 40 17 also
2267 3283 22 11 an

1853 3300 99 23 agreeable
1960 3301 99 22 beverage.

2015 3352 107 23 TAUPO.

1887 3409 64 23 [FROM
1964 3413 41 13 OUlt
2018 3413 45 13 OWN
2073 3410 187 22 CORRESPONDENT.]

1882 3436 43 19 The
1934 3436 58 25 place
2002 3443 41 12 was
2054 3436 107 20 enlivened
2181 3438 111 18 somowlmt

1856 3462 28 25 by
1902 3462 35 19 the
1957 3462 111 25 gathering
2084 3463 21 18 of
2124 3463 35 19 the
2169 3463 122 20 Wharetoto

1856 3488 69 19 native
1945 3495 78 12 ownerd
2042 3488 103 25 receiving
2161 3489 53 18 their
2237 3490 44 19 half-

1856 3514 71 25 yearly
1936 3517 56 16 rents
2002 3514 66 19 which
2084 3514 40 19 had
2136 3515 51 18 been
2206 3515 86 24 delayed

1858 3540 89 25 through
1962 3546 56 13 some
2035 3540 203 26 mi«understanding
2254 3542 24 18 be-

1858 3569 63 16 tweon
1933 3566 74 19 lessees
2018 3566 38 18 and
2067 3566 74 19 lessors
2150 3573 23 12 as
2181 3571 20 14 to
2213 3568 77 18 certain

1858 3592 125 20 deductions.
2004 3592 43 19 The
2055 3594 73 18 matter
2137 3599 47 15 was,
2192 3593 99 24 however,

1858 3618 101 24 amicably
1969 3618 101 23 arranged
2080 3619 40 18 and
2127 3619 39 18 due
2174 3619 66 19 notice
2252 3627 41 11 was

1859 3645 60 24 given
1929 3645 21 17 of
1960 3644 35 19 the
2003 3644 86 19 reduced
2100 3648 107 21 payments
2214 3646 33 18 for
2258 3646 35 19 the

1858 3672 49 17 next
1917 3676 38 19 pay
1964 3670 46 25 day.
2039 3670 34 18 Mr
2082 3670 64 24 Main,
2164 3678 99 19 manager
2272 3672 22 19 of

1859 3696 34 19 the
1904 3696 54 18 Loch
1978 3699 60 15 inver
2059 3696 85 24 Station,
2164 3699 129 24 represented

1859 3722 35 18 the
1903 3722 81 19 Estates
1993 3723 42 22 Co.,
2047 3722 49 19 with
2113 3723 34 19 the
2167 3723 33 19 aid
2218 3725 21 17 of
2261 3724 33 20 Mr

1859 3748 54 18 John
1929 3747 104 24 E.Grace,
2046 3748 104 23 'l'okaanu,
2166 3749 127 26 interpreter.

1886 3773 102 26 Kuapohu
1998 3780 41 13 was
2049 3774 98 20 observed
2157 3779 21 15 to
2184 3775 25 20 be
2219 3779 60 16 steam-

1859 3800 37 24 ing
1906 3800 34 18 the
1950 3800 59 19 other
2019 3801 39 24 day
2070 3801 53 18 after
2133 3808 12 12 a
2154 3801 66 25 heavy
2230 3802 37 19 fall
2274 3803 21 19 of

1861 3833 54 12 snow
1926 3826 84 19 thereon
2020 3826 37 19 but
2068 3827 87 25 nothing
2165 3828 21 18 of
2206 3832 89 16 moment

1861 3852 37 18 has
1906 3852 52 19 been
1968 3852 94 25 reported
2072 3859 21 12 so
2103 3853 39 20 far.

1887 3878 42 18 The
1955 3878 65 25 heavy
2039 3878 55 19 rains
2113 3886 53 13 were
2184 3881 112 19 somewhat

1861 3904 129 18 detrimental
2000 3907 21 16 to
2031 3904 34 19 the
2076 3911 60 19 many
2147 3906 48 19 road
2206 3907 90 25 cuttings

1861 3929 50 19 both
1920 3930 60 19 north
1992 3930 40 19 and
2040 3931 60 18 south
2109 3931 38 19 but
2155 3932 49 19 with
2211 3932 35 19 the
2253 3933 29 20 Go-

1861 3958 105 17 vernment
1976 3956 49 19 road
2035 3957 49 18 staff
2094 3957 33 19 tho
2138 3958 39 19 few
2188 3958 49 25 slips
2244 3965 52 13 were

1862 3987 48 13 soon
1920 3981 79 20 cleared
2011 3983 39 18 and
2070 3983 52 19 little
2141 3990 23 12 or
2182 3991 26 12 no
2227 3985 58 19 incon-

1861 4007 96 19 vonieuco
1981 4008 73 19 caused
2077 4012 20 16 to
2124 4010 35 19 tho
2188 4010 110 26 travelling

1861 4033 75 25 pubic.

1889 4060 44 18 (>ur
1950 4060 70 25 acting
2036 4062 127 23 postmaster,
2174 4061 33 20 Mr
2225 4062 20 19 J.
2262 4063 34 20 W.

1863 4085 82 19 Salmon
1962 4087 38 18 has
2018 4086 52 19 been
2089 4087 86 19 recalled
2194 4088 59 19 home
2273 4096 25 12 on

1863 4113 86 17 account
1973 4112 21 18 of
2012 4112 90 20 sickness
2120 4113 21 19 in
2164 4114 33 19 his
2220 4115 77 25 family.

2328 85 40 20 His
2378 85 67 20 duties
2455 91 34 13 are
2498 85 63 24 being
2570 83 116 27 performed
2696 83 28 24 by
2731 83 33 19 his

2327 111 89 23 brother,
2428 111 33 19 Mr
2470 111 61 19 Thos.
2540 111 83 19 Salmon
2633 110 32 19 for
2675 109 35 19 the
2726 109 38 19 few

2327 137 56 25 days'
2393 137 75 25 respite
2477 137 94 24 granted.

2354 163 93 24 Nothing
2456 169 65 13 seems
2531 166 21 16 to
2561 163 26 19 be
2602 161 83 20 decided
2702 168 24 12 as
2743 163 21 17 to

2327 189 66 24 filling
2402 189 35 19 the
2446 190 73 18 vacant
2527 188 171 26 postmastership
2717 187 47 19 here

2327 215 37 19 but
2374 215 16 19 it
2400 215 18 18 is
2426 215 67 24 hoped
2506 214 45 20 that
2571 215 32 18 for
2621 215 35 18 the
2673 214 50 18 sake
2743 213 21 19 of

2327 241 34 19 the
2372 240 68 20 school
2450 247 87 18 average
2551 241 45 18 that
2616 248 12 12 a
2646 240 118 24 gentleman

2327 267 49 19 with
2412 266 52 20 olive
2477 266 102 20 branches
2618 273 47 18 may
2682 266 26 18 be
2728 272 36 18 ap~

2326 293 90 24 pointed,
2437 299 21 12 so
2477 293 46 19 that
2541 299 30 13 we
2590 299 46 18 may
2646 292 25 19 be
2680 291 47 20 able
2743 295 21 15 to

2326 319 66 19 retain
2401 324 38 13 our
2449 321 81 22 present
2541 318 159 20 schoolteacher.

2353 345 77 25 Taupo,
2441 345 48 24 July
2505 344 54 24 18th,
2573 346 57 17 1896.

2383 393 313 32 CORRESPONDENCE.

2350 449 53 17 THE
2508 447 138 18 WOMAN'S"
2662 447 76 17 BATH.

2451 495 27 16 To
2491 499 42 13 the
2545 495 86 19 Editor,

2349 523 41 21 SIE,
2392 524 52 17 —Re
2453 524 78 22 naming
2540 524 32 16 the
2581 523 59 17 ladies
2647 528 44 12 new
2700 522 50 17 swim-

2326 547 53 22 ming
2385 547 22 17 ha
2410 547 20 17 th
2437 545 3 24 :
2450 547 60 22 Ifyou
2515 547 37 17 will
2556 547 44 16 turn
2604 547 20 16 to
2628 545 32 18 the
2667 545 33 18 sth
2705 545 45 23 chap-

2326 571 29 16 ter
2364 571 20 16 of
2391 570 33 17 the
2433 570 69 22 Gospel
2510 569 103 23 according
2621 570 21 15 to
2651 568 23 18 St
2682 568 51 17 John
2743 571 20 14 at

2326 593 33 17 the
2367 593 44 19 2nd,
2421 593 33 17 3rd
2463 593 38 17 and
2510 593 34 17 4th
2552 598 62 12 verses
2623 598 37 16 you
2670 592 40 17 will
2723 592 39 17 find

2325 616 53 17 these
2386 617 61 17 words
2454 615 4 19 :
2490 617 49 17 Now
2548 616 53 17 there
2609 615 16 17 is
2630 617 21 15 at
2657 615 105 17 Jerusalem

2325 639 26 22 by
2367 639 32 18 the
2417 639 56 23 sheep
2489 639 75 18 market
2576 645 12 11 a
2601 638 50 23 pool,
2668 638 62 17 which
2747 639 15 16 is

2326 662 59 17 called
2393 662 21 17 in
2426 663 33 16 the
2472 663 82 17 Hebrew
2571 664 73 21 tongue
2660 662 101 20 Botliesda,

2326 686 70 21 having
2405 686 36 17 five
2449 686 85 21 porches.
2560 686 23 17 In
2593 686 53 16 these
2652 685 32 22 lay
2691 691 12 11 a
2708 686 54 21 great

2324 709 102 17 multitude
2435 709 21 17 of
2463 709 95 22 impotent
2566 708 47 21 folk,
2621 709 21 16 of
2647 708 60 19 blind,
2715 704 45 24 halt,

2324 731 97 20 withered,
2432 732 79 23 waiting
2520 733 30 16 for
2562 732 33 17 the
2603 731 79 22 moving
2696 731 20 18 of
2731 731 31 18 the

2325 756 63 16 water.
2414 755 38 17 For
2460 761 24 11 an
2501 756 57 21 angel
2574 757 51 15 went
2642 754 56 18 down
2715 756 21 16 at
2752 761 11 11 a

2324 778 70 18 certain
2404 784 65 12 season
2477 778 41 18 into
2525 779 33 17 the
2567 778 51 23 pool,
2627 778 39 17 and
2675 778 87 17 troubled

2324 802 32 17 the
2364 803 70 20 wafer;
2444 802 108 16 whosoever
2560 802 46 16 then
2614 801 47 20 first,
2672 801 50 17 after
2731 801 31 17 the

2324 825 99 22 troubling
2433 825 20 17 of
2460 825 33 17 the
2510 826 64 20 water,
2592 824 79 23 stepped
2687 824 21 17 in
2724 830 38 12 was

2324 848 54 17 made
2398 848 61 17 whole
2480 848 21 17 of
2517 848 117 17 whatsoever
2650 848 72 17 disease
2738 848 24 17 he

2406 871 55 21 Now,
2472 871 34 21 Sir,
2516 871 39 18 this
2568 873 52 15 must
2633 871 24 17 be
2671 872 43 16 true
2728 871 22 17 be-

2324 900 54 12 cause
2387 895 15 16 it
2411 895 15 17 is
2435 895 19 16 in
2461 895 33 16 the
2503 895 59 20 Bible,
2570 895 38 17 and
2616 895 16 16 if
2640 896 43 15 true
2692 894 70 23 during

2323 918 32 17 the
2369 918 42 17 first
2425 919 79 21 century
2516 918 20 17 in
2550 918 31 17 old
2595 917 106 18 Jerusalem
2717 918 45 21 why

2322 942 35 16 not
2365 941 20 17 in
2393 941 84 17 Rotorua
2486 943 19 15 at
2513 941 33 17 the
2559 941 49 18 close
2621 942 21 17 of
2658 941 33 17 the
2707 941 43 17 nine-

2322 965 66 17 teenth
2395 965 9 17 ?
2417 965 50 16 Here
2477 970 28 12 we
2514 965 48 16 have
2578 971 12 11 a
2606 964 44 23 pool
2667 964 63 17 which
2747 964 14 17 is

2322 989 35 16 not
2365 989 21 16 to
2394 987 87 18 troubled
2490 987 123 23 periodically
2628 987 28 23 by
2672 994 12 10 a
2701 987 60 23 single

2322 1011 57 22 angel
2388 1011 35 17 but
2432 1011 25 22 by
2466 1017 11 11 a
2486 1011 102 18 multitude
2597 1012 21 17 of
2627 1011 66 23 angels
2710 1010 51 23 daily

2322 1034 38 17 and
2369 1034 25 17 all
2403 1034 38 22 day
2453 1034 52 23 long.
2531 1035 57 17 What
2605 1041 11 11 a
2633 1034 62 23 grand
2709 1034 51 17 show

2322 1058 30 16 for
2360 1058 92 22 suffering
2459 1057 101 23 humanity
2567 1057 4 23 !
2585 1059 20 16 Is
2615 1057 47 18 faith
2672 1064 39 15 any
2725 1057 35 17 less

2322 1081 46 16 than
2386 1081 14 17 it
2416 1086 38 12 was
2467 1081 87 23 eighteen
2569 1081 93 18 centuries
2677 1086 38 18 ago
2722 1081 9 17 ?
2750 1081 10 17 I

2322 1104 54 17 think
2386 1106 39 15 not.
2451 1104 19 17 Is
2479 1105 48 16 faith
2538 1104 38 17 still
2613 1105 32 16 the
2660 1104 100 17 substance

2321 1128 20 16 of
2350 1128 66 21 things
2425 1127 61 22 hoped
2495 1128 30 17 for
2553 1134 20 11 as
2582 1128 32 17 the
2623 1128 80 22 Apostle
2712 1127 48 17 Paul

2320 1151 44 17 tells
2373 1156 21 12 us
2401 1151 9 17 ?
2419 1151 18 16 If
2446 1156 26 15 so,
2482 1156 28 12 we
2522 1151 56 17 know
2588 1151 43 17 that
2644 1151 33 17 the

2320 1174 63 22 hoped
2393 1175 30 16 for
2449 1174 25 22 by
2483 1180 35 11 our
2526 1174 81 17 invalids
2616 1175 15 16 is
2637 1180 10 11 a
2656 1180 51 14 cure,
2713 1180 35 11 con-

2320 1198 101 22 sequently
2429 1198 48 16 faith
2486 1198 38 16 and
2533 1204 43 11 cure
2592 1198 68 17 should
2672 1198 25 17 be
2713 1203 34 12 con-

2320 1220 79 18 vertible
2412 1222 62 16 terms.
2500 1221 72 22 Happy
2586 1220 97 23 Rotorua!
2702 1221 57 17 What

2320 1250 9 10 a
2340 1245 50 16 vista
2399 1245 20 16 of
2426 1244 74 17 infinite
2508 1244 121 23 possibilities
2643 1245 34 16 lies
2694 1244 65 17 before

2320 1267 85 18 thee.—l
2414 1273 37 15 am,
2462 1267 39 21 &c.,

2642 1291 68 17 Nemo.

2961 83 98 17 Finance.

2378 1344 76 17 TOWN
2466 1344 87 17 BOARD
2567 1344 121 17 MEETING.

2342 1390 39 17 The
2402 1390 55 17 usual
2474 1390 88 22 monthly
2578 1391 85 22 meeting
2680 1391 21 17 of
2725 1391 32 17 the

2319 1414 57 16 Town
2386 1413 63 18 Board
2458 1419 38 11 was
2513 1414 44 17 held
2573 1414 20 17 in
2610 1414 31 17 Mr
2656 1414 101 22 Mitlfroy's

2318 1437 53 17 office
2382 1443 22 11 on
2415 1436 99 23 Thursday
2522 1437 106 17 afternoon.
2655 1438 78 17 Present
2736 1447 21 2 —

2318 1460 71 17 Messrs
2398 1460 21 18 C.
2429 1459 84 23 Malfroy
2523 1459 73 25 (chair),
2607 1461 64 21 Brent,
2679 1461 78 22 Dansey

2317 1484 38 16 and
2364 1484 29 17 Dr
2401 1483 85 18 Ginders.

2436 1515 193 18 Correspondence.

2341 1547 56 18 From
2408 1547 33 17 the
2450 1547 85 22 Railway
2550 1548 133 22 Department,
2691 1548 20 17 in
2726 1554 20 11 re-

2317 1571 47 22 gard
2374 1572 20 16 to
2402 1571 33 17 the
2444 1571 84 22 running
2536 1571 20 17 of
2566 1577 10 11 a
2590 1571 72 22 weekly
2678 1577 77 17 express

2316 1595 30 16 for
2354 1594 33 18 the
2399 1594 125 18 convenience
2540 1594 21 17 of
2577 1594 86 21 invalids,
2683 1595 73 22 stating

2316 1617 42 17 that
2368 1617 32 18 the
2408 1623 104 17 passenger
2525 1617 61 18 traffic
2600 1623 38 12 was
2653 1623 43 12 now
2709 1624 47 16 very

2316 1640 52 23 light
2375 1641 38 17 and
2422 1640 62 17 would
2500 1642 33 15 not
2547 1642 83 16 warrant
2644 1641 33 17 the
2695 1641 48 23 adop-

2315 1664 41 17 tion
2365 1664 20 18 of
2394 1664 33 17 the
2435 1664 79 18 Board's
2523 1664 117 23 suggestion.

2340 1687 56 18 From
2406 1688 31 16 the
2447 1693 91 17 manager
2546 1688 20 16 of
2575 1688 32 16 the
2616 1687 54 17 Bank
2681 1688 19 16 of
2707 1688 47 17 New

2314 1711 89 20 Zealand,
2414 1708 105 23 Auckland,
2530 1710 87 23 drawing
2627 1711 33 17 the
2675 1711 79 18 Board's

2314 1735 94 17 attention
2418 1736 19 16 to
2446 1734 33 17 the
2488 1734 39 17 fact
2535 1734 43 17 that
2587 1734 70 17 certain
2673 1735 81 22 cheques

2314 1758 62 18 issued
2392 1764 49 12 were
2456 1759 34 16 not
2507 1758 92 23 stamped.
2629 1758 32 17 Mr
2677 1758 77 23 Dansey

2314 1782 62 17 stated
2386 1782 43 17 that
2437 1782 24 17 he
2470 1781 39 17 had
2517 1781 94 17 informed
2621 1781 32 17 the
2662 1788 92 16 manager

2314 1806 21 16 of
2343 1806 32 17 the
2383 1805 56 18 Bank
2448 1805 42 17 that
2500 1805 45 17 such
2554 1811 39 11 was
2606 1806 34 16 not
2655 1811 98 17 necessary

2316 1835 22 10 jii
2347 1829 32 17 the
2389 1829 78 17 Board's
2478 1828 80 23 cheques
2568 1828 102 22 according
2685 1830 20 15 to
2720 1828 33 17 the

2314 1852 81 18 decision
2404 1852 21 18 of
2433 1852 32 17 the
2478 1852 68 17 Crown
2563 1851 46 17 Law
2627 1852 77 17 Officers
2721 1853 31 16 ten

2314 1881 54 17 years
2376 1882 44 16 ago.

2338 1899 56 18 From
2403 1899 33 17 the
2444 1899 126 22 Department
2580 1899 20 16 of
2608 1898 70 20 Lands,
2690 1899 19 16 in
2723 1905 20 11 re-

2313 1922 48 22 gard
2371 1924 19 15 to
2399 1922 33 17 the
2446 1927 71 12 arrears
2531 1922 20 17 of
2565 1923 43 16 rent
2624 1922 36 17 due
2679 1928 24 11 on
2721 1922 31 17 the

2312 1946 50 17 lease
2371 1946 21 17 of
2399 1946 33 17 the
2441 1945 68 17 Palace
2518 1945 58 17 Hotel
2592 1945 31 17 old
2639 1946 40 16 site.
2711 1946 27 16 Ex-

2312 1970 59 16 tracts
2380 1969 49 17 from
2446 1969 32 17 the
2495 1969 50 17 lease
2562 1969 20 16 in
2599 1969 86 22 question
2703 1974 49 12 were

2312 1992 87 18 enclosed
2408 1992 37 17 and
2455 1993 31 16 the
2500 1992 77 22 opinion
2595 1992 101 22 expressed
2709 1992 43 17 that

2312 2016 102 22 according
2424 2017 19 16 to
2452 2016 53 17 these
2514 2016 32 16 the
2556 2015 82 17 removal
2653 2016 19 16 of
2688 2016 52 17 build-

2312 2039 42 22 ings
2362 2038 113 18 terminated
2484 2038 33 18 the
2530 2039 54 17 lease.

2336 2063 56 17 From
2402 2063 32 16 Mr
2443 2063 20 17 C.
2479 2063 22 17 E.
2517 2062 70 17 Nelson
2603 2062 70 21 calling
2687 2063 52 16 atten-

2311 2085 41 18 tion
2362 2087 20 16 to
2390 2086 33 17 the
2432 2085 113 23 impassable
2554 2085 97 17 condition
2660 2085 21 17 of
2690 2092 10 9 a
2705 2091 33 16 por-

2311 2109 39 16 tion
2361 2110 20 16 of
2390 2110 73 16 Fenton
2474 2109 61 17 Street
2543 2108 79 23 leading
2630 2110 20 15 to
2658 2108 34 17 the
2699 2109 38 22 Gey-

2311 2138 29 11 ser
2349 2132 64 18 Hotel.
2440 2132 31 17 Mr
2483 2132 85 22 Malfroy
2582 2131 62 18 stated
2658 2132 44 16 that
2719 2134 31 15 the

2311 2157 70 16 matter
2387 2155 38 18 had
2434 2155 47 17 been
2490 2155 90 17 attended
2590 2157 26 15 to.

2335 2179 57 18 From
2408 2179 33 17 Mr
2456 2179 18 17 J.
2493 2179 26 18 H.
2536 2178 71 22 Taylor
2623 2178 127 24 anticipating

2310 2202 44 17 that
2363 2203 32 16 the
2404 2202 63 17 Board
2480 2202 63 17 would
2558 2202 74 22 shortly
2648 2202 74 22 require
2740 2209 10 10 a

2311 2226 40 17 safe
2359 2226 38 17 and
2406 2226 81 21 offering
2495 2232 36 11 one
2540 2226 20 16 of
2573 2225 86 21 Milner,s
2668 2226 30 16 for
2703 2225 45 18 £2O.

2310 2249 39 17 The
2357 2251 72 15 matter
2437 2255 37 11 was
2489 2249 34 17 left
2538 2249 19 17 in
2571 2249 94 21 abeyance
2680 2249 20 16 in
2717 2249 32 17 the

2310 2273 108 17 meantime.
2444 2273 38 17 The
2491 2273 103 17 Chairman
2599 2272 63 17 stated
2668 2272 44 17 that
2718 2273 32 16 Mi-

2310 2296 85 22 Taylor's
2404 2301 91 15 manager
2503 2296 37 17 had
2550 2295 70 18 offered
2635 2296 34 16 300
2686 2297 63 16 totara

2310 2321 52 20 posts
2372 2320 30 16 for
2410 2319 26 17 £4
2448 2320 30 16 15s
2486 2325 35 16 per
2533 2320 39 16 100.
2606 2319 26 17 As
2649 2319 32 17 the
2698 2319 51 22 price

2310 2348 39 12 was
2357 2343 38 17 low
2403 2342 38 18 and
2450 2343 33 17 the
2491 2345 52 20 posts
2559 2348 48 12 were
2620 2342 88 22 required
2720 2343 29 17 for

2310 2366 77 20 fencing
2396 2372 90 16 purposes
2502 2366 24 17 he
2545 2366 63 17 would
2625 2366 64 17 advise
2706 2366 42 17 that

2310 2389 32 17 the
2352 2390 46 16 offer
2405 2390 24 16 be
2437 2390 95 22 accepted.
2558 2389 75 22 Agreed
2642 2390 26 16 to.

2334 2413 56 17 From
2413 2413 33 17 the
2468 2413 146 17 Commissioner
2639 2413 21 16 of
2680 2413 68 17 Crown

2309 2436 65 18 Lands
2388 2436 69 23 asking
2471 2436 32 17 the
2520 2436 63 17 Board
2601 2438 19 15 to
2636 2440 67 13 ensure
2716 2436 33 17 the

2309 2460 69 17 service
2387 2460 21 17 of
2415 2466 12 11 a
2436 2465 95 12 summons
2544 2466 24 11 on
2585 2460 32 17 Mr
2633 2459 70 22 Taylor
2719 2460 30 17 for

2309 2484 87 21 refusing
2404 2484 21 16 to
2434 2489 74 11 remove
2517 2484 28 16 his
2555 2484 58 16 house
2623 2483 47 17 from
2684 2482 51 19 Puke-

2309 2512 33 12 roa
2364 2506 38 18 and
2418 2506 73 23 stating
2507 2506 44 18 that
2567 2506 33 18 the
2620 2506 129 18 Government

2309 2530 77 17 insisted
2404 2536 24 11 oil
2446 2530 29 16 his
2491 2530 58 22 being
2566 2529 67 18 ousted
2650 2530 48 17 from
2716 2531 32 17 the

2309 2559 78 12 reserve.
2404 2553 32 17 Mr
2444 2553 77 22 Dansey
2530 2555 13 16 si
2548 2553 44 18 ated
2601 2553 42 18 that
2652 2553 32 18 the
2693 2554 54 17 usual

2309 2579 51 20 steps
2368 2576 38 18 had
2413 2577 48 16 been
2470 2576 63 17 taken.

2333 2600 56 18 From
2399 2600 32 17 the
2440 2600 46 17 Post
2494 2600 37 17 and
2543 2600 105 23 Telegraph
2665 2600 71 23 Depart-

2309 2625 52 16 ment
2377 2623 68 18 askinc
2459 2623 43 17 that
2518 2623 105 23 duplicates
2640 2624 20 16 of
2676 2625 71 16 certain

2309 2647 81 22 cheques
2399 2647 60 17 which
2470 2646 36 17 hail
2516 2647 46 16 been
2572 2647 61 17 stolen
2646 2647 49 17 from
2716 2648 32 17 the

2309 2670 47 17 Post
2365 2670 58 17 Office
2432 2670 67 17 should
2508 2670 23 17 be
2540 2670 69 17 issued.
2622 2670 39 17 The
2667 2670 81 23 cheques

2309 2693 104 18 amounted
2422 2694 19 16 in
2450 2693 32 17 the
2491 2695 105 21 aggregate
2605 2694 20 16 to
2634 2693 38 18 £lO
2683 2695 31 17 17s
2724 2695 24 17 3d

2309 2717 39 17 and
2356 2723 50 11 none
2415 2717 21 17 of
2443 2717 52 17 them
2505 2717 37 17 had
2550 2717 48 17 been
2607 2717 100 22 presented
2719 2718 30 17 for

2309 2742 97 20 payment.
2432 2740 39 17 The
2481 2740 50 17 clerk
2546 2746 38 11 was
2597 2740 105 17 instructed
2716 2747 21 12 ac-

2310 2764 99 21 cordingly
2418 2764 38 16 and
2465 2763 38 17 also
2513 2763 76 17 advised
2603 2764 19 16 to
2636 2764 63 22 notify
2716 2766 32 16 the

2309 2787 51 17 bank
2370 2788 19 16 at
2398 2787 100 22 Tauranga
2507 2787 21 17 of
2536 2787 32 17 the
2577 2787 89 17 numbers
2681 2788 21 17 of
2716 2788 33 18 the

2311 2811 80 22 cheques
2399 2810 61 17 which
2469 2809 37 18 had
2515 2810 47 17 been
2571 2810 86 22 stopped.
2684 2811 18 17 It
2710 2818 39 11 was

2310 2833 99 23 explained
2418 2833 44 18 that
2470 2834 50 16 since
2528 2834 33 16 the
2570 2834 46 17 Post
2631 2834 59 18 Office
2703 2835 33 18 rob-

2309 2857 47 22 bery
2364 2857 33 17 the
2406 2856 78 18 Board's
2493 2858 80 16 account
2582 2856 38 18 had
2628 2857 46 17 been
2684 2859 54 17 trans-

2310 2880 63 18 ferred
2382 2881 50 16 from
2445 2881 100 20 Tauranga
2561 2881 19 16 to
2597 2881 106 20 Auckland,
2714 2882 35 17 but

2310 2905 20 16 to
2340 2903 54 18 make
2403 2904 78 17 matters
2490 2909 50 11 more
2549 2909 64 12 secure
2621 2903 16 18 it
2645 2905 64 17 would
2726 2905 23 18 be

2310 2927 43 17 best
2367 2928 20 16 to
2401 2926 62 22 notify
2476 2926 33 17 the
2525 2926 51 17 bank
2592 2928 21 16 at
2629 2927 33 18 the
2679 2928 71 18 former

2310 2950 53 23 place
2373 2950 18 17 in
2401 2955 41 12 case
2453 2949 31 17 the
2499 2950 81 22 cheques
2592 2950 64 23 might
2669 2951 23 17 be
2705 2958 33 16 pre-

2310 2973 66 18 sented
2382 2973 59 17 there.

2335 2997 55 17 From
2411 2997 33 16 Mr
2460 2996 19 17 T.
2497 2995 100 23 TJrquliart
2613 2997 21 17 of
2650 2998 32 17 the
2698 2999 51 17 Lake

2310 3020 66 17 House
2385 3020 59 17 Hotel
2453 3019 85 23 drawing
2547 3020 33 17 the
2592 3021 80 17 Board's
2685 3023 54 16 atten-

2311 3043 41 17 tion
2361 3044 20 16 to
2390 3044 32 16 the
2432 3044 48 16 state
2489 3042 20 18 of
2517 3043 33 17 the
2559 3044 90 20 roadway
2662 3044 19 17 in
2697 3046 53 17 front

2311 3067 21 17 of
2341 3067 32 17 the
2382 3066 57 18 hotel.
2465 3066 23 16 In
2496 3067 39 16 wet
2543 3067 84 17 weatL.T
2631 3068 53 18 there
2693 3074 38 12 was
2738 3075 11 11 a

2312 3089 127 18 considerable
2448 3089 139 18 accumulation
2597 3091 21 17 of
2627 3091 44 17 mud
2687 3092 62 17 whore

2311 3113 81 17 vehicles
2403 3113 51 17 drew
2463 3118 31 17 up.
2525 3113 45 17 Also
2585 3114 87 23 drawing
2685 3117 54 15 atten-

2311 3136 41 17 tion
2371 3138 21 15 to
2409 3136 32 17 tlie
2458 3135 106 19 inordinate
2579 3138 58 16 waste
2654 3138 20 17 of
2691 3140 59 15 water

2312 3159 84 22 through
2406 3159 32 17 the
2446 3160 50 16 want
2505 3159 20 17 of
2540 3167 10 9 a
2568 3160 96 18 ball-cock
2680 3162 22 16 at
2717 3162 33 17 the

2312 3183 71 22 trough
2400 3183 18 16 in
2430 3183 51 16 front
2490 3183 20 16 of
2517 3182 85 19 Lakin's.
2627 3184 39 17 The
2683 3185 55 17 Chair-

2312 3212 44 11 man
2372 3206 62 17 stated
2450 3206 43 17 that
2509 3212 12 11 a
2538 3212 52 16 press
2608 3208 19 16 of
2643 3208 53 17 work
2712 3209 38 16 had

2313 3229 69 17 caused
2389 3229 33 17 the
2429 3228 57 18 latter
2493 3230 70 16 matter
2571 3232 20 15 to
2600 3230 23 18 be
2630 3231 119 18 overlooked.

2313 3253 50 16 Both
2372 3253 84 21 requests
2465 3253 63 17 would
2537 3253 88 18 however
2631 3254 23 17 be
2660 3255 90 17 attended

2312 3277 27 16 to.

2337 3299 56 16 From
2408 3298 32 17 Mr
2454 3299 81 17 Mueller
2550 3300 110 24 regretting
2674 3301 30 17 his
2721 3301 20 17 in-

2313 3321 68 23 ability
2389 3324 20 14 to
2418 3322 67 17 attend
2493 3322 33 18 the
2535 3325 76 20 present
2620 3325 84 22 meeting
2713 3325 38 17 and

2314 3345 68 22 asking
2391 3345 43 17 that
2443 3345 32 17 the
2483 3345 46 18 time
2538 3347 63 21 might
2610 3347 22 17 be
2646 3348 71 17 altered
2731 3350 21 16 to

2314 3368 32 17 the
2355 3368 99 22 Thursday
2463 3369 49 17 after
2521 3369 32 18 the
2563 3370 65 17 fourth
2637 3371 86 23 Tuesday
2732 3371 20 18 in

2314 3391 45 17 each
2368 3392 68 16 month
2444 3392 19 17 in
2473 3392 69 18 future.
2568 3394 76 22 Agreed
2653 3395 26 16 to.

2483 3424 102 18 Tenders.

2338 3455 82 17 Tenders
2430 3461 47 11 were
2494 3456 84 18 received
2595 3463 20 11 as
2632 3458 74 18 follows
2723 3459 30 17 for

2314 3478 33 17 the
2357 3478 78 23 fencing
2443 3479 20 17 of
2471 3479 32 17 the
2512 3480 81 17 football
2603 3486 43 12 area
2655 3487 24 11 on
2688 3482 52 16 Puke-

2314 3507 34 11 roa
2356 3498 3 29 :
2361 3498 42 29 —J.
2413 3498 75 24 Galian,
2499 3503 20 17 6s
2529 3503 23 17 Gd
2570 3509 34 17 per
2620 3504 60 20 chain,
2699 3506 54 21 gates

2316 3524 26 18 £2
2351 3524 57 21 each;
2422 3525 45 17 Miri
2483 3531 11 12 o
2509 3526 104 21 Raukawa,
2632 3528 30 17 10s
2679 3528 24 17 9d
2720 3534 34 16 per

2315 3547 61 18 chain.
2403 3549 30 16 No
2442 3548 74 23 deposit
2524 3556 39 11 was
2570 3550 83 18 received
2663 3551 46 17 with
2721 3551 33 17 the

2315 3571 58 17 latter
2381 3571 67 18 tender
2456 3571 37 18 and
2502 3572 43 18 that
2553 3573 21 17 of
2587 3573 32 17 Mr
2632 3573 69 18 Galian
2715 3580 39 12 was

2315 3594 95 22 accepted.

2339 3618 38 16 For
2393 3618 32 17 the
2446 3618 99 23 Cemetery
2561 3625 73 12 reserve
2651 3618 63 23 fence:
2734 3620 19 19 J.

2316 3641 68 17 Galian
2392 3643 21 15 4s
2422 3641 25 17 (id
2455 3648 34 16 per
2498 3642 61 20 chain,
2570 3644 45 21 gate
2624 3643 26 18 £?
2667 3645 19 15 lis
2693 3641 4 24 ;
2723 3644 29 18 W.

2315 3663 25 18 D.
2351 3663 66 18 Carter
2425 3666 21 16 Gb
2455 3665 23 16 (id
2487 3671 34 17 per
2530 3666 61 17 chain.
2612 3667 39 17 The
2660 3667 67 17 tender
2735 3668 20 17 of

2315 3687 18 17 J.
2345 3687 68 18 Gullen
2422 3693 38 12 wag
2469 3689 95 21 accepted.

2340 3710 19 18 It
2369 3716 37 12 was
2415 3711 85 18 resolved
2509 3712 42 18 that
2561 3712 32 18 the
2603 3712 101 18 Chairman
2717 3714 38 17 and

2316 3733 32 17 Mr
2356 3734 77 23 Dansey
2446 3735 54 17 make
2517 3738 143 20 arrangements
2677 3737 30 17 for
2723 3737 32 17 the

2317 3756 160 24 disc-harrowing
2485 3758 20 17 of
2514 3758 32 17 the
2555 3760 53 16 town
2616 3759 46 18 bolt.

2448 3789 177 20 Tree-planting.

2340 3820 40 17 The
2389 3820 102 18 Chairman
2502 3822 83 17 referred
2601 3823 20 17 to
2639 3823 31 17 the
2685 3823 60 17 dpsira-

2316 3843 56 22 bility
2382 3844 20 16 of
2410 3844 89 23 planting
2504 3845 50 17 trees
2563 3845 59 23 along
2630 3846 32 17 the
2676 3846 81 18 Maketu

2317 3866 39 17 and
2363 3867 99 23 Cemetery
2470 3867 61 18 roads.
2557 3869 91 22 Amongst
2663 3870 32 16 the
2710 3871 47 16 trees

2318 3890 107 18 forwarded
2439 3890 25 23 by
2478 3891 32 17 the
2528 3891 87 23 Railway
2631 3893 126 22 Department

2318 3912 53 18 there
2382 3919 47 12 were
2440 3914 51 21 1,600
2500 3919 67 18 spruce
2576 3916 38 16 and
2629 3916 15 17 it
2657 3916 63 22 might
2734 3916 23 17 bo

2319 3936 96 17 advisable
2424 3939 20 15 to
2454 3943 32 11 use
2495 3937 52 18 tliem
2557 3938 30 17 for
2596 3939 32 17 the
2637 3945 87 16 purpose.
2738 3940 18 17 It

2320 3964 38 13 was
2368 3959 77 18 decided
2454 3960 43 17 that
2505 3961 38 17 this
2552 3961 70 18 should
2630 3963 23 16 be
2662 3962 49 18 done
2725 3962 32 18 the

2320 3984 48 15 trees
2374 3984 20 15 to
2400 3983 23 17 be
2432 3983 65 22 placed
2503 3984 60 17 about
2571 3985 53 17 three
2628 3987 20 16 to
2653 3986 33 17 the
2695 3985 61 19 chain.

2343 4006 32 16 Mr
2384 4006 76 23 Dansey
2469 4007 97 18 reminded
2575 4009 32 16 tho
2616 4008 63 18 Board
2687 4009 44 18 that
2748 4016 9 11 a

2319 4029 82 21 promise
2410 4029 38 17 had
2456 4030 47 17 been
2513 4030 54 18 made
2576 4037 51 11 some
2636 4032 46 18 tiino
2690 4038 38 17 ago
2738 4034 19 16 to

2320 4051 54 23 plant
2383 4052 33 17 tlie
2424 4053 52 22 slope
2488 4053 21 17 of
2523 4054 87 17 Pukeroa
2626 4055 88 22 fronting
2726 4056 31 17 the

2321 4075 50 17 main
2380 4076 52 17 road.
2458 4076 20 17 It
2486 4082 38 12 was
2533 4077 69 22 agreed
2611 4077 43 18 that
2662 4078 68 18 shrubs
2739 4079 18 17 of

2321 4098 75 18 various
2408 4098 55 18 kinds
2476 4098 37 18 and
2530 4100 54 17 those
2600 4102 51 16 most
2667 4102 59 22 likely
2738 4104 19 15 to

2320 4121 45 17 bind
2375 4122 33 17 the
2416 4122 35 17 soil
2460 4122 68 18 should
2536 4123 23 17 be
2568 4123 78 23 planted
2655 4126 21 16 at
2682 4131 53 12 once.

2811 113 39 17 The
2859 112 100 23 following
2966 115 89 16 accounts
3065 121 46 11 wero
3119 122 57 17 passed
3182 125 5 12 (

2787 133 151 28 payment:—E.
2948 137 106 17 Robertson
3063 138 37 18 and
3108 140 30 17 Co.
3155 143 20 18 £2
3181 133 17 28 ]■'

2788 159 34 21 8d;
2844 159 82 21 Kusabs,
2945 159 24 18 £1
2990 160 30 17 19s
3037 160 35 21 6d;
3093 162 43 19 Hot

2787 183 124 20 Chronicle,
2921 182 27 18 £2
2959 183 36 16 19s.

2810 206 39 17 The
2858 205 88 18 financial
2955 206 101 17 statement
3064 207 72 19 showed
3149 218 17 11 as
3176 215 5 17 f
3181 222 7 10 o
3190 205 2 29 ]

2786 229 46 17 lows
2840 228 4 25 :
2846 229 112 22 —Receipts
2966 228 3 25 :
2979 229 81 17 Balance
3067 230 46 18 from
3120 232 34 19 last
3158 228 40 25 stat/

2786 253 58 18 ment,
2867 251 47 18 £4ll
2936 253 30 16 18h
2984 251 30 21 7d,
3032 253 22 17 G.
3072 253 89 24 McAuley

2786 276 87 16 Pavilion
2882 275 51 17 Bath
2942 274 38 18 £lB
2990 276 26 19 7s,
3026 275 47 18 Blue
3082 277 48 18 Bat'i
3141 279 22 19 £4
3176 274 22 26 j-''

2787 298 84 23 Sulphur
2879 298 50 18 Bath
2940 298 25 18 £4
2976 299 31 16 12s
3016 299 30 17 6d.
3070 300 53 17 Total
3136 302 42 20 £i:;o

2788 322 28 16 Id.
2842 321 132 23 Expenditure
2981 316 4 31 :
2987 322 117 18 —Accounts
3112 316 87 31 passedLw'

2785 345 85 23 meeting
2879 344 38 18 £B(>
2928 345 31 16 18s
2974 344 30 21 3d,
3022 350 62 18 wages
3101 346 37 18 £.OO
3152 350 17 18 0s
3182 355 13 16 ij

2785 368 78 17 balance
2873 368 25 17 Cr
2907 368 87 17 Pukeroa
3002 368 86 17 Account
3096 369 45 18 £ll1
3150 373 18 17 10
3169 380 6 11 s
3180 370 19 24 9,]'

2785 392 57 16 Town
2853 391 62 17 Board
2924 392 88 16 Account
3020 391 47 17 £lßl
3078 393 20 17 9s
3107 393 28 18 9d.
3162 397 37 17 ToH

2785 414 50 17 £430
2844 420 21 12 os
2875 414 28 17 Id.
3197 407 2 25 1

2840 443 72 17 Board
2925 447 24 13 of
2961 443 88 17 Health
3062 444 100 21 Business.

2808 472 39 16 The
2864 471 102 17 Chairman
2983 471 62 17 stated
3061 472 42 17 that
3119 474 45 17 after
3180 479 21 18 th»

2785 494 84 23 meeting
2877 495 21 16 at
2907 493 62 18 which
2978 494 16 17 it
3001 494 39 17 had
3053 494 45 17 been
3111 495 68 22 decided
3188 504 13 16 to

2785 518 86 17 combine
2880 518 32 16 the
2921 517 62 17 offices
2992 518 21 16 of
3028 519 51 16 town
3096 519 54 19 clerk,
3166 523 34 21 clerk

2785 542 20 16 of
2813 541 68 19 works,
2891 541 40 18 &c.,
2947 540 39 17 mid
2999 540 36 18 call
3052 541 29 17 for
3097 543 104 23 application,

2785 564 127 21 accordingly,
2922 563 24 17 he
2955 563 39 17 had
3005 563 94 18 discussed
3105 565 31 17 the
3151 572 50 17 mutter

2784 587 47 17 with
2840 587 54 17 other
2903 586 99 21 member?,
3013 587 37 17 and
3061 587 20 17 in
3091 588 46 16 view
3152 591 17 16 of
3181 594 21 17 tli«

2784 610 107 22 possibility
2900 610 20 17 of
2929 611 34 16 not
2971 610 77 22 getting
3056 616 35 11 one
3100 617 42 12 man
3157 615 18 16 to
3185 617 16 18 do

2785 634 32 16 the
2833 634 28 17 lot
2878 634 15 16 it
2910 633 36 17 had
2962 633 46 17 been
3023 633 77 18 decided
3110 636 21 15 to
3139 637 46 18 make
3193 641 9 17 it

2785 656 96 23 optional;
2894 657 60 17 hence
2963 656 32 17 the
3004 657 73 22 change
3086 657 19 17 in
3113 658 31 17 the
3152 660 42 19 adver-

2784 680 89 17 tisement
2881 680 49 17 from
2940 680 32 17 tiie
2981 681 58 16 terms
3048 680 20 17 of
3072 680 33 17 the
3111 683 86 20 resolution

2784 703 90 17 Thirteen
2887 703 127 22 applications
3027 709 47 10 were
3091 704 44 17 then
3147 711 55 17 opened

2785 726 37 17 and
2830 726 46 18 read
2884 726 37 17 and
2931 726 33 18 the
2972 726 63 17 Board
3049 728 51 16 went
3114 727 9 17 i-
3136 729 17 16 io
3166 735 27 14 oom-

2785 750 65 17 mittee
2857 751 20 15 to
2887 749 86 17 consider
2982 749 32 17 the
3024 755 55 11 same.

2808 773 29 17 On
2846 773 98 22 resuming
2952 772 33 18 the
2994 772 102 17 Chairman
3105 775 57 17 stated
3173 777 29 19 that

2784 796 15 17 it
2807 796 39 17 had
2854 796 48 17 been
2911 796 77 17 decided
2997 797 21 16 to
3034 797 92 21 postpone
3142 799 61 25 making

2784 825 11 11 a
2804 819 89 17 selection
2901 819 31 17 till
2940 819 33 17 the
2981 819 46 17 30th
3035 820 39 16 inst
3082 820 20 16 to
3112 820 56 19 which
3173 823 30 20 date

2784 843 32 17 the
2825 843 85 21 meeting
2917 842 66 18 stands
2990 842 111 22 adjourned.

2932 888 134 18 FOOTBALL.

2772 935 1 22 j
2886 935 92 17 Maketu
2987 941 17 11 v.
3014 935 103 17 Rotorua.

2806 962 40 17 The
2855 962 63 17 match
2928 962 62 18 which
2999 962 46 18 took
3054 963 53 21 place
3118 969 25 11 on
3156 965 48 20 Puke,

2784 992 32 11 roa.
2837 992 24 11 on
2883 985 95 23 Saturday
2999 985 37 18 last
3056 985 84 19 between
3159 989 46 19 team*

2783 1008 132 23 representing
2923 1009 85 17 Rotorua
3018 1008 37 18 and
3063 1009 80 18 Maketu
3155 1017 32 13 was
3197 1021 8 10 a

2782 1038 46 16 very
2848 1032 48 17 hard
2918 1032 71 23 fought
3009 1038 42 12 one.
3088 1032 38 18 The
3145 1034 60 21 visitors

2783 1055 75 17 showed
2868 1055 113 17 themselves
2990 1057 20 15 to
3020 1055 23 17 be
3056 1056 42 17 well
3115 1062 26 17 up
3157 1057 16 17 in
3187 1060 18 18 all

2782 1079 32 17 the
2824 1079 57 17 latest
2890 1085 63 11 moves
2962 1079 20 17 of
2991 1079 32 17 the
3037 1085 55 17 game
3112 1079 36 18 and
3164 1083 42 18 made

2782 1102 34 17 but
2826 1102 37 17 few
2874 1102 97 17 mistakes.
2997 1102 19 17 It
3032 1102 64 23 might
3111 1103 46 17 with
3172 1111 25 12 con-

2782 1125 92 17 siderable
2883 1126 54 16 truth
2946 1125 23 17 be
2978 1125 41 17 said
3034 1126 41 17 that
3090 1126 45 22 they
3150 1127 56 23 played

2782 1149 62 17 better
2852 1149 47 16 than
2908 1149 33 17 the
2948 1149 50 17 local
3007 1154 49 12 men.
3073 1149 55 20 True,
3136 1150 70 20 Rotorua

2781 1172 37 17 had
2828 1173 34 16 not
2870 1172 26 22 by
2905 1178 38 16 any
2952 1178 65 11 means
3031 1172 25 17 its
3072 1172 36 17 full
3124 1174 82 23 strength,

2782 1196 85 20 Pelham,
2877 1195 23 17 G.
2914 1195 77 22 Dansey
3005 1196 38 16 and
3060 1196 85 17 Mitchell
3161 1197 46 25 being

2781 1219 73 17 absent.
2880 1219 50 19 This,
2941 1219 93 20 however,
3044 1219 44 17 does
3097 1220 33 16 not
3140 1226 66 13 account

2781 1242 30 17 for
2819 1242 49 17 their
2877 1241 108 18 indifferent
2994 1242 45 22 play
3053 1243 19 16 at
3086 1243 61 17 times.
3176 1245 31 17 The

2781 1265 75 18 visitors
2865 1271 42 11 won
2921 1266 32 16 the
2970 1267 45 19 toss,
3034 1266 43 17 thus
3094 1266 75 24 getting
3183 1269 24 17 the

2780 1288 71 18 benefit
2860 1289 20 17 of
2889 1288 33 18 the
2931 1288 50 18 wind
2990 1289 20 17 in
3019 1288 32 18 the
3060 1288 41 18 first
3109 1289 46 18 half.
3173 1291 34 18 This

2780 1312 108 22 advantage
2898 1318 39 11 was
2950 1318 46 15 very
3014 1312 88 22 palpable
3119 1313 37 17 and
3171 1314 36 23 they

2780 1335 46 23 kept
2835 1335 32 18 the
2875 1335 46 23 play
2931 1335 71 23 mostly
3011 1335 86 18 confined
3102 1337 20 16 to
3129 1336 32 18 the
3169 1337 38 19 local

2780 1360 28 18 25,
2818 1358 36 18 but
2863 1364 44 11 now
2923 1358 38 17 and
2970 1359 57 22 again
3037 1365 85 16 pressure
3136 1365 36 12 was
3184 1367 16 12 re-

2780 1382 60 17 lieved
2849 1382 26 22 by
2884 1387 51 12 some
2944 1382 87 23 splendid
3046 1388 45 11 runs
3105 1382 25 23 by
3147 1384 59 21 Aporo,

2780 1405 43 17 who
2832 1405 68 22 played
2910 1412 11 10 a
2929 1405 83 23 dashing
3021 1411 54 16 game
3086 1406 26 17 all
3121 1406 31 17 the
3164 1407 43 19 time.

2779 1429 81 18 Maketu
2869 1428 77 18 secured
2955 1435 12 11 a
2974 1429 32 22 try
3012 1429 70 22 during
3087 1429 32 17 the
3128 1429 40 18 first
3175 1431 32 17 half

2778 1453 61 17 which
2849 1452 99 22 decidedly
2957 1452 68 17 should
3034 1453 34 16 not
3077 1453 47 16 have
3133 1453 44 18 been
3185 1455 15 16 al-

2778 1476 61 18 lowed
2848 1481 20 12 as
2882 1475 33 17 the
2928 1475 75 17 whistle
3021 1475 84 18 sounded
3119 1476 88 24 distinctly

2778 1500 37 18 and
2825 1500 32 17 the
2866 1504 44 12 man
2919 1499 47 17 with
2974 1499 34 17 the
3016 1499 40 17 ball
3064 1504 39 12 was
3112 1499 75 18 allowed
3192 1503 15 15 to

2777 1530 25 16 go
2812 1529 23 11 011
2845 1522 37 18 and
2891 1521 57 18 touch
2957 1522 17 17 it
2982 1522 63 17 down.
3070 1522 80 23 Though
3157 1523 13 17 it
3176 1529 31 12 wan

2776 1549 35 16 not
2820 1547 33 17 the
2862 1546 86 18 referee's
2957 1545 75 18 whistle
3041 1551 24 11 110
3074 1552 36 11 one
3119 1546 54 17 could
3180 1547 27 18 tell

2777 1570 32 17 the
2819 1570 99 18 difference
2926 1568 38 18 and
2973 1569 15 17 it
3005 1568 92 23 certainly
3114 1571 93 20 prevented

2776 1594 48 17 local
2834 1600 42 11 men
2892 1593 49 16 from
2955 1593 118 21 attempting
3086 1594 21 16 to
3124 1594 42 21 stop
3181 1594 26 17 the

2776 1624 44 10 man
2830 1617 47 17 with
2886 1616 33 17 the
2926 1615 47 18 ball.
2999 1616 23 17 In
3034 1616 46 17 such
3096 1622 12 11 a
3124 1622 41 11 case
3180 1617 27 17 the

2776 1641 70 18 referee
2855 1639 68 19 should
2933 1639 55 17 order
2996 1645 11 11 a
3016 1645 62 11 scrum
3086 1641 22 16 at
3115 1640 32 17 the
3161 1640 46 22 place

2776 1664 31 17 the
2816 1664 39 17 ball
2865 1669 38 12 was
2912 1663 25 17 ta'
2945 1668 23 11 cn
2974 1664 55 17 from.
3039 1662 39 18 The
3084 1662 63 23 major
3152 1664 55 21 points

2775 1694 49 11 were
2832 1687 122 18 notaddedto
2961 1687 38 17 and
3004 1686 134 17 thehalf-time
3142 1687 57 17 whistl

2775 1713 52 15 went
2835 1711 73 21 shortly
2917 1711 50 16 after
2973 1711 32 16 the
3014 1716 57 11 score.

2799 1735 23 16 In
2840 1735 32 17 the
2889 1734 122 17 second-half
3025 1734 85 17 Rotorua
3123 1734 38 17 had
3180 1735 27 18 the

2774 1758 52 17 wind
2835 1758 19 17 in
2863 1758 51 17 their
2922 1757 54 17 favor
2984 1757 37 17 but
3028 1757 16 17 it
3053 1757 37 17 had
3104 1763 20 11 so
3138 1758 57 17 moder-

2775 1781 43 17 ated
2828 1781 26 23 by
2863 1781 38 17 this
2910 1781 46 17 time
2965 1781 43 17 that
3017 1781 33 17 the
3058 1781 107 22 advantage
3174 1788 33 12 was

2776 1805 64 21 slight.
2867 1805 38 17 The
2915 1804 80 17 Maketu
3009 1810 43 11 men
3066 1803 46 23 kept
3123 1810 26 16 up
3164 1805 43 17 their

2776 1828 77 17 defence
2862 1834 20 11 so
2891 1827 43 18 well
2941 1828 43 17 that
2993 1828 16 16 it
3018 1828 73 17 seemed
3101 1833 20 12 as
3137 1828 70 23 though

2775 1852 83 17 Rotorua
2870 1851 62 17 would
2942 1850 57 18 suffer
3008 1850 69 21 defeat,
3087 1851 36 17 but
3139 1852 20 16 at
3174 1852 32 17 last

2774 1874 49 18 after
2832 1881 11 11 a
2852 1875 29 17 bit
2889 1874 21 18 of
2917 1874 87 18 brilliant
3012 1874 45 22 play
3066 1880 24 11 on
3100 1874 31 17 the
3141 1876 42 20 part
3190 1876 17 17 of

2774 1899 70 21 Aporo,
2854 1899 56 16 Wera
2919 1894 102 21 succeeded
3037 1898 21 17 in
3074 1898 77 22 getting
3167 1904 40 12 over

2774 1921 32 17 the
2815 1921 48 22 line;
2874 1922 33 17 the
2915 1923 32 20 try
2956 1927 39 11 was
3004 1922 33 16 not
3056 1921 99 18 converted
3173 1922 33 17 and

2774 1945 31 16 the
2814 1951 51 11 score
2875 1951 38 11 was
2922 1950 43 11 now
2974 1944 61 23 equal,
3046 1944 52 18 three
3107 1945 51 17 each.
3172 1946 35 17 The

2773 1969 114 17 excitement
2896 1974 38 11 was
2941 1974 44 11 now
2994 1968 73 17 intense
3075 1972 88 17 amongst
3178 1969 29 17 the

2773 1991 71 17 friends
2853 1992 19 17 of
2881 1992 33 16 the
2922 1991 48 17 rival
2978 1992 61 16 teams
3053 1991 36 17 and
3107 1991 32 17 the
3155 1998 52 17 game

2773 2021 51 15 grew
2834 2015 37 17 fast
2880 2015 38 17 and
2925 2015 79 17 furious.
3030 2015 38 16 The
3074 2015 39 17 ball
3120 2016 86 17 travelled

2772 2038 25 17 all
2804 2044 45 11 over
2857 2039 32 16 the
2898 2038 76 23 ground
2983 2040 21 15 at
3012 2044 11 11 a
3029 2039 54 21 groat
3089 2040 47 15 rate.
3150 2039 44 17 Roto-

2771 2068 34 10 rua
2814 2062 49 17 tried
2872 2062 57 23 again
2938 2061 37 17 and
2984 2062 57 22 again
3051 2063 20 15 to
3084 2063 34 20 get
3132 2062 25 20 in,
3175 2062 32 18 hut

2771 2085 33 17 the
2815 2085 78 17 defence
2903 2090 37 12 was
2954 2087 32 15 too
3001 2090 43 12 sure
3059 2085 37 17 and
3110 2085 45 17 time
3171 2091 36 12 was

2771 2108 61 17 called
2840 2109 47 16 with
2896 2108 33 17 the
2938 2108 59 17 above
3006 2108 65 17 result.

2795 2132 56 17 After
2867 2132 32 17 the
2916 2132 64 17 match
2995 2132 33 17 the
3044 2134 50 15 team
3110 2132 37 17 and
3161 2132 46 17 their

2771 2155 77 20 friends,
2858 2155 116 22 numbering
2982 2156 23 16 50
3013 2155 26 17 all
3055 2155 46 20 told,
3118 2161 49 11 were
3179 2162 18 10 re-

2771 2178 57 21 galed
2837 2178 47 18 with
2893 2185 10 10 a
2917 2184 46 16 very
2980 2180 113 21 sumptuous
3110 2181 62 20 repast
3188 2181 19 15 at

2771 2202 32 16 the
2812 2202 34 22 big
2854 2202 59 17 house
2922 2202 38 17 and
2969 2202 15 17 it
2990 2202 16 17 is
3015 2207 125 17 unnecessary
3149 2204 20 16 to
3176 2209 30 15 say

2771 2225 42 17 that
2822 2225 16 17 it
2847 2231 38 11 was
2898 2224 50 19 done
2961 2225 63 22 ample
3039 2225 68 22 justice
3122 2227 26 16 to.
3178 2226 28 17 An

2771 2249 148 17 entertainment
2935 2249 105 22 consisting
3055 2249 20 17 of
3087 2249 63 17 Maori
3164 2249 32 17 wai-

2770 2275 41 14 atas
2820 2272 38 17 and
2867 2272 68 17 dances
2946 2272 108 17 succeeded.

2858 2322 83 23 What
2954 2322 97 29 People
3068 2322 56 29 Say.

2770 2374 21 18 T.
2806 2374 99 19 IRVINE,
2922 2375 62 20 ESQ.,
3002 2375 115 20 TATHAM,
3133 2376 58 18 RICH-

2858 2398 77 17 MOND
2944 2398 88 21 RIVER,
3042 2399 77 17 N.S.W.

2769 2430 70 17 Writes
2851 2430 60 17 under
2919 2430 44 18 date
2977 2430 97 20 February
3086 2432 28 17 20,
3127 2432 42 16 1891
3179 2437 27 11 :

2790 2453 9 17 I
2814 2453 55 17 write
2877 2454 21 17 to
2909 2453 27 18 let
2950 2460 39 16 you
2999 2454 57 17 knoiv
3072 2454 44 17 that
3124 2454 10 17 I
3152 2461 30 11 am
3196 2461 10 11 a

2769 2477 70 21 patron
2863 2477 21 17 of
2907 2483 49 15 your
2979 2477 105 18 wonderful
3113 2477 93 18 Clements

2769 2500 68 20 Tonic;
2852 2500 10 17 I
2871 2500 48 17 have
2931 2501 49 17 been
2989 2507 11 10 a
3009 2502 55 21 great
3077 2501 84 19 sufferer,
3169 2501 36 18 and

2769 2523 49 17 have
2832 2523 46 18 read
2893 2524 19 17 of
2926 2524 40 17 Mrs
2979 2524 92 17 Moeller's
3082 2530 44 11 cure
3141 2525 19 16 in
3175 2525 31 17 tlie

2769 2553 127 16 newspapers;
2912 2547 34 17 her
2968 2554 41 11 case
3027 2554 38 10 was
3083 2548 83 21 nothing:
3187 2550 19 16 to

2769 2570 56 21 mine,
2834 2571 41 19 but,
2886 2571 58 17 thank
2954 2571 48 19 God,
3012 2571 83 23 through
3105 2571 34 17 her
3152 2572 56 17 letter

2773 2594 7 16 [
2795 2600 30 11 am
2839 2594 63 21 cured,
2921 2595 37 16 and
2975 2595 49 17 after
3037 2595 32 17 the
3082 2595 76 18 doctors
3169 2595 37 18 had

2769 2621 135 14 PRONOUNCED
2914 2622 103 13 SENTENCE
3025 2622 24 13 OF
3058 2623 68 12 DEATH
3136 2623 26 12 OX
3171 2623 34 13 ME.

2771 2641 8 16 I
2795 2646 30 12 am
2841 2646 46 17 very
2899 2641 84 22 grateful
2999 2643 19 15 to
3032 2641 40 17 Mrs
3085 2642 77 18 Mcellcr
3178 2642 29 17 for

2769 2664 33 17 her
2809 2664 63 18 letter.
2904 2665 10 16 I
2920 2665 48 17 have
2977 2666 55 21 groat
3040 2665 86 22 pleasure
3134 2665 19 17 in
3160 2665 35 17 add-

2768 2688 35 22 ing
2811 2693 33 17 my
2852 2688 103 22 testimony
2963 2689 20 16 to
2992 2688 45 17 that
3044 2689 21 16 of
3072 2695 58 16 many
3144 2689 45 17 other-

2769 2711 57 17 cured
2840 2712 20 16 of
2874 2712 71 17 serious
2959 2712 81 17 diseases
3048 2712 26 21 by
3087 2712 34 17 the
3136 2719 34 10 use
3187 2719 17 12 oi

2769 2735 96 17 Clements
2878 2735 58 17 Tonic
2943 2735 4 24 ;
2962 2735 10 17 I
2982 2735 48 17 have
3039 2735 80 17 suffered
3127 2736 78 23 terribly

2769 2758 49 17 from
2841 2758 47 17 liver
2905 2758 38 17 and
2964 2759 72 21 kidney
3058 2759 77 17 disease.
3161 2761 44 16 Two

2769 2787 54 17 years
2833 2787 37 17 ago
2879 2788 32 16 my
2929 2782 87 21 strength
3027 2782 61 21 began
3102 2783 76 23 rapidly
3186 2786 19 15 to

2769 2804 78 21 decline,
2858 2805 9 17 I
2877 2805 37 17 had
2924 2805 40 18 dull
2980 2806 102 19 headache,
3093 2807 113 23 completely

2769 2829 37 17 lost
2821 2834 32 17 my
2864 2829 90 22 appetite,
2969 2829 39 17 and
3020 2835 38 11 was
3067 2830 69 17 almost
3152 2830 53 18 blind

2769 2852 76 23 (failure
2851 2853 20 16 of
2879 2853 52 21 sight
2939 2853 16 17 is
2964 2859 12 11 a
2984 2854 96 21 symptom
3088 2853 21 17 of
3122 2853 84 23 Bright's

2769 2876 87 22 disease.)
2869 2876 10 17 I
2901 2876 37 17 had
2959 2876 52 22 tiger
3028 2876 46 17 claw
3096 2882 74 18 cramps
3186 2877 20 18 in

2770 2899 32 17 Ihe
2811 2899 62 17 calves
2882 2900 20 16 of
2917 2905 33 16 my
2955 2900 47 22 legs,
3020 2900 39 17 and
3074 2905 62 12 severe
3149 2901 44 16 rheu-

2769 2922 58 18 matic
2851 2922 61 23 pains,
2936 2922 89 18 followed
3049 2923 26 22 by
3096 2923 96 19 diarrhoea
3201 2922 4 23 ;

2770 2946 88 22 strength
2874 2947 102 16 continued
2990 2947 21 17 to
3020 2947 40 20 fail,
3072 2948 134 21 accompanied

2769 2969 27 22 by
2812 2970 84 17 extreme
2913 2969 63 23 pallor
2992 2970 21 17 of
3029 2970 33 17 the
3078 2971 46 19 face,
3142 2971 64 22 puffed

2770 2992 61 18 under
2840 2993 32 16 the
2886 2999 49 16 eyes,
2951 2993 38 17 and
3002 2994 102 21 persistent
3119 2994 87 20 swelling:

2770 3017 20 16 of
2798 3016 47 23 legs,
2853 3016 62 18 knees,
2926 3016 37 18 and
2973 3016 71 20 ankles,
3055 3017 36 17 and
3100 3023 33 16 my
3147 3018 61 18 whole

2769 3039 51 23 body
2832 3046 38 10 was
2886 3040 77 17 swollen
2978 3041 20 16 to
3010 3047 11 10 a
3038 3041 105 17 wonderful
3159 3039 45 23 size;

2771 3063 57 23 sharp
2842 3063 90 21 shooting:
2945 3063 56 22 pnins
3016 3063 74 23 pierced
3103 3064 33 17 the
3152 3064 55 18 heart

2770 3086 38 17 and
2824 3086 109 23 frequently
2942 3086 54 17 chills
3005 3086 37 18 and
3052 3088 51 16 fever
3119 3088 89 17 attacked

2771 3116 35 10 me.
2832 3110 38 17 The
2880 3110 88 21 swelling:
2976 3116 38 11 was
3022 3116 20 12 so
3050 3110 37 18 bad
3096 3111 44 17 that
3150 3112 9 16 I
3169 3117 38 11 was

2770 3133 62 17 afraid
2840 3135 20 15 to
2869 3139 46 11 even
2924 3133 56 17 drink
2985 3140 12 10 a
3004 3134 51 22 glass
3064 3134 19 16 of
3091 3134 42 18 cold
3143 3136 64 16 water.

2771 3157 10 16 I
2790 3156 99 17 consulted
2903 3163 11 10 a
2929 3156 72 19 doctor,
3018 3157 38 18 and
3069 3157 24 18 he
3109 3158 99 17 examined

2771 3185 32 16 my
2811 3180 64 19 water,
2886 3180 38 17 and
2933 3180 23 17 he
2965 3180 41 17 said
3015 3180 15 17 it
3044 3186 38 11 was
3095 3187 12 10 a
3115 3181 38 17 bad
3168 3187 41 12 case

2771 3203 20 17 of
2799 3203 47 17 liver
2855 3203 76 20 disease,
2944 3203 38 18 and
2991 3204 40 17 also
3040 3204 85 22 Bright's
3138 3204 71 18 disease

2771 3226 21 17 of
2799 3225 33 18 the
2837 3226 89 22 kidneys:
2933 3227 24 17 he
2962 3227 108 22 prescribed
3075 3227 91 18 medicine
3172 3229 37 17 and

2771 3249 97 18 liniments
2886 3250 47 17 with
2950 3250 87 18 mustard
3053 3250 63 18 baths.
3142 3251 10 17 I
3169 3251 40 18 said

2793 3272 77 21 Doctor,
2880 3272 16 18 if
2903 3279 39 16 you
2951 3273 39 18 will
2999 3279 43 12 cure
3051 3280 35 11 me.
3097 3274 10 17 I
3116 3274 39 17 will
3171 3279 39 13 pay

2772 3300 41 13 you
2834 3300 62 13 WHAT
2903 3291 5 4 '
2916 3300 43 13 you
3081 3297 31 17 He
3128 3298 69 21 replied
3206 3291 3 28 :

2794 3324 7 12 I
2811 3323 38 14 CAN
2858 3324 55 13 HOLD
2922 3324 40 13 OUT
2971 3324 26 13 NO
3007 3325 54 12 HOPE
3067 3324 39 14 FOR
3201 3322 9 16 I

2773 3342 46 21 said,
2853 3343 49 16 That
2919 3343 16 17 is
2952 3349 45 15 very
3135 3345 10 16 I
3155 3350 57 11 never

2773 3366 38 17 like
2827 3366 21 17 to
2861 3366 44 17 take
2922 3372 11 11 a
2940 3367 61 17 man's
3126 3368 39 17 said
3180 3368 29 17 he.

2795 3389 82 17 without
2886 3389 68 22 telling
2969 3390 41 18 him
3027 3390 33 17 the
3076 3390 60 19 truth,
3155 3391 37 17 and
3201 3392 10 16 I

2773 3412 39 17 will
2821 3418 52 11 come
2882 3413 20 16 to
2911 3418 39 16 you
2958 3415 22 15 at
2984 3419 38 17 any
3030 3413 49 18 hour
3088 3414 20 17 of
3116 3414 33 17 the
3155 3415 56 21 night

2773 3441 36 16 you
2819 3441 45 17 may
2877 3436 46 17 send
2940 3437 30 16 for
3061 3437 29 17 He
3107 3437 85 23 thought
3201 3438 9 17 I

2774 3458 67 18 should
2849 3465 46 11 soon
2904 3459 36 17 die.
2966 3460 11 17 I
2986 3466 48 17 gave
3048 3460 28 17 his
3089 3462 104 16 treatment
3201 3468 11 9 a

2774 3481 37 17 fair
2819 3482 49 20 trial,
2879 3482 36 18 but
2923 3483 32 17 the
2964 3483 88 22 swelling
3058 3484 20 17 of
3084 3490 32 16 my
3122 3484 52 22 body
3182 3484 20 17 in-

2774 3505 75 17 creased
2859 3511 20 11 so
2888 3505 55 18 much
2954 3506 43 17 that
3004 3507 11 17 I
3023 3507 38 17 bad
3076 3508 19 16 to
3112 3508 72 16 remain
3193 3508 17 16 in

2773 3528 43 17 bed.
2842 3528 39 17 The
2889 3529 54 20 pains
2953 3530 96 17 increased
3067 3536 19 11 so
3101 3531 56 17 much
3175 3531 37 17 and

2775 3551 93 17 extended
2875 3552 26 17 all
2910 3552 56 18 down
2976 3553 33 17 the
3017 3553 45 21 side,
3072 3554 37 17 and
3119 3560 32 16 my
3169 3560 33 17 eye-

2775 3575 52 22 sight
2835 3581 39 11 was
2886 3581 45 11 now
2947 3576 69 18 almost
3030 3577 113 22 completely
3157 3584 55 15 gone.

2775 3597 10 17 I
2794 3598 98 17 consulted
2901 3599 81 18 another
2990 3600 84 17 eminent
3080 3600 79 18 medical
3168 3606 45 12 man

2775 3621 43 17 who
2827 3621 49 17 after
2893 3622 96 22 sounding
3006 3629 29 11 me
3048 3623 38 17 and
3100 3624 73 22 testing
3181 3630 32 16 my

2775 3644 59 21 urine,
2845 3644 39 18 said
2895 3645 9 17 I
2912 3645 38 17 had
2958 3646 86 23 Bright's
3049 3646 78 18 disease.
3140 3647 10 17 I
3157 3647 56 17 asked

2775 3667 15 17 if
2799 3667 23 17 he
2832 3668 56 17 could
2896 3674 44 12 cure
2954 3675 36 11 me.
3021 3669 30 17 Ho
3065 3670 40 17 said
3114 3671 23 16 he
3150 3671 65 17 would

2776 3690 24 17 do
2808 3690 29 18 his
2846 3691 48 20 best,
2903 3691 38 18 and
2958 3693 15 16 if
2983 3693 9 16 I
3009 3693 64 17 would
3087 3693 89 18 continue
3185 3694 28 17 his

2776 3713 92 18 medicine
2877 3715 10 16 I
2897 3715 68 18 should
2974 3716 91 22 improve.
3079 3717 10 16 I
3098 3716 32 17 did
3140 3723 26 14 so,
3176 3718 37 16 and

2776 3737 15 17 it
2802 3737 37 17 had
2846 3737 36 17 but
2891 3738 49 18 little
2955 3745 53 11 more
3020 3739 56 18 effect
3088 3740 47 18 than
3149 3742 64 16 water.

2776 3760 45 17 Two
2830 3761 72 17 friends
2911 3761 20 17 of
2940 3763 50 16 mine
3001 3763 61 17 called
3071 3769 32 16 my
3120 3764 94 17 attention

2776 3785 20 15 to
2805 3784 41 17 Mrs
2855 3784 92 19 Moeller's
2955 3785 58 18 letter
3020 3786 20 17 in
3049 3787 32 16 the
3095 3792 66 17 paper,
3171 3787 43 18 who

2776 3806 39 18 had
2822 3807 48 17 been
2879 3807 57 18 cured
2952 3810 21 15 of
2989 3809 33 17 the
3035 3815 51 12 same
3102 3810 72 17 disease
3189 3810 26 23 by

2777 3829 95 18 Clements
2885 3831 65 18 Tonic.
2975 3832 11 17 I
3002 3832 92 23 procured
3111 3839 11 11 a
3139 3834 76 22 supply,

2777 3853 38 17 and
2823 3853 70 23 taking
2900 3854 16 18 it
2925 3855 75 23 strictly
3007 3856 18 16 in
3040 3856 114 18 accordance
3166 3857 46 17 with

2778 3876 31 17 the
2818 3876 108 22 directions,
2936 3879 33 16 the
2983 3879 87 21 swelling:
3086 3879 63 23 began
3161 3881 21 16 to
3190 3886 25 16 go

2778 3899 62 18 down.
2866 3900 10 17 I
2891 3901 47 22 kept
2954 3907 26 17 up
2994 3902 32 17 the
3043 3909 33 10 uso
3084 3903 20 17 of
3121 3903 94 18 Clements

2778 3923 64 20 Tonic,
2853 3923 38 18 and
2898 3930 50 15 now,
2959 3925 60 17 thank
3029 3926 48 19 God,
3088 3926 9 17 I
3107 3932 29 11 am
3147 3923 66 24 cured;

2778 3952 33 16 my
2820 3947 98 23 swellings
2923 3947 48 19 have
2981 3948 26 18 all
3020 3948 99 22 subsided;
3134 3956 32 16 my
3172 3956 33 17 eye-

2778 3969 52 22 sight
2836 3970 15 17 is
2861 3977 20 10 as
2891 3971 49 21 good
2948 3977 20 12 as
2982 3977 48 12 ever.
3056 3973 11 16 I
3083 3973 46 17 took
3145 3978 12 12 a
3166 3973 49 23 good

2778 3998 59 17 many
2845 3993 76 20 bottles,
2931 3994 36 18 but
2976 3995 43 18 that
3027 3996 17 16 is
3060 3996 88 23 nothing,
3167 4003 20 10 as
3196 4001 19 13 it

2780 4020 38 12 has
2828 4020 67 14 CURED
2905 4022 34 16 ME,
2955 4018 38 17 and
3002 4019 11 17 I
3022 4020 68 16 cannot
3099 4019 84 19 describe
3192 4020 23 18 its

2802 4063 32 16 Mr
2849 4064 79 17 Irvine's
2945 4070 42 12 case
3003 4065 56 17 needs
3076 4071 24 12 no
3115 4068 100 17 comment.

2779 4086 34 16 We
2818 4086 49 18 have
2875 4093 25 11 no
2908 4087 49 18 neod
2966 4089 20 16 to
2995 4088 84 23 eulogise
3093 4095 35 11 our
3140 4090 75 22 remedy

2780 4109 54 17 when
2844 4110 131 18 disinterested
2985 4112 67 21 people
3067 4112 42 23 give
3122 4114 46 17 such
3183 4119 22 11 en-

2780 4132 107 19 dorsement
2896 4140 19 11 as
2924 4134 33 17 the
2966 4134 66 18 above.

1263 29 59 21 the
1349 28 59 21 hot
1434 27 92 20 lakes
1555 27 173 23 chronicle,
1756 25 191 23 Wednesday,
1976 24 81 20 july.
2079 25 31 21 22,
2128 25 47 17 i&9s

47 206 104 20 TTNION
163 204 138 19 STEAMSHIP
316 204 28 16 CO
358 200 73 19 IPANY
449 199 29 17 OF

55 220 25 27 U
132 226 57 17 NEW
201 225 114 17 ZEALAND
324 223 80 17 Limited.

111 261 123 17 PKOPOmED
245 258 167 19 depariukes.

181 294 11 14 J;
196 294 33 14 OK.
242 290 98 18 sYJJN'iiY.

47 401 97 16 Takafuna
153 406 50 15 every
212 399 74 17 Momliv

45 422 132 18 MaHINAFUA
185 427 54 15 every
245 418 101 22 Thursday.

44 460 92 17 Auckland
142 459 66 16 Branch
259 456 106 16 PHluien.ti.ii
379 454 92 16 Buiidiu**

45 592 160 45 HUDDART,
230 590 110 19 PARKER,
362 588 54 18 AND
436 587 32 17 CO

206 613 106 24 (limited),

67 661 96 23 Splendid,
171 658 162 24 Well-appointed
338 658 93 17 Steamers
436 656 40 17 will

44 687 22 16 lie
75 684 113 23 despatched
196 684 49 16 from
253 684 118 17 AUCKLAND,
381 686 20 11 as
417 679 59 17 under

42 708 91 23 (weather
148 708 38 16 and
203 707 54 17 other
273 705 143 18 circumstances
431 708 33 18 per-

43 731 86 21 mitting)
135 736 29 12 :

42 755 42 17 Fob
90 753 134 18 GISBORNE,
231 751 103 20 NAPIER,
343 748 115 19 WELLING-

64 777 56 20 TON,
132 774 155 20 LYTTELTON,
298 775 15 16 &
322 773 128 19 DUNEDIN,

45 801 100 19 Anglian,
156 799 100 18 Tuesday,
270 797 45 22 July
322 797 28 18 28,
363 797 20 16 12
393 802 57 11 noon.

43 825 25 16 T.-
78 827 81 14 .mania.
167 823 122 18 ...Tuesday,
296 821 49 21 Aug.
353 820 27 19 11,
389 820 21 16 12
417 825 56 11 noon.

169 868 50 18 FOli
233 866 111 19 SYDNEY.

87 891 115 24 (Returning
213 893 20 15 to
242 889 98 18 Auckland
348 888 80 23 Direct.)

42 915 93 23 Carrying
155 915 112 21 Passengers
287 914 29 15 for
338 912 134 17 Mki.houbnk.

54 939 54 17 other
113 939 130 16 Australian
249 936 71 19 Pouts,
327 935 37 17 and
370 935 90 20 Hohaht,

43 968 107 16 Tasmania
196 965 97 18 Monday,
308 963 46 22 July
367 964 28 18 -7,
405 964 9 15 -1
427 968 45 17 p.m.

43 990 94 17 Anglian
191 988 96 18 Monday,
299 987 49 22 Aug.
369 987 26 19 10,
407 987 10 15 -i
426 992 46 16 p.m.

66 1016 31 18 All
106 1016 74 17 Tickets
187 1021 30 11 arc
226 1014 90 18 available
325 1014 39 16 also
378 1014 30 16 for
416 1013 45 22 Stop-

43 1046 44 10 over
95 1045 21 11 or
125 1039 71 17 Return
209 1039 26 21 by
246 1037 53 18 ANY
316 1036 84 18 UNION
414 1036 59 17 CO.'S

44 1062 140 18 STEAMERS,
193 1062 36 16 and
237 1060 73 18 holders
319 1060 20 17 of
347 1059 66 18 U.S.S.
431 1060 42 16 Co's

43 1086 75 17 Tickets
138 1091 44 16 may
197 1084 59 18 travel
272 1084 25 22 by
318 1082 117 18 ANGLIAN
452 1088 22 12 or

42 1108 139 18 TASMANIA.

139 1137 23 17 L.
174 1137 24 17 D.
207 1135 108 19 NATHAN
328 1136 15 16 &.
356 1135 45 20 CO.,

367 1159 80 21 Agents.

177 1206 96 20 rpHOS.
294 1206 69 17 COOK
384 1206 15 16 &
424 1205 48 17 SON

129 1254 40 23 jjSP
216 1256 52 14 HOOK
280 1256 97 13 PASSAGES
389 1256 42 13 AND

242 1280 74 13 SECUItE
329 1279 77 13 BERTHS

202 1300 31 16 AT
246 1298 103 18 LOWEST
361 1297 80 18 RATES

40 1329 28 13 BY
80 1329 17 13 r.
108 1324 14 18 &
132 1328 16 13 0.
160 1328 35 15 CO.,
204 1326 74 14 ORIENT
287 1326 35 15 CO.,
331 1325 73 13 DIRECT
412 1324 58 13 LINES

131 1350 90 16 OCEANIC,
235 1348 141 16 MESSAGEBIES,

139 1375 28 17 Or
172 1380 36 16 any
217 1373 37 17 line
262 1378 20 11 as
290 1371 78 18 desired.

61 1421 85 22 Enquiry
155 1419 76 18 invited.
247 1417 124 19 Information
379 1416 65 24 gratis.

38 1467 96 20 Intending
141 1470 99 17 passengers
252 1463 60 17 thould
327 1463 52 21 npply
393 1463 27 16 for
436 1468 32 10 our

58 1489 36 15 free
102 1488 29 15 list
139 1488 19 15 of
165 1489 72 14 steamer
249 1486 71 18 iailiujfs
331 1485 34 15 ami
374 1484 45 16 fares
429 1488 17 12 at

85 1513 89 18 COOK'S
186 1512 123 18 SHIPPING
322 1511 99 20 OFFICE,

113 1543 22 17 76
144 1546 42 13 and
195 1542 21 17 78
229 1541 162 19 Queen-street.

68 1571 85 16 Rotorua
169 1567 87 25 Agency:
269 1568 93 17 Hineiuoa
372 1567 66 17 Street.

56 1601 132 16 N.B.—Drafts
195 1601 33 15 und
236 1599 76 18 Circular
321 1599 55 16 Notes
383 1598 55 16 i>suud
448 1601 17 12 at

35 1623 60 14 lowest
102 1624 69 13 current
177 1624 50 13 rates.

39 1665 289 46 Ehrenfried
345 1664 119 45 Bros

181 1720 140 23 BREWEES,

118 1753 106 20 ALBERT
240 1751 146 24 EiiEWEI'Y,

59 1785 216 23 QUEEN-feTKEET,
289 1783 157 20 AUCKLAND

58 1838 68 17 WINE
138 1838 50 15 AND
199 1836 79 17 frPIRIT
287 1835 155 20 MERCHANTS,

77 1865 122 16 BOTTLERS
211 1864 50 16 AND
278 1862 142 20 IMPORTERS,

120 1888 27 18 43,
162 1890 131 13 QUEEN-fcTIiEET
308 1889 70 11 WHAKF.

127 1938 50 11 rillZK
189 1937 59 12 MEDAL
258 1937 35 11 AND
303 1936 71 12 AWARDS

34 1961 25 15 At
68 1960 28 17 the
111 1959 89 21 following
216 1958 110 17 Exhibitions
341 1958 26 15 for
377 1963 30 10 our
416 1958 37 15 well-

129 1982 62 15 known
204 1980 45 16 Bulk
258 1979 31 16 Hiul
299 1979 68 15 Bottled

145 2002 48 16 ALE
204 2001 50 16 AND
266 1999 85 17 STOUT:

35 2030 69 21 Sydney
113 2029 123 16 International
244 2027 106 18 Exhibition,
362 2027 46 17 1579.

35 2052 100 15 Melbourne
145 2050 123 16 International
275 2048 108 18 Exhibition,
393 2049 68 15 1880-81

35 2072 42 16 New
85 2072 73 16 Zealand
167 2070 96 20 Industrial
263 2070 107 20 Exhibition,
375 2069 77 21 Welling-

77 2096 36 16 ton,
124 2094 47 15 1885.

33 2115 45 16 New
96 2114 75 16 Zealand
185 2114 33 15 nnd
232 2114 52 15 South
298 2113 40 16 Seas
353 2112 108 16 Exhibition.

77 2136 87 16 Dunedin.
175 2136 78 15 1880-90.

33 2158 22 15 In
64 2157 77 16 addition
149 2158 18 14 to
176 2156 52 16 above
237 2156 42 15 have
297 2155 41 16 been
353 2154 80 16 awarded
446 2156 17 14 at

75 2179 104 15 Tasinanian
211 2177 107 18 Exhibition,
346 2175 115 19 Lauuceston,

77 2200 78 15 1891-92.

119 2230 57 16 FIVE
188 2230 68 16 FIRST
274 2229 103 16 AWARDS

231 2256 32 11 FOB

44 2273 68 17 BULK
122 2272 109 17 BOTTLED
246 2272 57 16 ALES
320 2271 51 16 AND
388 2271 75 16 STOUT

225 2293 47 19 AIHO,

119 2315 248 33 CHAMPIONSHIP

62 2358 64 22 Gold
139 2357 86 23 Medal
235 2357 27 22 of
272 2355 165 24 Australasia

135 2397 72 11 AGAINST
218 2396 97 12 ALLCOMERS
326 2396 31 12 FuE

36 2428 89 24 BULK
138 2428 69 23 AND
226 2427 144 23 BOTTLID
385 2427 64 23 ALE

123 2480 73 19 Having
204 2485 9 10 a
223 2479 57 16 Lar<ro
288 2478 52 16 Slock
348 2479 18 15 of

143 2511 48 15 ALE
203 2511 50 15 AND
265 2510 81 20 STOUT,

35 2545 70 16 Bottled
113 2545 16 15 in
139 2547 51 18 quart,
199 2544 31 16 and
247 2545 36 20 pint
297 2544 67 19 hottlep,
380 2544 81 21 specially

33 2566 68 16 brewed
109 2566 27 16 for
145 2566 29 16 the
181 2571 74 11 summer
263 2566 52 16 trade,
326 2566 54 14 which
388 2571 28 10 are
422 2571 39 10 now

33 2587 105 21 thoroughly
146 2587 84 18 matured,
243 2592 30 11 can
287 2587 42 15 with
343 2592 50 15 every
407 2587 44 15 confi-

32 2609 52 15 dence
95 2608 105 16 recommend
216 2613 45 11 same
277 2611 17 13 to
308 2613 118 11 connoisseur*
442 2613 19 10 an

32 2630 61 15 second
101 2632 18 13 to
127 2634 45 12 none
179 2630 18 15 in
207 2629 28 16 the
244 2629 70 21 Colony.

503 103 216 44 Rotorua
760 100 169 45 Tours.

524 182 164 25 PASSENGERS
696 183 21 16 to
725 183 86 17 Rotorua,
819 185 30 12 are
856 178 75 18 advised

503 205 23 21 X
564 206 43 17 that
615 211 12 11 a
639 205 76 22 regular
727 205 51 22 daily
791 203 57 18 coach
864 202 67 17 service

500 230 84 17 between
593 228 90 18 Okoroire
692 228 39 18 and
740 228 84 17 Rotorua
839 225 37 17 and
892 225 39 17 vice

500 258 52 12 versa
560 253 15 16 is
584 257 42 11 now
635 251 89 23 running.

523 275 38 18 The
569 274 117 23 advantages
691 281 11 11 o
717 274 38 17 this
761 274 54 16 route
820 277 30 12 are
855 277 64 11 numer-

500 305 38 13 ous,
549 305 11 10 a
568 298 102 17 somewhat
684 298 74 17 tedious
766 295 78 20 railway
851 294 80 23 journey

500 322 14 16 is
522 321 77 20 broken,
609 321 37 16 and
655 321 32 16 the
704 322 54 15 route
775 320 90 16 traverses
881 323 50 11 some

500 345 19 16 of
536 344 33 17 the
585 343 84 18 loveliest
686 343 52 18 Bush
755 342 81 21 Scenery
852 341 20 16 in
884 340 47 17 New

499 366 88 18 Zealand.

514 411 7 5 ,
538 398 104 22 FARES,
658 397 41 19 10s
709 395 83 20 EACH
804 394 82 19 WAY.

499 425 90 24 Special
606 425 165 23 Conveyances
789 428 43 13 can
851 422 30 19 be
897 427 23 14 ar-

643 448 89 23 ranged.
740 447 42 18 for.

498 495 75 19 Leave
575 494 134 19 —Okoroire
718 493 36 19 for
768 493 103 18 Rotorua
884 491 47 19 and

567 517 220 19 Whakarewarewa
816 515 62 23 daily
905 515 26 18 a,t

569 541 29 18 10
606 546 52 13 a.m.

498 564 204 19 Leave—Rotorua
710 562 47 19 and
765 562 149 18 Whakarewa-

566 592 62 13 rewa
644 587 35 18 tor
693 585 118 22 Okoroire,
827 585 62 23 daily
905 585 25 17 at

569 611 28 17 10
606 615 51 13 a.m.

521 634 31 17 All
571 639 110 17 passengers
702 639 31 11 are
750 632 77 17 advised
847 633 20 16 to
881 631 49 17 avail

497 657 111 17 themselves
616 657 20 17 of
644 656 38 18 this
698 657 63 16 Route
776 662 20 10 as
811 655 89 17 Okoroire
914 655 15 16 is

497 686 35 12 one
547 681 20 16 of
578 680 31 16 the
618 680 51 17 show
678 679 64 23 places
759 679 19 17 of
795 678 32 18 the
843 677 87 18 Thermal

497 703 83 20 District,
602 702 37 18 and
655 708 24 11 no
695 703 45 16 visit
754 703 21 16 to
792 702 32 17 the
837 701 61 17 Lakes
914 701 15 16 is

497 726 91 22 complete
597 726 81 17 without
683 726 25 17 its
713 725 99 17 inclusion.

520 749 72 22 Special
601 749 93 17 attention
707 749 15 16 is
737 748 59 18 called
809 749 20 15 to
842 748 32 16 the
891 748 38 16 fact

496 773 43 16 that
547 778 11 11 a
566 773 57 17 coach
632 772 61 17 leaven
706 772 86 17 Rotorua
801 771 37 17 and
847 770 68 18 Whaka-

496 801 99 12 rewarewa
604 801 23 12 on
637 795 77 22 Sunday
723 795 22 17 at
754 795 21 16 10
783 801 44 10 a.m.

630 842 150 16 KGENTS
789 845 5 11 :

487 856 1 26 I
496 863 71 17 THOS.
582 862 67 18 COOK
667 863 15 16 &
702 863 54 19 SON,
775 860 99 19 Auckland
891 860 37 17 and

665 886 91 17 Rotorua.

487 934 1 58 |
501 934 228 46 Blooker's
779 934 146 52 Ducefo

630 990 162 47 Coeoa.

495 1096 137 32 Highest
641 1096 126 25 awards
780 1095 32 26 at
826 1100 100 26 every

615 1144 194 27 Exhibition.

528 1195 64 25 The
604 1194 97 26 latest
714 1194 28 25 is
755 1194 53 25 the
829 1194 96 26 Cross

495 1227 34 26 of
535 1228 109 25 Honor
658 1228 32 24 at
707 1227 54 25 the
782 1227 123 25 Amster-

494 1261 72 25 dam
575 1260 187 26 Exhibition
771 1260 90 28 1895,
870 1260 54 25 the

492 1293 127 31 highest
626 1293 139 32 possible
775 1293 115 25 award.

597 1356 223 19 MASSAGE.

492 1403 91 43 MISS
603 1403 116 20 FRASEK.
730 1403 98 25 qualified
844 1404 66 18 Ameri-

569 1436 37 12 can
625 1430 111 23 Masseuse,
757 1430 18 18 is
784 1430 139 25 permanently

491 1455 77 19 located
584 1455 20 19 in
622 1455 97 19 Rotorua.
757 1456 40 18 iSliu
823 1456 36 18 lias
882 1456 40 18 had

491 1481 137 19 considerable
642 1482 117 24 experience
771 1482 19 18 in
808 1483 33 17 the
860 1484 26 16 tr<.
891 1487 21 14 at-

491 1510 54 16 ment
564 1508 21 18 of
602 1507 62 19 ladies
674 1508 40 18 and
725 1507 114 25 gentlemen
851 1509 60 17 suffer-

491 1533 35 24 ing
535 1533 50 19 from
605 1533 90 23 Sciatica,
713 1533 149 24 Rheumati-m,
875 1534 48 19 Stiff

489 1559 73 23 Joints,
583 1559 115 26 Dyspepsia
716 1560 41 18 and
775 1559 28 19 all
821 1561 61 18 forms
901 1561 21 18 of

490 1585 92 19 Nervous
598 1585 112 19 Disorders.

537 1619 95 19 Address
641 1619 3 20 :
660 1620 99 19 GRAND
773 1620 99 19 HOTEL.

502 1670 170 20 PROSPECTUS
679 1671 18 18 G
715 1673 14 17 A
735 1671 171 20 SSuCIATION.

491 1723 45 45 A
555 1722 127 20 MEETING
693 1724 21 17 of
723 1723 99 19 residents
830 1724 90 19 desirous

567 1749 21 18 of
597 1749 89 24 forming
702 1756 25 12 an
746 1750 124 18 A>sociation
888 1751 31 18 for

489 1775 33 19 the
533 1781 85 19 purpose
628 1777 21 17 of
659 1775 130 26 prospecting
799 1776 33 19 the
842 1776 77 19 district

491 1801 38 18 will
542 1801 24 18 be
576 1801 47 18 held
634 1805 20 15 at
667 1801 34 19 the
717 1801 68 19 Grand
806 1802 68 23 Hotel,
894 1810 23 11 on

488 1826 75 25 Fiiday
574 1827 104 19 afternoon
688 1832 22 14 at
721 1831 10 15 4
743 1827 82 20 o'clock.

515 1853 32 18 Mr
557 1853 21 19 C.
590 1853 89 25 Malfroy
689 1853 37 19 Las
734 1853 71 26 kindly
811 1855 108 18 consented

488 1882 20 16 to
518 1879 46 19 take
575 1879 33 19 the
619 1879 61 19 cliair.

628 1905 25 19 R.
673 1905 26 20 D.
719 1905 120 25 DANSEY,

782 1932 109 19 Convener.

189 2715 131 57 life#?

71 2765 68 13 TRADE
362 2765 66 12 MARK.

35 2931 426 46 HANCOCKS'

158 3004 179 20 CELEBRATED

146 3115 36 42 A
202 3114 36 43 L
254 3115 36 42 E
311 3114 43 51 S,

165 3186 57 12 }IADE
231 3186 53 12 I'KOM
294 3186 41 12 THE

42 3223 114 32 FINEST
182 3223 86 32 MALT
289 3224 63 30 AMD
369 3223 95 37 HOPS,

77 3311 53 14 FREE
142 3311 54 14 FROM
209 3312 38 12 ALL
261 3311 125 14 ANTISEPTICS
399 3311 25 13 OR

144 3337 138 14 DELETERIOUS
299 3337 63 13 ACIDS.

45 3402 136 32 CAPTAIN
204 3402 80 31 COOK
302 3402 166 36 BREWERY,

143 3445 189 19 NEWMARKET.

148 3496 80 23 FOR
252 3496 112 23 SALE.

45 3548 113 43 PLANT
174 3548 19 18 in
203 3548 92 24 working
301 3548 57 19 order
365 3548 20 19 in
394 3548 76 26 Tnupo,

112 3574 159 25 comprising:—

45 3610 10 16 !2
66 3607 113 23 Launches,
189 3614 37 12 one
234 3608 61 24 large,
305 3615 37 11 one
349 3608 64 23 email,
423 3608 48 20 with

71 3633 49 23 fuel,
134 3635 23 16 130
167 3633 45 19 cord
221 3635 21 17 of
251 3634 62 21 wood,
325 3640 25 12 on
359 3634 60 18 hand.

66 3659 78 24 Sailing
154 3658 67 24 Boate,
232 3663 38 15 two
280 3663 33 15 toil
323 3659 54 19 each.

45 3688 11 16 4
68 3685 85 25 Pulling
161 3684 61 19 Boats
233 3685 37 19 ncd
281 3692 53 18 gear.

45 3711 71 19 House
139 3710 41 19 and
205 3711 80 23 garden,
311 3711 41 18 also
371 3711 100 25 goodwill.

71 3736 92 24 Leaving
173 3742 24 12 on
208 3741 79 14 account
296 3737 20 18 of
327 3737 76 20 health.

168 3761 85 18 TEEMS
266 3762 83 19 CASH.

43 3810 75 27 Apply,

70 3838 89 19 Kickitt
169 3837 17 19 A
193 3837 78 22 Adams,
281 3837 81 24 Agents,
370 3837 77 26 Taupo.

83 3870 28 16 or,
124 3863 85 20 GEor.au
217 3862 94 22 Barper,
322 3863 111 20 Auckland.

158 3913 16 19 T
188 3913 22 19 U
222 3913 11 19 I
247 3913 17 18 T
278 3913 12 19 I
304 3913 16 19 0
334 3913 26 19 N.

45 3966 92 43 MISS
162 3964 98 22 BATTY,
287 3965 43 19 The
361 3964 111 26 L.mgham,

124 3991 97 23 liotortia,
240 3991 73 19 wishes
331 3994 20 15 to
372 3991 46 25 givo
437 3998 36 12 one

47 4017 88 20 month's
153 4018 73 19 tuition
245 4017 21 19 in
285 4017 99 25 painting,
406 4017 36 23 (oil
453 4024 20 12 or

47 4045 79 24 water,)
138 4046 20 17 to
168 4044 115 25 beginnere,
297 4049 21 12 or
329 4042 19 19 in
359 4044 62 17 music
435 4044 38 17 and

47 4070 88 25 singing,
147 4070 77 19 French
235 4076 22 12 or
266 4070 59 24 fancy
334 4068 61 19 work.

124 4101 70 19 Terms
209 4106 55 14 very
279 4106 116 14 moderate.

984 4199 103 38 Ask
1115 4199 71 38 for
1212 4199 268 40 Hancock's
1509 4200 280 41 Celebrated
1822 4201 191 41 XXXX
2041 4203 117 42 Ales
2184 4210 95 37 and
2305 4210 137 42 Stout
