3228 4269
54 92 66 33 THE
142 92 87 33 SPAS
251 92 43 33 OF
316 92 153 33 EUROPE.

74 183 34 20 We
127 179 77 24 reprint
225 179 33 19 the
395 187 26 12 on
438 181 33 19 the

54 206 82 25 Thermal
146 205 172 20 Establishments
334 207 21 18 of

54 239 20 17 bv
82 234 29 19 Mr
122 232 19 19 C.
153 231 95 25 Malfroy,
259 232 42 19 laid
309 239 25 11 on
343 232 34 19 the
387 232 55 19 table
451 233 20 18 of

54 258 26 24 die
90 259 67 18 House
167 258 21 17 in
201 259 55 16 1891.
284 258 20 18 It
314 258 18 18 is
341 258 21 18 of
379 258 92 19 renewed

53 286 72 22 interest
137 284 19 17 in
165 283 35 18 the
209 283 54 25 light
273 284 21 17 of
309 284 34 18 the
360 284 111 18 intentions

52 314 16 19 of
75 312 30 18 the
115 310 136 18 Government
266 310 20 17 in
305 310 73 23 regard
398 312 19 15 to
436 310 35 17 the

52 335 148 25 reorganisation
210 336 21 17 of
243 335 34 18 tho
294 336 128 17 Sanatorium
440 341 21 12 ar-

50 362 115 26 rangements
174 362 4 26 :

62 399 8 19 I
88 397 50 18 have
157 394 33 19 tho
208 394 64 20 honor
288 397 20 17 to
323 396 69 24 report
417 395 50 23 that,

50 423 65 23 having
135 421 98 25 procured
258 420 84 20 circular
363 420 70 20 letters
450 423 21 17 of

49 446 170 25 recommendation
245 447 52 18 from
327 446 35 19 the
390 447 80 20 French

49 474 130 22 Government,
204 472 43 19 also
262 473 51 18 from
330 472 35 19 the
382 472 87 26 English

48 501 88 21 Embassy
146 498 21 18 in
183 498 64 22 Paris,
259 501 20 15 to
289 498 34 19 the
334 498 96 19 directors
449 500 21 17 of

48 529 27 18 the
83 524 82 20 thermal
177 524 164 19 establishments
351 525 21 17 of
382 524 84 24 France,

48 550 124 23 Switzerland,
190 550 109 23 Germany,
315 550 102 24 Belgium,
429 551 40 19 and

47 576 88 26 England,
148 576 10 19 I
175 576 74 18 visited
264 582 11 12 a
293 576 53 24 good
362 583 62 18 man}'
438 584 21 12 es-

47 602 141 23 tablishments;
217 602 37 18 but
270 602 12 18 I
301 602 53 18 shall
379 604 89 17 mention

47 630 36 24 only
97 628 35 19 the
141 631 52 15 most
210 628 115 25 important,
344 628 40 19 ard
393 629 67 24 princip-

47 656 44 23 ally
101 654 57 18 those
175 654 71 22 which,
263 654 41 18 like
325 654 97 20 Rotorua.
434 662 34 12 are

47 681 52 20 under
115 679 137 19 Government
268 686 22 12 or
306 681 109 24 municipal
426 687 31 13 cor-

45 707 81 27 poration
135 706 83 18 control.

66 733 64 19 Yiciiy
141 731 94 24 (France)
246 732 17 18 is
280 738 37 12 one
327 733 21 17 of
365 733 34 19 tho
416 736 52 17 most,

47 761 98 22 important
156 757 86 20 thermal
259 759 85 18 stations
353 760 21 18 of
391 760 77 18 France

48 788 11 17 |t
69 787 33 16 lias
120 790 61 18 many
200 783 86 19 thermal
302 785 165 20 establishments

46 813 15 19 iii
69 811 31 18 the
109 813 50 14 town
172 809 40 19 and
229 811 82 18 district,
324 811 34 18 the
367 811 100 25 principal

45 843 39 14 ones
105 835 62 24 being
188 835 136 19 Government
347 838 118 23 properties,

45 861 66 22 fanned
131 865 34 16 out
219 862 34 18 the
275 861 125 26 Compagnie
417 863 36 19 Fer-

45 889 51 20 miere
117 886 36 19 des
177 889 58 17 Eaux
262 888 24 19 do
311 888 72 20 Vichv.
412 889 20 18 It
449 891 17 17 is

45 913 89 26 managed
161 920 24 12 on
211 920 11 12 a
242 914 71 25 purely
340 916 126 19 commercial

45 943 19 16 ha
74 940 20 17 is.
118 940 17 17 A
145 946 47 16 very
203 944 58 20 great
280 940 89 19 l>usines<
380 941 17 18 is
414 941 52 20 done

44 969 14 18 in
68 966 31 18 the
106 966 111 18 extraction
230 966 22 19 of
259 966 34 18 the
309 966 50 19 salts
368 967 53 18 from
431 969 35 18 tho

44 995 61 16 Waters
123 990 26 26 by
164 992 137 24 evaporation,
319 994 32 17 &e.
369 995 21 16 to
405 994 60 19 make

43 1017 86 27 pastilles,
141 1017 39 18 and
195 1025 13 11 a
222 1019 113 23 compound
345 1022 21 15 of
374 1019 35 18 the
424 1020 30 18 dif-

43 1046 54 18 ferent
111 1044 50 18 salts
178 1044 17 18 is
212 1044 43 18 sold
271 1044 33 19 for
319 1044 67 24 baths,
400 1045 64 19 called

43 1069 77 25 ••'Vichy
130 1073 19 15 at

61 1096 78 23 During
166 1102 35 18 my
219 1099 45 22 stay
287 1096 11 18 I
315 1096 62 19 heard
406 1100 58 22 great

41 1121 110 25 complaints
168 1122 74 24 (which
260 1128 47 19 may
328 1129 22 12 or
366 1129 47 18 may
429 1127 35 15 not

41 1149 17 17 lie
75 1147 121 25 legitimate)
214 1148 46 18 that,
285 1150 33 17 the
338 1148 125 25 Compagnie

41 1174 91 20 Fermiere
143 1180 52 12 were
208 1174 113 25 sacrificing
337 1174 83 25 Vichy's
431 1176 21 18 in-

41 1203 51 17 terest
108 1202 20 15 to
152 1199 53 19 their
219 1206 45 12 own
279 1201 110 24 pecuniary
406 1202 55 24 gain,

40 1225 31 21 Mid
79 1226 45 18 that
142 1225 16 19 it
167 1225 66 19 would
242 1226 24 18 bo
277 1227 60 18 much
347 1227 67 19 better
430 1228 33 18 for

40 1253 26 19 the
86 1251 56 25 place
158 1251 17 19 if
193 1252 34 18 tho
243 1251 138 21 Government
395 1254 67 18 would

38 1284 68 14 resume
116 1277 78 19 control
204 1278 39 18 and
254 1285 87 18 manage
351 1279 35 19 tho
396 1280 54 18 estab-

40 1304 92 22 lishment,
144 1304 35 18 tho
189 1310 55 12 samo
255 1311 21 12 as
294 1305 15 18 is
319 1309 51 14 done
380 1309 21 15 at
410 1306 39 18 Aix-

37 1329 100 21 les-Bains.

58 1357 92 19 Ajx-x.es-
155 1362 65 13 bains.
226 1357 72 19 —This
313 1357 17 18 is
353 1357 35 19 the
410 1361 52 15 most

37 1383 102 25 important
158 1382 88 19 thermal
262 1383 157 19 establishment
441 1385 21 18 of

36 1409 73 21 France,
132 1408 17 18 if
172 1412 36 15 not
226 1409 22 18 of
267 1409 34 19 the
320 1409 69 19 world.
418 1410 43 19 The

36 1439 53 14 water
101 1434 111 19 resembles
222 1435 59 18 those
299 1436 21 18 of
330 1436 92 19 Rotorua
440 1437 20 18 in

36 1468 16 12 so
61 1462 29 17 fur
109 1460 46 19 that
171 1461 15 18 it
203 1461 16 18 is
236 1461 77 25 slighty
330 1461 129 25 sulphurous.

37 1487 57 18 There
111 1492 34 12 are
167 1493 61 18 many
252 1488 197 24 bathing-establish-

35 1516 56 16 ments
104 1512 21 18 in
141 1512 34 19 tho
196 1516 54 16 town
269 1514 39 17 and
327 1514 84 23 district,
426 1515 34 18 the

35 1538 90 26 principal
135 1545 37 12 ono
189 1538 63 26 being
271 1540 34 18 the
324 1540 137 19 Government

35 1565 151 19 establishment,
200 1565 76 25 having
292 1569 21 15 at
329 1566 26 19 its
370 1567 90 25 disposal

36 1597 51 18 every
109 1590 107 25 appliance
238 1592 33 19 for
299 1592 160 24 hydro-mineral

35 1617 126 19 medicament
179 1617 3 25 :
217 1619 57 22 1,200
304 1618 66 24 baths,
400 1620 59 22 2,000

34 1643 86 23 douches,
132 1644 39 18 and
185 1646 38 16 200
238 1644 124 19 inhalations
378 1651 38 12 can
434 1646 26 18 be

34 1669 68 19 ailtnini
115 1670 56 18 tered
181 1670 55 25 daily
245 1669 4 26 ;
264 1670 38 18 and
311 1670 16 19 it
337 1670 17 19 is
363 1671 44 19 said
416 1671 44 19 that

33 1697 12 17 it
52 1698 60 16 treats
123 1702 54 13 more
191 1697 68 18 actual
266 1697 89 24 patients
362 1697 49 19 than
420 1703 40 20 any

33 1722 50 18 other
93 1721 155 21 establishment
258 1723 20 18 in
289 1723 34 18 tho
334 1723 68 24 world,
420 1724 39 18 and

33 1750 86 22 amongst
129 1747 55 20 them
192 1749 17 18 is
215 1756 44 11 now
266 1749 103 19 inscribed
378 1750 20 17 in
406 1750 54 18 their

33 1773 69 19 Golden
113 1773 57 19 Book
182 1775 34 18 the
227 1781 58 12 name
305 1776 21 17 of
342 1775 46 19 Her
405 1776 54 18 Most

33 1800 90 18 Gracious
133 1799 89 27 Majesty
233 1801 34 18 tho
277 1801 71 20 Queen
365 1801 23 19 of
402 1802 43 24 Eng-

32 1826 40 19 land
88 1825 39 19 and
143 1826 95 26 Empress
258 1827 20 18 of
294 1827 67 19 India.
399 1828 11 18 I
427 1834 30 12 am

33 1852 89 25 specially
132 1853 97 19 indebted
240 1857 19 14 to
271 1853 31 19 Mr
313 1853 21 19 C.
349 1853 23 19 L.
393 1853 64 24 Livet,

32 1879 28 18 the
71 1878 85 19 director
166 1881 20 17 of
198 1879 33 19 the
249 1879 161 25 establishment,
428 1881 31 18 for

33 1905 25 18 Lis
68 1904 96 19 kindness
175 1905 39 19 and
225 1909 98 21 courtesy,
336 1907 38 17 and
386 1906 31 18 for
425 1907 34 18 the

32 1937 41 18 very
90 1930 96 20 valuable
204 1931 131 20 information
352 1933 64 18 which
434 1933 25 18 lie

30 1963 45 19 gave
85 1963 40 12 me.

50 1983 159 20 Baden-Baden
221 1984 120 25 (Germany)
358 1991 101 13 possesses

30 2010 71 17 several
120 2010 270 26 bathing-establishments,
424 2012 35 18 the

30 2035 98 25 principal,
142 2038 75 16 newest
233 2036 39 18 and
290 2040 51 15 most
360 2037 99 25 complete

31 2062 55 24 lieing
97 2062 34 18 the
149 2062 162 23 Friedriclisbad,
325 2062 65 26 justly
407 2064 40 18 eele-

30 2087 66 19 inated
104 2088 32 18 for
144 2088 24 18 its
177 2088 125 25 therapeutic
315 2089 114 25 appliances
438 2090 21 17 of

31 2114 29 17 the
71 2114 59 18 latest
141 2114 88 24 designs,
250 2118 93 20 amongst
360 2116 64 17 which
443 2116 16 18 is

30 2139 29 19 the
78 2140 253 25 ineshanico-thernpeutic
350 2142 98 18 establish-

30 2172 46 12 ment
90 2173 12 11 w
109 2166 4 26 I
125 2166 2 26 i
136 2166 42 18 rein
198 2166 35 18 the
254 2166 74 25 special
346 2168 113 24 gymnastic

30 2198 34 19 app
78 2199 27 12 rat
112 2199 22 11 us
144 2192 21 19 of
175 2192 30 18 Dr
215 2192 86 24 Zander,
313 2193 21 18 of
342 2193 117 20 Stockholm

30 2218 13 18 is
52 2219 83 22 ciocted,
155 2219 109 24 providing
279 2218 63 20 active
358 2220 40 18 and
413 2227 33 14 pas-

30 2245 36 18 sive
75 2245 123 19 mechanical
214 2247 124 17 movements
353 2246 32 18 for
400 2252 60 19 every

29 2271 46 24 j'lint
86 2272 21 17 of
118 2271 34 18 the
165 2271 76 19 human
255 2271 77 24 frame;
358 2272 28 18 all
402 2272 57 20 these

30 2297 111 25 appliances
148 2303 41 16 can,
199 2297 48 19 with
256 2297 149 20 mathematical
414 2305 35 18 pre-

29 2324 63 21 cision,
104 2323 25 19 bo
140 2323 107 24 regulated
264 2327 19 14 to
299 2325 40 17 suit
355 2325 35 17 the
407 2325 40 19 indi-

29 2349 66 19 vidual
104 2356 45 11 ease
160 2352 20 15 to
191 2349 26 19 be
227 2350 84 18 treated.
339 2351 49 17 This
401 2352 59 18 mode

29 2377 18 17 of
64 2375 114 25 gymnastic
200 2376 88 19 exercise
312 2382 64 14 seems
395 2380 21 16 to
435 2377 24 19 be

29 2401 73 25 greatly
113 2401 130 26 appreciated
252 2402 26 24 by
287 2402 57 19 those
362 2403 43 18 who
424 2410 35 12 use

29 2432 18 19 it,
59 2428 37 18 but
106 2428 17 18 it
132 2428 17 18 is
158 2428 71 18 rather
238 2428 63 25 costly
318 2431 20 15 to
355 2429 26 18 be
396 2429 53 19 intro-

30 2454 60 18 duced
100 2454 42 18 into
153 2459 12 13 a
175 2453 56 25 place
242 2454 49 18 with
302 2455 58 18 small
377 2456 70 24 popula-

29 2481 45 21 tion,
86 2480 49 19 such
147 2486 21 13 as
179 2479 97 20 Rotorua.

51 2506 215 20 Wiesbaden.—This
284 2507 18 18 is
320 2507 42 18 also
380 2514 12 11 a
411 2514 49 18 very

29 2534 108 24 important
173 2532 176 25 bathing-resort.
397 2533 22 19 M.
427 2540 32 18 my

29 2559 79 20 tourists
119 2558 39 19 and
173 2559 89 18 invalids
278 2559 47 18 visit
342 2559 35 19 the
396 2560 63 24 place,

28 2586 35 19 but
72 2586 16 18 it
105 2591 104 19 possesses
224 2592 26 11 no
269 2585 75 25 special
363 2586 86 25 bathing-

28 2611 168 20 flstablishments.
224 2612 44 18 The
277 2612 87 18 thermal
379 2613 82 25 springs

29 2646 30 12 are
78 2638 71 19 owned
168 2638 28 24 by
215 2638 35 17 the
276 2637 142 24 Government,
438 2646 23 11 or

29 2664 146 24 Municipality,
194 2664 44 19 who
254 2664 83 25 provide
354 2664 107 19 luxurious

29 2690 94 25 drinking
134 2690 104 19 fountains
254 2690 39 19 and
309 2690 53 18 halls
378 2690 70 24 (Trink-

28 2717 80 24 halles),
121 2716 39 19 and
168 2716 74 25 supply
250 2716 34 19 the
292 2716 94 19 different
395 2716 66 19 hotels

29 2744 44 19 with
84 2742 88 19 thermal
182 2746 72 15 waters
265 2742 32 19 for
310 2742 53 19 their
381 2749 68 19 respec-

28 2771 37 19 tive
75 2768 172 26 bathing-places,
257 2775 52 12 none
319 2768 21 19 of
351 2768 65 19 which
426 2775 34 13 are

28 2798 19 18 of
68 2795 99 19 sufficient
186 2795 125 24 importance
330 2797 19 16 to
367 2801 92 19 compare

28 2822 45 20 with
83 2822 58 18 those
151 2821 21 19 of
181 2820 155 20 Aix-les-Bains
345 2827 22 13 or
379 2821 82 19 Baden-

28 2848 73 20 Baden.

50 2873 203 20 Aix-la-Ciiapelle
276 2879 101 19 possesses
405 2880 54 12 some

28 2908 45 18 very
94 2899 97 20 valuable
211 2899 84 19 mineral
314 2900 87 23 springs,
425 2900 35 18 the

28 2926 118 26 propertyof
155 2925 34 19 the
197 2925 149 25 Municipality,
356 2926 44 18 who
408 2926 51 18 have

28 2954 50 18 built
96 2951 79 20 several
193 2951 120 19 convenient
331 2952 117 23 bathing-es-

28 2979 146 21 tabli.-hments,
184 2977 66 19 which
260 2978 49 23 they
318 2977 28 19 let
366 2984 23 12 or
406 2979 54 17 leaße

28 3009 17 16 at
57 3013 11 11 a
78 3005 51 25 high
136 3004 67 18 rental
210 3007 20 15 to
236 3003 126 25 responsibla
370 3007 88 20 tenants,

28 3031 76 26 subject
113 3034 20 15 to
151 3029 33 19 the
201 3029 112 26 inspection
332 3030 38 18 and
391 3036 57 19 super-

28 3059 60 18 vision
96 3058 21 18 of
125 3064 11 11 a
144 3055 213 26 specially-appointed
369 3055 79 19 Govern-

28 3086 52 17 ment
90 3083 107 24 inspector.
227 3081 55 19 Four
292 3082 21 18 of
323 3082 58 19 theso
391 3082 57 18 estab-

27 3110 105 18 lishments
142 3109 63 25 being
214 3114 45 13 now
274 3108 20 19 in
305 3108 34 19 the
356 3108 65 19 hand;i
440 3109 21 18 of

28 3137 31 17 Mr
69 3135 87 23 Dremel,
178 3140 11 13 a
207 3134 57 24 largo
287 3134 136 24 hotelkeeper.
445 3135 16 18 it

30 3162 80 19 enables
121 3161 47 21 him,
186 3161 28 21 by
229 3160 124 24 judiciously
368 3160 93 24 dividing

28 3189 52 18 them
91 3188 43 18 into
144 3187 80 21 classes,
236 3189 20 16 to
267 3186 64 19 afford
350 3192 98 13 accommo-

29 3214 66 19 dation
104 3216 22 17 to
146 3213 40 19 suit
203 3212 35 19 the
255 3215 52 16 tasto
324 3212 40 19 and
377 3212 73 19 circum-

30 3244 75 17 (.taiices
116 3240 21 18 of
148 3238 26 19 all
184 3238 74 19 classes
268 3238 21 18 of
297 3238 89 19 visitors.

55 3267 41 18 Spa
120 3264 219 26 (Belgium).—There
355 3264 17 19 is
388 3271 12 12 a
419 3265 43 18 nice

29 3293 51 19 little
90 3291 157 20 establishment
255 3291 54 22 here,
321 3290 35 19 the
365 3294 98 21 property

30 3320 19 18 of
58 3319 35 19 the
109 3317 140 25 Corporation,
269 3316 39 19 and
325 3316 64 19 under
410 3317 53 18 their

30 3344 114 20 immediate
160 3345 144 23 management
318 3342 40 19 and
372 3343 85 18 control.

32 3372 41 18 The
97 3369 126 20 installation
239 3368 63 25 being
317 3372 74 19 recent,
407 3369 17 18 it
445 3369 18 18 is

31 3397 44 19 well
84 3395 93 26 supplied
189 3395 49 19 with
249 3395 27 19 all
286 3394 83 20 modern
380 3394 81 20 ba'neal

33 3422 113 26 gymnastic
167 3421 122 26 appliances,
306 3421 39 18 and
362 3427 102 18 possesses

33 3457 8 11 a
83 3448 54 26 good
182 3455 14 11 ii
205 3448 92 25 pulation
336 3447 128 25 throughout

31 3475 87 26 Europe^

58 3502 58 18 Bath
140 3499 123 27 (England);
266 3499 101 25 —Owing
384 3502 20 16 to
429 3499 34 19 the

31 3528 23 18 iic
195 3527 33 17 the
237 3525 88 19 weather
333 3525 17 23 (I
356 3525 107 24 'ecember)

33 3554 38 19 this
99 3553 21 19 is
136 3553 35 19 th*
190 3553 48 24 only
268 3551 156 19 istablishment
452 3555 12 15 J.

31 3579 71 19 visited
120 3579 20 18 in
158 3578 102 22 England.
289 3578 20 18 It.
332 3584 40 11 was
388 3584 64 12 recom-

32 3613 23 11 ini
64 3605 52 19 tided
128 3603 65 19 trrlnh-
207 3605 86 17 because
305 3604 13 18 i.r
328 3604 16 18 is
362 3603 33 19 the
411 3607 53 15 most

33 3635 66 15 recent
297 3629 125 21 instijlation
443 3630 20 18 in

32 3658 40 19 this
88 3659 91 21 country,
196 3656 35 20 tho
255 3656 65 19 works
342 3655 63 25 being
424 3655 40 19 still

32 3685 17 17 in
61 3687 99 22 progress;

57 3711 52 18 liatli
123 3716 32 18 pot
160 3715 64 17 susses
242 3715 11 12 a
263 3715 48 17 very
327 3708 57 25 largo
400 3713 52 19 quan-

33 3737 36 25 tity
85 3736 21 18 of
118 3735 88 19 thermal
215 3737 68 16 water,
296 3734 65 19 which
373 3734 17 17 is
401 3733 64 18 under

33 3763 33 18 the
75 3761 108 20 control/'of
193 3768 12 11 a
222 3760 52 19 Bath
291 3760 126 22 Committee,
428 3765 24 19 ap-

33 3788 80 25 pointed
137 3787 26 25 by
181 3787 34 18 the
239 3786 138 26 Corporation,
398 3785 67 18 which

33 3815 49 18 until
102 3813 96 24 recently,
218 3812 107 19 contented
342 3811 61 24 itself,
417 3811 47 18 -iike

33 3847 10 12 u
65 3843 20 16 at
95 3840 98 21 Rotorua,
206 3839 48 18 with
264 3838 35 19 tho
306 3838 91 24 simplest
405 3837 59 19 mode

33 3869 19 16 of
63 3866 93 24 bathing,
167 3865 116 19 immersion
294 3864 62 25 being
365 3864 35 18 the
417 3862 47 26 only

33 3896 107 15 treatment
160 3891 66 25 given.
255 3891 25 19 ]n
292 3892 49 17 1885
359 3890 35 18 tho
410 3889 54 19 Bath

34 3918 124 22 Committee,
176 3917 80 25 finding
276 3917 45 19 that
337 3916 35 19 tho
388 3916 77 18 science

35 3946 18 17 of
70 3944 123 25 balneology
215 3943 41 19 had
269 3943 59 19 made
353 3942 49 18 such
419 3947 36 18 pro-

35 3977 54 18 gress
99 3977 25 12 oil
143 3972 33 16 the
192 3969 109 19 Continent
310 3968 44 19 that
370 3967 54 19 their
434 3967 22 18 in-

33 3997 54 18 valid
111 3996 70 19 client*
205 3995 82 19 became
304 3995 38 18 lean
363 3993 40 19 aud
426 3992 40 18 less

35 4029 17 12 in
65 4022 92 23 number,
170 4022 45 24 (the
225 4021 91 19 medical
321 4026 46 13 men
378 4019 21 18 of
408 4018 44 25 Eng-

35 4048 45 20 land
92 4047 165 25 recommending
271 4047 28 19 all
315 4045 89 26 patients
421 4044 45 19 who

33 4075 54 19 could
100 4074 65 19 afford
179 4077 16 15 it
206 4077 20 15 to
236 4080 26 17 go
272 4075 21 17 to
303 4073 34 17 tho
355 4070 99 19 Continen-

31 4101 25 18 tal
82 4099 186 26 watering-places,
293 4098 66 19 where
413 4102 40 13 mas-

496 87 48 16 sage
592 80 39 19 and
650 80 58 18 other
736 83 69 17 recent
833 82 94 19 scientific

497 106 68 20 modes
574 106 21 18 of
605 106 33 18 the
655 105 124 25 application'
830 108 85 19 thermal-

496 134 60 17 water
570 134 108 16 troatment
699 132 41 18 had
756 133 81 19 become
855 140 60 19 recog-

497 158 55 18 nised
570 164 21 11 as
607 163 12 12 a
633 158 133 25 trustworthy
784 159 40 19 and
842 160 85 18 efficient

496 189 76 18 agency
591 183 20 17 in
636 183 34 18 tho
696 185 109 18 treatment
831 186 21 18 of
866 192 61 18 many

496 208 160 24 diseasesjwhich
661 208 56 24 yield
727 209 36 19 but
771 211 117 19 indifferent
896 218 21 12 re-

495 235 50 18 sults
551 237 20 16 to
583 234 34 19 the
634 235 66 18 action
715 235 21 18 of
753 235 76 26 drugs),
851 244 25 11 on
891 237 34 19 the

494 260 159 25 representation
680 261 22 18 of
729 261 19 18 J.
779 263 26 17 G.
835 262 91 25 Douglas

494 286 67 22 Kerr,,
569 286 115 19 M.8.C.M..
704 286 46 19 who
766 287 49 25 paid
824 295 13 12 a
849 289 47 19 visit
906 292 20 16 to

494 311 80 20 Aix-les
579 312 75 22 -Bains,
666 312 40 18 and
717 312 45 19 who
772 320 25 11 on
808 314 32 19 his
855 317 69 16 return

494 338 104 24 presented
610 345 11 11 a
630 341 69 21 report
713 341 21 15 to
748 338 35 19 the
797 339 55 19 Bath
867 340 44 19 Com-

494 363 74 23 mittee,
583 364 47 18 took
645 364 35 17 the
693 366 74 16 matter
781 366 144 24 onorgoticallv

492 390 21 17 in
527 389 61 23 hand,
605 390 34 18 tho
658 389 64 19 result
740 390 62 24 being
820 392 44 18 that
884 392 33 19 tiro

493 414 130 26 Corporation
634 418 44 15 sent
687 413 53 20 tHeir
746 416 98 19 architect
852 420 19 16 to
879 418 46 19 visit

492 441 155 19 Aix-les-Bains
662 441 41 19 aud
719 441 58 19 other
794 442 130 21 Continental

492 467 172 22 establishments,
683 470 20 15 to
723 467 82 25 acquire
822 469 35 18 tho
870 470 44 18 tech-

493 493 50 19 nical
555 493 118 24 knowledge
683 499 106 18 mcessary
798 496 20 16 to
835 494 90 26 improve

492 520 52 18 their
555 519 69 22 baths;
640 518 40 20 and
687 524 56 19 upon
752 519 32 19 his
795 520 45 23 (the
857 521 56 19 archi-

492 546 65 24 tect's)
577 547 69 17 return
662 551 12 11 a
689 551 44 12 sum
753 545 20 18 of
790 552 74 19 money
884 554 39 12 was

491 571 98 26 procured
612 571 26 24 by
661 576 44 18 way
722 571 22 17 of
766 577 12 12 a
805 571 53 23 loan,
885 574 39 18 and

492 597 65 19 works
567 603 52 13 were
628 599 21 16 at
661 602 48 12 once
717 599 37 22 put
763 597 21 18 in
795 597 55 19 hand
857 597 4 24 ;
884 600 40 18 and

492 624 57 18 when
570 623 13 19 I
596 622 75 19 visited
688 620 55 21 Bath
751 622 35 19 tho
808 625 116 24 appliances

490 650 32 18 for
537 649 35 19 the
590 647 123 26 application
736 649 21 18 of
773 653 62 15 water
849 651 21 18 in
889 658 34 12 use

490 675 56 19 there
558 682 50 11 were
625 674 60 25 equal
703 677 20 16 to
739 677 52 16 most
801 676 22 18 of
838 677 57 19 those
912 678 12 18 I

490 708 40 13 saw
538 708 25 12 on
579 701 34 19 the
628 700 116 23 Continent,
762 701 39 18 and
818 701 35 20 tho
869 703 54 19 Bath

490 727 119 20 Committee
624 725 60 20 think
700 733 22 11 so
739 726 74 26 highly
828 729 22 18 of
867 729 55 19 them

490 754 45 19 that
562 754 48 23 they
628 752 50 18 have
697 752 91 24 brought
804 761 48 12 over
868 762 54 12 some

489 780 113 19 doucheurs
612 778 38 19 and
666 777 125 20 doucheuses
804 780 52 19 fri.m
872 782 39 19 Aix-

489 806 103 19 les-Bains
609 808 20 15 to
655 804 53 18 train
727 804 53 19 their
797 812 45 13 own
857 810 55 16 atten-

489 832 59 19 dants
561 832 41 18 into
614 830 40 19 tiiis
663 830 74 24 special
755 830 50 19 form
817 833 21 18 of
869 841 39 11 mas-

490 865 47 15 sage
581 856 118 26 treatment;
716 856 35 19 tho
770 857 149 25 pulverisatore,

489 890 76 18 sprays,
576 884 39 22 &c.,
626 883 31 18 for
676 882 35 18 tho
726 885 109 18 treatment
850 886 20 18 of
884 886 36 19 dis.

489 916 55 13 eases
554 910 21 18 of
585 909 34 19 the
628 908 78 23 mouth,
718 908 73 24 throat,
803 917 54 18 nose,
870 919 50 15 ears,

488 936 41 18 and
541 941 52 19 eyes,
610 935 63 25 being
686 934 52 18 from
749 935 34 19 the
792 941 55 14 same
863 938 58 18 Paris
926 934 1 26 I

488 962 43 18 firm
556 962 21 18 of
598 960 216 20 medical-instrument
842 964 79 18 makers

488 988 45 18 who
548 987 105 19 furnished
671 987 39 18 and
721 987 95 20 installed
833 990 57 18 those
901 990 18 18 in

487 1020 36 12 me
533 1018 20 14 at
562 1013 40 19 Aix
614 1013 108 19 les-Baitis.

514 1040 11 18 I
538 1046 41 12 was
596 1038 127 25 everywhere
738 1039 44 19 well
793 1041 90 19 received
894 1042 26 23 by

487 1065 35 19 the
537 1066 96 18 directors
656 1065 20 18 of
693 1065 35 18 tho
743 1065 96 20 different
855 1067 53 19 estab-

486 1092 105 18 lishnients
607 1091 65 19 which
688 1091 11 18 I
717 1091 80 24 visited,
817 1093 40 19 and
873 1094 47 24 they

486 1124 51 12 were
556 1119 51 17 most
621 1117 50 19 kind
685 1117 40 19 and
750 1118 132 27 painstaking
899 1120 19 18 in

486 1143 93 25 showing
587 1143 39 19 and
636 1143 121 26 explaining
767 1148 20 14 to
797 1151 32 12 me
840 1146 33 18 the
886 1152 32 12 use

486 1170 21 18 of
518 1170 33 19 the
567 1169 95 19 different
670 1169 123 25 appliances,
802 1176 115 19 apparatus,

486 1197 40 18 &c..
544 1195 50 20 used
611 1196 20 18 in
647 1195 54 19 their
722 1197 111 23 respective
854 1198 53 18 estab-

487 1222 109 19 lishnients.
625 1222 10 17 I
646 1221 48 18 took
705 1222 83 24 copious
798 1226 63 18 notes,
878 1223 40 19 and

486 1255 54 12 Mime
550 1248 92 19 sketches
652 1248 21 17 of
689 1248 102 25 anything
801 1255 44 13 new
856 1249 61 25 likely

485 1277 19 16 to
513 1274 25 19 be
548 1274 117 19 introduced
676 1273 55 20 here.

510 1300 12 18 I
533 1307 39 11 was
583 1300 41 19 also
635 1306 47 17 very
699 1300 61 18 much
770 1301 111 19 interested
896 1302 21 18 in

484 1326 34 18 tho
529 1326 85 19 Balneal
623 1326 40 18 and
673 1326 136 22 Therapeutic
827 1328 90 19 l'avilion

484 1352 78 19 erected
579 1352 70 18 within
666 1351 35 19 the
717 1352 59 19 Paris
797 1353 121 20 Exhibition

483 1378 96 25 grounds,
592 1378 65 18 where
669 1384 60 19 man}'
741 1380 21 17 of
776 1379 34 18 the
823 1380 84 25 bathing-

483 1404 164 19 establishments
657 1404 22 19 of
699 1405 77 18 France
795 1406 40 18 bail
851 1409 67 16 courts

483 1430 125 25 illustrating
619 1430 25 25 by
659 1436 71 13 means
740 1431 22 18 of
780 1438 45 12 wax
843 1433 75 24 figures

484 1456 33 19 the
532 1456 89 25 peculiar
636 1456 58 18 mode
711 1457 22 18 of
748 1458 100 25 applying
866 1459 52 18 their

483 1483 74 24 special
576 1483 57 18 mode
652 1483 22 18 of
689 1486 116 21 treatment,
823 1484 48 19 with
889 1488 19 15 at-

483 1509 94 19 tendants
591 1509 78 23 willing
679 1509 38 18 and
734 1510 86 18 anxious
835 1513 21 16 to
871 1511 46 23 give

482 1535 130 19 information
623 1535 116 25 respecting
748 1535 3 25 t
758 1536 38 18 lieii
821 1543 39 16 um>,
878 1537 39 19 and

482 1561 146 25 physiological
640 1561 69 18 effects
720 1569 25 11 on
757 1563 93 23 patients.

508 1587 43 19 The
570 1587 119 24 impression
715 1588 57 18 made
792 1596 25 11 on
838 1596 32 12 me
890 1589 27 23 by

482 1613 125 19 whntlS'W
625 1613 41 19 and
679 1613 64 19 heard
762 1614 19 18 in
801 1615 81 26 Europe
901 1616 16 18 is

482 1640 45 18 that
537 1639 28 20 bv
574 1639 116 25 neglecting
701 1640 57 19 these
765 1641 75 24 special
849 1642 68 18 modes

482 1665 21 19 of
513 1666 122 25 application
654 1666 21 18 of
690 1672 37 12 our
744 1666 86 20 mineral
847 1670 70 16 waters

483 1698 28 12 we
522 1693 41 17 lose
574 1691 32 19 the
617 1693 81 23 greater
708 1695 46 22 part
765 1693 21 18 of
797 1693 34 19 the
842 1693 76 19 benefit

482 1720 21 17 to
514 1717 25 20 be
550 1717 81 20 derived
643 1718 27 24 by
680 1717 54 20 their
744 1725 41 12 use.
822 1721 46 17 And
883 1721 34 17 the

482 1745 41 18 fact
533 1745 44 18 that
588 1750 28 13 we
628 1743 51 19 have
689 1745 76 23 proved
776 1752 21 11 so
808 1746 109 19 successful

482 1770 27 24 by
518 1770 71 24 simple
598 1770 192 19 immersion-baths
797 1771 20 19 in
826 1779 9 11 s
845 1770 3 26 >
857 1778 60 18 man}'

481 1803 57 12 cases
548 1796 65 19 which
621 1796 52 19 have
683 1803 56 12 come
750 1797 65 19 under
824 1804 33 13 niv
872 1804 34 18 per-

482 1822 56 19 sonal
549 1823 65 18 notice
629 1822 76 25 during
723 1830 34 17 my
776 1824 56 18 three
851 1824 65 24 years'

482 1848 101 19 residence
593 1853 21 14 at.
624 1848 89 19 Rotorui
725 1856 37 11 can
774 1850 47 19 oi.lv
831 1850 23 18 be
861 1851 45 18 attri-

482 1874 62 19 buted
555 1878 19 15 to
586 1874 34 19 the
631 1875 99 24 powerful
744 1875 124 25 sulphurous
878 1877 39 18 and

482 1900 57 19 other
549 1900 85 19 mineral
651 1901 127 24 ingredients
798 1902 65 19 which
883 1903 34 18 the

482 1926 90 19 Rotorua
583 1933 80 19 springs
671 1928 81 17 contain
760 1926 3 26 ;
776 1928 40 18 and
824 1928 16 19 it
848 1928 69 19 makes

482 1959 31 12 me
524 1952 39 19 feel
574 1953 101 19 confident
685 1953 46 19 that
741 1961 28 10 we
781 1955 66 18 would
867 1955 50 18 have

482 1978 134 25 wonderfully
634 1979 53 25 good
703 1980 74 18 results
799 1980 16 18 if
832 1982 33 17 the
877 1981 27 18 Go-

483 2008 105 15 vernment
598 2006 48 18 took
657 2008 55 22 steps
727 2008 21 16 to
763 2006 105 20 introduce
883 2008 34 17 the

482 2031 105 25 improved
602 2031 46 23 and,
665 2031 11 19 I
694 2038 46 17 may
759 2038 42 19 say,
822 2034 95 17 scientific

482 2058 59 18 mode
551 2057 21 17 of
582 2057 122 25 application
716 2058 21 18 of
755 2058 84 20 mineral
857 2062 61 16 water

482 2083 48 18 used
539 2084 21 18 in
569 2083 88 25 Europe.

602 2125 33 22 [To
649 2131 23 10 »»,
682 2130 99 12 continued
790 2126 7 21 ]

999 85 12 18 I
1021 87 35 22 got
1065 86 80 19 weaker
1155 86 40 19 and
1205 86 85 24 wilier,
1301 87 20 18 in
1331 87 51 19 snite

950 110 21 17 of
981 110 28 19 all
1017 112 46 17 that
1075 118 40 13 was
1125 112 58 22 done,
1204 112 40 19 and
1259 112 41 19 had
1319 115 21 16 to
1359 114 23 19 be

950 141 36 12 OFF
995 141 101 15 MY.WORK
1113 143 40 13 I'OU
1306 144 75 14 WEEKS.

949 160 27 19 11l
985 161 41 19 this
1038 170 43 17 way
1091 163 12 18 I
1113 166 53 17 went
1183 170 26 12 on
1223 163 53 19 until
1294 164 74 19 Novem-

950 186 36 19 ber
995 188 20 18 of
1026 188 34 19 the
1071 196 55 11 same
1138 195 74 18 year—
1216 190 55 17 IS9'5.
1299 190 57 19 Then
1372 191 9 18 I

949 213 107 24 happened
1066 218 20 15 to
1096 215 48 18 road
1160 216 62 17 about
1239 214 83 19 Mother
1339 216 33 18 Sei-

950 239 50 23 gel's
1009 242 68 21 Syrup
1088 240 39 19 and
1138 241 54 18 what
1204 241 14 18 it
1229 240 40 19 had
1280 240 51 19 doue
1351 242 31 18 for

949 265 67 18 others
1026 266 100 23 suffering
1137 266 41 18 like
1188 272 37 13 me.
1254 266 11 18 I
1274 270 36 21 got
1318 273 11 12 a
1338 267 33 19 bot-

949 289 27 19 tle
986 291 21 18 of
1016 291 41 19 this
1068 291 98 19 medicins
1176 293 52 17 from
1238 292 33 18 Mr
1282 292 33 19 W.
1325 293 43 24 Hey-

949 316 62 24 wood,
1023 324 75 17 grocer,
1117 318 22 18 in
1155 317 86 19 Oldham
1257 317 64 24 Road,
1342 319 39 17 and

948 341 53 19 after
1010 343 74 24 taking
1092 344 49 23 only
1153 344 34 18 tho
1197 344 43 18 h-ilf
1250 343 21 19 of
1280 344 17 18 it
1316 344 10 18 I
1345 344 37 18 felt

948 367 59 20 much
1017 368 72 19 bettor.
1101 369 10 18 I
1121 369 60 19 could
1191 372 33 16 eat
1235 370 83 18 without
1326 370 53 24 pain,

948 393 40 19 and
1011 400 40 13 was
1070 397 93 23 stronger
1191 395 40 19 and
1249 395 94 25 blighter
1360 395 21 19 in

948 425 59 18 every
1017 426 52 18 way.
1096 420 69 19 When
1176 421 10 19 I
1197 421 40 19 had
1246 421 87 19 finished
1347 421 34 18 the

948 444 63 19 bottlo
1021 445 11 18 I
1044 452 38 12 was
1092 447 56 23 quite
1158 447 67 23 cured,
1235 447 38 19 and
1282 447 52 19 have
1341 447 40 18 had

948 477 24 12 no
982 473 69 16 return
1062 472 22 18 of
1101 472 35 18 the
1154 473 109 25 complaint
1282 473 60 18 since.
1370 473 11 18 I

948 496 50 19 have
1008 496 43 19 told
1060 503 62 19 many
1132 499 68 18 others
1211 499 62 18 about
1283 498 55 19 what
1346 498 34 19 the

947 522 66 25 Syrup
1024 522 33 19 did
1068 524 32 17 for
1110 531 37 16 ine,
1157 524 40 19 and
1216 526 36 17 out
1270 525 21 18 of
1306 524 62 18 thank-

947 548 77 18 fulness
1034 548 11 19 I
1055 555 31 12 am
1098 550 78 24 willing
1186 557 33 18 my
1229 550 60 19 letter
1308 550 72 18 should

949 573 23 19 be
981 574 59 18 made
1050 574 76 25 public.
1143 576 97 24 (Signed)
1252 576 52 18 Miss
1316 576 64 23 Lydia

950 600 19 17 E.
981 599 86 24 Morton,
1081 602 16 22 1,
1110 601 88 19 Greaves
1209 604 70 21 street,
1295 601 77 19 Middle
1375 599 3 26 l

946 628 33 16 ton
990 625 102 23 Junction,
1106 633 50 13 near
1165 627 134 23 Manchester,
1321 627 47 19 Octo-

947 651 35 19 ber
995 652 51 22 10th,

972 677 52 18 Both
1035 677 56 19 these
1101 678 64 19 ladies
1172 685 37 18 say
1218 679 43 18 that
1269 679 49 24 they
1326 685 52 12 were

946 709 58 17 very,
1011 704 63 22 weak,
1091 704 41 18 and
1147 705 46 18 that
1211 705 52 18 their
1282 705 97 18 food—of

946 729 65 18 which
1021 729 49 25 they
1079 730 59 18 could
1148 730 38 18 but
1197 731 47 17 take
1263 731 115 18 little—did

944 755 56 18 them
1010 761 26 12 no
1047 756 58 24 good.
1125 755 26 19 In
1163 756 33 18 the
1207 756 61 19 midst
1277 757 22 17 of
1309 757 69 24 plonty

945 780 48 24 they
1003 787 51 12 were
1064 781 88 24 actually
1160 782 96 23 starving.
1285 782 25 19 So
1319 782 59 19 much

945 806 75 19 wasted
1030 813 41 12 was
1081 814 37 11 one
1129 808 21 17 of
1167 808 56 18 thoin
1240 808 45 19 that
1301 809 16 18 it
1338 815 40 11 was

945 832 91 19 believed
1047 833 35 18 she
1093 833 41 18 had
1151 834 148 25 consumption.
1336 834 42 18 The

944 860 60 17 event
1013 858 81 19 showed
1104 860 45 18 that
1163 860 49 24 they
1223 860 48 18 both
1289 860 88 18 suffered

944 884 52 19 from
1016 884 115 25 dyspepsia,
1156 885 40 18 and
1219 885 87 25 nothing
1329 886 47 18 else.

944 910 40 18 .But
995 910 44 18 that
1048 917 41 12 was
1098 911 57 24 quite
1166 911 81 25 enough
1256 910 3 26 ;
1282 912 40 18 nnd
1343 912 23 18 be-

944 936 52 18 sides
1006 936 16 18 it
1032 936 55 19 often
1108 943 49 12 runs
1176 937 42 18 into
1237 937 139 25 consumption

943 962 40 18 and
993 962 58 18 other
1059 962 52 19 fatal
1123 962 103 19 maladies.
1254 963 31 25 By
1302 964 75 23 setting

943 987 34 19 the
1000 988 91 19 stomach
1109 988 56 25 right
1195 988 79 20 Mother
1292 990 84 24 Seigel's

943 1013 66 25 Syrup
1018 1013 53 25 fully
1080 1015 61 18 cured
1150 1015 54 18 them
1215 1015 55 19 both.

969 1039 59 19 Coals
1038 1040 40 18 and
1088 1041 56 18 wood
1155 1047 34 12 are
1198 1041 77 19 useless
1290 1041 86 19 without

943 1072 68 12 means
1022 1068 19 16 to
1051 1065 54 26 light
1115 1073 12 12 a
1135 1066 36 19 fire
1179 1065 4 26 ;
1200 1067 40 19 and
1254 1067 63 19 bread
1337 1067 39 19 and

942 1094 53 16 meat
1005 1098 35 12 are
1054 1098 23 12 as
1096 1092 87 25 nothing
1202 1093 68 19 unless
1290 1100 30 12 we
1339 1100 37 12 can

941 1123 71 13 digest
1023 1118 55 18 them
1087 1118 40 18 and
1143 1119 60 17 make
1220 1119 55 19 them
1292 1121 47 22 part
1356 1120 20 18 of

941 1150 37 12 our
987 1143 51 19 flesh
1048 1144 40 18 aud
1099 1143 58 19 bone.
1185 1144 53 18 That
1254 1145 18 18 is
1289 1151 48 18 easy
1355 1148 21 16 to

941 1176 33 12 see
984 1169 40 19 and
1031 1170 110 24 important
1149 1172 21 16 to
1180 1170 119 19 remember.
1329 1171 47 19 And

941 1195 15 18 it
972 1202 17 11 is
1005 1195 27 19 its
1047 1202 68 18 power
1132 1198 19 16 to
1168 1196 48 25 help
1231 1199 74 16 nature
1320 1197 55 18 work

941 1222 40 17 this
988 1222 165 19 transformation
1163 1222 44 19 that
1217 1222 68 19 makes
1295 1223 81 19 Mother

941 1247 84 25 Seigel's
1058 1248 67 25 Syrup
1164 1255 20 12 so
1218 1249 114 18 wonderful
1364 1256 12 11 a

940 1274 88 23 remedy.

1035 2477 82 25 THE
1139 2477 136 26 MAILS.

973 2544 148 19 ROTORUA
1134 2545 75 18 POST
1227 2546 117 19 OFFICE.

1011 2594 68 18 Mails
1089 2594 62 19 close
1161 2599 25 13 as
1195 2594 75 19 under
1279 2601 28 12 :

1113 2624 98 17 Monday.

942 2655 46 18 For
997 2655 123 23 Tauranga
1128 2655 25 18 at
1162 2655 54 18 6.30
1225 2660 51 14 a.m.

964 2693 12 7 „
1002 2678 126 18 Auckland
1150 2678 47 18 and
1214 2678 162 19 intermediate

999 2701 84 22 offices,
1095 2701 55 19 7.30
1159 2707 52 13 a.m.

1108 2733 103 18 Tuesday.

941 2764 45 18 For
1002 2765 127 17 Auckland
1145 2764 47 18 and
1213 2765 163 19 intermediate

1003 2787 84 23 offices,
1096 2787 54 19 7.30
1159 2793 52 13 a.m.

964 2826 11 7 ~
1001 2811 170 18 Rotomaßoad
1178 2812 78 22 Camp,
1263 2812 55 19 9.30
1318 2812 56 19 a.m.

964 2849 11 8 „
1002 2834 97 19 Galatea
1108 2834 47 19 and
1169 2834 135 24 Waiotapu,
1322 2835 54 18 7.30

1002 2862 54 18 p.m.

964 2895 11 8 „
1002 2881 84 23 Taupo,
1106 2881 122 22 Atiamuri,
1249 2881 125 23 Wairakei,

1002 2904 47 18 and
1059 2904 91 23 Napier,
1162 2904 54 19 7.30
1228 2909 52 19 p.m.

1087 2937 141 17 Wednesday.

941 2967 45 19 For
997 2968 125 18 Auckland
1144 2968 46 18 and
1214 2968 162 19 intermediate

1004 2991 84 22 offices,
1100 2990 55 19 7.30
1163 2996 52 14 a.m.

1097 3020 119 18 Thursday.

941 3051 45 18 For
1003 3051 126 18 Auckland
1145 3051 47 18 and
1214 3051 162 20 intermediate

1004 3074 83 22 offices,
1099 3074 55 19 7.30
1163 3080 51 14 a.m.

964 3112 12 8 ~
1002 3097 97 23 Matata,
1115 3097 155 23 Pongakawa,
1289 3099 85 22 Ohiwa,

1003 3121 157 21 Whakatane,
1170 3121 100 23 Opotiki,
1278 3121 98 19 Maketu

1003 3144 46 18 and
1058 3144 31 19 Te
1099 3144 71 22 Puke,
1181 3143 54 20 7.30
1243 3149 54 18 p.m.

1116 3176 88 17 Friday.

943 3207 46 18 For
998 3207 127 23 Tauranga,
1136 3207 55 18 6.30
1200 3212 51 14 a.m.

965 3245 11 7 „
1002 3225 126 23 Auckland
1149 3230 46 18 and
1216 3230 162 19 intermediate

1004 3253 83 23 offices,
1099 3252 54 20 7.30
1161 3258 52 14 a.m.

965 3291 12 8 „
1004 3277 85 22 Taupo,
1110 3276 123 23 Atiamuri,
1252 3276 46 19 and
1315 3277 48 18 Wai-

1005 3300 71 22 rakei,
1087 3299 54 19 7.30
1149 3305 55 18 p.m.

1101 3332 117 17 Saturday.

943 3363 46 18 For
1002 3363 98 22 Matata,
1116 3363 155 23 Pongakawa,
1291 3363 85 23 Ohiwa,

1170 3386 101 22 Opotiki,
1279 3386 99 19 Maketu

1005 3409 47 18 and
1061 3410 30 18 Te
1101 3410 70 21 Puke,
1183 3408 54 20 7.30
1245 3414 53 18 p.m.

944 3469 51 18 THE
1008 3469 117 18 ENGLISH
1137 3469 68 18 MAIL
1219 3474 37 12 via
1273 3469 103 18 'FRISCO.

968 3522 79 19 Closes
1057 3522 110 22 Rotorua,
1176 3522 91 22 Friday,
1283 3521 60 23 Aug.
1357 3521 19 23 7,

944 3546 26 18 at
979 3544 54 20 7.30
1041 3551 59 17 a.m.,
1111 3546 45 17 duo
1171 3545 24 18 in
1205 3540 98 23 London
1313 3546 63 22 Sept.

944 3568 49 19 9th.

976 3631 62 17 POST
1051 3630 92 17 OFFICE
1158 3629 188 18 REGULATIONS.

968 3679 46 18 The
1024 3678 72 19 Office
1104 3678 20 19 is
1134 3683 59 19 open
1203 3679 35 18 for
1247 3679 40 18 the
1298 3678 48 19 sale
1355 3678 24 19 of

944 3703 97 22 stamps,
1051 3702 104 23 delivery
1169 3702 46 18 and
1228 3701 151 24 registration

944 3726 27 18 of
977 3726 87 21 letters,
1075 3730 7 12 i
1087 3725 77 23 eceipt
1178 3725 26 17 of
1216 3725 96 23 parcels,
1329 3724 47 23 &c.,

945 3749 60 18 from
1014 3749 15 18 9
1038 3753 51 14 a.m.
1101 3749 25 17 to
1135 3749 15 17 5
1160 3753 53 18 p.m.

969 3772 45 18 For
1031 3776 86 18 money
1134 3771 67 18 order
1218 3770 45 19 and
1283 3770 95 23 savings

946 3795 61 19 Lank
1021 3794 113 22 business,
1151 3795 15 17 9
1181 3800 51 12 a.m.
1251 3795 24 17 to
1292 3794 16 18 4
1324 3799 53 17 p.m.

945 3817 136 23 Saturdays,
1091 3817 16 18 9
1116 3822 51 14 a.m.
1178 3817 26 18 to
1213 3817 14 18 5
1236 3822 53 18 p.m.

969 3842 45 18 For
1022 3839 121 25 telegraph
1160 3840 114 21 business,
1289 3840 61 17 from
1364 3840 15 17 9

944 3870 52 13 a.m.
1006 3865 25 17 to
1041 3864 15 18 5
1066 3869 54 18 p.m.

969 3888 98 21 Letters,
1077 3887 75 18 books
1169 3886 47 18 and
1228 3885 90 24 parcels
1336 3890 43 13 can

944 3911 29 18 be
986 3909 129 29 registered
1129 3910 25 17 to
1169 3915 47 17 any
1232 3909 53 23 part
1299 3908 26 19 of
1339 3908 40 18 the

944 3934 73 19 world
1026 3939 31 12 on
1066 3933 113 23 payment
1188 3936 24 14 ot
1228 3937 14 13 a
1255 3932 36 18 fee
1309 3931 26 18 of
1348 3931 31 18 3d

944 3957 25 19 in
975 3956 105 19 addition
1086 3956 26 18 to
1115 3956 41 18 the
1162 3955 216 23 ordinarypostage.

969 3980 46 19 The
1024 3979 72 19 Office
1105 3979 47 18 will
1159 3983 94 18 re-open
1261 3983 30 13 on
1300 3978 66 18 Satur-

945 4003 58 26 days
1012 4003 56 23 only
1077 4003 36 18 for
1127 4002 28 18 15
1170 4002 102 18 minutes
1287 4001 36 18 for
1340 4001 39 18 the

944 4026 104 23 delivery
1061 4026 26 18 of
1101 4026 83 17 letters
1197 4024 60 19 after
1271 4024 41 18 the
1325 4024 54 19 mail

944 4050 103 22 arriving
1056 4050 26 18 at
1090 4048 54 20 7.40
1153 4054 54 17 p.m.
1216 4048 20 18 is
1246 4047 86 19 sorf;ed.

1092 4072 26 19 R.
1133 4071 27 19 D.
1178 4071 130 22 DANSSY,

1204 4094 151 19 Postmaster.

1230 24 38 19 _E
1295 25 58 19 hot
1379 26 93 20 lakes
1500 27 171 26 chronicle,
1699 32 189 23 Wednesday,
1917 34 74 20 july
2019 37 31 18 22,
2068 38 48 17 iso
2115 24 1 31 6

482 2192 86 18 WHAT
587 2191 26 20 IS
633 2192 75 19 THAT
733 2192 56 18 ONE
808 2192 109 20 THING?

482 2272 19 20 It
511 2278 65 14 seems
592 2273 41 19 like
650 2279 25 13 an
695 2272 113 26 absurdity,
826 2276 34 22 yet
877 2274 15 18 it
901 2274 17 19 is

482 2302 44 16 true
536 2300 26 18 all
575 2299 34 19 the
624 2306 60 12 same.
715 2300 9 18 I
743 2306 55 13 me.m
818 2301 44 17 t'nar,
877 2307 40 17 you

482 2325 66 24 might
559 2326 50 18 have
623 2332 11 12 a
657 2325 62 20 cellar
732 2326 36 18 full
780 2327 21 17 <>F
813 2326 54 19 wood
877 2326 40 19 and

482 2352 42 18 still
535 2352 67 18 shiver
613 2351 47 19 with
671 2352 44 18 cold
725 2351 4 24 ;
742 2353 38 17 and
795 2359 41 16 you
853 2353 63 17 would

482 2379 16 17 if
508 2379 16 17 it
535 2384 50 12 were
604 2380 35 16 not
658 2378 32 18 for
711 2385 37 11 ouo
768 2378 66 25 thing.

482 2404 42 18 thnt
542 2404 18 18 is
578 2411 20 10 so
748 2410 39 18 you
811 2410 45 19 may
874 2411 43 18 say.

529 2436 39 12 was
580 2429 71 25 hardly
662 2431 65 17 worth
739 2429 58 19 while
809 2434 19 15 to
841 2431 43 18 hint
897 2434 21 16 at

482 2457 21 17 it.
533 2456 101 25 Anybody
644 2462 37 12 can
691 2463 34 12 see
737 2456 17 18 it
764 2456 48 19 with
823 2457 32 18 his
872 2463 46 18 eyes

482 2482 54 20 shvet.
566 2482 32 18 All
617 2482 34 18 the
668 2482 67 19 better
752 2482 31 18 for
794 2488 31 14 me
836 2483 47 18 then
893 2482 3 24 ;
907 2484 11 18 I

482 2508 68 19 shan't
559 2508 52 18 have
628 2511 20 16 to
665 2508 88 25 explain.
783 2509 46 18 And
841 2509 26 24 by
882 2511 36 17 the

484 2541 54 12 same
551 2535 109 24 sharpness
674 2541 41 17 you
733 2534 40 19 will
792 2534 25 20 be
834 2535 45 19 aide
898 2539 19 15 to

482 2560 47 26 pick
540 2563 34 16 out
588 2561 33 18 the
639 2560 111 20 important
768 2560 56 22 point
842 2561 20 19 in
879 2564 39 16 two

483 2585 56 22 short
548 2587 70 19 letters
628 2587 11 18 I
655 2593 31 12 am
707 2587 62 18 about
785 2591 20 16 to
818 2594 51 19 copy
888 2588 31 19 for

482 2620 46 19 you.

508 2639 43 19 The
561 2638 43 20 first
612 2645 47 12 runs
670 2639 48 18 thus
727 2638 3 24 :
797 2639 117 23 December,

486 2667 55 20 1890,
571 2671 33 19 my
630 2664 102 26 daughter
764 2665 53 24 (Mrs
843 2666 29 18 M.
897 2666 20 19 J.

483 2692 92 23 Muther)
597 2693 35 22 got
647 2691 42 20 into
706 2698 12 12 a
728 2690 43 21 low.
790 2692 63 23 weak,
872 2699 35 12 ner-

482 2724 49 13 vous
541 2718 107 19 condition.
679 2717 31 19 Do
799 2718 36 18 she
852 2718 66 19 would

482 2744 36 19 she
534 2744 58 19 could
609 2746 35 16 not
661 2746 35 22 get
718 2750 27 18 up
764 2744 37 19 her
818 2744 98 26 strength.

482 2770 112 24 Gradually
620 2770 35 19 she
682 2770 77 18 wasted
781 2777 26 11 aw
814 2777 25 17 ay
866 2770 52 19 until

482 2803 99 17 everyone
599 2796 90 25 thought
700 2796 36 18 she
755 2802 40 12 was
813 2796 20 19 in
854 2802 11 13 a
884 2796 22 19 de-

482 2822 58 23 cline,
552 2822 40 19 and
609 2822 40 19 had
667 2824 35 16 not
717 2822 49 24 long
782 2824 20 17 to
818 2822 45 19 live.
893 2822 23 19 In

482 2850 47 21 fact,
541 2848 36 19 she
587 2854 38 12 was
640 2855 22 11 so
672 2848 38 19 low
721 2848 39 19 and
770 2848 93 25 dejected
882 2848 35 19 she

482 2875 35 18 did
528 2877 34 17 not
573 2881 44 13 care
628 2874 91 19 whether
729 2874 35 19 she
775 2874 52 19 lived
839 2881 21 12 or
873 2877 43 16 not.

483 2901 41 19 Bho
541 2906 42 13 was
609 2900 66 19 under
701 2906 12 13 a
742 2901 69 19 doctor
837 2901 32 18 for
888 2901 29 18 six

482 2927 87 22 months,
582 2927 37 18 but
628 2927 33 18 lis
668 2926 110 19 medicines
789 2926 34 19 did
841 2927 36 18 her
893 2933 24 12 no

482 2953 59 25 good.
571 2952 36 25 My
624 2952 95 19 husband
739 2953 48 19 then
808 2953 50 20 said.
870 2953 24 23 'M
894 2953 24 23 3'

482 2979 107 24 daughter,
601 2978 12 19 I
630 2978 42 18 will
687 2984 45 13 now
748 2985 32 12 see
794 2979 53 18 what
858 2979 11 18 I
879 2985 37 12 can

482 3007 26 18 do
518 3006 31 18 for
559 3004 54 25 you.'
716 3005 26 18 he
752 3007 68 16 meaut
827 3011 40 12 was
874 3005 44 18 that

482 3033 26 18 he
520 3030 65 20 would
600 3031 52 18 have
669 3030 36 19 her
722 3031 47 18 take
790 3038 12 11 a
820 3031 97 18 medicine

482 3057 63 21 called
558 3056 4 25 '
572 3056 81 19 Mother
663 3056 84 24 Soigel's
765 3057 97 19 Curative
878 3056 26 25 Sy-

482 3083 52 26 rup.'
564 3083 32 18 He
607 3082 40 19 had
658 3083 50 18 used
723 3083 16 18 it
759 3083 82 19 himself
860 3083 57 18 when

483 3111 25 18 he
519 3116 40 12 was
569 3109 28 21 ill,
609 3109 39 18 and
660 3108 89 25 thought
759 3109 15 18 it
782 3109 67 23 might
858 3115 60 19 prove

483 3142 22 14 as
515 3134 106 21 beneficial
630 3139 21 14 to
662 3135 36 18 her
709 3141 22 12 as
741 3135 16 18 it
773 3135 41 18 had
830 3137 19 16 to
868 3134 48 19 him.

511 3164 13 9 '•
535 3161 45 19 Mrs
590 3161 84 18 Muther
685 3161 44 18 said
740 3161 35 18 she
790 3167 40 12 was
841 3160 77 24 willing

484 3191 20 16 to
514 3190 32 22 try
556 3188 34 18 the
601 3187 73 24 Syrup,
686 3186 100 25 although
794 3187 36 18 she
839 3186 40 19 had
886 3186 24 19 lit-

484 3214 26 19 tle
521 3221 21 12 or
552 3219 26 13 no
589 3212 53 19 faith
657 3213 21 18 in
695 3213 26 18 its
738 3213 84 25 helping
841 3219 37 12 one
897 3219 22 12 as

484 3240 41 19 bad
535 3246 22 12 as
567 3239 35 18 she
613 3245 47 12 was.
688 3238 41 19 For
738 3239 17 18 if
765 3239 35 18 she
808 3238 63 25 really
878 3238 40 19 had

484 3264 140 25 consumption
635 3271 30 12 we
675 3264 59 19 know
745 3264 56 19 there
812 3264 17 19 is
839 3271 26 12 no
872 3271 47 12 cure

484 3294 32 17 for
527 3292 50 19 that.
606 3290 36 26 My
652 3290 101 23 husband,
764 3291 99 23 however,
884 3292 35 23 got

486 3325 10 12 a
507 3317 63 20 bottle
581 3316 53 19 from
644 3316 33 19 Mr
688 3316 82 23 Hulme,
783 3316 34 19 the
828 3316 89 23 chemist,

484 3344 21 20 in
517 3342 103 21 Rochdale
628 3342 66 23 lioad,
711 3342 39 20 and
766 3349 33 18 my
819 3342 101 25 daughter

484 3370 68 26 bsgan
562 3369 73 24 taking
644 3369 23 19 it.
697 3369 60 18 After
766 3369 34 18 the
815 3369 43 18 first
875 3368 34 18 bot-

484 3396 28 20 tle
524 3403 28 12 w«
562 3401 40 13 saw
614 3402 11 12 a
635 3396 58 23 great
703 3395 152 24 improvement.
880 3394 40 18 She

484 3429 34 13 col
523 3422 20 19 Id
554 3423 38 20 eat,
604 3421 38 19 end
654 3421 34 18 the
700 3421 47 18 food
757 3420 73 18 caused
841 3420 36 18 her
895 3426 25 12 no

485 3449 55 25 pain.
557 3447 40 19 She
606 3447 109 19 continued
725 3446 47 19 with
781 3446 41 18 this
831 3446 87 24 remedy,

486 3475 40 18 and
537 3473 105 26 gradually
653 3472 75 25 gained
739 3472 100 25 streugtb,
850 3471 38 19 but
904 3472 17 18 it

486 3501 47 18 took
543 3506 54 12 some
608 3499 48 19 time
675 3503 19 14 to
712 3499 61 23 bring
789 3497 38 19 her
848 3497 71 23 round,

487 3526 35 20 she
532 3532 41 13 was
584 3532 21 12 30
615 3532 48 17 very
673 3523 39 21 low
722 3524 40 18 and
769 3524 65 18 weak.
862 3523 59 19 After

487 3560 9 12 a
507 3555 48 16 time
568 3552 36 18 she
613 3558 42 11 was
665 3550 46 19 able
721 3553 21 16 to
757 3552 34 23 get
801 3550 69 22 about,
882 3549 39 20 and

486 3585 61 13 never
556 3577 73 19 looked
641 3577 75 19 behind
727 3576 42 19 her.
797 3576 59 19 Since
872 3576 47 18 then

487 3605 35 18 she
535 3604 36 18 has
583 3604 48 18 been
646 3606 71 22 «-trong
735 3602 39 19 and
794 3601 52 20 well.
881 3601 40 19 Wo

487 3631 51 18 have
551 3633 11 16 t'
572 3629 19 19 id
602 3636 61 18 many
679 3635 83 19 persons
778 3628 45 19 how
841 3627 80 18 Mother

487 3656 85 26 Seigel's
582 3655 66 26 Syrup
657 3655 90 18 restored
764 3654 37 19 her
818 3656 21 16 to
857 3653 63 18 sound

488 3683 74 20 health,
578 3680 40 21 imd
636 3687 34 12 are
691 3680 78 24 willing
789 3686 41 18 you
849 3679 72 18 should

488 3708 81 26 publish
587 3708 40 17 this
645 3709 109 16 statement
773 3706 21 19 of
815 3705 34 19 the
864 3706 56 17 facts.

488 3733 93 26 (Signed)
592 3732 61 24 (Mr<o
665 3732 105 25 Margaret
784 3732 93 21 Watson,
891 3732 29 22 11,

642 3758 63 24 Bury,
717 3758 43 19 Oct.
771 3758 42 21 Bth,

571 3784 76 23 March,
743 3790 46 17 says
800 3784 35 18 the
849 3783 72 19 second

486 3812 66 23 letter,
606 3810 66 25 began
682 3812 21 16 to
713 3810 37 18 fail
764 3810 20 18 in
801 3809 75 19 he.ilth.
911 3809 11 19 I

489 3838 57 19 could
558 3840 34 16 not
602 3842 36 19 say
648 3835 80 24 exactly
738 3835 54 19 what
809 3835 53 19 ailed
882 3841 37 13 me.

488 3864 10 19 I
509 3863 38 19 felt
557 3863 44 22 low,
614 3861 56 19 weak
681 3865 38 15 anc'
731 3861 51 19 tired
794 3861 40 18 and
844 3860 42 19 had
896 3868 25 11 no

488 3889 93 25 strength
592 3889 31 18 for
633 3887 108 24 anything.
777 3887 37 24 My
834 3886 88 25 appetite

488 3915 35 19 fell
534 3920 62 19 away,
609 3913 40 19 and
660 3912 55 20 what
725 3912 53 20 little
794 3912 48 19 food
860 3911 11 19 I
891 3913 31 17 ate

488 3948 52 18 gave
550 3947 31 13 me
592 3942 57 22 great
659 3939 49 24 pain
719 3942 21 15 at
757 3939 34 18 the
808 3937 56 20 chest
882 3938 40 19 and

488 3967 48 19 side.
566 3966 35 24 My
612 3965 65 19 hands
688 3964 40 19 and
742 3964 41 19 feet
799 3970 53 13 were
870 3963 51 23 cold,

488 3993 41 19 and
539 3992 70 24 nearly
618 3990 28 19 all
656 3990 34 19 the
700 3991 69 18 colour
783 3990 38 19 left
836 3996 38 13 me.
911 3990 11 19 I

489 4025 41 13 was
540 4019 55 18 often
614 4017 20 18 in
655 4023 22 13 so
693 4019 59 23 great
769 4016 48 25 pain
834 4016 12 19 I
864 4016 57 19 could

489 4044 72 24 hardly
571 4044 25 18 do
607 4050 39 18 any
657 4043 61 20 work.
748 4042 11 19 I
771 4049 41 13 was
818 4042 91 25 frequent-

489 4071 19 23 ly
519 4070 49 22 sick,
586 4070 40 19 and
641 4069 60 20 could
719 4068 51 26 keep
789 4075 26 13 no
834 4068 50 19 kind
902 4068 20 19 of

489 4096 48 19 food
548 4096 65 19 down.

964 1338 38 16 The
1018 1337 76 23 Sydney
1107 1338 85 17 Bulletin
1201 1344 34 11 can
1249 1338 23 17 he
1287 1339 88 17 obtained

940 1360 70 23 weekly
1019 1362 21 16 at
1048 1361 32 17 the
1089 1360 119 18 Chronicle
1216 1361 75 18 Office.*

962 1400 34 16 We
1004 1400 49 17 have
1062 1400 86 18 received
1156 1407 11 11 a
1173 1401 37 17 few
1220 1407 50 12 more
1288 1402 87 17 numbers

940 1423 127 21 Fiordland,
1091 1424 91 18 Glacier
1188 1434 8 3 -
1204 1429 61 16 land,
1283 1425 92 17 Geyser-

940 1446 64 22 Land,
1014 1452 11 11 a
1034 1447 114 23 beautifully
1157 1447 106 18 illustrated
1272 1449 38 16 and
1317 1449 49 16 faith-

940 1470 48 21 fully
997 1470 76 17 written
1081 1470 58 22 guide
1147 1472 20 16 to
1176 1471 33 17 the
1225 1472 69 16 tourist
1307 1473 68 16 resorts

940 1493 19 17 of
967 1493 53 17 these
1028 1493 77 18 islands.
1126 1494 40 17 The
1173 1494 69 17 section
1260 1494 79 18 devoted
1356 1496 19 16 to

940 1522 10 10 a
959 1516 113 22 description
1081 1517 20 17 of
1110 1517 38 17 this
1161 1517 74 17 district
1251 1517 15 17 is
1283 1519 20 15 of
1320 1519 55 17 much

940 1539 93 18 intereest.
1067 1540 67 22 Copies
1144 1546 44 16 may
1205 1541 22 17 be
1249 1541 90 18 obtained
1355 1543 20 16 at

941 1562 32 17 the
981 1562 119 18 Chronicle
1109 1563 92 18 Oitice.*

966 1599 14 16 A.
989 1599 62 17 choice
1060 1599 89 18 selection
1163 1600 20 16 of
1197 1600 24 16 oil
1235 1600 99 23 paintings
1350 1600 25 23 by

940 1622 32 17 Mr
981 1622 19 17 C.
1010 1621 101 18 Blomiield
1119 1628 45 17 may
1172 1628 43 11 now
1223 1623 24 17 be
1256 1629 43 11 seen
1308 1625 19 15 at
1344 1624 31 16 the

940 1645 117 17 Chronicle
1066 1645 64 18 Office.
1155 1646 52 22 They
1216 1646 92 22 comprise
1319 1647 56 18 views

940 1668 19 16 in
969 1668 37 18 this
1014 1668 151 23 neighborhood,
1176 1669 99 21 AYaimkei,
1293 1670 69 17 Whaka-

939 1697 105 15 rewarewa,
1054 1692 40 20 &c.,
1108 1692 38 17 and
1163 1692 50 18 from
1225 1692 49 18 their
1288 1693 78 17 faithful-

939 1720 42 12 ness
1002 1715 37 16 and
1057 1715 95 17 attention
1169 1717 19 15 to
1210 1715 58 18 detail
1289 1722 31 11 arc
1333 1717 42 16 well

940 1738 62 17 worth
1014 1738 32 17 the
1054 1739 96 17 attention
1159 1739 20 16 of
1187 1739 61 17 lovers
1261 1739 20 17 of
1290 1741 36 16 art.
1352 1740 23 17 In

940 1760 85 18 addition
1034 1762 19 16 to
1062 1762 53 17 these
1125 1762 52 17 there
1190 1767 32 12 are
1239 1769 10 10 a
1263 1762 80 17 number
1356 1764 19 15 of

940 1785 59 16 water
1005 1784 51 17 color
1064 1785 86 17 sketches
1159 1785 80 17 suitable
1248 1786 30 17 for
1286 1785 89 24 birthday

940 1814 20 10 or
968 1807 68 17 Easter
1041 1808 76 16 Cards.*

942 1872 18 17 T
968 1871 16 18 F
998 1871 59 19 YOU
1079 1871 57 19 ARE
1159 1871 65 19 SICK
1241 1871 19 19 in
1274 1878 40 13 any
1333 1879 42 18 way

941 1893 23 21 X
994 1897 102 19 whatever
1112 1897 49 19 send
1178 1904 12 11 a
1206 1897 92 26 stamped
1315 1904 48 13 enve-

940 1918 45 29 lope
995 1925 20 16 to
1026 1930 36 11 our
1072 1923 91 23 Agency,
1175 1923 137 25 Wellington;
1323 1926 52 17 state

941 1947 34 20 the
985 1955 44 12 case
1040 1956 21 12 as
1079 1949 98 24 minutely
1186 1956 23 12 as
1227 1949 88 25 possible
1336 1951 39 18 and

940 1981 40 18 you
996 1975 78 19 receive
1093 1975 69 19 advice
1182 1975 27 24 by
1233 1978 69 16 return
1322 1980 52 21 post.

941 2001 42 19 Our
992 2006 73 19 agents
1080 2008 34 12 are
1126 2001 26 19 till
1164 2008 26 18 qu
1204 2001 61 19 lified.
1300 2002 21 18 If
1335 2008 40 19 you

941 2027 77 18 enclose
1029 2029 22 16 i's
1068 2027 25 19 6d
1112 2034 28 11 we
1159 2027 39 19 will
1216 2027 48 19 send
1280 2034 40 18 you
1340 2034 35 13 our

941 2053 44 18 best
994 2053 83 25 remedy
1087 2053 32 19 for
1129 2053 34 19 the
1178 2060 45 12 case
1241 2053 79 26 lasting
1335 2060 40 18 you

940 2083 39 14 two
1002 2079 73 19 weeks.
1114 2080 45 18 You
1178 2086 48 12 save
1244 2086 74 18 nionoy
1336 2081 39 17 and

940 2104 85 19 doctors'
1037 2105 52 19 bills.
1119 2105 46 20 You
1175 2106 77 19 receive
1270 2105 70 20 advice
1350 2112 25 13 on

940 2130 28 19 all
978 2132 72 23 points,
1064 2132 40 18 and
1114 2132 34 18 the
1159 2135 69 21 purest
1239 2132 21 18 of
1277 2132 98 19 roniedies

941 2161 50 18 sent,
1000 2160 21 15 at
1030 2163 24 12 no
1062 2161 58 15 extra
1128 2160 41 17 cost
1180 2158 48 18 than
1237 2158 16 18 if
1260 2158 115 25 personally

942 2183 83 24 bought,
1034 2183 27 23 by
1071 2183 63 25 doing
1140 2190 52 18 your
1195 2183 94 20 business
1296 2184 49 19 with
1354 2191 21 12 us

941 2208 26 24 by
977 2212 52 21 post.
1058 2209 85 20 Consult
1158 2213 18 15 «t
1187 2216 54 13 once.
1275 2210 100 19 Ailments

941 2234 65 19 which
1016 2241 40 18 are,
1068 2239 21 15 at
1098 2236 33 19 the
1142 2236 49 19 time
1208 2236 88 25 thought
1314 2239 19 16 to
1352 2237 23 18 be

940 2260 59 25 light,
1011 2268 33 12 are
1054 2263 56 17 often
1121 2262 34 19 tho
1168 2262 111 25 beginning
1290 2262 22 19 of
1327 2262 48 19 seri»

942 2293 36 12 ous
988 2293 153 19 consequences,
1155 2288 65 18 which
1239 2288 17 19 if
1275 2289 61 18 t;ikun
1355 2289 20 18 in

941 2312 49 20 time
1000 2319 34 13 are
1044 2314 87 18 checknl
1143 2314 38 18 mid
1193 2314 67 19 cured.

943 2343 168 20 GHEATPOKD
1127 2345 160 18 BOTANICAL

1047 2370 148 21 Wellington,
1208 2371 39 18 and
1258 2375 21 15 at

964 2396 82 22 Sydney,
1056 2396 118 18 Melbourne.
1185 2397 50 22 Cape
1241 2398 64 16 Town,
1316 2398 38 17 and

1064 2420 86 16 Lincoln,
1163 2420 95 16 England.

1563 129 100 133 la

1582 294 84 104 i

1404 470 203 42 SOMETHING
1640 471 46 41 TO
1720 473 115 39 READ!

1407 634 239 56 Supplied
1670 635 129 56 Regu-

1479 743 130 55 larly
1630 743 131 46 from

1455 847 379 107 G'nreniele"

1478 1038 277 36 OFFICe.

1450 1110 194 33 Canterbury
1676 1112 108 30 Times,

1491 1163 110 32 Family
1618 1163 127 31 Reader,

1416 1209 106 33 Young
1545 1209 117 26 Ladies'
1683 1210 135 30 Journal,

1468 1256 90 26 Black
1583 1257 60 25 and
1661 1256 107 31 White,

1401 1306 171 25 Illustrated
1595 1306 125 25 London
1740 1307 94 30 News,

1399 1355 63 26 The
1482 1355 116 31 Album,
1633 1356 63 25 The
1711 1356 123 31 Sketch,

1479 1406 122 32 Sydney
1621 1406 134 29 Bulletin,

1533 1472 12 11 „
1651 1453 73 30 Mail,

1454 1499 90 25 Town
1557 1500 61 24 and
1635 1500 143 31 Country,

1507 1545 219 31 Australasian,

1555 1592 133 31 Referee,

1400 1642 229 33 Cosmopolitan
1667 1642 166 32 Magazine,

1499 1693 112 24 Strand
1720 1712 14 11 „

1477 1739 141 25 Windsor
1720 1759 13 11 „

1480 1785 138 31 Ludgate
1720 1805 13 11 „

1465 1832 127 25 Woman
1612 1834 32 23 at
1663 1832 104 30 Home,

1399 1881 149 26 Weldon's
1562 1881 128 26 Fashion
1707 1882 124 25 Journal

1433 1931 128 25 Schild's
1577 1931 128 26 Fashion
1754 1952 13 10 „

1400 1981 182 32 Snapshots,
1605 1981 148 30 Answer's,
1774 1981 45 25 Tit-

1480 2031 65 30 bits,
1560 2031 124 32 Scraps,
1706 2031 52 25 &c.

1400 2081 63 24 And
1480 2081 35 24 all
1535 2081 96 24 Home
1649 2081 60 24 and
1726 2081 90 24 Colon-

1418 2129 34 26 ial
1470 2130 111 32 Papers
1596 2130 23 25 &
1633 2129 183 32 Magazines.

1490 2264 55 25 ON
1567 2264 105 26 SALE
1692 2265 55 25 AT

1401 2323 69 40 THE
1484 2323 195 41 CHRONICLE
1696 2323 133 41 OFFICE,

1400 2396 211 33 Geyserland,

1534 2451 180 28 Fiordland,

1618 2504 213 26 Glacierland.

1400 2563 51 24 An
1465 2562 188 25 Illustrated
1670 2562 111 27 Guide,
1801 2563 32 24 to

1426 2596 54 24 the
1500 2594 118 26 tourist
1639 2597 121 23 resorts
1780 2594 34 26 of

1494 2629 79 25 New
1588 2628 148 25 Zealand.

1399 3087 17 16 A
1433 3085 113 18 MEMBER
1566 3085 32 17 OF
1619 3084 52 17 THE
1692 3084 88 17 HOUSE
1802 3084 32 17 OF

1489 3107 251 18 REPRESENTATIVES.

1423 3140 96 23 Speaking
1531 3145 25 11 on
1570 3139 32 17 the
1616 3139 106 21 Pharmacy
1736 3139 37 17 Bill
1787 3139 46 18 said,

1421 3170 24 11 no
1460 3163 104 23 profession
1576 3162 36 17 has
1626 3161 53 18 made
1695 3161 37 18 less
1748 3167 87 17 progress

1400 3187 69 21 during
1479 3187 32 17 the
1527 3186 37 17 last
1582 3186 32 16 100
1629 3191 55 16 years
1698 3185 47 17 than
1760 3185 42 17 that
1816 3186 19 17 of

1520 3215 21 11 or
1549 3208 62 18 words
1620 3209 19 16 to
1648 3208 43 17 that
1703 3208 61 17 effect.
1797 3208 38 18 The

1400 3233 80 18 M.TT.R.
1496 3232 57 23 spoke
1567 3231 80 18 without
1661 3231 95 22 thinking,
1774 3237 22 11 or
1812 3231 23 17 he

1401 3257 62 16 would
1477 3257 34 16 not
1527 3255 48 17 have
1592 3254 54 17 made
1663 3254 45 17 such
1725 3260 23 11 an
1766 3254 69 17 absurd

1400 3280 107 17 statement.
1532 3278 30 17 He
1571 3278 97 21 evidently
1682 3278 55 16 know
1753 3277 82 23 nothing

1400 3304 20 16 of
1428 3303 32 17 the
1469 3307 41 13 new
1519 3301 76 22 remedy
1604 3300 73 18 termed

1541 3325 155 15 NEUROL

1400 3347 60 18 which
1472 3347 19 18 is,
1496 3347 19 16 in
1518 3346 117 22 comparison
1641 3345 46 17 with
1693 3344 90 18 remedies
1790 3345 45 17 used

1400 3377 46 11 even
1455 3372 22 15 '!<>
1486 3375 53 17 years
1547 3374 43 17 ago,
1600 3374 21 12 as
1627 3368 50 23 light
1686 3370 20 15 to
1715 3368 96 17 darkness.

1540 3398 153 16 NEURGL

1400 3421 14 17 is
1424 3427 11 10 a
1447 3419 130 22 scientifically
1593 3418 91 23 prepared
1701 3417 97 20 medicine,
1816 3418 18 16 in

1400 3444 32 17 the
1441 3444 49 17 form
1498 3443 21 17 of
1527 3441 91 23 powders.
1643 3441 20 18 It
1669 3441 15 18 is
1693 3442 34 16 not
1740 3441 84 21 disagree-

1400 3467 53 20 able;
1466 3467 17 16 it
1491 3466 15 17 is
1514 3467 34 15 not
1556 3465 100 22 expensive
1664 3464 3 23 ;
1681 3465 16 16 it
1705 3465 34 17 lies
1747 3464 20 17 in
1780 3464 55 17 small

1400 3495 85 17 compass
1493 3487 3 25 ;
1510 3489 16 17 it
1534 3488 85 19 contains
1628 3494 24 11 no
1661 3488 70 22 opium,
1749 3487 86 22 morphia

1400 3519 21 11 or
1435 3511 116 23 antipyrine:
1571 3512 15 16 it
1603 3511 40 17 will
1659 3511 34 17 not
1709 3516 44 12 cure
1769 3516 55 16 every-

1400 3536 56 22 thing
1464 3536 34 16 but
1513 3535 16 16 it
1543 3535 15 16 is
1571 3534 85 17 effective
1668 3534 20 16 in
1702 3534 26 16 all
1742 3539 50 12 cases
1806 3534 29 16 for

1401 3559 60 18 which
1470 3559 16 16 it
1494 3559 14 16 is
1521 3556 148 19 recommended.

1541 3586 153 17 NEUROL

1401 3608 37 17 will
1447 3608 67 17 relieve
1523 3613 55 16 every
1587 3608 48 15 form
1654 3607 19 16 ol'
1689 3605 96 18 headache
1801 3607 34 16 not

1400 3631 67 17 caused
1477 3631 24 22 by
1510 3631 53 16 brain
1573 3630 76 17 disease.

1541 3659 153 15 NEURGL

1400 3687 53 11 cures
1472 3680 99 22 neuralgia
1591 3680 20 16 of
1626 3679 34 16 the
1676 3680 41 16 face
1734 3678 36 17 and
1787 3678 48 17 head

1400 3709 51 12 more
1459 3703 98 22 promptly
1565 3702 47 17 than
1621 3702 82 22 quinine.

1424 3727 33 16 LA
1463 3726 101 19 GRIPPE,
1574 3731 21 11 or
1600 3725 152 17 INFLUENZA
1758 3724 47 17 loses
1811 3724 24 17 its

1400 3750 70 17 terrors
1479 3749 14 16 if
1501 3748 106 17 NEUIIOL
1616 3748 16 16 is
1639 3748 58 16 taken
1707 3749 20 16 at
1736 3748 32 16 the
1783 3753 39 11 com-

1400 3773 117 16 mencement
1526 3772 19 16 of
1553 3772 33 16 the
1595 3770 70 17 attack.

1425 3795 86 18 COLDS,
1552 3793 140 20 CATARRHS,
1728 3793 105 20 FEVERS,

1400 3817 175 18 RHEUMATISM
1600 3822 32 11 are
1658 3816 26 17 all
1705 3815 81 18 relieved
1809 3815 25 23 by

1400 3840 113 18 NEUROL.

1425 3864 36 17 For
1482 3868 71 12 women
1574 3862 107 17 NEUROL
1697 3862 16 17 is
1732 3861 103 22 peculiarly

1401 3887 86 20 suitable,
1496 3887 16 15 it
1520 3891 53 12 cures
1581 3885 26 17 all
1621 3884 74 22 painful
1710 3890 73 16 cramps
1798 3884 37 17 and

1401 3910 54 17 other
1462 3909 60 23 pains.

1424 3932 62 22 Every
1507 3932 64 19 miner,
1593 3930 93 18 bushrnan
1712 3930 36 17 and
1771 3930 64 17 settler

1402 3955 66 17 should
1477 3960 71 17 possess
1558 3960 10 10 a
1576 3953 40 18 box
1624 3954 19 16 of
1652 3953 113 17 NEUROL.
1793 3953 18 16 It
1820 3953 15 16 is

1402 3985 10 11 a
1421 3978 90 17 medicine
1520 3977 53 18 chest
1581 3977 19 16 in
1609 3976 55 17 small
1673 3982 91 16 compass.

1425 4001 45 18 Sold
1479 4001 25 22 by
1512 4000 26 17 all
1546 3999 127 23 storekeepers
1686 3999 37 16 and
1741 3998 93 20 chemists,

1402 4026 20 16 2r
1430 4030 33 17 per
1471 4024 44 18 box,
1525 4029 20 11 or
1553 4024 44 21 post
1612 4022 38 17 free
1667 4022 48 17 from
1729 4021 106 17 NEUROL

1402 4048 41 18 Co.,
1453 4046 105 20 Auckland,
1568 4047 20 15 2s
1599 4045 28 17 kl.

1425 4069 105 19 Wholesale
1538 4069 48 17 from
1596 4068 130 22 Kempthorne
1735 4067 38 17 and
1779 4067 45 17 Pres-

1402 4099 35 15 sor,
1447 4099 21 12 or
1477 4092 93 19 Sharland
1579 4091 37 18 and
1625 4092 33 17 Co.

1857 3456 28 17 V,'.
1892 3455 22 17 J;.
1921 3455 99 19 Forsteii,
2030 3458 44 16 C.K.,
2099 3453 26 17 H.
2136 3452 30 17 W.
2175 3452 113 18 Mitchell,

1941 3490 38 11 late
2111 3488 97 11 authorised
2217 3486 41 11 land

1856 3508 80 11 ENGINEER
1943 3507 68 11 MIDLAND
2018 3506 77 12 RAILWAY,
2115 3506 9 10 4
2133 3504 56 12 UIHIIJQ
2204 3503 85 11 SURVEYOR.

1859 3526 84 15 MaUKAEI
1953 3525 18 15 tl
1978 3528 83 12 NINsULA.
2098 3523 84 15 RiCTOUUa
2191 3521 13 15 &
2213 3523 76 13 I'AKBOA.

1859 3594 158 41 FORSTER
2044 3593 25 40 &
2101 3589 187 45 MITCHELL,

1886 3660 109 26 MINING
2012 3657 170 28 ENGINEERS
2203 3657 60 25 AND

1984 3684 185 27 SURVEYORS,

1856 3729 119 18 VALUERS
1988 3729 32 17 OF
2030 3727 98 18 MIXING
2140 3726 54 18 AND
2204 3725 86 17 OTHER

1989 3749 166 21 PROPERTIES,

1926 3789 106 19 Haueaici,
2050 3787 51 18 New
2116 3787 103 16 Zealand.

1879 3868 94 19 Members
1982 3867 20 17 of
2011 3867 31 16 the
2051 3866 47 17 N.Z.
2109 3865 90 17 Institute
2212 3864 20 17 of
2244 3864 35 17 Sur-

1856 3898 72 16 veyors.

1856 3934 105 18 Address—

1926 3969 118 17 Norwanhy
2056 3967 64 19 Road,
2131 3966 89 17 Paeroa.

1860 4030 68 44 JOB
1952 4027 141 21 PRINTING
2117 4027 20 19 of
2161 4033 61 18 every
2246 4026 33 19 des-

1920 4055 86 25 cription
2015 4054 98 19 executed
2129 4053 49 18 with
2197 4054 93 17 neatness

1860 4082 39 19 mid
1910 4081 95 24 despatch
2015 4083 21 16 at
2046 4080 35 19 the
2091 4081 120 18 Chronicle
2222 4078 68 19 Office.

943 4188 101 39 Ask
1070 4188 71 38 for
1172 4183 265 42 Hancock's
1473 4179 274 42 Celebrated
1788 4172 186 42 XXXX
2002 4171 115 38 Ales
2144 4171 96 37 and
2267 4170 149 39 Stout.

1966 98 40 12 way
2028 98 11 14 3
2053 98 12 9 n
2088 99 31 11 mra
2176 99 12 10 m
2201 100 12 9 a

2095 180 90 19 Tourists
2196 180 40 20 and
2248 181 91 21 Invalids
2349 184 84 25 visiting
2443 185 35 18 the
2487 185 139 22 Wonderland
2636 189 21 18 of
2667 190 49 18 New
2727 190 90 19 Zealand
2827 192 40 17 will
2875 193 40 19 find
2925 195 34 18 the

1861 372 79 39 rpilE
1954 374 52 18 most
2015 374 88 25 el6gant,
2114 375 132 20 comfortable
2254 376 40 19 and
2304 376 45 20 best
2359 379 108 24 appointed
2478 379 154 21 establishment
2641 382 22 18 in
2682 382 50 19 Now
2749 383 96 25 Zealand,
2864 386 16 18 it
2898 386 62 25 being
2975 390 74 21 replete
3066 392 124 19 throughout

1884 423 6 7 ,
2328 403 50 18 with
2389 404 33 18 the
2432 407 53 16 moat
2499 405 81 19 modern
2595 407 148 20 conveniences.
2946 404 12 8 °
3127 408 10 10 D

1888 425 55 17 IHE
1956 425 92 18 HOTEL
2067 431 17 12 is
2102 432 21 12 in
2142 426 35 19 the
2195 426 116 20 immediate
2325 429 170 24 neighbourhood
2513 430 22 19 of
2552 431 34 19 the
2605 432 73 23 Priest,
2697 433 83 24 Rachel,
2801 435 120 21 Postmaster
2944 440 40 19 and
2999 441 56 19 other
3071 442 60 19 baths
3154 444 35 17 the

1858 452 90 15 curative
1957 454 114 20 propert.es
2080 457 11 12 o
2112 451 65 19 which
2191 458 35 13 are
2242 453 147 20 world-famed.
2417 455 55 18 Bath
2484 456 65 18 chairs
2559 458 40 19 and
2610 458 117 20 attendants
2737 466 35 12 are
2782 461 94 23 provided
2888 468 19 13 to
2919 466 211 22 conveyinvalidsto
3149 470 40 18 ami

1859 474 52 19 frorn
1921 475 34 18 the
1964 481 83 13 various
2058 475 142 21 bath-houses.
2227 478 44 19 The
2279 479 108 19 bedrooms
2396 481 41 18 and
2456 482 86 24 retiring
2563 489 67 13 rooms
2650 490 34 13 are
2703 485 57 19 fitted
2779 486 47 19 with
2854 489 73 24 special
2940 497 21 12 re
2963 473 50 38 Jrd
3026 495 21 17 to
3059 470 35 43 t£
3109 470 50 43 Ln
3174 470 15 43 J

1859 504 65 15 ments
1934 501 20 18 of
1963 503 71 23 guests
2043 508 22 12 in
2075 502 69 19 search
2154 503 21 18 of
2184 504 92 18 renewed
2286 505 92 24 strength
2951 499 9 10 c
2963 507 10 9 o
2977 499 35 12 ,iru
3027 499 20 13 to
3059 499 35 14 me
3109 501 80 19 lequua

1885 526 43 19 The
1941 526 62 19 Baths
2013 529 21 16 at
2044 527 35 18 the
2088 527 128 19 Sanatorium
2228 529 51 19 have
2290 531 98 19 attracted
2398 538 61 12 manv
2469 532 80 20 visitors
2568 534 21 19 of
2608 534 41 20 late
2671 542 68 15 years;
2766 541 93 16 amongst
2874 539 58 18 tlinso
3113 545 6 12 l
3153 546 13 11 i-
3181 547 8 10 t

1859 550 32 19 bei
1900 552 35 18 the
1945 552 145 24 convalescent,
2101 560 92 16 nervous,
2205 554 117 24 rheumatic,
2334 557 40 17 and
2385 557 100 24 sleepless.
2827 553 11 9 °
2874 543 41 16 tiloi
2915 552 5 7 '
2921 548 10 12 e
2961 543 25 19 ho
2996 543 50 19 havo
3057 545 63 19 ftlUnd
3130 546 58 20 relief

1885 576 91 20 Rotorua
1985 578 18 18 is
2012 578 35 19 the
2065 581 67 16 centre
2151 579 52 18 from
2222 580 64 19 which
2305 581 28 18 all
2354 582 68 24 points
2431 583 22 19 of
2462 583 84 20 interest
2556 585 21 19 in
2592 586 35 18 the
2636 586 96 20 Thermal
2742 588 85 19 Snrino-s
3002 595 25 12 k,
3087 597 36 10 it
3182 598 5 9 i

1858 603 74 25 special
1942 603 95 19 facilities
2047 610 34 13 are
2090 604 95 24 provided
2197 606 32 17 for
2236 606 57 19 those
2301 606 20 19 in
2332 607 69 19 search
2411 609 21 17 of
2441 609 33 18 the
2485 609 101 20 beautiful
2597 612 40 18 and
2652 613 127 19 marvelious.
2804 605 11 8 °
3041 597 90 24 reached,
3149 598 40 19 and

1951 634 182 19 MAGNIFICENT
2145 636 176 18 APARTMENTS.
2451 640 84 18 LOFTY
2547 642 146 19 BEDROOMS.
2811 647 112 18 PERFECT
2940 650 152 17 RVNITVTIOY

2002 658 26 19 Jn
2039 658 56 19 short
2104 665 12 12 A
2126 665 125 13 first-class
2264 659 173 22 Establishment
2446 663 87 26 offering
2542 665 59 24 equal
2610 667 96 18 comforts
2714 669 21 17 to
2746 668 34 19 the
2790 668 44 20 best
2848 671 63 19 hotels
2921 673 21 18 in
2951 673 79 23 Europe

2524 696 11 11 q

2098 710 87 23 Suites
2203 711 26 22 of
2241 711 169 29 Apartments
2420 714 67 22 with
2497 716 97 28 special
2607 719 156 22 attendance
2777 720 40 23 for
2832 721 128 25 Families-

1858 743 98 24 Spacious
1966 743 127 19 Promenade
2104 744 112 23 Balconies,
2226 744 58 26 Snug
2296 745 90 24 Alcoves,
2398 747 40 19 and
2453 748 127 26 luxuriously
2596 752 111 24 appointed
2717 753 102 26 Drawing,
2840 755 69 25 Music,
2925 757 142 23 Conversation

2311 773 99 24 Smoking
2419 774 39 18 and
2470 774 84 19 Billiard
2565 776 81 19 Rooms.
2676 778 70 19 Baths.
3069 773 4 24 '

2098 806 35 21 CST
2149 804 117 19 SPECIAL
2279 804 162 22 ATTENTION
2454 807 69 20 PAID
2535 809 33 19 TO
2583 810 119 20 CUISINE
2715 813 60 19 AND
2789 813 122 22 SERVICE,
2926 820 35 20 43)

1885 835 34 18 All
1930 835 179 19 communications
2121 835 27 25 by
2158 835 59 19 letter
2227 842 22 12 or
2260 836 99 24 telegram
2369 838 41 18 will
2419 839 78 19 receive
2505 843 81 23 prompt
2596 843 105 18 attention.

1923 887 69 42 W.
2021 887 57 42 A.
2106 887 311 53 BOULTON,

2330 947 60 24 (Late
2400 948 20 18 of
2430 947 114 20 Grosvenor
2553 948 68 24 Hotel,
2633 950 97 26 Sydney.)

2799 1028 178 49 Robert
3011 1033 152 47 Wake

2770 1098 95 45 BEGS
2874 1102 19 16 to
2902 1101 91 20 intimate
3000 1103 45 18 that
3054 1104 25 18 ho
3094 1104 38 19 hrs
3148 1112 44 12 now

2841 1126 107 19 concluded
2959 1128 34 18 the
3005 1129 115 20 alterations
3132 1133 19 16 to
3161 1131 32 19 his

2769 1150 95 25 premises
2878 1152 21 18 iu
2916 1152 77 19 Feuton
3010 1154 70 24 Street,
3094 1156 99 25 (opposite

2769 1176 34 18 the
2813 1176 68 20 Grand
2892 1177 76 26 Hotel,)
2979 1180 39 18 and
3028 1180 36 19 lias
3073 1188 12 11 a
3090 1181 56 25 largo
3155 1183 39 18 and

2769 1202 45 18 well
2823 1203 90 19 assorted
2922 1205 55 18 stock
2988 1206 20 17 of
3021 1206 34 19 the
3075 1207 107 20 undermen-

2770 1229 67 17 tioned
2847 1229 67 23 goods,

2771 1263 65 40 FOR
2856 1263 86 40 CASH
2959 1264 24 41 &
2996 1265 85 41 CASH
3095 1267 99 42 ONLY,

2795 1317 48 20 Tliis
2853 1317 53 20 Kulh
2916 1319 42 18 will
2973 1320 23 18 be
3013 1320 77 25 strictly
3109 1321 86 21 adhered

2769 1345 20 17 to
2800 1350 21 12 so
2831 1350 26 12 no
2867 1350 38 13 one
2914 1345 51 19 need
2975 1346 23 18 be
3008 1346 94 19 offended
3108 1347 17 19 if
3134 1348 61 19 credit

2769 1370 17 17 is
2797 1370 86 19 refused.

2770 1403 81 23 Men's
2862 1404 124 31 Mercery,
2996 1406 74 29 Hats,
3082 1408 42 22 &e.

2772 1434 81 23 Men's
2868 1435 50 22 and
2934 1436 74 29 Boys'
3026 1437 119 30 Clothing

2874 1483 14 10 ~
2997 1469 77 22 Boots
3085 1470 21 21 &
3118 1470 77 24 Shoes

2769 1496 134 27 Blankets,
2917 1497 79 30 Bugs,
3009 1499 95 29 Prints,
3120 1500 60 24 Flan-

2822 1528 119 28 nelettes,
2953 1531 47 22 etc.

2770 1559 113 28 Saddles,
2894 1560 107 29 Bridles,
3018 1564 46 21 etc.

2880 1631 102 24 Complete
2992 1632 60 19 Stock
3062 1634 21 19 of

2770 1660 89 29 Fancy
2873 1660 88 28 Goods,
2980 1662 148 31 Stationery
3145 1666 50 22 and

2821 1691 84 23 Bocks

2770 1723 189 24 Tobacconist's
2975 1725 91 29 Goods,
3078 1729 46 21 etc-

2770 1755 113 23 Musical
2897 1756 175 25 Instruments

2769 1785 110 29 Fishing
2894 1785 94 25 Tackle

2769 1817 120 22 Window
2895 1817 70 29 glass
2973 1819 21 22 &
3001 1819 78 31 Lamp
3088 1820 105 30 glasses.

2768 1869 93 19 LARGE
2876 1869 58 19 AND
2964 1871 231 22 WELL-ASSORTED

2912 1902 87 20 STOCK
3014 1903 33 19 OF

2782 1931 181 30 BIRTHDAY,
2994 1935 91 23 XMAS
3113 1936 67 23 AND

2821 1964 78 23 NEW
2919 1965 91 23 YEAR
3031 1967 110 24 CARDS.

2808 2015 64 19 Maori
2886 2016 70 20 Curios
2967 2018 21 19 iu
2998 2019 61 19 Great
3069 2018 89 27 Variety.

2832 2068 117 20 First-class
2965 2070 86 20 Billiard
3061 2071 68 20 Table.

2768 2114 146 26 Prescriptions
2924 2116 107 26 dispensed
3042 2119 24 23 by
3075 2125 11 12 a
3095 2118 100 21 Qualified

2923 2142 89 21 Chemist
3022 2146 21 17 at

2843 2172 126 33 ROBERT
2987 2175 132 33 WAKE'S.

2771 2246 235 48 KUSABS
3040 2250 151 47 BROS

2875 2303 215 36 MAMAKU

2770 2341 72 39 SAW
2857 2341 24 41 &
2908 2342 150 44 PLANING
3080 2346 114 42 MILLS,

2772 2411 264 25 7JIOUNTHIN
3061 2416 134 27 RIKU,

2927 2449 40 13 THE
2979 2450 54 14 O.YLY

2772 2472 132 20 GENUINE
2918 2473 58 20 DRY
2993 2475 76 18 LAND
3086 2476 109 21 TIMBER

2874 2503 30 17 IN
2915 2504 51 17 THE
2979 2504 113 19 MARKET.

2772 2548 125 18 TiTESSKS
2915 2549 98 19 KUSABS
3029 2552 70 18 EROS,
3115 2553 36 22 beg
3167 2560 28 11 re-

2772 2572 48 19 ITJL
2845 2572 100 22 spcctfully
2950 2574 19 17 to
2978 2574 69 18 inform
3055 2575 32 18 the
3099 2576 66 18 Public
3178 2578 17 16 of

2773 2595 75 15 Kotorua
2856 2598 32 12 auil
2899 2596 71 21 vicinity
2979 2597 37 15 that
3025 2599 41 19 they
3080 2599 43 15 have
3138 2602 48 13 estab-

2771 2616 53 15 lished
2833 2622 10 9 >i
2852 2617 42 19 yard
2902 2617 16 15 in
2934 2617 121 21 Hinemoa-st.,
3066 2620 31 14 and
3114 2625 30 11 can
3159 2626 36 10 now

2771 2640 61 17 supply
2841 2638 28 14 the
2877 2638 50 15 finest
2934 2639 43 14 class
2991 2640 18 15 of
3024 2640 80 20 Building
3117 2641 78 17 Material

2770 2659 17 15 in
2796 2659 28 15 the
2834 2659 72 15 Market.
2923 2660 16 14 It
2948 2660 13 14 is
2969 2666 26 9 uni
3001 2661 68 20 quailed
3078 2662 16 15 in
3103 2662 92 22 durability

2771 2680 34 15 and
2813 2680 102 20 impervious
2924 2683 17 13 to
2950 2685 28 12 tne
2987 2683 65 15 attacks
3068 2683 18 15 of
3099 2683 49 16 borer
3162 2685 33 15 and

2771 2701 31 20 dry
2815 2705 31 13 rot.
2869 2701 51 16 Their
2928 2703 81 15 sawmills
3017 2709 28 10 are
3054 2704 47 16 fitted
3112 2705 40 15 with
3167 2706 28 15 the

2771 2725 44 12 most
2823 2722 69 16 modern
2901 2723 95 21 appliances
3006 2725 33 15 and
3048 2725 28 15 the
3084 2725 37 16 firm
3135 2726 13 15 is
3158 2727 37 15 able

2772 2747 17 11 to
2804 2744 62 20 supply
2881 2749 33 15 any
2930 2745 79 20 qmntity
3026 2746 17 15 of
3058 2746 37 21 Dry
3113 2747 82 21 Building

2771 2764 79 16 Material
2859 2770 21 10 on
2889 2765 28 15 the
2926 2769 72 12 shortest
3006 2767 61 17 notice.

2772 2816 137 29 Skirtings,
2917 2817 175 29 Architraves,
3098 2819 81 23 Mould-

2806 2852 66 28 ings,
2885 2852 50 22 and
2944 2852 110 24 Dressed
3064 2854 100 24 Timber

2836 2890 27 23 of
2872 2897 79 23 every
2965 2891 163 30 description,
3135 2895 9 23 ;

2861 2929 106 29 Always
2978 2937 32 16 on
3020 2930 82 24 Hand.

2796 2962 118 24 HENAU
2924 2964 105 23 HOUSE
3040 2965 126 23 BLOCKS.

2054 1340 36 48 i\
2121 1340 28 41 ®,
2178 1340 108 48 ©4
2399 1340 30 39 o
2459 1340 31 39 o,
2516 1340 32 40 §
2575 1341 39 39 a

2126 1410 129 23 (Formerly
2271 1411 40 17 the
2332 1410 147 24 Parsonage.)

1998 1539 134 18 PRIVATE
2146 1538 103 19 BOARD
2262 1538 66 19 AND
2341 1539 178 19 RESIDENCE.

2217 1609 167 18 SITUATION
2397 1609 207 20 UNRIVALLED.

2127 1757 62 23 Mrs
2208 1757 33 23 D.
2264 1757 193 23 GRIFFITHS-

1985 2521 32 40 i

2119 2622 52 31 By
2189 2618 163 28 ELSDON
2375 2618 111 26 BEST.

1857 2805 109 66 THE
1986 2804 123 32 Papers
2123 2808 73 20 now
2210 2799 174 35 appearing
2396 2799 33 25 in
2445 2799 54 25 the
2514 2798 82 26 HOT
2610 2798 137 26 LAKES

1909 2836 244 29 CHRONICLE
2166 2836 102 24 under
2279 2834 54 25 tlie
2348 2834 101 24 above
2462 2832 71 25 title
2547 2831 67 26 will
2623 2831 124 33 shortly

1858 2881 38 25 be
1909 2878 170 34 published
2091 2878 34 25 in
2138 2876 164 33 pamphlet
2313 2875 92 25 form.

2064 2967 130 46 Price
2218 2964 94 49 One
2347 2963 199 55 Shilling.

1893 3156 190 31 Advertising
2095 3156 108 24 Terms
2215 3160 38 18 on
2269 3151 187 34 application
2478 3152 32 23 at
2530 3149 216 26 CHRONiCLE

1860 3191 103 24 Office.

2790 3010 48 15 Trice
2846 3010 21 16 Li
2868 3012 25 14 sty
2900 3016 20 9 on
2930 3011 102 20 ur>plicution
3042 3013 18 14 to

2770 3045 105 32 KITS
2884 3045 68 31 AB
2966 3046 24 31 S
3026 3046 166 38 BROS,,

2842 3095 115 18 MAMAKU
2969 3100 26 14 oit
3008 3096 111 18 OHAUPO.

2895 3132 26 17 Or
2929 3134 20 16 at
2957 3133 32 17 the
3001 3133 67 21 Yards,

2792 3169 122 17 HINEMOA
2927 3169 100 20 STREET,
3046 3169 126 18 KOTOEUA.

2809 3344 35 34 Hi

2986 3267 32 39 M.
3055 3267 115 47 SIMON,

2962 3319 87 23 (Lsf.rtof
3058 3319 134 24 Melbourne.)

2970 3367 112 17 Practical
3102 3367 80 18 Tailor.

2959 3439 103 23 Clothes
3075 3440 73 22 made
3168 3441 24 21 to

2985 3466 73 22 order
3075 3472 32 16 on
3123 3465 44 23 the

3011 3491 131 23 shortest

3028 3518 92 21 notice.

2969 3612 54 24 Style
3033 3619 18 12 ar
3061 3612 10 18 d
3084 3612 34 18 Fit
3128 3613 34 17 not
3173 3613 7 17 t
3187 3618 5 11 >

2959 3641 22 16 be
2991 3638 93 26 equalled
3103 3645 18 10 -u
3138 3641 52 15 town

2880 3664 58 36 ifpjP
2957 3676 110 17 Addrksm:
3083 3676 13 17 A
3103 3680 50 12 rnwa
3160 3674 31 18 St.

3027 3699 60 20 Ilo;oi
3093 3706 32 12 ua.

2788 3794 86 23 (Under
2882 3794 128 24 Vice-regal
3024 3793 140 22 Patronage.)

2766 3835 35 15 rn
2816 3834 15 18 O
2855 3835 15 17 T
2888 3834 15 18 O
2920 3835 19 17 U
2955 3835 17 17 K
2988 3835 11 17 I
3017 3834 12 18 S
3046 3834 14 16 T
3078 3832 17 21 S,
3119 3832 66 16 Etc.

2771 3857 21 20 J.
2819 3862 92 12 BEAUTIFI
2924 3863 8 11 r.
2941 3861 98 14 PRESENTS
3049 3860 38 14 FOR
3094 3859 61 14 HOME.

2787 3881 50 21 Very
2852 3880 109 18 Handsome
2975 3879 61 18 Inlaid
3054 3878 70 20 Tables;
3138 3876 36 18 Cab-

2763 3903 53 20 inets,
2830 3903 60 18 Jewol
2903 3904 59 19 Casus,
2978 3904 40 17 etc.,
3034 3902 24 17 nil
3071 3900 52 18 made
3138 3899 47 17 from

2763 3926 32 17 the
2804 3926 54 18 finest
2863 3926 21 18 of
2889 3926 45 18 Now
2941 3925 96 19 Zealand's
3044 3924 63 18 Forest
3112 3921 71 18 Woods.

2762 3949 111 17 Patronised
2881 3949 25 17 bv
2915 3949 35 17 His
2959 3948 110 20 Excellency
3077 3946 30 17 the
3115 3945 44 17 Earl
3165 3944 19 17 of

2762 3972 94 22 Glasgow,
2866 3972 53 20 K.C.,
2935 3972 80 17 8.M.G..
3031 3969 36 18 and
3081 3968 62 21 nearly
3159 3967 25 17 all

2762 3995 32 17 the
2802 3995 86 22 nobility,
2898 3994 69 18 British
2976 3994 36 17 and
3018 3992 77 21 Foreign
3102 3991 80 19 Officers,

2762 4018 37 17 and
2808 4020 67 20 gentry
2884 4018 42 17 who
2939 4018 46 16 liave
2999 4015 64 18 visited
3076 4014 46 17 New
3136 4013 36 16 Zea-

2761 4041 51 17 land.

2792 4072 28 17 W.
2834 4071 102 21 NORIIIE,
2947 4071 38 21 Top
2994 4070 19 17 of
3021 4066 134 20 Shortland-st.

2312 3438 181 24 AUCKLAND
2515 3437 50 23 and
2584 3436 160 23 WAIKATO

2457 3463 139 23 AGENCY-

2327 3500 57 18 Near
2393 3498 92 20 Cathulie
2495 3497 87 23 Church,
2596 3495 136 21 BOTORUA.

2365 3552 96 34 ON
2490 3552 38 33 S
2534 3535 3 51 :
2538 3549 157 34 AL,B.

2314 3611 255 30 BEDSTEADS,

2467 3642 277 31 MATTRESSES,

2504 3677 58 19 AND

2330 3703 184 28 Household
2547 3702 179 26 Furniture.

2401 3774 49 46 S.
2469 3771 184 53 Dando,

2363 3837 210 29 Commission
2586 3836 111 32 Agent.

2340 3911 124 27 Government
2483 3910 100 24 Insurance
2601 3905 127 32 Department.

2455 3944 117 14 KSTAI3LIBHUD
2579 3942 36 12 1870.

2340 3978 80 14 Growth
2430 3977 21 14 of
2459 3975 100 15 Business:

2366 4003 39 11 bum
2415 3998 73 15 Ausui-ed,
2498 3997 42 13 1875
2557 4002 7 4 -
2589 3992 141 21 £1,837,000

2499 4017 42 13 1885
2559 4022 7 3 -
2584 4012 147 21 £6,466,000

2441 4048 9 7 „
2499 4036 43 14 1895
2559 4041 7 5 •
2584 4032 147 21 £9,250,000

2479 4070 14 13 J.
2502 4059 164 23 H.IuCHAIiDSON.

2340 4088 15 5 «■,
2603 4081 129 12 r.mnuiiHglOllGr.
