2559 3980
1907 3847 73 17 Printed
1985 3848 36 16 and
2025 3848 90 20 published
2122 3852 55 17 every
2183 3849 86 20 Saturday
2275 3849 90 20 morning,
2373 3849 23 20 by
2403 3848 77 16 Samite*

1928 3868 89 18 Revass,
2028 3871 18 14 at
2055 3869 29 16 the
2096 3869 54 16 Office
2161 3869 20 17 of
2191 3869 32 17 the
2234 3869 49 17 New
2289 3870 98 16 Zealand
2394 3869 86 16 Gazette

1929 3892 40 15 Xvd
1978 3889 128 17 Wellington
2112 3890 119 19 Spectator,
2239 3890 155 21 Taranaki-place,
2401 3888 79 19 Welling-

1928 3911 37 19 ton,
1975 3910 43 16 Port
2024 3910 100 20 Kleholson,
2132 3910 46 18 New
2184 3909 84 19 Ztalaaa.

517 45 99 29 THE
635 44 110 30 NEW
764 43 230 31 ZEALAND
1011 41 223 32 GAZETTE
1253 39 99 32 AND
1371 37 324 32 WELLINGTON
1719 35 293 32 SPECTATOR.

1982 115 114 20 Thomas
2110 116 54 19 and
2180 116 107 20 Samuel
2302 116 79 21 Cook

1889 148 91 48 BEG
1990 151 23 19 to
2022 148 77 22 inform
2108 148 38 22 the
2155 141 81 34 public,
2248 148 52 27 that,
2311 148 85 29 having
2410 158 61 15 com-

1964 174 75 28 pleted
2055 174 54 22 their
2131 175 115 21 extensive
2264 175 207 25 weather-boarded

1890 202 69 26 Store,
1969 201 54 27 they
2032 200 52 22 have
2101 208 68 20 every
2184 201 151 21 convenience
2350 202 37 21 for
2402 210 69 15 ware-

1889 228 96 26 housing
1992 227 71 27 goods,
2075 230 23 19 at
2106 234 14 15 a
2128 235 55 19 very
2191 227 114 22 moderate
2316 227 90 27 charge.

1964 271 40 21 To
2019 271 179 21 Landowners
2212 271 55 21 and
2281 271 118 26 Agents.

1889 304 173 48 WANTED
2076 304 30 26 by
2116 304 38 21 the
2171 303 64 22 Land
2250 304 150 28 Association,
2413 308 59 20 town

1973 337 61 14 acres
2043 330 19 21 in
2073 329 129 22 favourable
2212 330 125 27 situations,
2348 331 46 21 and
2404 334 67 20 termi

1890 356 19 23 if
1917 356 129 23 reasonable
2055 356 41 21 will
2104 360 61 18 meet
2174 356 127 23 immediate
2320 358 117 22 attention.

1999 383 28 20 R.
2037 382 71 27 Davis,
2174 383 11 20 I

2006 409 104 26 G.Scott,
2181 411 11 27 y
2208 409 113 22 Trustees.

1998 435 36 22 W.
2041 435 24 22 A.
2076 435 92 27 Cooper.
2175 430 10 32 J

2082 461 35 22 W.
2129 462 32 21 H.
2171 463 146 26 Bottomley,
2326 463 120 26 Secretary.

1892 506 89 47 FOR
1999 505 80 26 SALE,
2100 512 13 15 a
2131 506 65 21 small
2213 506 104 27 quantity
2333 507 27 21 of
2377 508 100 25 superior

1964 532 78 22 SEED
2055 532 120 22 WHEAT.
2203 533 77 27 Apply
2296 537 23 18 to
2336 533 46 22 Mr.
2397 533 78 23 James

1892 558 69 26 Watt,
1969 558 141 27 Wellington.

2069 603 80 21 Bank
2164 603 131 26 Cheques.

1894 629 71 48 ON
1976 629 78 22 SALE
2062 633 22 17 at
2093 629 37 21 the
2147 629 63 22 office
2228 630 26 21 of
2267 630 44 21 this
2323 637 76 20 paper.
2429 631 47 21 Ga-

1957 659 59 18 zette
2025 656 66 26 office,
2103 656 67 27 April
2178 657 19 26 9,
2208 657 62 21 1841.

1892 709 215 24 WHOLESALE
2136 710 125 24 PRICES
2295 710 178 26 CURRENT.

1964 748 127 14 CORRECTED
2106 748 28 15 UP
2149 749 29 14 TO
2192 748 84 15 FRIDAY
2291 749 110 15 EVENING.

2226 767 17 18 £
2265 772 15 12 s.
2305 768 18 16 d.
2379 768 17 17 £
2417 772 17 12 s.
2458 769 19 16 d.

1894 787 64 22 Ale:
1975 786 28 22 In
2011 786 72 28 bottle,
2097 795 40 20 per
2147 788 63 21 doz..
2229 791 14 19 0
2258 790 25 20 13
2312 790 14 20 0
2344 803 19 6 ..
2382 791 14 19 0
2422 791 15 19 0
2463 792 14 19 0

1976 813 96 27 Taylor's
2227 816 13 20 5
2256 816 27 20 10
2310 816 14 20 0
2341 829 19 6 ..
2381 817 14 20 6
2410 816 27 21 10
2464 818 13 20 0

1896 840 98 21 Arrack
2003 847 5 14 :
2023 840 39 21 Per
2069 840 76 26 gallon
2170 843 76 20 ....0
2272 843 14 20 3
2314 843 82 20 6..0
2423 844 14 19 0
2464 847 13 20 0

1895 866 80 22 Bread
1983 873 5 14 :
2004 866 42 21 Per
2053 866 41 22 21b.
2106 866 50 22 loaf
2232 869 14 20 0
2272 869 15 20 0
2314 870 82 20 8..0
2423 870 14 20 0
2464 871 13 20 0

1895 893 74 22 Beef:
1985 892 73 28 Fresh,
2076 900 88 15 carcase
2180 901 39 20 per

2013 918 23 22 lb
2229 922 15 19 0
2270 922 12 20 1
2312 922 14 20 0
2343 935 19 6 ..
2381 923 14 20 0
2422 922 12 20 1
2462 923 14 20 2

1895 946 94 22 Butter
1996 952 5 15 :
2018 944 59 28 Irish,
2088 953 39 20 per
2134 946 32 22 lb.
2196 961 6 6 .
2208 961 6 6 .
2233 949 14 19 0
2274 948 12 20 1
2315 949 13 19 9
2345 962 6 6 .
2359 962 5 6 .
2384 950 13 19 0
2424 950 15 19 0
2465 951 13 19 0

2018 972 63 23 Fresh
2233 975 14 20 0
2273 974 14 21 5
2315 976 13 19 0
2346 988 19 7 ..
2384 976 13 20 0
2424 976 15 20 0
2465 977 13 20 0

1895 999 99 22 Brandy
2000 1007 6 14 :
2021 998 53 23 First
2081 999 92 27 quality,
2181 1007 39 20 per

2043 1026 71 26 gallon
2232 1028 14 20 0
2272 1026 14 23 7
2314 1029 83 20 0..0
2424 1029 13 20 9
2464 1030 13 19 0

1895 1052 87 22 Brown
2001 1052 69 22 Stout
2078 1060 5 14 :
2107 1060 40 20 per
2161 1053 51 22 hhd.
2228 1054 13 21 5
2257 1055 27 20 10
2312 1056 13 19 0
2342 1068 6 6 .
2356 1068 5 6 .
2381 1056 14 19 6
2422 1056 14 19 0
2463 1057 13 19 0

1896 1080 100 21 Cigars:
2007 1079 96 28 Manilla,
2111 1087 40 20 per
2157 1082 60 26 1000,
2231 1082 55 20 310
2314 1082 49 20 0..
2381 1082 16 20 4
2423 1083 14 19 0
2464 1084 13 18 0

2004 1106 91 21 Inferior
2230 1108 14 20 2
2271 1109 15 20 0
2312 1109 51 19 0..
2382 1109 14 20 0
2422 1109 15 20 0
2463 1110 13 19 0

2004 1132 129 28 Havannah,
2140 1141 40 19 per
2186 1134 29 21 lb.
2230 1136 14 19 0
2259 1134 27 21 12
2312 1136 14 19 0
2343 1148 19 6 ..
2381 1136 15 19 0
2422 1136 14 19 0
2462 1136 14 20 0

2004 1159 120 22 Chinsurah
2232 1161 54 20 115
2314 1162 49 19 0..
2382 1162 14 20 0
2422 1162 15 19 0
2462 1163 14 19 0

2003 1186 149 22 Alexandrian
2230 1188 55 20 110
2312 1188 83 21 0..0
2421 1188 15 20 0
2462 1189 14 20 0

1896 1212 87 23 Coffee
1990 1219 6 14 :
2007 1212 58 26 Java,
2076 1220 40 20 per
2124 1212 23 22 lb
2230 1215 15 20 0
2273 1214 11 20 1
2314 1215 13 20 0
2344 1228 5 5 .
2357 1227 6 6 .
2382 1216 14 19 0
2423 1215 12 20 1
2463 1216 14 19 3

1896 1239 103 22 Cheese:
2015 1238 99 23 Cheshire
2231 1242 13 19 0
2272 1241 11 20 1
2312 1241 84 20 3..0
2424 1242 53 20 110

2013 1265 50 22 Pine
2072 1265 74 28 Apple
2231 1268 14 19 0
2272 1268 12 19 1
2312 1268 84 20 4..0
2424 1268 10 20 1
2463 1270 13 19 6

2013 1292 70 21 Dutch
2232 1294 14 21 0
2272 1294 14 20 0
2301 1294 26 21 10
2344 1308 19 6 ..
2382 1296 14 19 0
2424 1295 10 20 1
2463 1296 14 19 0

1896 1318 105 22 Candles
2009 1325 6 14 :
2022 1318 87 27 English
2116 1325 57 20 wax,
2180 1326 39 20 per

2039 1345 20 20 lb
2231 1348 14 19 0
2271 1347 15 20 3
2313 1347 14 20 0
2344 1360 19 7 ..
2382 1348 14 20 0
2423 1347 14 20 3
2464 1349 13 19 6

2026 1371 76 22 Mould
2230 1374 15 19 0
2272 1374 11 19 1
2313 1374 83 21 0..0
2424 1375 10 19 1
2463 1376 14 19 4

2027 1398 51 27 Dips
2229 1401 15 19 0
2270 1401 15 20 0
2299 1400 63 21 10..
2380 1402 15 19 0
2423 1402 11 19 1
2463 1403 13 19 0

1899 1424 91 21 Flour:
2000 1424 124 27 lstquality,
2135 1428 83 24 perton

2020 1451 24 21 of
2053 1452 51 21 2000
2114 1451 33 22 lbs
2215 1452 29 21 30
2270 1454 15 19 0
2312 1454 14 19 0
2343 1454 51 20 ..35
2421 1455 15 19 0
2463 1456 13 19 0

1996 1477 45 21 2nd
2050 1477 51 22 ditto
2218 1480 27 19 28
2272 1481 14 19 0
2313 1481 50 20 0..
2382 1482 14 19 0
2422 1482 15 19 0
2464 1482 13 19 0

1898 1503 47 23 Gin
1953 1511 5 14 :
1978 1503 53 23 Pale
2232 1507 14 19 0
2270 1506 15 20 5
2313 1508 83 19 0..0
2422 1508 14 19 6
2463 1510 13 18 0

1978 1531 61 26 Case,
2053 1532 11 20 4
2077 1531 87 26 gallons
2173 1532 43 21 4-5.
2234 1533 10 20 1
2272 1534 14 19 3
2315 1534 13 19 0
2345 1547 6 5 .
2359 1546 5 6 .
2384 1534 11 20 1
2424 1534 13 20 8
2464 1536 13 19 0

1897 1557 81 21 Hams:
1995 1557 122 27 Yorkshire,
2132 1558 84 27 perlb.
2232 1560 14 19 0
2274 1560 11 20 1
2314 1560 14 20 0
2344 1573 20 6 ..
2384 1562 13 19 0
2425 1561 10 19 1
2464 1562 13 19 2

1897 1583 115 22 Mustard
2020 1591 3 14 :
2039 1583 38 22 Per
2086 1584 70 22 dozen
2170 1586 74 20 ....1
2272 1587 14 20 8
2314 1588 83 19 0..0
2424 1588 14 19 0
2465 1589 12 19 0

1897 1610 102 22 Mutton
2006 1618 5 14 :
2032 1610 88 22 Carcase
2129 1618 41 21 per
2178 1611 22 22 lb
2210 1628 6 5 .
2232 1614 14 19 0
2273 1614 11 19 1
2314 1614 14 19 0
2344 1627 6 5 .
2357 1627 6 5 .
2382 1615 14 19 0
2424 1614 10 19 1
2464 1615 12 20 2

1897 1637 123 22 Muskets:
2034 1636 88 23 Walnut
2128 1638 92 21 stocked
2232 1640 14 19 0
2272 1640 15 20 0
2314 1641 14 19 0
2344 1654 19 5 ..
2384 1641 10 20 1
2424 1642 13 19 0
2464 1643 13 18 0

1897 1663 78 22 Milk:
1991 1663 43 22 Per
2039 1664 46 27 pint
2232 1667 14 19 0
2272 1668 14 19 0
2314 1667 12 19 5
2344 1680 20 6 ..
2383 1668 14 20 0
2424 1668 13 19 0
2464 1669 13 19 6

1898 1691 44 21 Oil
1950 1698 4 14 :
1970 1690 98 27 Linseed,
2078 1698 40 20 per
2126 1691 74 26 gallon
2210 1694 35 19 .0
2271 1693 14 20 5
2314 1694 14 19 0
2345 1707 5 6 .
2358 1707 6 6 .
2383 1695 14 19 0
2424 1693 14 22 7
2465 1696 13 19 0

1971 1716 76 27 Black,
2051 1717 20 21 in
2076 1717 171 28 cask,pertonl6
2274 1721 14 19 0
2316 1721 13 20 0
2345 1734 20 6 ..
2384 1722 13 19 0
2424 1722 14 19 0
2464 1723 13 18 0

1898 1743 76 22 Pork:
1989 1743 72 28 Fresh,
2078 1751 88 15 carcase
2182 1752 38 20 per

2015 1770 22 21 lb
2232 1774 14 19 0
2273 1774 14 19 0
2314 1773 12 20 5
2345 1787 6 6 .
2359 1787 5 6 .
2384 1775 13 19 0
2424 1775 13 19 0
2464 1776 13 19 0

1898 1796 64 22 Pork
1969 1804 6 13 :
1991 1796 62 27 Irish,
2062 1804 39 20 per
2109 1797 74 23 barrel
2196 1813 5 5 .
2208 1813 5 5 .
2232 1800 55 20 410
2315 1801 13 20 0
2345 1814 6 6 .
2359 1814 5 6 .
2384 1802 13 19 0
2424 1802 14 19 0
2465 1803 12 18 0

1898 1823 129 22 Potatoes:
2048 1823 52 22 New
2112 1825 107 27 Zealand,

2068 1854 86 23 perton
2232 1853 14 20 0
2273 1854 14 19 0
2315 1854 14 20 0
2346 1867 18 6 ..
2384 1855 13 20 6
2424 1855 13 20 0
2464 1855 13 20 0

1899 1877 93 21 Porter
2001 1884 5 14 :
2035 1876 96 28 Dunbar,
2142 1878 24 22 in
2174 1878 44 22 hot.

2061 1911 39 20 per
2109 1904 41 22 doz
2234 1907 13 20 0
2262 1907 26 20 13
2316 1908 81 20 0..0
2424 1908 15 21 0
2465 1909 13 18 0

1898 1929 98 23 Pickles
2007 1937 6 14 :
2043 1930 110 28 Assorted,
2183 1940 39 19 per

2065 1957 56 26 doz.,
2146 1963 74 22 quarts
2235 1960 11 20 1
2274 1960 15 20 4
2316 1961 14 20 0
2347 1974 19 6 ..
2385 1962 14 19 0
2425 1962 14 19 0
2465 1962 13 19 0

1899 1983 72 21 Pitch
1984 1990 6 14 :
2022 1983 131 28 Stockholm,
2183 1993 39 19 per

2045 2009 67 21 barrel
2236 2013 9 18 1
2274 2014 14 18 0
2316 2014 14 18 0
2346 2027 19 5 ..
2385 2013 11 19 1
2413 2014 26 19 18
2466 2014 13 18 0

1898 2034 94 21 Plank:
2020 2034 48 22 Port
2091 2035 129 28 Nicholson,

2046 2068 35 19 per
2090 2063 40 20 100
2138 2062 47 22 feet
2197 2077 18 5 ..
2234 2065 14 19 0
2262 2064 26 20 19
2316 2066 14 19 0
2347 2079 18 5 ..
2385 2066 11 19 1
2425 2066 11 19 1
2465 2067 13 19 0

1898 2087 59 21 Rice
1963 2094 5 13 :
1980 2086 104 22 Common
2094 2095 39 20 per
2138 2092 49 18 cwt.
2198 2104 5 6 .
2210 2104 6 6 .
2235 2091 55 20 014
2316 2093 37 19 0.
2361 2105 5 6 .
2387 2093 9 19 1
2425 2093 14 19 0
2465 2094 13 18 0

1980 2113 65 22 Good
2234 2117 11 20 1
2273 2118 15 20 4
2316 2119 14 19 0
2346 2132 19 6 ..
2385 2119 10 20 1
2412 2119 26 20 10
2465 2121 12 17 0

1900 2140 54 21 Rum
1961 2147 5 14 :
1983 2140 24 21 P.
2019 2140 24 21 B.
2053 2141 30 26 P.,
2098 2149 39 20 per
2145 2142 76 27 gallon
2235 2145 13 19 0
2275 2145 13 19 5
2317 2145 13 19 6
2348 2159 18 5 ..
2386 2147 13 19 0
2425 2145 14 21 7
2465 2147 14 19 0

1900 2166 87 22 Sugar:
2003 2167 113 22 Mauritius
2125 2176 41 19 per
2173 2173 47 18 cwt.
2236 2171 10 20 1
2264 2171 26 20 10
2317 2173 14 19 0
2347 2186 19 5 ..
2385 2173 14 19 2
2425 2173 14 19 0
2466 2173 13 19 0

2007 2194 76 22 Brown
2234 2199 14 19 0
2274 2199 15 19 0
2316 2200 49 19 0..
2387 2200 9 19 1
2425 2199 14 20 8
2465 2200 13 19 0

2008 2220 91 23 Refined
2113 2221 53 28 loaf,
2183 2230 40 20 per

2033 2247 21 21 lb
2235 2251 14 20 0
2276 2251 14 20 0
2317 2251 14 21 7
2348 2266 18 5 ..
2385 2253 14 19 0
2425 2253 14 19 0
2466 2253 13 19 8

2008 2273 90 23 Manilla
2236 2278 10 20 I
2262 2278 26 20 13
2316 2279 50 20 0..
2385 2279 13 20 2
2425 2279 13 19 5
2465 2280 14 19 0

1900 2300 72 21 Salt:
1988 2300 120 28 Liverpool,
2118 2310 41 19 per
2168 2306 37 18 ton
2213 2319 6 5 .
2234 2304 14 20 2
2263 2305 26 20 10
2317 2306 14 20 0
2347 2319 19 6 ..
2385 2307 14 19 3
2414 2306 26 20 10
2466 2307 13 19 0

1900 2327 59 21 Soap
1968 2334 5 14 :
2001 2327 96 22 Hawes's
2119 2329 102 27 London,

2025 2357 80 23 perton
2220 2358 28 20 40
2274 2359 14 19 0
2316 2359 14 20 0
2347 2359 50 21 ..45
2425 2360 14 20 0
2465 2360 14 19 0

1900 2380 90 22 Starch
1999 2387 4 14 :
2020 2378 38 24 Per
2065 2381 23 21 lb
2236 2385 14 20 0
2278 2385 10 20 1
2318 2387 13 19 0
2348 2399 6 6 .
2362 2399 6 6 .
2387 2387 13 19 0
2429 2386 8 20 1
2466 2386 13 20 3

1900 2407 141 21 Scantling:
2056 2408 40 22 Per
2103 2409 39 21 100
2151 2409 66 22 feet..
2236 2412 54 20 019
2318 2413 13 19 0
2349 2426 19 6 ..
2387 2413 52 20 11
2467 2413 12 19 0

1900 2434 115 21 Shingles
2022 2442 5 13 :
2042 2434 38 22 Per
2088 2437 59 26 1000,
2157 2437 29 21 N.
2195 2437 25 21 Z.
2236 2438 11 20 1
2276 2440 14 19 0
2317 2440 14 20 0
2349 2453 5 5 .
2361 2453 7 5 .
2386 2441 14 19 0
2427 2440 14 20 0
2467 2440 12 19 0

2030 2461 65 28 Ditto,
2116 2462 29 22 V.
2156 2463 29 22 D.
2196 2463 26 22 L.
2237 2465 11 20 1
2264 2465 26 20 15
2319 2467 14 19 0
2349 2479 7 6 .
2363 2480 6 5 .
2387 2467 14 19 2
2427 2466 14 20 5
2468 2467 13 19 0

1899 2487 51 22 Tar
1957 2496 4 12 :
1977 2488 55 21 Coal
2237 2492 53 20 110
2318 2493 50 20 0..
2387 2494 14 19 0
2428 2494 14 20 0
2467 2493 13 19 0

1982 2514 123 22 Stockholm
2238 2519 53 20 110
2319 2520 49 20 0..
2387 2520 14 20 2
2428 2521 13 19 0
2467 2519 13 19 0

1900 2541 62 22 Tea:
1980 2541 83 27 Hyson,
2072 2549 40 20 per
2122 2543 63 21 chest
2201 2546 50 20 ..0
2278 2546 13 20 0
2319 2547 14 19 0
2349 2547 50 19 ..11
2415 2547 25 19 11
2468 2546 13 20 0

1900 2568 117 22 Tobacco:
2032 2568 136 28 Negrohead,
2185 2578 40 19 per

2055 2594 21 22 lb
2237 2599 14 20 0
2278 2599 13 20 0
2307 2600 26 19 10
2349 2613 19 5 ..
2387 2600 14 20 0
2429 2599 10 21 1
2467 2599 13 20 3

1900 2620 159 22 Turpentine:
2073 2622 43 21 Per
2121 2623 97 26 gallon..
2237 2626 13 19 0
2277 2627 13 18 8
2319 2627 14 19 0
2349 2639 20 6 ..
2388 2627 13 19 0
2428 2627 13 19 0
2468 2627 12 19 0

1900 2646 158 23 Whalebone:
2072 2648 43 22 Per
2124 2652 39 18 ton
2223 2652 27 20 90
2277 2653 14 19 0
2318 2653 14 19 0
2350 2653 64 20 ..100
2428 2654 13 19 0
2467 2653 13 19 0

1900 2673 82 23 Wine:
1998 2674 83 28 Sherry,
2092 2682 39 20 per
2139 2675 51 28 pipe
2200 2691 18 5 ..
2223 2678 27 20 28
2277 2679 14 19 0
2319 2680 14 19 0
2350 2681 52 19 ..40
2428 2681 13 19 0
2468 2680 12 19 0

2008 2700 66 28 Ditto,
2090 2709 39 20 per
2143 2702 79 22 dozen.
2237 2705 11 20 1
2276 2705 15 21 4
2319 2707 13 19 0
2349 2719 19 6 ..
2387 2707 14 19 2
2428 2707 14 20 0
2468 2707 12 19 0

1902 2753 120 23 Poultry:
2037 2754 74 28 Fowls,
2118 2762 41 21 per
2164 2756 48 27 pair
2218 2773 5 5 .
2239 2759 14 19 0
2279 2759 13 19 8
2321 2759 13 20 0
2351 2773 19 5 ..
2389 2760 14 20 0
2417 2760 26 20 16
2469 2760 12 19 0

2035 2780 80 29 Ducks,
2126 2782 56 22 ditto
2201 2797 5 6 .
2213 2798 6 5 .
2237 2785 54 20 015
2320 2787 14 19 0
2351 2799 6 6 .
2364 2799 6 6 .
2389 2786 11 20 1
2429 2787 12 19 5
2469 2786 12 20 0

2037 2808 74 28 Geese,
2123 2808 56 22 ditto
2201 2824 5 6 .
2213 2825 7 5 .
2239 2812 11 20 1
2267 2812 26 20 10
2320 2813 14 20 0
2351 2826 6 5 .
2364 2826 6 6 .
2389 2813 14 20 0
2429 2813 14 20 0
2469 2813 12 19 0

2035 2834 96 28 Turkeys
2238 2844 60 15 none
2307 2836 24 23 in
2341 2838 39 22 the
2390 2839 91 21 market.

2036 2861 98 28 Pigreons,
2145 2863 78 27 (wild,)

2059 2895 39 21 per
2107 2889 49 27 pair
2239 2892 14 20 0
2279 2891 14 21 3
2321 2893 83 21 0..0
2431 2894 13 19 0
2469 2893 13 19 0

2036 2914 79 28 Ducks,
2124 2916 36 22 do.
2171 2916 50 22 do..
2239 2919 14 20 0
2280 2918 13 20 5
2322 2919 13 20 0
2352 2933 19 5 ..
2390 2921 14 19 0
2430 2921 13 19 0
2469 2919 12 19 0

1902 2941 61 22 Eggs
1971 2949 5 14 :
1991 2941 44 22 Per
2044 2942 67 22 dozen
2240 2946 14 20 0
2281 2946 14 20 6
2322 2947 49 19 0..
2390 2947 14 20 0
2431 2947 13 20 0
2469 2946 12 20 0

1902 2994 76 22 Cows:
1993 2994 133 22 Milch.....
2225 2998 27 20 25
2280 2999 14 20 0
2321 2999 14 20 0
2352 2999 51 21 ..30
2429 3000 14 19 0
2469 2999 12 19 0

1902 3021 95 22 Mares:
2013 3022 70 21 Brood
2223 3025 28 21 50
2278 3026 14 20 0
2320 3027 13 19 0
2350 3027 53 20 ..90
2429 3027 13 19 0
2468 3025 12 20 0

1902 3048 116 22 Working
2034 3048 114 23 Bullocks
2156 3057 5 14 :
2183 3050 43 22 Per

1928 3075 48 27 pair
2225 3078 28 20 40
2280 3079 13 19 0
2321 3079 14 20 0
2352 3079 52 21 ..60
2430 3080 14 20 0
2469 3078 12 20 0

1902 3100 63 23 Hire
1976 3108 27 14 of
2013 3108 62 15 ditto
2083 3109 5 14 :
2103 3102 44 22 Per
2154 3103 49 27 day,
2212 3110 14 14 a

1928 3130 60 19 team
1998 3127 45 22 and
2049 3127 69 23 driver
2239 3131 12 20 1
2279 3132 14 20 0
2321 3133 14 19 0
2352 3145 19 7 ..
2389 3132 14 21 2
2429 3133 15 19 0
2469 3131 12 20 0

1901 3154 88 21 Sheep:
2004 3153 58 22 Each
2319 3159 14 19 0
2350 3171 20 7 ..
2389 3159 14 21 0
2429 3159 14 21 0
2468 3158 12 19 0

1901 3180 63 23 Boat
1975 3180 73 23 Hire:
2060 3180 41 23 Per
2107 3181 50 33 day,

2086 3211 40 19 out
2133 3208 73 22 hands
2215 3225 7 6 .
2236 3211 56 21 010
2319 3213 14 19 0
2350 3225 6 7 .
2363 3225 7 6 .
2389 3212 10 20 1
2429 3213 14 19 0
2467 3211 13 19 0

1901 3260 86 23 Wages
1994 3267 5 14 :
2028 3260 134 30 Mechanics,
2187 3270 41 20 per

2052 3288 59 21 week
2239 3291 14 20 2
2267 3291 28 21 14
2321 3292 50 20 0..
2389 3292 14 20 3
2430 3292 13 20 6
2469 3291 12 19 0

2037 3313 121 24 Labourers
2175 3330 45 7 ....
2239 3318 11 20 1
2267 3318 26 20 10
2321 3319 14 20 0
2351 3332 19 6 ..
2390 3319 11 20 1
2417 3319 25 20 16
2468 3317 12 20 0

1923 3363 38 17 The
1973 3363 48 17 New
2030 3364 93 17 Zealand
2135 3366 91 16 Gazette
2236 3366 43 19 ■will,
2290 3367 29 17 for
2330 3367 31 17 the
2371 3368 78 20 present,
2459 3367 21 15 he

1900 3384 97 20 published
2003 3385 68 20 weekly,
2079 3389 54 17 every
2139 3386 87 21 Saturday
2234 3387 90 21 morning.
2345 3389 25 16 So
2373 3392 44 12 soon
2424 3392 19 12 as
2448 3387 13 16 it
2465 3386 14 16 ia

1901 3404 109 21 sufficiently
2016 3406 97 19 supported,
2123 3406 15 16 it
2145 3407 38 16 will
2192 3408 21 16 be
2219 3408 64 16 issued
2289 3409 128 20 semi-weekly.
2439 3408 41 17 Sub-

1899 3425 62 21 joined
1968 3429 31 13 are
2006 3425 30 16 the
2043 3427 52 16 terms
2099 3431 4 12 :
2105 3434 22 4 —

1923 3446 62 16 Price
1992 3450 26 12 of
2023 3450 37 13 the
2066 3446 74 18 Pacer.
2140 3455 23 4 —
2163 3447 54 22 Forty
2222 3448 85 21 shillings
2313 3453 32 16 per
2355 3454 75 15 annum,
2441 3452 40 18 pay-

1902 3466 40 17 able
1948 3467 19 16 in
1974 3467 85 19 advance;
2069 3471 61 19 orjme
2136 3468 75 21 shilling
2217 3469 29 16 for
2251 3469 59 21 single
2317 3471 93 16 numbers.

1923 3487 182 17 Advertisements.
2105 3496 21 4 —
2127 3488 34 17 Six
2170 3489 45 16 lines
2226 3490 38 16 and
2272 3491 65 19 under,
2349 3492 25 15 3s.
2383 3491 28 16 6d.
2417 3490 27 17 for
2450 3490 29 15 the

1901 3507 41 16 first
1952 3507 92 20 insertion,
2054 3509 35 15 and
2099 3513 34 12 one
2143 3509 75 22 shilling
2223 3511 29 16 for
2258 3511 46 17 each
2310 3512 109 20 subsequent
2425 3511 54 16 inser-

1902 3528 39 16 tion
1946 3533 4 14 j
1961 3528 48 17 ftom
2015 3529 29 16 six
2050 3530 15 15 to
2070 3531 32 14 ten
2109 3530 54 19 lines,
2171 3530 33 17 five
2211 3531 85 21 shillings
2307 3532 29 17 for
2345 3533 33 16 the
2389 3532 43 19 first,
2444 3530 33 17 and

1902 3552 34 12 one
1947 3548 75 21 shilling
2032 3549 31 17 and
2074 3549 86 22 sixpence
2170 3551 27 17 for
2207 3552 45 16 each
2263 3553 112 20 subsequent
2385 3552 93 17 insertion;

1902 3570 56 15 above
1968 3570 31 15 ten
2010 3570 49 19 lines,
2069 3571 35 16 five
2115 3571 84 21 shillings
2208 3573 29 16 for
2248 3573 31 16 ths
2289 3573 40 17 first
2339 3575 32 15 ten
2381 3573 52 19 lines,
2444 3571 35 17 and

1902 3590 97 20 fourpence
2004 3594 32 16 per
2041 3591 34 16 line
2081 3591 28 17 for
2115 3592 32 16 the
2154 3597 63 12 excess
2223 3593 21 17 of
2252 3594 40 16 that
2299 3595 77 16 number
2380 3599 5 14 ;
2397 3594 35 16 and
2439 3594 40 15 two-

1902 3614 57 17 pence
1964 3615 34 16 per
2002 3610 37 17 line
2046 3611 23 17 for
2076 3612 45 17 each
2127 3613 112 21 subsequent
2244 3613 94 18 insertion.

1924 3631 150 18 Advertisements
2080 3633 38 17 will
2124 3635 33 15 not
2163 3638 65 17 appear
2236 3634 21 17 in
2268 3635 32 16 the
2310 3634 80 21 ensuing
2399 3634 79 17 number,

1903 3651 17 16 if
1928 3651 83 18 received
2016 3652 43 17 later
2063 3653 44 17 than
2118 3654 71 20 Friday,
2201 3655 20 16 10
2232 3655 73 19 o'clock,
2316 3660 43 12 a.m.
2380 3654 100 17 Advertise-

1903 3673 60 16 ments
1969 3672 39 18 will
2014 3674 22 16 be
2041 3674 94 17 continued
2142 3676 36 15 and
2185 3676 76 20 charged
2265 3676 49 16 until
2316 3674 162 18 counter-ordered;

1903 3693 47 16 such
1956 3693 52 17 order
2013 3695 47 16 must
2065 3695 23 16 be
2095 3697 40 15 sent
2141 3697 20 15 to
2167 3696 30 16 the
2202 3697 55 15 Office
2263 3697 52 16 three
2321 3697 44 20 days
2371 3696 60 17 before
2437 3695 43 20 pub-

1903 3713 80 20 lication,
1991 3715 36 16 and
2034 3717 45 15 must
2086 3716 21 16 be
2114 3716 20 16 in
2140 3716 79 21 writing.
2239 3717 156 16 Advertisements
2401 3714 77 19 received

1905 3734 52 18 after
1963 3735 21 17 10
1990 3734 65 18 o'clock
2061 3740 23 12 on
2094 3737 65 21 Friday
2169 3737 84 21 morning
2262 3737 38 17 will
2310 3738 23 16 be
2343 3737 76 21 charged
2431 3736 48 16 twice

1904 3754 32 18 the
1943 3756 53 16 usual
2002 3757 51 16 rates,

1926 3776 31 16 All
1963 3777 66 19 orders,
2040 3777 151 20 advertisements,
2202 3778 35 16 and
2249 3778 162 16 communications
2422 3778 19 15 to
2451 3776 28 16 the

1906 3796 68 20 Editor,
1980 3801 31 13 are
2018 3798 90 20 requested
2113 3800 19 15 to
2138 3799 24 16 be
2168 3799 97 16 addressed
2270 3799 19 16 to
2296 3799 37 16 this
2340 3799 61 16 Office.

1273 123 4 12 t
1445 120 66 20 Port
1526 118 30 21 of
1572 118 123 21 London.

1330 153 89 22 Notice
1437 159 29 15 to
1486 159 45 14 the
1552 151 92 22 Public.
1646 162 28 4 —
1674 149 123 23 Travellers
1816 149 47 22 and

1279 179 73 23 others
1360 179 50 21 who
1420 178 55 22 send
1484 179 106 26 baggage,
1601 177 72 23 works
1681 177 26 21 of
1717 180 42 23 art,
1766 183 26 14 or
1799 176 64 22 other

1279 206 64 22 value
1352 209 104 24 property
1465 207 24 19 to
1498 204 111 27 England,
1627 203 79 23 should
1721 203 92 26 consign
1823 202 40 21 the

1279 232 108 28 packages
1397 235 23 17 to
1430 233 38 19 the
1478 238 50 14 care
1534 231 27 21 of
1567 238 13 14 a
1585 229 97 23 licensed
1689 229 174 22 Custom-house

1279 261 73 24 agent,
1367 265 25 15 as
1408 257 88 22 articles
1510 264 38 14 are
1564 257 125 26 frequently
1703 255 96 27 injured,
1816 254 47 22 and

1279 284 100 22 needless
1388 290 98 21 expense
1500 283 111 26 incurred,
1628 283 34 21 for
1677 282 37 22 the
1729 285 61 19 want
1806 282 26 20 of
1849 287 14 15 a

1279 317 78 21 proper
1365 317 82 20 person
1457 313 24 18 to
1491 309 51 22 take
1552 309 81 27 charge
1642 309 26 21 of
1682 308 61 22 them
1759 315 30 15 on
1805 308 59 21 their

1279 337 85 25 arrival,
1375 336 46 22 and
1430 343 37 15 see
1481 336 62 22 them
1560 336 98 26 entered,
1676 334 125 27 examined,
1817 334 47 21 and

1279 363 106 27 carefully
1399 362 118 28 repacked.
1550 362 49 22 The
1618 362 80 26 charge
1714 362 18 21 is
1747 361 39 22 the
1802 367 61 16 same

1273 388 103 24 ■whether
1385 396 25 14 so
1420 388 122 28 consigned
1551 396 26 14 or

1328 415 171 25 Custom-house
1509 415 118 25 Chamber,
1638 414 101 27 London,

1548 435 78 28 1837.'*

1280 468 138 49 DEVOY
1427 468 45 22 and
1481 468 54 26 CO.,
1550 469 45 20 who
1609 475 37 14 are
1662 469 34 20 the
1710 467 155 22 LICENSED

1358 496 124 20 AGENTS
1491 496 27 24 of
1526 496 49 20 Her
1581 496 108 26 Majesty's
1698 496 167 20 Commissioners

1279 522 26 26 of
1317 522 98 25 Customs,
1425 523 43 19 and
1480 522 67 21 under
1555 523 65 25 heavy
1627 523 61 20 bonds
1696 523 41 25 for
1747 522 36 20 the
1792 522 71 24 safety

1280 549 26 25 of
1310 551 104 24 property
1430 550 110 25 consigned
1554 551 21 19 to
1590 550 63 24 them,
1672 550 43 26 beg
1733 548 64 22 those
1813 548 51 21 who

1280 576 55 21 send
1343 576 111 26 packages
1463 578 24 19 to
1496 576 58 22 their
1564 583 57 20 care,
1637 579 22 19 to
1669 583 35 14 see
1714 575 49 22 that
1773 574 55 23 each
1835 574 30 21 be

1280 602 113 26 distinctly
1411 602 94 22 marked
1550 603 82 21 Devoy
1650 602 44 22 and
1713 602 47 26 Co.,
1780 601 85 22 Lower

1279 628 199 28 Thames-street,
1618 629 45 21 and
1667 628 36 22 the
1710 628 39 21 bill
1757 628 26 21 of
1789 627 76 27 lading

1281 662 24 14 or
1318 655 84 27 receipt
1416 655 124 22 forwarded
1557 659 23 18 to
1599 656 61 21 them
1678 655 69 22 direct
1762 654 31 26 by
1806 657 57 25 post,

1280 681 53 22 with
1341 681 144 22 instructions
1494 682 50 21 how
1555 682 54 21 such
1618 682 68 27 goods
1696 689 37 14 are
1743 683 23 20 to
1778 680 28 22 be
1821 680 44 21 dis-

1280 707 68 27 posed
1357 708 26 21 of
1394 715 29 14 on
1433 708 79 21 arrival
1521 716 5 19 ;
1542 708 45 22 and
1594 716 24 14 as
1627 715 64 20 every
1698 707 101 28 package
1805 710 62 18 must

1279 734 28 21 be
1324 734 87 27 opened
1431 737 23 18 at
1472 734 37 22 the
1527 735 177 25 Custom-house,
1723 734 20 21 if
1764 741 45 20 any
1828 740 38 15 are

1279 760 85 27 locked,
1377 760 38 23 the
1423 760 56 28 keys
1489 760 80 22 should
1577 762 28 21 be
1615 757 130 26 forwarded.

1280 791 2 6 '
1308 787 76 22 Goods
1395 786 44 23 and
1448 787 110 27 packages
1568 795 36 14 are
1614 786 123 23 forwarded
1745 786 32 26 by
1787 786 80 26 Devoy

1281 813 43 22 and
1334 814 38 21 Co.
1383 817 23 18 to
1416 814 30 21 all
1460 816 60 24 parts
1534 814 27 21 of
1573 814 36 21 the
1627 814 126 26 Continent,
1766 812 36 21 the
1812 812 56 21 East

1281 840 43 21 and
1334 840 63 22 West
1405 840 83 25 Indies,
1498 840 108 26 Colonies,
1618 841 40 21 &c.
1670 840 39 21 &c.
1719 847 5 19 ;
1736 838 53 26 and,
1799 838 20 21 if
1832 845 35 15 re-

1280 866 83 28 quired,
1376 870 51 18 sent
1440 870 23 18 to
1473 866 37 22 the
1523 873 50 15 care
1588 867 27 21 of
1626 865 135 29 responsible
1777 862 89 30 houses,

1281 893 48 22 who
1344 893 44 22 will
1405 901 37 14 see
1458 892 38 22 the
1511 893 145 22 instructions
1672 895 50 20 sent
1735 891 55 22 with
1806 891 62 22 them

1282 919 132 27 punctually
1423 919 107 22 attended
1539 922 31 19 to.

1277 966 4 3 .
1307 945 40 22 All
1355 946 70 26 goods
1434 946 46 21 and
1488 946 110 28 packages
1607 946 36 21 for
1651 944 112 28 shipment
1770 947 60 19 must
1838 944 29 21 be

1281 972 159 27 accompanied
1449 972 31 27 by
1495 973 87 21 written
1597 972 150 26 instructions.,
1759 971 53 21 with
1829 970 38 22 the

1281 1005 66 15 name
1355 998 46 23 and
1410 998 90 23 address
1510 999 26 22 of
1548 999 38 22 the
1595 999 82 27 parties
1683 999 32 26 by
1725 998 73 21 whom
1813 997 56 29 they

1281 1032 36 15 are
1331 1028 56 24 sent,
1404 1026 45 21 and
1465 1026 37 21 the
1517 1029 103 18 contents
1632 1026 45 21 and
1689 1024 68 23 value
1774 1024 26 22 of
1813 1026 55 19 each

1280 1052 98 27 package
1388 1052 80 22 stated.
1496 1052 48 22 The
1560 1052 55 28 duty
1624 1051 109 23 outwards
1745 1051 21 22 is
1776 1052 42 21 10».
1827 1058 42 20 per

1281 1078 60 22 £100
1355 1078 74 23 value.
1467 1078 47 23 The
1529 1083 48 18 rate
1593 1079 27 22 of
1632 1079 117 22 insurance
1768 1077 100 28 depends

1281 1112 60 20 upon
1351 1106 180 21 circumstances.
1561 1106 43 21 For
1622 1106 84 21 further
1721 1105 146 21 information

1281 1132 67 26 apply
1372 1135 23 18 to
1419 1132 44 21 Mr.
1482 1132 93 22 Samuel
1601 1132 99 26 Revans,
1719 1131 147 27 Wellington,

1281 1158 54 22 Port
1343 1158 131 22 Nicholson.

1376 1202 93 21 Union
1482 1203 81 20 Bank
1576 1202 30 21 of
1623 1202 148 21 Australia.

1282 1235 95 22 London
1395 1235 93 26 Office,
1503 1235 45 21 No.
1563 1237 35 24 38,
1617 1236 49 20 Old
1681 1235 186 21 Broad-street.

1336 1268 94 28 Capital,
1440 1268 122 26 £800,000;
1582 1268 53 27 paid
1643 1275 36 21 up,
1694 1268 119 26 £500,000.

1517 1305 110 13 DIRECTORS
1632 1306 4 11 :

1387 1329 69 20 George
1463 1329 39 16 Fife
1508 1329 68 20 Angas,
1585 1329 49 20 Esq.,

1387 1350 68 16 Robert
1463 1350 73 19 Brooks,
1547 1350 48 19 Esq.,

1387 1370 61 16 Jairtes
1456 1370 48 16 John
1512 1370 99 19 Cummins,
1620 1370 48 20 Esq.,

1387 1390 68 17 Robert
1463 1390 96 20 Gardener,
1571 1391 48 20 Esq.,
1631 1390 119 19 Manchester,

1388 1411 47 16 John
1444 1411 46 16 Gore
1506 1412 48 19 Esq.,

1387 1432 48 16 John
1529 1432 75 18 Buckle,
1610 1432 48 20 Esq.,

1387 1452 95 20 Benjamin
1491 1452 19 16 E.
1518 1452 63 19 Lindo,
1589 1452 48 20 Esq.,

1388 1473 72 16 Charles
1470 1473 75 16 Edward
1552 1472 87 21 Mangles,
1648 1473 46 19 Esq.,

1388 1493 114 20 Christopher
1510 1494 82 18 Rawson,
1601 1494 48 19 Esq.,
1660 1493 80 20 Halifax,

1388 1514 78 16 Thomas
1473 1515 63 18 Sands,
1545 1514 47 20 Esq.,
1601 1513 97 21 Liverpool,

1387 1534 62 17 James
1456 1534 54 21 Bogle
1519 1534 64 19 Smith,
1589 1534 48 20 Esq.,

1387 1555 62 16 James
1456 1555 79 16 Ruddell
1542 1555 55 19 Xodd,
1606 1555 42 20 Esq.

1282 1582 85 17 Trustees
1372 1588 6 11 :
1394 1583 80 16 George
1486 1582 56 16 Carr
1553 1582 60 18 Glyn,
1627 1582 47 20 Esq.,
1682 1582 54 16 John
1748 1581 61 20 Gore,
1818 1581 50 21 Esq.,

1430 1604 35 15 and
1472 1603 66 16 James
1545 1603 17 16 J.
1569 1603 100 19 Cummins,
1679 1603 42 20 Esq.

1310 1630 81 17 Bankers
1397 1635 4 11 :
1414 1630 74 16 Messrs.
1495 1630 60 19 Glyn,
1568 1630 112 19 Hallipax,
1687 1630 72 19 Mills,
1767 1629 36 17 and
1811 1629 30 16 Co.

1402 1658 100 20 Secretary:
1515 1658 82 15 Samuel
1604 1658 92 18 Jackson,
1705 1658 42 19 Esq.

1373 1685 80 16 Colonial
1460 1685 93 20 Inspector
1558 1690 5 11 :
1575 1685 17 16 J.
1599 1685 19 16 G.
1626 1685 100 18 M'Laren,
1735 1684 43 21 Esq.

1404 1733 69 20 New
1492 1733 121 20 Zealand
1632 1732 113 21 Branch.

1282 1759 54 16 Local
1343 1759 91 16 Directors
1439 1764 5 11 :
1459 1759 46 16 Geo.
1517 1759 18 16 S.
1547 1759 72 17 Evans.
1632 1759 47 21 Esq.,
1690 1758 71 20 D.C.L.,
1774 1759 36 16 and
1822 1759 47 16 Geo.

1503 1780 91 19 Hunter,
1606 1780 43 20 Esq.

1283 1807 96 21 Manager:
1390 1807 48 16 John
1447 1807 70 19 Smith,
1526 1807 49 19 Esq.,
1583 1807 37 16 late
1627 1807 20 16 of
1655 1807 28 16 the
1691 1806 118 17 Commercial
1816 1806 54 17 Bank

1452 1828 20 16 of
1481 1827 88 21 England,
1581 1827 119 17 Manchester.

1394 1855 113 22 Branches
1517 1858 24 19 at
1555 1855 97 27 Sydney,

1556 1882 88 21 Ilobart
1653 1882 74 26 Town,

1557 1908 10 22 1
1575 1912 129 24 <aunceston,
1716 1908 46 22 and

1556 1935 12 22 I
1576 1938 34 19 ort
1620 1936 78 27 Philip.

1284 1962 54 22 Port
1346 1962 130 27 Nicholson,
1488 1962 79 21 March
1578 1964 33 24 24,
1623 1964 59 20 1840.

1284 2014 91 21 rriHE
1391 2014 115 21 Directors
1522 2013 26 21 of
1564 2014 38 20 (he
1619 2013 56 22 New
1689 2013 101 21 Zealand
1804 2013 66 22 Land

1291 2034 30 27 JL
1358 2040 116 27 Company
1488 2039 82 28 hereby
1588 2039 51 27 give
1655 2039 80 26 notice,
1752 2039 50 22 that
1816 2040 54 27 they

1282 2066 58 21 have
1348 2074 112 14 effected
1470 2074 29 13 an
1510 2073 171 14 arrangement
1687 2065 53 22 with
1747 2065 39 22 the
1794 2066 75 21 Union

1283 2093 65 22 Bank
1362 2093 26 22 of
1404 2093 119 26 Australia,
1541 2093 44 21 No.
1601 2094 34 25 38,
1651 2093 42 21 Old
1709 2093 160 26 Broad-street,

1284 2119 101 27 London,
1397 2120 34 21 for
1440 2119 37 22 the
1491 2119 167 21 establishment
1671 2119 25 22 of
1709 2126 14 14 a
1738 2119 132 22 BRANCH

1283 2147 89 21 BANK
1387 2146 34 21 IN
1435 2145 73 22 NEW
1521 2145 158 28 ZEALAND,
1690 2145 99 27 through
1798 2146 72 21 which

1283 2173 38 21 the
1329 2173 103 21 business
1445 2173 26 21 of
1482 2172 39 22 the
1538 2173 56 21 New
1611 2172 99 22 Zealand
1723 2172 66 22 Land
1805 2173 67 21 Com-

1283 2206 61 21 pany
1352 2199 45 22 will
1405 2200 28 20 be
1443 2199 134 22 transacted.
1604 2199 49 21 The
1668 2199 114 22 Directors
1788 2199 83 25 .there-

1283 2227 47 21 fore
1340 2226 144 22 recommend
1493 2229 22 19 to
1533 2225 110 23 Colonists
1658 2226 37 22 the
1713 2226 76 21 Union
1806 2226 65 22 Bank

1284 2253 26 21 of
1328 2253 114 21 Australia
1458 2260 24 14 as
1501 2260 29 14 an
1555 2253 169 21 establishment
1744 2253 128 27 possessing

1283 2279 58 21 their
1357 2279 70 22 entire
1449 2279 137 27 confidence,
1606 2279 46 22 and
1670 2279 49 22 able
1737 2282 24 18 to
1779 2280 93 26 provide

1284 2305 126 27 effectually
1424 2305 35 23 for
1474 2305 38 23 the
1526 2306 106 22 financial
1646 2308 69 20 wants
1732 2306 27 22 of
1769 2305 37 23 the
1823 2306 50 22 first

1283 2333 135 21 settlement.

1450 2359 36 28 By
1496 2359 65 21 order
1569 2359 27 21 of
1605 2359 38 22 the
1654 2359 78 26 Board,

1528 2385 85 23 JOHN
1627 2386 102 26 WARD,
1745 2386 125 28 Secretary.

1284 2413 57 21 New
1350 2411 100 23 Zealand
1459 2412 65 22 Land
1533 2413 135 26 Company's
1677 2412 77 27 Office,

1312 2441 19 22 1,
1342 2439 159 26 Adam-street,
1512 2439 105 28 Adelphi,
1627 2439 52 22 27th
1687 2439 70 26 Aug.,
1768 2441 61 20 1839.

1286 2483 71 48 ON
1373 2482 84 27 SALE,
1479 2483 48 27 just
1541 2483 103 22 received
1659 2490 26 15 ex
1703 2484 140 26 Speculator:
1844 2495 28 5 —

1362 2511 35 20 Ist
1405 2509 58 22 flour
1471 2510 24 21 in
1505 2510 54 26 bags
1570 2510 45 21 and
1623 2510 91 28 barrels,

1314 2536 81 28 Sherry
1404 2536 25 21 in
1438 2538 13 19 3
1462 2536 48 22 doz.
1522 2543 68 20 cases,

1314 2562 52 22 Port
1375 2563 24 21 in
1411 2562 62 27 ditto,

1312 2589 64 22 Ditto
1385 2589 24 22 in
1420 2592 95 24 octaves,
1527 2590 26 21 13
1563 2589 94 28 gallons,

1314 2616 81 26 Sherry
1450 2616 56 21 ditto
1562 2616 62 28 ditto,

1313 2644 13 20 8
1335 2642 55 27 bags
1399 2649 89 20 pepper,

1314 2670 66 21 Cases
1388 2669 107 26 mustard,

1314 2696 62 21 Ditto
1385 2695 91 27 pickles,

1314 2722 114 27 Blankets,
1439 2724 43 26 9-4,
1494 2723 58 21 10-4.
1564 2724 57 26 11-4,

1315 2749 73 21 Boxes
1398 2756 60 20 soap,

1314 2776 56 21 Blue
1380 2771 60 26 cloth
1451 2782 59 21 caps,

1315 2802 87 21 Oilskin
1413 2801 61 27 ditto,

1315 2829 46 21 Silk
1370 2828 65 27 plush
1441 2829 133 27 waistcoats,

1314 2855 114 22 Moleskin
1437 2855 95 28 jackets,

1315 2882 63 21 Ditto
1388 2884 108 24 trowsers,

1315 2908 108 22 Valencia
1432 2908 131 28 waistcoats,

1315 2935 79 22 Porter
1402 2935 23 21 in
1435 2935 60 27 cask,

1315 2961 44 22 Ale
1367 2962 25 21 in
1402 2963 14 20 6
1425 2961 49 22 doz.
1485 2969 68 20 cases,

1315 2990 13 20 5
1337 2987 65 23 hhds.
1413 2989 64 26 wine,

1315 3016 28 20 94
1350 3015 54 26 bags
1415 3022 73 20 sugar,

1278 3051 6 4 -
1315 3041 55 22 Pine
1381 3041 86 28 cheese,

1314 3067 77 23 Dutch
1401 3068 64 27 ditto,

1315 3094 83 27 Bacon,

1314 3121 56 21 Fine
1379 3121 73 26 hyson
1461 3120 50 23 skin
1522 3123 44 26 tea,

1314 3147 71 22 Black
1394 3147 62 26 ditto,

1315 3175 66 21 Cases
1390 3174 86 22 bottled
1484 3175 73 27 fruits,

1315 3201 67 21 Cases
1390 3201 45 26 gin,

1314 3228 77 25 20,000
1401 3227 99 28 superior
1508 3227 79 28 cigars,

1316 3254 66 22 Cases
1391 3253 107 28 muskets,

1315 3280 79 27 Hams,

1315 3307 122 21 American
1448 3307 80 27 chairs,

1315 3333 100 22 Earthen
1424 3333 46 22 and
1479 3334 106 27 crockery
1595 3342 65 19 ware,

1316 3361 48 26 Cut,
1376 3361 98 26 painted,
1486 3360 45 22 and
1539 3361 62 27 plain
1610 3361 66 28 glass,
1686 3360 125 28 decanters,
1822 3361 42 21 &c.

1316 3387 88 26 Grates,
1415 3394 14 14 a
1436 3387 52 21 well
1497 3387 97 22 selected
1603 3391 139 24 assortment,

1315 3413 94 27 Arrack,
1420 3413 24 22 in
1453 3413 65 23 hhds.
1529 3414 46 22 and
1583 3415 91 26 barrels,

1315 3439 145 28 Wellington,
1480 3441 98 27 cossack,
1597 3441 47 22 and
1661 3440 65 23 laced
1742 3441 66 22 boots
1829 3441 46 21 and

1288 3466 71 27 shoes,
1371 3467 41 21 &c.
1422 3467 40 21 &c.
1473 3467 40 21 &c.

1567 3493 63 22 John
1640 3493 43 22 and
1695 3493 58 22 Geo.
1764 3493 82 22 Wade.

1456 3537 26 21 J.
1498 3537 106 21 Taine's
1620 3538 85 21 Store.

1289 3569 94 49 JUST
1397 3569 165 28 RECEIVED,
1579 3578 65 20 camp
1661 3578 74 19 ovens,
1752 3571 50 21 iron
1815 3573 59 25 pots,

1354 3603 128 21 saucepans,
1495 3599 36 18 tea
1540 3596 87 28 kettles,
1639 3597 43 21 and
1691 3598 70 20 coffee
1771 3601 57 24 pots.

1317 3622 132 28 Umbrellas,
1466 3626 95 24 pattens,
1577 3624 88 21 French
1682 3624 46 21 and
1743 3622 133 23 Brunswick

1291 3650 66 26 clogs,
1369 3657 46 14 saw
1422 3650 68 26 irons,
1500 3649 80 28 lamps,
1590 3650 42 21 &c.

1318 3677 22 20 A
1350 3676 85 28 variety
1451 3676 26 21 of
1488 3676 69 21 scales
1574 3676 45 22 and
1634 3675 98 28 weights,
1747 3676 49 22 also
1810 3676 67 22 steel-

1290 3702 73 33 yards^

1291 3749 94 48 JUST
1399 3749 131 25 OPENED,
1547 3749 89 22 various
1651 3749 65 22 kinds
1730 3749 28 22 of
1775 3749 102 23 WRAP-

1356 3775 76 22 PING
1446 3775 108 22 PAPER.

1472 3802 70 27 office,
1554 3803 55 26 May
1618 3804 34 25 26,
1663 3803 61 21 1841.

1293 3846 88 49 FOR
1404 3846 85 27 SALE,
1510 3853 14 15 a
1542 3847 103 27 quantity
1661 3846 24 23 of
1706 3846 55 22 OIL
1775 3846 103 24 BUTTS.

1366 3873 76 28 Apply
1453 3877 23 18 to

1465 3900 130 28 Ridoways,
1608 3900 104 27 Guyton,
1724 3900 45 23 and
1778 3900 73 23 Earp.

233 128 93 21 Lands
340 128 42 20 for
397 127 68 21 Sale.

57 162 90 49 THE
161 161 93 23 TOWN
268 161 89 27 ACRE,
372 161 42 21 884
427 167 28 14 on
470 159 38 22 the
520 158 122 27 Surveyor-

132 188 115 22 General's
261 188 53 27 plan
322 195 5 19 ;
349 186 46 22 and
408 186 38 22 the
455 186 100 25 Country
564 184 77 22 Lands

55 216 24 21 in
89 215 38 22 the
136 215 59 26 right
206 214 25 22 of
241 214 77 21 choice
328 214 26 20 of
364 212 54 22 land
430 212 75 22 orders
520 210 56 23 Nos.
592 211 47 25 687,

56 243 46 25 726,
114 243 61 25 1084,
186 241 26 21 of
223 240 38 22 the
271 240 48 22 first
327 239 45 22 and
385 238 107 28 principal
507 237 133 22 settlement.

83 268 47 22 For
137 271 68 18 terms
214 266 67 28 apply
292 269 22 19 to

316 292 27 21 R.
355 291 29 22 R.-
393 292 98 26 Strand,
503 290 108 22 Solicitor.

238 319 60 22 June
308 320 20 24 9,
341 318 59 21 1841.

278 362 54 20 For
346 361 69 25 Sale,

57 397 50 48 A
117 395 93 22 TOWN
224 395 89 26 ACRE,
332 394 95 22 situated
441 400 29 15 on
483 393 33 22 Te
530 393 110 26 Aroflat,

136 422 45 21 will
190 423 27 20 be
227 421 141 22 sub-divided
384 421 36 21 for
490 420 152 22 convenience

56 449 26 22 of
97 448 139 27 purchasers.

81 476 56 21 Also
147 479 24 17 to
181 475 36 26 let,
230 473 85 22 several
325 476 59 19 town
394 480 67 20 acres,
477 480 25 14 or
511 473 98 27 portions
617 472 28 22 of

55 508 69 20 acres,
135 501 23 22 in
169 501 30 21 all
208 504 60 24 parts
279 501 25 21 of
316 500 142 26 Wellington.

82 528 45 21 For
137 528 63 27 plans
209 527 45 22 and
264 527 135 28 particulars,
411 526 65 27 apply
487 529 22 19 to

461 553 29 21 A.
508 552 104 22 Ludlam.

83 580 157 26 Willis-street,
252 580 60 21 June
322 581 20 24 4,
355 580 60 20 1841.

292 625 39 20 To
346 625 57 24 Let,

55 658 187 48 BUILDING
259 657 203 22 ALLOTMENTS
472 664 34 14 :—
506 656 12 22 7
537 656 104 27 building

133 685 134 26 allotments,
279 691 28 14 on
317 684 124 27 improving
450 683 78 26 leases,
539 683 24 21 in
572 683 69 21 Well-

55 712 79 26 ington
143 711 101 21 Terrace.
273 710 85 26 Terms,
370 717 54 20 very
433 710 84 22 liberal.

81 744 64 27 Also,
165 744 64 21 small
245 744 75 26 farms,
338 745 13 20 3
366 744 93 21 sections
470 744 26 21 of
506 743 54 22 land
570 744 24 21 in
602 742 39 22 the

55 770 23 21 in
98 770 39 22 the
154 770 83 22 second
255 770 73 26 series,
347 774 22 17 to
382 770 29 21 be
426 770 31 21 let
466 770 22 21 in
499 770 100 27 portions
614 777 14 14 o
635 770 12 21 f

55 800 40 19 not
103 797 44 21 less
157 797 53 21 than
220 798 26 20 25
257 803 68 20 acres,
337 803 29 15 on
380 796 127 28 improving
522 796 80 27 leases,
616 803 26 14 as

55 830 56 15 Boon
122 831 24 14 as
156 823 105 22 selected.

83 856 124 22 Particular
216 856 109 22 attention
334 856 19 22 is
363 856 72 22 called
442 858 22 19 to
471 856 39 22 the
517 856 125 27 advantage

56 882 26 22 of
93 883 126 27 improving
228 882 77 22 leases.

220 916 77 27 Apply
306 919 23 18 to
339 916 62 21 John
412 915 43 22 and
466 915 57 22 Geo.
532 915 81 22 Wade.

134 959 132 27 Building
280 960 167 21 Allotments
461 962 29 19 to
506 961 59 22 Let,

58 993 91 48 THE
167 992 200 22 ADVERTISER
381 992 64 22 offers
460 1000 60 19 upon
536 992 107 27 Building

134 1019 87 26 Leases,
232 1026 13 14 a
255 1019 95 21 number
360 1019 25 21 of
395 1019 69 21 Town
472 1019 137 22 Allotments
617 1020 25 21 in

57 1045 38 23 the
104 1049 59 19 most
172 1045 108 22 desirable
290 1049 59 24 parts
360 1045 25 22 of
395 1045 44 22 this
448 1045 140 22 Settlement.

84 1073 49 21 The
151 1072 110 22 attention
278 1072 25 22 of
320 1071 38 22 the
374 1071 74 28 public
464 1073 19 21 is
499 1072 144 32 particularly

58 1099 72 21 called
148 1102 24 18 to
190 1098 38 22 the
245 1098 125 27 advantage
388 1099 27 21 of
431 1098 105 27 Building
552 1099 89 26 Leases,

57 1125 73 22 which
140 1125 37 22 the
187 1125 150 27 undersigned
346 1132 18 14 is
375 1125 94 21 enabled
478 1129 23 17 to
510 1129 72 23 grant,
591 1126 51 26 viz.,

57 1152 58 22 from
125 1159 68 14 seven
203 1155 22 18 to
242 1155 137 24 twenty-one
396 1159 72 20 years,
485 1152 119 27 according
619 1156 23 17 to

57 1178 38 22 the
113 1178 66 22 value
198 1178 25 22 of
243 1177 38 23 the
303 1178 114 27 buildings
438 1178 109 28 proposed
569 1182 23 18 to
614 1179 29 21 be

58 1205 95 22 erected.
184 1204 75 28 Apply
268 1208 24 18 to

139 1238 25 21 F.
179 1238 30 21 A.
224 1238 171 27 Molesworth,
411 1238 184 28 Murphy-street,
605 1245 25 16 or

139 1264 36 23 W.
191 1264 28 23 V.
233 1265 107 26 Brewer,
357 1265 191 22 Manners-street.

71 1310 83 21 Small
168 1311 67 20 Lots
249 1310 44 21 for
306 1310 109 21 Houses
431 1311 27 20 to
471 1311 50 20 Let
535 1310 93 26 gratis.

59 1342 120 35 rpOWN
193 1343 82 21 ACRE
290 1343 94 21 number
392 1344 48 25 480,
457 1350 31 15 on
505 1343 137 26 Wellington

66 1364 30 26 JL
134 1369 100 27 Terrace,
252 1369 154 27 immediately
421 1369 23 22 in
454 1369 38 22 the
502 1377 49 14 rear
570 1371 26 20 of
605 1370 38 21 the

59 1395 73 22 mauri
141 1395 68 22 house
219 1396 69 27 lately
297 1396 106 27 occupied
412 1396 30 27 by
452 1396 45 22 Mr.
509 1397 83 26 Minet,
598 1397 45 21 will

58 1422 29 21 be
95 1421 33 22 let
136 1422 24 22 in
168 1422 65 22 small
241 1422 45 22 lots
295 1423 35 21 for
344 1422 102 27 building
455 1422 34 22 for
499 1423 63 21 three
572 1430 12 19 y
591 1423 53 22 sar's

58 1448 47 22 free
116 1449 26 21 of
151 1452 58 18 rent.
237 1449 77 27 Apply
324 1452 23 18 to

140 1482 25 21 F.
180 1482 30 21 A.
224 1482 171 27 Molesworth,
412 1482 183 28 Murphy-street,
607 1490 25 14 or

139 1507 37 23 W.
191 1508 28 23 V.
233 1509 108 26 Bbeweh,
356 1509 192 22 Marmew-stareet.

243 1554 41 20 To
298 1554 46 20 the
358 1553 104 22 Public.

60 1586 121 49 TOWN
196 1586 105 28 ACRES,
311 1594 26 15 or
345 1588 98 26 portions
457 1588 26 21 of
495 1588 70 21 Town
575 1595 68 19 acres,

120 1616 23 18 to
151 1613 30 22 be
189 1613 37 27 let,
241 1614 35 21 for
285 1614 55 26 long
356 1621 23 14 or
389 1614 61 21 short
459 1618 68 18 terms
537 1615 25 22 of
573 1622 70 20 years,

57 1638 25 23 in
99 1647 68 19 every
172 1643 54 23 -part
241 1640 27 21 of
281 1640 146 27 Wellington.

85 1666 45 22 For
144 1666 131 28 particulars
289 1666 67 28 apply
365 1670 23 18 to

215 1699 36 22 W.
263 1700 28 22 V.
302 1701 107 26 Brewer,
419 1701 196 22 barrister-at-law.

201 1745 86 20 Town
301 1746 85 21 Acres
401 1747 28 19 to
444 1746 58 21 Let.

248 1786 30 14 on
287 1778 38 22 the
336 1779 238 27 Surveyor-General's
584 1787 58 19 map,

58 1797 45 30 JIN
175 1806 41 20 438
297 1806 41 21 553
420 1806 39 22 627
541 1806 40 22 775

86 1831 46 21 For
140 1831 138 28 particulars,
289 1832 67 27 apply
365 1835 23 19 to

214 1865 36 21 W.
262 1866 26 21 B.
299 1866 107 26 BaawEß,
416 1866 199 22 barrister-at-law.

194 1910 77 21 Land
278 1910 5 21 !
304 1911 78 21 Land
391 1911 6 21 !
419 1912 76 20 Land
502 1911 6 21 !

60 1943 68 47 TO
142 1943 40 21 BE
200 1943 64 27 LET,
285 1946 43 19 two
345 1951 25 15 or
383 1944 62 22 three
462 1944 103 27 building
581 1945 64 22 allot-

134 1972 79 23 ments,
228 1969 126 28 pleasantly
369 1971 102 26 situated,
487 1972 158 25 commanding

60 2002 13 14 a
82 1995 57 21 view
147 1995 28 21 of
185 1995 37 21 the
230 1992 105 25 harbour.

92 2021 98 27 Enquire
214 2021 27 22 of
267 2022 22 21 J.
313 2022 80 27 Spiers,
423 2021 220 28 Guildford-terrace,

60 2047 133 27 Hill-street,
204 2047 23 23 in
234 2047 39 23 the
280 2056 49 14 rear
336 2048 27 22 of
372 2049 42 21 Dr.
422 2049 82 21 Evans'
511 2056 49 14 new
568 2049 75 23 house.

272 2093 39 19 To
326 2093 34 20 be
374 2093 59 24 Let,

60 2124 164 50 SEVERAL
238 2125 93 22 TOWN
342 2126 103 26 ACRES,
454 2126 24 21 in
488 2126 89 22 various
586 2130 59 23 parts

125 2152 26 21 of
163 2152 144 27 Wellington.
337 2152 43 22 For
389 2153 136 27 particulars,
541 2153 67 28 apply
621 2157 24 18 to

235 2185 27 22 E.
278 2185 143 27 Catchfool,
432 2185 104 22 Dickson.
544 2190 73 18 street.

208 2230 40 21 To
262 2230 34 21 be
311 2229 65 21 Sold
392 2236 30 15 or
436 2230 58 25 Let,

60 2262 164 50 SEVERAL
242 2263 70 21 Town
328 2263 46 21 and
390 2263 100 27 Country
508 2263 100 23 Sections
622 2265 28 21 of

125 2289 72 22 Land.
225 2289 77 28 Apply
312 2292 23 19 to

375 2316 94 22 Robert
479 2316 29 22 R.
518 2316 99 22 Strang.

271 2360 40 21 To
326 2361 34 20 be
374 2361 59 24 Let,

61 2392 90 49 THE
165 2395 60 20 town
243 2400 51 14 acre
309 2393 45 22 No.
370 2395 42 20 680
425 2401 28 14 on
469 2393 38 23 the
523 2394 122 27 Surveyor-

136 2420 116 22 General's
261 2420 60 27 plan,
332 2420 120 27 belonging
461 2423 24 19 to
502 2420 37 22 the
556 2421 89 22 Church

59 2446 28 22 of
97 2446 113 22 Scotland.
238 2447 45 21 For
292 2449 74 25 terms,
377 2447 66 27 apply
452 2451 24 17 to

251 2480 94 22 Robert
356 2480 27 22 R.
395 2481 98 26 Strang,
509 2480 108 23 Solicitor.

87 2506 66 28 April
163 2508 103 23 14,1841.

201 2552 87 21 Town
302 2552 85 21 Acres
402 2554 30 19 to
445 2553 59 20 Let.

59 2584 181 49 NUMBERS
251 2592 29 14 on
290 2585 38 22 the
337 2585 240 28 Surveyor-General's
586 2593 59 20 map,

254 2613 42 20 510
456 2613 42 21 263

87 2644 46 22 For
139 2644 130 28 particulars
280 2644 66 28 apply
355 2648 22 19 to
387 2644 105 29 Wallace,
504 2644 82 29 White,
602 2645 45 22 and

60 2670 108 23 Wallace.

235 2717 123 26 Country
371 2718 99 20 Lands.

64 2749 165 49 SEVERAL
240 2750 100 28 Country
351 2750 99 25 Sections
457 2754 23 18 to
488 2750 43 23 Let
539 2751 23 22 in
571 2751 77 22 Farms

116 2776 26 21 of
148 2778 40 20 100
205 2783 66 21 acres,
284 2784 25 15 or
321 2780 50 24 part
379 2777 45 22 will
433 2777 27 22 be
474 2778 142 22 sub-divided
624 2781 23 18 to

62 2802 44 22 suit
116 2803 127 22 Gardeners
253 2804 46 21 and
308 2803 81 23 others.
421 2804 72 28 Apply
504 2807 22 19 to

52 2843 4 3 •
404 2837 85 22 Henry
501 2838 35 21 St.
547 2837 70 22 Hill.

116 2882 132 27 Building
262 2883 169 21 Allotments
444 2885 29 19 to
488 2884 33 20 be
536 2884 58 21 Let.

62 2915 52 48 A
128 2914 135 22 NUMBER
281 2915 26 21 of
321 2915 70 22 Town
408 2915 70 23 Acres
494 2916 24 22 in
535 2915 39 23 the
590 2919 59 19 most

143 2941 108 22 desirable
262 2942 117 22 situations
395 2942 24 22 in
429 2942 145 27 Wellington,
584 2946 23 18 to
619 2943 29 22 be

62 2968 34 21 let
111 2975 31 14 on
157 2968 60 22 lease
236 2976 26 14 or
281 2968 122 27 otherwise,
424 2969 44 21 and
486 2968 45 22 will
550 2969 29 21 be
597 2970 51 21 sub-

63 2994 90 22 divided
161 2998 23 18 to
200 2995 44 21 suit
252 2998 97 19 tenants.
377 2995 67 22 Plans
457 2995 47 23 and
516 2995 132 28 particulars

62 3028 53 20 may
125 3021 28 21 be
163 3021 72 22 learnt
244 3028 30 15 on
284 3022 135 27 application
429 3025 21 19 to

407 3055 85 22 Henry
504 3056 35 21 St.
551 3056 70 21 Hill.

65 3098 91 49 THE
179 3099 156 28 Undersigned
351 3100 58 22 have
427 3100 69 22 Town
515 3100 71 22 Acres
603 3100 47 22 and

124 3152 6 5 #
139 3126 99 27 portions
257 3126 26 21 of
299 3133 62 15 acres
376 3130 24 18 to
415 3127 32 22 let
458 3127 25 22 in
502 3126 31 23 all
548 3130 61 24 parts
626 3127 27 22 of

64 3150 146 29 Wellington.
223 3152 48 22 The
281 3156 68 19 terms
355 3153 45 22 will
404 3153 28 22 be
438 3153 68 27 given
512 3161 61 20 upon
580 3154 70 27 appli-

65 3178 82 22 cation.

338 3205 98 22 Hanson
446 3206 46 22 and
506 3206 115 22 Alzporf.

208 3250 86 21 Town
308 3251 86 21 Acres
408 3252 29 19 to
451 3251 58 21 Let.

65 3282 179 49 NUMBERS
259 3291 29 14 on
297 3284 37 21 the
344 3284 238 27 Surveyor-General's
591 3292 58 19 map,

151 3309 3 3 '
201 3311 39 20 199
333 3312 42 21 470
469 3312 41 21 288

202 3337 39 20 168
335 3338 40 20 559
469 3338 43 21 314

202 3363 39 20 156
337 3364 38 21 196
469 3365 42 20 310

201 3389 40 21 423
335 3391 41 20 306
469 3391 44 21 424

214 3415 28 22 47
335 3416 40 21 305
471 3416 40 22 723

201 3442 39 20 561
336 3443 39 21 167
469 3444 42 21 343

94 3467 53 23 And
157 3474 68 21 many
234 3467 75 23 others
318 3468 24 22 in
351 3468 38 22 the
398 3472 59 19 most
470 3469 109 23 desirable
593 3473 52 25 part

66 3495 27 21 of
102 3494 39 23 the
151 3498 67 18 town.
246 3494 46 22 For
299 3495 132 27 particulars
444 3496 67 28 apply
519 3499 24 19 to

462 3530 23 21 J.
495 3530 35 22 W.
542 3530 81 22 Child.

94 3554 87 27 Petoni,
192 3554 103 26 Nov.'3Q,
307 3555 61 21 1840.

67 3597 164 51 SEVERAL
245 3597 71 22 Town
331 3598 106 27 Sections,
454 3599 46 21 and
515 3600 99 26 portions
630 3600 27 21 of

133 3625 106 26 Sections,
248 3623 26 23 in
292 3627 59 19 most
366 3624 107 22 desirable
489 3626 123 27 situations,
629 3629 24 19 to

66 3652 28 22 be
103 3652 34 21 let
145 3658 29 16 on
184 3651 36 22 lea
221 3658 7 8 c
231 3658 20 14 c.

94 3678 45 22 For
146 3677 64 28 plans
220 3677 46 23 and
274 3676 139 29 particulars,
423 3677 65 28 apply
498 3681 22 19 to

489 3710 28 23 R.
533 3712 93 21 Stokes.

309 3755 107 21 Notice.

68 3788 164 25 /CAPTAIN
256 3787 105 26 STOBO,
383 3787 27 21 of
430 3786 37 23 the
490 3787 85 28 barque
593 3790 60 21 Jm*

68 3818 41 19 Kj
139 3815 83 28 hereby
234 3815 103 22 cautions
346 3814 37 22 the
393 3813 78 23 Public
482 3814 88 27 against
578 3815 78 28 giving

66 3843 71 22 credit
154 3845 24 19 to
193 3850 43 19 any
254 3841 26 22 of
292 3841 36 22 his
344 3841 71 26 Crew,
433 3848 24 14 as
473 3839 29 23 he
513 3841 43 22 will
574 3844 40 19 not
626 3843 29 21 be

52 3874 5 4 '
66 3868 137 23 answerable
209 3869 35 21 for
251 3874 46 20 any
306 3867 64 22 debts
380 3867 130 23 contracted
518 3867 31 28 by
558 3867 69 23 them.

97 3901 144 28 Wellington,
254 3901 55 27 May
318 3902 36 26 28,
365 3902 61 21 1841.

668 123 358 49 NOWLANDING,
1049 129 28 15 ex
1089 122 138 20 Arachne:—

750 150 73 22 Patna
830 150 54 26 rice,

723 176 78 22 Finest
810 176 120 22 American
940 175 64 27 flour,

723 203 96 21 Prunes-
825 202 59 27 (new
893 202 71 27 fruit,)

723 229 114 26 Currants,

723 255 114 27 Blankets,

723 282 101 21 Ribbons
834 281 46 21 and
889 280 86 27 shawls,

723 308 72 26 Slops,

725 334 65 27 Soda,

723 360 91 22 Thumb
823 360 61 22 blue.

995 385 82 23 Waitt
1087 385 46 22 and

697 413 148 27 Wellington,-
854 412 61 23 June
923 414 21 26 4,
956 414 59 20 1841.

670 458 40 21 To
727 458 162 21 Gentlemen
906 457 88 27 going
1007 459 30 19 to
1051 456 153 27 Wanganui
1223 462 31 15 or

892 484 46 20 the
951 484 82 20 Bush.

671 517 89 48 FOR.
774 516 84 27 SALE,
875 519 23 19 at
916 516 39 21 the
974 516 73 21 Stores
1066 515 26 22 of
1112 515 38 22 the
1165 515 98 22 Under-

744 543 84 31 signed,
840 550 14 14 a
862 543 62 26 large
940 543 102 31 quantity
1057 543 28 20 of
1094 542 54 27 first,
1162 542 90 26 second,

671 570 46 21 and
739 569 60 22 third
822 569 85 28 quality
925 569 87 26 biscuit,
1033 569 123 21 warranted
1179 569 74 26 newly

670 596 80 27 baked,
762 596 46 21 and
817 600 23 17 at
848 598 115 19 moderate
972 595 79 28 prices.

698 630 53 27 Any
760 629 130 27 gentleman
901 636 42 14 can
952 628 57 22 have
1019 628 34 22 his
1064 635 49 15 own
1120 628 55 22 flour
1181 627 75 23 baked

670 657 48 21 into
726 656 88 27 biscuit,
824 656 21 21 if
855 655 111 28 required.

939 689 143 22 Archabalp
1094 688 134 22 Anderson.

856 734 117 20 General
987 734 85 20 Store.

672 767 91 48 MR.
778 766 144 22 TELFORD
936 766 84 27 having
1033 765 100 28 recently
1144 765 62 22 made
1216 772 39 15 ex-

762 793 87 22 tensive
864 793 127 26 purchases,
1010 793 53 26 begs
1073 795 23 19 to
1106 799 115 15 announce
1232 795 22 19 to

670 821 35 21 his
715 820 84 22 friends
809 819 48 22 that
866 821 28 19 he
903 819 42 21 has
955 826 28 14 on
995 819 52 26 sale,

699 846 185 22 HARDWARE
898 845 27 22 of
935 845 38 23 the
982 845 49 22 first
1040 845 91 28 quality,
1141 845 115 27 including

671 881 13 14 a
693 876 63 25 great
763 873 86 27 variety
858 872 27 21 of
895 872 65 22 nails.

698 899 105 22 FLOUR
812 901 25 19 of
848 898 48 22 first
904 899 46 21 and
961 897 82 23 second
1052 897 93 28 quality.

699 925 214 23 GROCERIES.—
913 925 53 26 Tea,
980 932 84 19 sugars,
1082 924 74 22 coffee,
1172 924 82 26 butter,

671 960 61 19 soap,
744 951 101 32 candles^
852 950 52 27 rice,
920 958 64 21 curry
1000 947 96 31 powder,
1113 950 82 28 pickles
1211 951 45 21 and

671 986 84 19 sauces,
766 978 111 27 spiceries,
889 979 39 20 &c.

697 1005 101 21 WINES
813 1004 67 22 AND
891 1004 155 22 SPlRlTS.—
1047 1003 91 22 Besides
1148 1003 35 21 the
1192 1004 64 22 usual

671 1032 80 32 supply
761 1032 27 20 of
797 1031 69 21 wines
875 1031 46 21 and
930 1031 80 27 spirits,
1023 1030 62 22 there
1095 1030 19 21 is
1124 1037 13 14 a
1146 1030 109 22 consider-

671 1058 51 22 able
727 1058 103 27 quantity
834 1058 25 20 of
868 1058 88 21 Scotch
964 1057 111 21 Whiskey
1084 1064 5 20 ;
1102 1057 45 21 and
1152 1064 11 14 a
1169 1057 87 21 limited

671 1085 104 26 quantity
785 1084 26 22 of
821 1085 117 21 Colonial
948 1083 121 21 Whiskey.

699 1111 96 22 BOOTS
810 1111 68 21 AND
894 1110 137 22 SHOES.—
1031 1110 72 21 There
1113 1110 39 21 has
1157 1110 57 21 been
1221 1117 35 15 re-

672 1138 78 21 ceived
768 1145 14 14 a
800 1138 102 28 quantity
924 1138 26 20 of
971 1136 138 27 Wellington
1131 1136 62 22 boots
1211 1137 44 21 and

672 1165 114 21 Warren's
793 1164 112 26 blacking.

699 1190 171 22 BLANKETS.
871 1202 31 4 —
903 1189 69 22 Fresh
988 1189 92 22 arrivals
1095 1189 57 21 have
1160 1197 63 14 come
1234 1192 22 19 to

671 1218 62 21 hand
742 1218 23 20 in
776 1219 38 20 8-4
824 1217 44 21 and
878 1218 58 26 11-4,
954 1216 25 22 of
992 1216 88 21 various
1096 1216 100 27 qualities
1211 1216 45 22 and

671 1244 79 27 prices.

699 1269 299 23 HABERDASHERY.—
998 1269 72 22 There
1085 1269 20 21 is
1120 1276 12 14 a
1142 1269 67 22 select
1216 1270 42 21 but

671 1297 87 21 limited
784 1297 103 28 quantity
910 1303 29 14 on
964 1295 68 27 hand,
1054 1295 115 27 including
1187 1299 69 25 tapes,

673 1324 96 26 threads,
780 1318 67 27 black
857 1322 45 23 and
917 1322 104 22 coloured
1036 1329 86 14 sewing
1138 1329 59 14 silks
1212 1323 46 21 and

673 1351 64 26 twist,
759 1350 96 26 darning
874 1352 83 24 cotton,
974 1348 98 27 needles,
1090 1348 81 27 combs,
1191 1348 67 23 India

673 1377 42 22 silk
723 1376 45 22 and
776 1379 75 19 cotton
857 1375 180 27 handkerchiefs,
1044 1375 85 26 braces,
1138 1375 38 21 &c.

699 1403 155 22 DRAPERY.
856 1414 32 4 —
889 1402 75 21 White
983 1405 76 18 cotton
1080 1401 99 27 shirting,
1198 1404 61 19 stout

672 1430 142 21 unbleached
827 1432 83 23 cotton,
924 1428 59 22 40in.
999 1428 64 27 wide,
1080 1431 74 18 cotton
1168 1428 88 27 checks,

673 1456 56 22 dark
738 1456 79 27 prints,
828 1456 40 21 &c.
879 1456 41 21 &c.

701 1482 52 22 OIL
776 1482 68 22 AND
868 1481 143 22 LAMPS.—
1011 1480 53 22 This
1081 1480 67 23 latter
1163 1480 41 22 has
1223 1488 35 14 re-

673 1509 78 22 ceived
760 1516 30 15 an
799 1509 99 21 increase
908 1508 27 21 of
946 1508 36 21 the
991 1508 49 21 best
1054 1508 86 27 quality
1155 1507 48 22 that
1217 1508 41 21 has

673 1539 39 24 yet
789 1535 83 22 offered
880 1535 24 21 in
915 1534 38 22 the
964 1534 92 27 Colony.

699 1562 73 22 There
781 1562 42 21 has
831 1562 47 21 also
890 1569 63 14 come
963 1564 21 18 to
1004 1560 62 22 hand
1081 1567 13 14 a
1110 1560 62 22 small
1186 1560 33 22 lot
1235 1560 26 22 of

673 1592 66 19 straw
756 1589 60 24 hats,
840 1588 47 21 sou'
911 1591 97 23 westers,
1031 1587 82 22 Scotch
1131 1594 57 20 caps,
1207 1595 51 14 um-

673 1616 88 26 brellas,
773 1616 40 21 &c.

700 1661 30 19 T.
741 1661 38 19 M.
789 1659 142 27 Partridge
943 1659 21 20 &
974 1659 45 20 Co.
1032 1659 64 20 offer
1108 1658 41 21 for
1157 1659 71 24 Sale,

674 1694 170 49 BOTTLED
867 1696 76 23 porter
966 1692 45 22 and
1028 1692 50 27 pale
1098 1691 34 22 ale
1150 1691 22 22 in
1195 1691 62 22 three

750 1720 71 21 dozen
836 1720 70 26 casks,

703 1747 64 22 Good
777 1747 77 27 sherry
863 1746 25 21 in
897 1748 90 25 quarter
999 1745 71 27 casks,

701 1774 80 21 Mould
790 1773 98 26 candles,

701 1800 111 27 Windsor,
824 1800 91 26 toilette,
926 1799 46 21 and
980 1798 80 28 yellow
1069 1806 60 20 soap,

699 1827 103 22 Window
811 1826 58 27 glass
879 1828 24 19 13
913 1826 31 27 by
954 1827 20 25 9,

701 1854 157 22 Earthenware
868 1853 24 21 in
902 1856 78 23 crates,

701 1880 106 28 Cooper's
816 1887 64 19 ware,

701 1908 83 25 Paints,
795 1906 99 26 brushes,
906 1906 49 27 &c,

701 1934 52 32 Slop
763 1933 107 26 clothing,

700 1960 95 26 Pickles,
806 1966 84 20 sauces,
901 1958 89 23 French
999 1966 82 20 capers,
1097 1966 98 19 cayenne
1204 1966 54 19 pep-

673 1993 47 20 per,
730 1986 108 25 mustard,

701 2012 66 21 India
777 2011 81 22 rubber
866 2011 113 26 blacking,
991 2010 40 21 &c.
1041 2010 40 21 &c.

675 2057 52 48 R
757 2055 114 25 BAKER,
885 2054 125 21 Wholesale
1020 2053 65 22 Wine
1099 2053 123 27 Merchant,
1233 2054 23 21 in

730 2093 11 10 •
770 2082 118 26 returning
897 2080 81 22 thanks
988 2084 23 17 to
1019 2080 35 21 his
1064 2080 91 21 Friends
1164 2080 45 21 and
1220 2080 38 21 the

675 2109 77 22 Public
768 2108 37 22 for
821 2108 36 21 the
876 2110 122 24 patronage
1013 2107 29 21 he
1061 2107 40 21 has
1120 2107 88 27 already
1223 2114 35 14 re-

675 2136 82 26 ceived,
764 2135 55 27 begs
825 2138 22 18 to
855 2134 83 21 inform
948 2134 61 21 them
1014 2133 50 22 that
1072 2133 29 22 he
1108 2133 40 22 has
1153 2133 106 22 removed

675 2166 22 18 to
708 2162 35 22 his
758 2169 49 14 new
819 2161 143 22 Store-house
977 2160 65 27 (next
1055 2160 55 21 door
1121 2163 22 18 to
1151 2160 106 22 Barrett's

676 2188 86 27 Hotel),
771 2188 74 21 where
854 2187 29 22 he
894 2191 73 23 trusts,
976 2187 31 26 by
1014 2187 117 21 increased
1141 2187 115 27 exertions,

675 2219 22 18 to
707 2216 67 21 merit
783 2222 13 14 a
806 2214 154 22 continuation
971 2214 25 21 of
1003 2213 57 22 their
1068 2213 94 22 favours.

776 2256 29 14 ON
822 2256 54 14 SALE
892 2255 27 14 AT
934 2254 45 15 THE
995 2254 71 14 ABOVE
1082 2254 75 20 STORE,

701 2282 106 28 Superior
817 2282 36 21 old
862 2284 57 24 port,
927 2281 24 21 in
962 2283 88 25 quarter
1055 2280 63 22 casks
1128 2281 43 21 and
1178 2281 77 22 bottle.

701 2309 45 22 Do.
775 2309 22 21 in
810 2315 61 15 cases
880 2308 26 21 of
913 2308 62 21 three
984 2307 80 22 dozen.

703 2336 88 26 Sherry,
812 2335 84 26 brown,
913 2334 60 28 gold,
991 2334 45 21 and
1053 2333 57 28 pale,
1129 2334 24 21 in
1167 2336 92 26 quarter

675 2362 65 23 casks
750 2362 45 22 and
804 2362 77 21 bottle.

703 2389 74 22 Claret
787 2388 112 27 (Pomey's
915 2387 99 27 Medoc),
1026 2387 23 21 in
1059 2394 62 14 cases
1131 2387 24 22 of
1163 2394 42 15 one
1213 2387 45 22 and

675 2419 43 19 two
730 2416 79 22 dozen.

704 2443 90 26 Cognac
804 2441 93 27 brandy,
908 2441 25 21 in
942 2440 65 22 hhds.

703 2469 45 22 Old
757 2468 102 23 Jamaica
868 2475 57 20 rum,
936 2467 49 28 pale
997 2467 44 21 and
1049 2467 83 27 brown,
1143 2467 21 21 in.
1174 2467 66 22 hhds.

704 2496 53 26 Gin,
769 2496 24 21 in
805 2502 68 15 cases.

702 2523 85 26 Porter,
798 2522 42 26 ale,
852 2521 44 22 and
904 2523 68 24 stout,
981 2521 25 20 in
1016 2519 64 23 wood
1089 2521 46 21 and
1143 2520 75 22 bottle.

675 2556 147 27 Wellington,
831 2556 57 26 May
897 2556 34 26 19,
944 2555 61 21 1841.

748 2601 42 21 On
804 2601 67 26 Sale,
887 2606 36 15 ex

678 2634 99 50 SALT
790 2634 58 26 beef,

729 2661 108 21 Hambro'
848 2660 62 28 pork;

731 2688 90 21 Pickles
829 2686 44 22 and
882 2693 83 19 sauces,

730 2714 55 22 Port
795 2714 43 21 and
848 2713 77 27 sherry
934 2713 24 21 in
967 2712 70 21 bottle
1047 2712 45 21 and
1101 2712 70 28 wood,

731 2741 79 21 Porter
820 2740 44 22 and
874 2740 34 21 ale
917 2740 25 21 in
950 2738 78 28 bottle,

731 2768 66 21 Pitch
806 2766 45 23 and
859 2770 42 24 tar,

731 2794 57 22 Fine
797 2794 50 21 salt.

859 2820 35 21 Ex

731 2847 60 27 Cape
802 2846 45 22 and
855 2846 128 27 Tarragona
992 2846 64 26 wine,

732 2873 130 22 Maccaroni
872 2872 45 22 and
926 2872 128 28 vermicelli,

732 2900 97 22 Manilla
838 2907 73 19 sugar,

732 2926 73 23 Cedar
814 2926 23 22 in
847 2926 55 26 logs,

732 2953 109 22 Assorted
851 2960 55 20 oars,

732 2980 113 22 Hollands
853 2980 24 21 in
887 2978 71 23 wood.

830 3013 3 12 :
868 3006 36 22 Ex

732 3033 98 22 Seconds
840 3032 64 27 flour,

732 3060 91 27 Brandy
831 3060 25 23 in
865 3059 65 22 hhds.

732 3086 121 23 Mauritius
866 3093 74 20 sugar.

1008 3112 82 23 Waitt
1101 3112 44 23 and
1153 3112 82 23 Tyser.

807 3157 83 21 Flour
896 3157 5 21 !
923 3156 84 21 Flour
1012 3157 6 21 !
1040 3157 82 21 Flour
1130 3157 5 21 !

678 3190 105 49 BEST
797 3190 88 22 FIRST
899 3190 110 27 FLOUR,
1026 3197 28 14 ex
1071 3191 126 27 Speculator,
1214 3190 48 28 just

754 3217 89 22 arrived
852 3217 57 22 from
920 3217 97 27 Sydney,
1033 3217 35 22 for
1077 3217 45 22 sale
1131 3225 52 20 very
1193 3217 68 27 cheap

678 3248 25 18 at
711 3244 39 22 the
759 3244 75 22 Stores
845 3243 26 22 of

960 3269 61 23 John
1033 3270 45 22 and
1088 3270 58 23 Geo.
1155 3270 80 23 Wade.

755 3318 64 20 Van
831 3317 138 21 Dieman's
983 3317 77 21 Land
1074 3317 114 22 Timber.

680 3351 52 48 A
741 3350 106 23 LARGE
862 3350 103 28 quantity
975 3350 26 21 of
1013 3350 51 32 yan
1075 3350 114 23 Dieman's
1198 3350 64 23 Land

758 3377 82 22 timber
859 3377 26 21 of
901 3377 90 21 various
1007 3377 136 22 dimensions
1152 3385 4 19 ;
1179 3377 54 27 also,
1249 3385 12 14 a

679 3404 63 27 large
751 3403 103 28 quantity
863 3403 27 22 of
900 3403 101 22 Colonial
1010 3403 86 28 timber,
1113 3404 118 28 consisting
1240 3403 22 22 of

680 3431 106 26 weather,
796 3430 80 27 lining,
892 3429 45 22 and
946 3429 95 28 flooring
1049 3430 79 22 boards
1138 3431 42 22 and
1190 3434 71 19 scant-

680 3457 49 27 ling
737 3457 26 21 of
776 3457 30 21 all
816 3457 55 20 sizes
881 3456 45 21 and
934 3456 90 27 lengths
1031 3464 6 19 ;
1057 3464 51 15 now
1121 3464 29 15 on
1162 3457 63 22 hand
1240 3460 22 19 at

680 3484 40 21 the
729 3486 69 19 stores
809 3483 25 21 of
841 3483 37 21 the
889 3483 159 27 undersigned.

708 3516 64 27 They
781 3515 46 22 will
836 3515 47 22 also
892 3515 28 22 be
936 3515 76 28 happy
1021 3519 24 18 to
1054 3516 80 28 supply
1144 3516 60 23 those
1213 3517 49 21 who

681 3543 80 22 intend
770 3542 100 26 erecting
878 3541 113 28 buildings
1000 3542 52 22 with
1063 3542 37 22 the
1105 3544 67 21 above
1179 3544 82 26 article,

682 3573 40 19 cut
739 3573 23 18 to
783 3568 71 27 order,
876 3568 30 31 of^
924 3575 47 20 any
979 3582 4 3 -
989 3568 138 23 dimensions
1144 3569 53 29 they
1212 3577 50 20 may

681 3596 95 28 require,
797 3594 45 23 and
863 3594 135 23 deliverable
1017 3598 24 19 at
1058 3603 46 20 any
1121 3599 48 25 part
1186 3597 37 25 of,,
1226 3596 36 22 the

680 3623 73 22 beach
763 3629 30 15 on
803 3622 37 21 the
849 3621 96 22 shortest
951 3622 86 22 notice.
1224 3622 3 3 *
1229 3626 2 5 l

943 3655 63 24 Jqhn
1022 3662 46 15 and
1083 3655 59 23 Geo.
1155 3656 82 23 Wade.

682 3700 74 49 EX
770 3700 39 22 the
818 3700 86 25 Bailey:
904 3710 30 4 —
934 3698 52 23 Two
997 3706 60 15 cases
1067 3700 94 22 metallic
1172 3700 92 22 window

760 3726 82 27 sashes,
854 3726 80 27 glazed
939 3733 5 19 ;
961 3726 93 21 suitable
1064 3726 35 21 for
1109 3730 101 24 cottages.

827 3759 123 25 Wallace,
962 3758 90 27 White,
1064 3759 45 21 and
1118 3759 120 22 Wallace.

684 3805 90 47 FOR
786 3803 85 27 SALE,
883 3806 23 18 at
915 3802 38 22 the
1100 3803 74 27 Office,
1183 3803 82 22 36-line

756 3830 66 22 Brief
831 3831 79 26 Paper.

684 3874 118 49 BILLS
818 3874 38 21 OF
872 3872 125 23 LADING
1011 3879 29 15 on
1055 3872 46 23 sale
1118 3876 23 19 at
1151 3872 35 23 the
1196 3873 19 22 O
1223 3873 42 22 See

762 3900 26 22 of
798 3900 44 22 this
851 3907 76 20 paper.
