2389 3667
24 278 1736 55 THE

24 333 579 3 OXFORD
699 333 290 3 AND
1085 333 386 3 CUST
1567 333 771 3 OBSERVER

24 336 302 3 AND
426 336 1006 3 CANTERBURY
1533 336 805 3 LIBERAL,

1962 346 29 1 L

636 362 506 37 CIRCULATING
1186 362 504 38 THROUGHOUT
1960 357 9 39 !

718 560 106 30 EAST
874 557 185 34 OXFORD,
1107 555 235 36 SATURDAY,
1389 554 126 30 APRIL
1558 554 47 31 30,
1654 551 75 29 1892

1927 547 132 28 Price—
2060 544 82 31 ONE
2186 546 142 29 PENNY

21 568 64 31 VOL
137 566 60 28 3—
196 565 58 29 No.
299 562 83 39 140.]

1836 3330 166 26 Second-hand
2028 3333 99 26 Saddles
2156 3337 86 33 bought
2268 3348 29 15 or
2320 3349 40 16 ex-

1980 3365 105 33 changed
2091 3368 47 30 for
2155 3378 58 17 new.

1913 3405 168 24 HOBSEHAIB
2102 3410 172 25 PUBOHASED

1820 3468 3 29 ;
1835 3456 80 32 Agent
1932 3458 39 25 for
1988 3461 41 24 the
2047 3461 124 32 Lyttelton
2189 3466 81 26 Times
2290 3469 72 26 Com-

1820 3490 3 7 '
1833 3497 73 25 pany.
1941 3492 89 26 Orders
2042 3495 68 24 taken
2126 3497 38 24 for
2174 3500 50 24 and
2235 3501 127 30 Subscrip-

1834 3525 65 22 tions
1910 3525 109 27 received
2030 3534 31 17 on
2068 3532 104 23 account
2183 3532 28 24 of
2220 3536 6 11 <
2236 3534 126 32 Lyttelton

1833 3555 101 27 Times.'
1948 3556 24 33 |<
1982 3558 150 37 Canterbury
2174 3564 99 33 Times/
2315 3569 49 26 and

1835 3590 64 22 otar.
1910 3597 10 24 j

1843 1721 52 53 A
1905 1761 11 12 .
1937 1721 78 54 Jl.
2051 1722 58 54 Ii
2119 1736 45 41 a
2172 1737 126 42 n^i
2307 1726 21 53 1
2338 1726 23 55 1

1957 1780 284 59 SADDLER

1844 2008 127 59 Bi&'Mo
1985 2015 72 25 tbant
2062 2019 43 23 the;
2110 2019 131 23 ihhabitants
2257 2023 22 20 of
2295 2022 70 22 North

1913 2044 129 26 Canterbury
2058 2046 32 20 for
2104 2046 36 21 the
2158 2047 73 22 Hbelal
2250 2051 112 23 patronage

1839 2070 89 20 received
1949 2067 75 29 during
2046 2071 36 21 the
2104 2074 48 24 past
2175 2076 35 18 ten
2231 2081 66 19 jears,
2320 2076 44 20 and

1837 2095 77 21 desires
1924 2097 23 19 to
1953 2097 41 20 call
2003 2098 104 20 attention
2118 2102 22 17 to
2149 2100 34 19 his
2193 2101 69 20 varied
2272 2102 58 20 stock
2339 2103 23 19 of

1864 2121 153 26 SADDLEBY,
2032 2124 41 24 &c,
2087 2125 68 21 which
2164 2126 18 20 is
2191 2126 61 26 being
2262 2128 75 21 offered

1942 2152 49 15 ..-_•..
2006 2151 23 19 at
2038 2150 165 22 Lowest-Prices.

1839 2199 132 31 Subjohied
1982 2209 41 17 are
2034 2210 15 16 a
2059 2203 103 24 number
2171 2204 26 25 of
2201 2205 96 25 articles
2305 2206 57 31 kept

2014 2234 34 24 •m
2060 2236 68 23 stock
2138 2243 5 16 :
2145 2250 33 5 —

1870 2274 122 24 Harness.
1993 2289 33 5 —
2027 2276 58 29 Cab,
2109 2278 55 31 Dog
2186 2279 65 28 Cart,
2274 2280 87 31 Buggy

1837 2305 89 30 (plated
1961 2308 49 23 and
2041 2308 70 25 brass
2137 2310 138 34 furniture),
2305 2312 56 32 Gig,

1839 2336 80 30 Shaft,
1932 2337 118 33 Leading,
2062 2341 49 23 and
2125 2342 105 31 Plough.

1871 2369 134 26 Chain3.—
2005 2371 112 33 .Leading
2136 2373 91 27 Chains
2247 2375 62 26 from
2332 2378 28 25 6s

1833 2401 50 30 :6d;
1901 2402 96 32 Plough
2005 2404 100 29 Chains,
2113 2406 64 25 from
2185 2409 28 23 3s
2223 2408 43 29 6d;
2284 2409 67 25 Back

1834 2434 61 31 Tug,
1908 2434 49 24 and
1969 2436 54 31 Dog
2034 2436 101 29 Chains.

1871 2466 118 26 Saddles.
2006 2483 33 4 —
2057 2469 165 27 Gentlemen's
2252 2472 107 30 Saddles,

1837 2497 63 26 from
1916 2499 54 29 £3;
1994 2500 96 26 Ladies'
2112 2502 108 31 Saddles,
2236 2508 26 22 at
2279 2505 82 26 Prices

1835 2531 25 23 to
1872 2531 49 24 suit
1932 2531 34 24 all
1977 2535 139 24 customers.
2304 2547 2 3 ■
2358 2552 4 2 -

1832 2587 2 3 .
1868 2563 122 24 Belting.
2002 2578 34 5 —
2052 2565 55 25 Mill
2129 2568 48 23 and
2200 2564 161 34 Chaft^tter

1831 2592 74 26 'Belts
1917 2595 26 24 of
1952 2603 48 24 any
2011 2596 87 33 length
2109 2599 49 25 and
2168 2600 83 25 width.
2361 2598 6 12 v

1871 2627 87 24 Horse
1966 2628 394 37 MEDiqiNEs'i—Ellinian'sßQyai

1831 2658 188 31 ■Embrocation,
2039 2661 100 26 Cottie's
2159 2664 111 26 Colonial
2288 2660 71 35 Ciire,

1836 2690 92 31 Fryer's
1937 2691 109 30 Balsam*
2053 2694 87 25 Worm
2149 2696 122 30 Powders,
2281 2697 80 27 Sweet

1830 2722 83 30 iNitre,
1938 2723 119 31 Stevens',
2079 2726 100 30 James',
2198 2729 48 25 and
2269 2730 92 26 Slesin-

1824 2777 3 3 .
1834 2757 61 28 gers'
1909 2756 151 33 Blisterings.
2113 2765 5 12 ;
2166 2782 3 2 .
2210 2766 15 12 ■■
2249 2784 3 3 .
2279 2784 6 6 

1869 2787 113 33 Carriage
2010 2791 101 31 Lampsi
2148 2792 97 32 Whips,
2275 2794 84 31 Spurs,

1836 2818 161 34 Breaking-in
2015 2818 83 33 Gear,'
2109 2823 54 25 Soft
2186 2824 72 32 Soap,
2281 2827 79 31 Lamp

1839 2851 81 30 Black,
1934 2852 80 33 Sheep
2027 2853 82 30 Skins,
2123 2855 62 25 Sack
2196 2857 89 29 Twine,
2297 2859 63 31 Leg-

1828 2884 86 37 jgings,
1927 2885 170 31 Currycombs,
2116 2888 57 24 Iron
2184 2890 49 24 and
2252 2890 109 29 Wooden

1835 2916 101 29 Hames,
1949 2918 43 24 &c.

1827 2951 3 28 I
1868 2949 223 31 RoPE.-r-Manilla,
2114 2952 91 33 Hemp,
2227 2955 49 24 and
2299 2956 63 24 Flax

1835 2980 27 25 of
1881 2980 33 25 all
1939 2982 62 25 sizes
2031 2983 116 32 (Engh'sh
2174 2986 50 24 and
2251 2987 110 27 Colonial

1836 3013 189 33 manufacture).
2076 3017 163 31 -Tarpaulins,
2278 3020 82 28 Tents,

1827 3046 3 35 |
1836 3044 92 25 Binder
1954 3046 108 32 Aprons,
2091 3049 133 30 Elevators,
2253 3052 107 30 Butters,

1836 3077 149 32 Polestraps,
1998 3079 93 33 Riding
2102 3081 95 26 Bridles
2203 3083 103 31 (Snaffle
2311 3085 48 26 and

1841 3109 127 34 Pelhans),
1981 3111 62 25 from
2057 3114 58 24 6s6d
2128 3118 26 21 to
2166 3116 44 24 12s
2222 3116 39 25 6d.

1873 3142 105 26 Oils.—
1978 3144 21 24 A
2010 3144 67 32 large
2088 3148 113 32 quantity
2210 3149 25 24 of
2246 3149 115 28 Machine

1825 3187 2 18 ;
1836 3174 52 25 Oils
1900 3178 26 21 at
1949 3176 174 27 Christchurch
2131 3180 84 30 prices,
2236 3182 125 33 including

1834 3206 60 25 Raw
1905 3208 49 24 and
1965 3208 86 26 Boiled
2058 3210 114 31 Linseed,
2185 3213 91 30 Castor,
2285 3215 66 26 Lard

1835 3239 96 26 Golden
1949 3241 152 34 Machinery,
2119 3245 138 31 Valvoiine,
2277 3248 82 30 Colza,

1833 3273 48 23 and
1892 3273 133 26 Neatsfoot.

1833 662 66 42 M.
1969 662 391 45 SANDSTEIN

1840 726 89 50 HAS
1952 732 46 14 now
2014 727 73 19 moved
2101 727 47 19 into
2163 727 34 19 his
2213 727 65 21 NEW
2296 728 54 19 PBE

1921 752 91 24 MISES,
2030 758 27 14 on
2077 753 35 20 the
2129 753 43 20 Site
2190 753 68 20 which
2275 753 27 21 he
2319 753 40 21 has

1833 777 98 26 occupied
1940 779 75 24 during
2025 779 35 19 the
2076 781 47 22 past
2133 780 145 23 t-venty-seven
2293 785 66 19 years,

1834 803 41 20 and
1894 805 77 24 opened
1989 804 33 20 his
2040 805 68 19 NEW
2131 805 94 24 STOCK,
2243 805 116 26 purchased

1833 828 58 21 when
1901 836 28 14 on
1939 830 33 20 his
1981 830 49 20 visit
2043 834 22 16 to
2074 830 88 26 F.urojfe.

1859 860 163 25 Arrangements
2030 861 76 25 having
2112 862 49 20 been
2173 863 59 19 made
2240 863 33 19 for
2279 863 81 24 regular

1836 885 96 27 Monthly
1946 887 122 25 Shipments
2084 889 22 18 of
2127 888 48 20 New
2192 889 74 22 Goods,
2278 888 27 20 he
2320 889 39 20 has

1836 913 84 19 marked
1936 913 36 19 the
1987 914 62 18 Sto^k
2068 915 22 17 at
2105 914 51 18 such
2171 916 20 22 pi
2195 914 42 19 ices
2249 920 24 13 as
2282 916 68 17 c'anno
2354 923 3 6 •

1835 937 37 20 fail
1882 939 23 18 to
1914 944 69 14 secure
2000 946 9 12 *
2019 938 61 25 quick
2096 939 49 20 sale.
2185 939 45 21 The
2238 941 77 25 capital
2324 940 37 20 in-

1837 964 68 19 vested
1915 966 56 19 must
1981 965 25 19 'ie
2015 965 104 25 promptly
2128 965 74 20 turned
2211 969 52 18 Over.

1863 994 37 20 He
1919 995 39 20 has
1982 997 93 24 pleasure
2096 996 23 20 m
2138 996 100 25 directing
2256 997 104 21 atteniioa

1836 1021 99 24 specially
1950 1023 22 18 to
1988 1022 36 20 the
2039 1022 151 23 DIAMONDS,
2206 1023 56 20 loose
2272 1024 41 19 and
2324 1025 37 22 let,

1836 1045 42 21 and
1885 1047 61 19 bcher
1955 1047 96 20 Precious
2061 1047 80 21 Stones.

1864 1077 165 21 WATCHES.-
2037 1078 31 25 By
2079 1078 76 25 special
2171 1081 145 22 arrangement
2334 1080 27 20 he

1838 1103 17 18 is
1872 1103 87 20 enabled
1976 1104 21 18 to
2006 1104 45 24 give
2068 1103 35 21 the
2113 1104 44 20 best
2173 1105 59 19 value
2242 1105 21 19 m
2272 1106 89 23 genuine

1837 1128 158 24 English-made
2005 1129 65 21 Silver
2086 1130 41 20 and
2136 1130 55 20 Gold
2202 1130 95 21 Watches
2312 1132 50 21 that

1837 1151 39 23 has
1885 1160 46 14 ever
1940 1155 52 20 been
2002 1156 75 20 offered
2086 1162 22 13 m
2120 1156 41 22 this
2171 1156 85 25 Colony.

1864 1185 85 26 Having
1959 1186 75 25 family;
2047 1187 134 20 connections
2192 1188 50 19 with
2253 1188 57 20 Paris
2321 1195 43 14 ana

1838 1211 87 20 London
1941 1212 106 21 Diamond
2064 1213 41 20 and
2116 1213 105 25 Jewellery
2238 1214 119 21 Merchants

1837 1238 69 24 places
1924 1237 45 20 him
1987 1238 22 20 m
2029 1245 12 14 a
2059 1240 91 24 position
2167 1242 22 18 to
2207 1240 39 20 Bell
2264 1241 35 19 the
2316 1242 47 19 be.st

1837 1263 82 20 articles
1929 1265 23 18 at
1961 1270 12 14 a
1983 1265 120 19 reasonable
2115 1266 63 25 price.
2220 1266 44 19 The
2273 1266 91 25 Jobbing

1837 1289 42 20 and
1888 1289 170 26 Manufacturing
2067 1291 19 19 is
2101 1292 79 20 carried
2196 1294 36 18 out
2249 1292 65 21 under
2329 1292 34 21 his

1837 1320 45 16 own
1891 1317 129 25 supervision
2030 1318 22 19 at
2059 1317 35 21 the
2100 1317 80 21 Lowest
2187 1318 69 21 Prices
2263 1318 101 23 Possible.

1864 1368 30 20 M.
1906 1369 157 21 SANDBTEIN
2073 1369 39 21 has
2125 1371 112 25 appointed
2247 1372 42 20 Mr.
2298 1372 24 21 B.
2333 1372 29 21 H.

1838 1393 79 22 Parish
1932 1401 24 15 as
1972 1395 34 21 his
2021 1395 77 21 Oxford
2112 1397 100 25 AGENT,
2227 1397 46 22 who
2281 1399 50 20 -will
2340 1405 13 15 a

1837 1426 41 19 any
1888 1421 51 20 time
1948 1427 92 20 procure,
2054 1429 27 13 on
2097 1424 143 25 approbation,
2259 1425 105 24 Watches,

1837 1446 81 25 Clocks,
1928 1448 43 20 and
1979 1449 113 24 Jewellery,
2101 1449 33 20 for
2149 1450 34 20 his
2195 1451 78 20 Oxford
2288 1451 74 20 clients

1842 1474 21 18 to
1873 1473 63 20 select
1949 1474 62 24 from,
2022 1475 22 19 at
2054 1474 35 20 the
2107 1481 57 15 same
2173 1476 55 25 price
2244 1483 24 14 as
2274 1477 90 26 charged

1836 1499 22 19 at
1868 1498 35 21 the
1913 1499 149 21 Christchnrch
2071 1501 174 22 Establishment.

1880 1550 56 40 M,
1980 1551 339 48 SANDSTEIN,

1981 1603 109 21 OASHEL
2103 1604 115 24 STBEET,

1925 1638 349 29 OHRISTOHUROH.

1258 695 178 44 JOHN
1502 691 282 50 INGRAM,

1259 780 58 21 HAS
1330 781 56 20 FOR
1399 780 70 21 SALE
1484 779 37 21 BY
1537 774 120 25 Piii.VA.TE
1670 776 109 21 TREATY

1366 924 31 19 On
1408 926 89 18 jiccourt
1507 925 21 18 of
1538 925 34 18 Mr
1581 924 103 19 Johnson.

1262 986 59 25 Shop
1327 986 41 20 and
1383 987 102 25 dwelling,
1495 988 97 23 fronting
1601 987 37 20 the
1648 984 58 22 Main
1720 983 66 23 Road,

1263 1013 96 24 opposite
1368 1013 90 21 Pearson
1480 1014 56 20 Park
1559 1019 28 15 on
1606 1013 45 20 half
1660 1018 28 15 an
1707 1014 50 18 Acre
1767 1010 22 20 of

1261 1039 63 20 land..

1264 1159 55 21 That
1338 1162 129 20 two-storied
1486 1162 99 26 Building
1603 1169 26 14 on
1649 1163 35 20 the
1700 1162 94 19 Terrace'

1264 1186 96 26 opposite
1371 1188 44 19 Mrs
1423 1188 79 20 Leurs'.

1359 1250 32 20 On
1401 1253 88 19 account
1499 1253 22 19 of
1530 1253 35 19 Mr
1579 1253 29 20 H.
1618 1253 80 19 Heabn.

1265 1294 40 20 His
1314 1301 49 21 very
1378 1294 98 28 compart
1504 1299 55 21 little
1567 1299 100 27 Property
1684 1298 23 19 m
1726 1297 69 25 Queen

1265 1321 71 24 Street,
1347 1324 123 26 containing
1478 1326 64 20 about
1550 1326 27 26 4£
1586 1326 62 19 Acres
1657 1324 22 21 of
1685 1324 45 20 rich
1737 1322 57 23 land,

1267 1348 121 21 subdivided
1398 1350 46 20 into
1454 1352 78 21 several
1542 1352 62 20 small
1613 1350 111 27 paddocks,
1742 1348 50 21 with

1265 1374 53 23 good
1336 1375 72 21 House
1426 1377 93 25 thereon;
1537 1378 58 20 brick
1612 1378 52 19 well.
1688 1377 50 19 Cost
1757 1376 36 19 the

1265 1405 69 16 owner
1343 1402 60 21 £250.
1432 1404 49 20 Will
1491 1405 25 20 be
1525 1406 44 19 sold
1580 1406 22 19 at
1611 1411 13 14 a
1634 1409 47 20 very
1691 1402 101 21 consider-

1263 1425 45 22 ab'e
1317 1428 107 21 reduction
1434 1436 26 14 on
1471 1431 69 21 above
1549 1438 60 19 price.

1362 1540 32 20 On
1406 1545 88 19 account
1505 1545 22 20 of
1536 1545 34 21 the
1580 1546 125 24 Mortgagee.

1294 1585 45 21 The
1347 1588 62 19 Farm
1420 1590 63 25 lately
1496 1592 21 19 m
1535 1592 35 21 the
1584 1592 123 25 occupation
1723 1592 22 19 of
1761 1591 33 20 Mr

1268 1612 64 23 Suell,
1352 1614 57 20 three
1425 1617 59 19 ruiics
1500 1619 53 18 fiom
1571 1618 56 20 West
1644 1618 84 25 Oxford,
1746 1623 48 15 con-

1268 1639 82 25 taining
1366 1641 39 20 335
1420 1647 64 16 acres.
1525 1644 52 21 Well
1590 1645 88 20 watered
1694 1644 42 21 and
1745 1644 48 21 sub-

1257 1682 3 4 .
1268 1663 89 23 divided.

1385 1792 32 20 On
1427 1795 88 19 account
1524 1795 22 19 of
1557 1795 33 20 Mr
1597 1795 71 21 Rows.

1265 1830 38 21 116
1322 1832 62 21 Acres
1402 1834 30 19 of,
1438 1834 60 25 land,
1516 1836 116 27 adjoini-g
1645 1837 37 21 Mr
1698 1837 94 21 Duder's

1264 1857 60 26 land,
1336 1860 23 19 at
1368 1859 55 22 View
1434 1861 52 23 Hill,
1491 1862 95 25 fronting
1590 1864 58 19 Four
1651 1864 68 20 Chain
1726 1864 64 21 Road.

1262 1884 73 20 Water
1342 1891 48 15 race
1399 1888 93 24 running
1500 1889 108 25 alongside
1614 1890 22 20 of
1644 1890 37 20 the
1690 1890 100 25 Property

1319 2030 2 14 :
1322 2040 6 10 5
1332 2028 25 20 :*;,
1362 2032 30 17 ./■..•
1404 2020 8 17 ■'•
1472 2032 5 2 -
1542 2033 10 2 -
1728 2034 5 1 -
1743 2034 8 2 -
1762 2034 3 2 ■

1380 2079 32 20 On
1422 2082 88 20 account
1523 2082 22 20 of
1555 2083 33 20 Mr
1597 2084 69 22 Keats,
1694 2085 5 7 '

1261 2113 65 27 Forty
1335 2115 62 21 Acres
1407 2117 57 20 Bush
1474 2117 55 27 land,
1540 2119 153 25 West.Oxford.

1347 2189 55 20 FOR
1415 2190 97 21 SALE-
1515 2192 77 21 VERY
1601 2194 101 21 CHEAP.

1288 2215 40 19 200
1337 2215 62 20 Acres
1406 2216 23 20 of
1437 2218 70 24 partly
1516 2219 81 20 worked
1607 2222 37 19 out
1652 2220 58 21 Bush
1719 2222 61 20 Land

1260 2246 15 14 a
1298 2241 57 23 large
1373 2244 47 22 part
1430 2258 2 4 .
1443 2244 22 18 of
1491 2243 18 21 it
1531 2244 44 21 laid
1597 2246 61 21 down
1690 2248 24 20 to
1724 2254 66 19 grass.

1260 2267 61 20 Price
1327 2267 46 24 low,
1382 2269 120 20 anclterms
1510 2276 55 19 easy.
1612 2278 3 3 •

1481 2423 83 20 AIiSD-^-

1342 2512 31 20 On
1385 2516 89 19 account
1482 2516 23 19 of
1514 2516 33 20 Mr
1556 2517 57 21 John
1622 2518 88 22 Fishee.

1261 2546 42 20 His
1313 2549 96 20 valuable
1419 2550 63 20 Stone
1493 2552 80 25 Quarry
1583 2554 23 19 at
1615 2554 55 19 View
1681 2555 50 22 Hill,
1742 2562 47 14 oon-

1262 2573 85 26 taining
1358 2575 34 19 the
1402 2575 44 20 best
1458 2576 92 26 building
1560 2580 60 21 stone
1628 2578 23 20 m
1660 2580 130 28 Canterbury

1263 2599 49 20 with
1323 2601 26 19 20
1361 2601 61 19 Acre*
1431 2603 21 18 of
1461 2603 60 20 Land
1531 2610 28 14 on
1577 2604 69 21 which
1664 2606 58 22 there
1740 2608 18 21 is
1777 2615 13 15 a

1262 2630 57 16 seam
1331 2627 21 19 of
1361 2628 127 21 Limestone.

1327 2872 33 20 On
1370 2876 88 18 account
1474 2876 22 19 of
1511 2876 79 26 Joseph
1608 2879 114 23 Powvalke.

1288 2907 67 27 Eight
1364 2914 58 14 acres
1432 2911 21 19 of
1462 2911 59 23 land,
1531 2912 51 21 with
1602 2915 54 24 good
1674 2916 13 20 3
1705 2919 85 21 roomed

1261 2938 96 26 dwelling
1376 2939 92 26 thereon,
1483 2943 46 20 nice
1553 2945 86 25 garden,
1660 2950 130 21 surrounded

1261 2969 50 20 with
1319 2970 25 19 fir
1355 2971 60 20 trees.
1470 2973 59 21 Price
1541 2976 51 25 only
1605 2977 61 22 £100.

1470 3162 37 21 TO
1519 3164 63 23 LET.

1419 3198 26 19 In
1462 3199 81 21 Horn's
1552 3202 80 22 Estate.

1262 3229 61 21 Good
1332 3230 96 28 dwelling
1437 3234 51 21 with
1498 3236 42 21 Ten
1550 3244 56 15 acres
1616 3240 25 21 of
1648 3241 56 23 land.

1263 3323 190 36 JOHN
1482 3329 303 42 INGRAM

1407 3396 236 36 AUCTIONEEE,

1342 3479 27 28 ft
1403 3481 30 31 X
1467 3485 24 29 F
1527 3486 25 30 0
1590 3487 25 31 R
1652 3491 27 28 D
1700 3514 7 7 .

725 2829 256 31 CALEDONLAN
996 2836 142 29 HOUSE.

668 2888 215 47 JAMES

748 2944 81 27 BOOT,
847 2946 75 29 SHOE
945 2950 25 25 &
984 2950 122 29 SLIPPER

800 2977 256 37 Manupactueer.

769 3020 114 32 WEST
916 3025 176 33 OXFORD.

668 3068 48 22 Has
726 3069 29 21 oh
763 3071 61 20 hand
833 3076 12 14 a
854 3072 102 26 splendid
963 3077 130 21 assortment
1098 3079 24 20 of
1127 3079 67 23 Boots
1212 3080 2 6 ;

668 3101 43 19 and
722 3100 68 21 Shoes
799 3102 65 21 made
883 3109 28 14 on
922 3105 37 19 the
968 3107 104 24 premises
1090 3111 25 19 at
1123 3111 70 25 prices

668 3130 52 21 that
729 3131 52 27 defy
790 3135 147 24 competition.
965 3137 60 26 Boys
1033 3138 78 23 School
1118 3142 72 26 Boots,
1209 3151 1 5 •

668 3162 56 21 back
734 3169 70 15 seams
813 3165 45 20 and
866 3165 62 22 front
937 3167 61 22 hand
1005 3175 64 19 sewn,
1078 3175 81 19 cannot
1165 3175 28 20 be

668 3195 123 24 surpassed.
821 3196 68 21 Men's
899 3198 47 20 best
952 3201 152 26 watertigfats,,
1108 3206 84 25 pegged
1209 3204 1 16 :

668 3225 49 26 15/-.
756 3226 96 26 Bespoke
875 3228 138 26 department
1161 3238 33 19 at-

667 3256 84 20 tended
765 3258 29 20 to.
822 3258 39 21 Fit
878 3261 46 19 and
941 3261 149 24 Workmansh?
1101 3274 5 4 -
1127 3267 67 21 Guar-

667 3288 86 20 anteed.
781 3288 90 26 Repairs
880 3291 76 24 neatly
965 3294 44 19 and
1017 3301 25 20 pi
1047 3312 5 3 .
1059 3298 70 26 t-pciy
1139 3299 56 21 done
1207 3285 3 5 '

667 3319 25 19 at
699 3319 129 21 reasonable
836 3322 71 25 prices

698 3372 57 19 anch
769 3372 177 24 Establishment
953 3384 5 12 :
974 3377 58 21 Near
1050 3379 65 21 Town
1134 3381 53 22 Hall
1207 3383 3 14 ;

849 3401 57 24 F.ast
915 3402 93 22 Oxford^
1039 3401 11 9 '•'
1061 3403 4 8 :
1066 3410 7 5 -
1085 3411 30 11 ••...-
1122 3404 3 9 :
1124 3422 1 2 .
1188 3399 5 8 '
1206 3399 3 40 |

690 3472 49 37 C*.
766 3457 443 70 E'...WEYLANI>/\":

800 3535 108 29 FAMILY
924 3539 142 29 BUTCHER.

711 3566 153 43 E&St
894 3573 256 46 OXFOFO.

689 1971 94 45 Teas,
825 1973 128 47 Cofees,
991 1976 126 47 Cocoasi
1125 1967 8 21 }
1148 1981 45 36 an

771 2022 139 40 General
933 2025 177 42 Groceries-

720 2072 140 31 WEST
923 2075 218 35 QXFORD.

709 2169 432 51 SADDLERT.

668 2237 78 53 H.
772 2240 61 53 J.
851 2242 341 60 LAMING

896 2362 63 21 AND

670 2393 282 44 HARNESS
985 2402 205 42 MAKER

812 2448 71 24 Near
900 2450 147 32 Saleyabds,

703 2488 44 41 O
771 2489 65 41 X
859 2492 192 43 FOB
1073 2497 46 39 D
1143 2526 14 13 .

668 2559 86 25 Orders
766 2563 49 22 and
831 2563 102 31 Repairs
944 2568 123 31 promptly
1078 2572 115 24 executed

828 2606 26 23 at
864 2606 85 26 lowest
960 2612 35 20 rai
1000 2617 32 17 3s.

770 2667 141 42 HORSE
933 2672 178 41 COTBRS:

669 2716 98 40 made
779 2719 36 38 to
831 2720 100 39 Order
945 2723 67 39 and
1026 2724 167 50 Repaired

51 3210 121 45 J.T.
200 3212 195 53 Brown,
416 3215 41 45 &
477 3217 99 43 Son

103 3275 109 24 MMBJSB
221 3277 19 21 &
250 3277 70 21 COAL
334 3278 178 25 MERCHANTS.

222 3314 161 21 IMPOBTEftS

52 3348 36 27 Of
116 3349 138 28 TIoTBER
282 3352 52 25 and
363 3353 48 26 AH
440 3355 85 26 Kinds
549 3356 28 26 of

105 3395 182 27 BUILDING
311 3397 216 30 MATERIALS.

237 3441 147 28 CORNER

50 3479 161 26 COLOMBO
250 3483 18 22 &
296 3482 95 27 TUAM
426 3486 151 27 STREETS

207 3524 188 28 Cfkistohuroh

40 1872 48 59 J.
129 1872 45 59 J.
215 1870 349 61 WEEBER,

126 1992 122 26 PICTURE
268 1990 97 26 FRAME
388 1990 103 26 MAKER

78 2042 89 25 Dealer
177 2043 25 24 m
214 2043 93 27 Paints,
321 2043 60 28 Oils,
395 2043 83 25 White
498 2044 74 28 Lead,

46 2075 86 28 Scrim;
157 2076 207 31 Paperhangings,
385 2076 75 24 Sheet
491 2077 81 28 Glass,

47 2109 46 24 and
108 2116 66 22 everj
190 2108 84 25 article
296 2108 131 24 connected
449 2109 60 24 with
532 2109 43 24 the

48 2140 74 24 trade.

80 2173 80 30 Agent
178 2172 38 25 for
242 2171 38 26 W.
303 2172 139 25 Rainbow's
465 2173 109 24 Cordials

47 2205 49 24 and
151 2204 140 28 Medicines,
336 2205 49 23 and
428 2205 146 32 Waterbury

50 2236 122 27 Watches,
186 2237 94 27 Clocks,
304 2238 41 22 &c.

163 2305 84 24 Paints
258 2305 80 24 mixed
347 2307 25 23 to
384 2305 75 25 order.

131 2413 150 31 COALS!
306 2413 140 32 COALS!
471 2415 6 29 !

66 2492 144 29 Newcastle,
223 2493 135 30 Westport,
376 2493 181 31 Coalpitheath,

228 2524 117 28 Malvern,
357 2526 48 23 and

84 2557 173 24 Blacksmiths'
276 2557 112 24 Brunner
399 2558 65 24 Nuts
475 2559 66 24 Coal.

49 2620 151 23 FIREWOOP
213 2620 23 20 m
249 2620 93 26 Lengths
357 2622 21 20 to
397 2622 47 21 Suit
457 2622 119 22 CLIENTS

129 2678 83 25 <SPAt
224 2679 87 20 Lowest
320 2679 100 21 Oobbent
429 2681 60 19 Rate

50 2730 21 25 A
82 2730 154 30 Conveyance
242 2732 78 23 meets
327 2739 70 23 every
405 2733 71 24 train.
496 2733 81 26 Goods

48 2785 2 2 .
62 2762 122 31 conveyed
194 2766 27 21 to
232 2770 70 24 every
312 2766 55 29 part
379 2765 25 23 of
413 2765 43 24 the
464 2766 101 25 district.

117 2794 99 25 Booked
222 2796 91 29 parcels
325 2796 119 25 delivered
451 2799 61 24 Free

174 2827 87 24 within
271 2827 43 25 the
325 2829 122 31 Borough.

51 2858 161 25 Commercial
233 2860 142 25 Travellers'
406 2862 172 31 requirements

82 2890 49 25 will
142 2891 91 26 receive
244 2891 33 25 all
280 2900 127 24 necessary
417 2895 127 24 attention.

117 2928 79 31 TV^
224 2930 62 26 A.
305 2930 206 34 JBURT.

144 2964 162 26 GENERAL
329 2967 158 30 CARRIER,

51 2996 86 26 COAL
149 2999 18 23 &
179 2998 182 25 FIREWOOD
379 3000 197 31 MERCHANT,

251 3031 131 25 Rangiora.

50 3092 87 25 Orders
150 3100 54 23 may
215 3093 28 24 be
247 3093 44 24 left
300 3095 25 22 at
332 3095 40 23 Mr
379 3095 25 24 C.
416 3095 21 24 I.
446 3097 130 32 Jennings,

181 3124 129 30 Stationer,
319 3126 128 32 Rangiort.

367 668 56 39 J.
466 668 60 39 S.
569 665 253 44 COOS,

566 718 41 20 The
625 717 90 25 People's
739 717 93 23 Chemist,

243 771 3 2 .
290 747 3 3 '
794 752 91 23 Cashel
902 750 93 30 Street,

825 785 274 27 CHKISTCHUaCH.

841 830 125 32 (Opposite
977 829 42 23 the
1039 829 54 22 A.I.
1108 825 85 31 Hotel)

55 904 13 20 I
76 903 52 20 have
137 902 94 26 pleasure
239 901 23 20 m
272 901 103 25 thanking
384 907 34 19 ray
428 901 78 20 friends
516 901 42 20 and
566 902 120 24 supporters
696 900 34 19 for
738 900 35 20 the
789 899 118 21 confidence
926 897 42 21 and
986 903 48 19 very
1050 896 74 21 liberal
1142 896 44 25 pat-

37 945 78 18 ronage
124 938 67 19 which
201 938 38 19 has
249 938 49 18 been
306 937 98 19 extended
414 940 20 16 to
442 943 32 13 me
481 938 32 18 for
523 937 35 19 the
567 938 47 23 past
624 942 66 19 years,
699 937 11 17 I
719 937 54 19 (irust
782 936 47 19 that
847 936 13 18 I
878 936 55 18 shall
948 929 114 25 merit^the
1080 932 112 20 continued

38 978 114 23 patronage
161 975 21 19 of
191 979 34 19 my
235 973 78 21 friends
323 973 41 19 and
374 973 35 20 the
418 973 70 24 public
494 973 110 24 generally.
631 968 125 28 During'the
765 978 58 18 years
831 971 12 20 I
857 971 52 20 have
915 970 51 20 been
975 968 188 22 in/Chr'sfohurch
1177 968 11 19 I

37 1011 54 20 have
100 1009 108 26 dispensed
215 1015 64 18 many
286 1008 115 20 thousands
411 1009 21 18 of
442 1009 147 24 prescriptions
598 1008 42 21 and
649 1008 133 24 successfully
792 1007 79 21 treated
881 1007 77 20 several
977 1006 117 20 thousands
1113 1006 20 19 of
1152 1011 35 19 my

29 1046 98 26 patients.
154 1045 55 20 lam
218 1046 51 23 fully
278 1044 123 24 attainted
411 1045 49 19 with
470 1045 35 19 the
519 1044 94 20 business
620 1044 23 19 m
653 1044 28 19 ah
690 1044 29 20 its
727 1044 107 23 branches,
845 1043 42 20 and
895 1043 17 19 it
916 1043 59 25 isniy
985 1043 117 20 endeavour
1111 1043 76 24 always

65 1081 116 26 personally
194 1080 72 21 attend
276 1083 22 17 to
308 1081 32 19 the
348 1081 148 23 requirements
505 1081 43 19 and
554 1080 72 20 obtain
637 1080 35 20 the
681 1080 118 20 confidence
815 1080 21 22 of
854 1079 29 20 all
900 1079 47 20 who
965 1079 72 24 kindly
1055 1079 73 19 favour
1155 1084 34 14 me

27 1117 51 21 with
88 1117 54 21 their
154 1119 118 21 patronage.

29 1156 62 20 TRY
110 1155 49 21 MY
184 1154 91 22 CURE
293 1154 63 21 FOR
375 1154 63 20 ALL
455 1154 104 20 KINDS
575 1154 42 21 OF
632 1154 80 21 SKIN
728 1151 179 28 JDISEASE-

187 1190 11 20 I
208 1195 35 14 am
253 1189 130 24 exceedingly
392 1189 111 19 successful
515 1189 22 18 m
548 1194 34 19 my
588 1189 99 19 remedies
696 1190 32 19 for
737 1189 44 20 this
788 1189 121 24 complaint,
919 1189 53 20 have
982 1189 73 24 alarge
1071 1189 88 20 number
1169 1190 20 18 of

227 1225 148 20 testimonials.

30 1270 63 21 TRY
111 1270 48 20 MY
178 1270 73 20 NEW
269 1269 141 20 REMEDY
428 1269 62 20 FOR
509 1269 96 19 LIVER
617 1269 219 21 COMPLAINTS
853 1270 68 20 AND
940 1270 219 22 INDIGESTION
1165 1283 24 4 —

199 1302 111 21 Hundreds
319 1303 22 18 of
351 1309 34 18 my
396 1303 91 25 patients
496 1303 53 19 have
559 1303 77 24 proved
645 1303 17 20 it
672 1303 73 25 highly
760 1304 140 25 satisfactory.

176 1350 77 30 Large
266 1348 73 25 Stock
357 1348 25 24 of
392 1348 33 24 all
437 1349 70 24 kinds
518 1350 24 23 of
554 1350 86 23 Patent
662 1350 131 27 Medicines
816 1354 25 22 at
869 1351 70 25 Store
956 1354 89 24 Prices.

257 1402 21 23 A
290 1401 123 35 complete^
428 1402 144 25 Assortment
594 1403 25 24 of
639 1404 174 31 Honioepathic
839 1406 139 25 Medicines.

94 1451 43 27 All
153 1452 123 25 DRUGS
292 1453 188 24 Guaranteed
498 1453 82 31 Pure,
597 1454 72 25 Best
691 1454 126 34 Quality,
838 1457 55 23 and
909 1458 116 24 Lowest
1051 1458 89 25 Price.

225 1498 301 25 PRESCRIPTIONS
542 1502 116 31 carefully
676 1502 48 22 and
743 1504 110 29 correctly
876 1504 129 30 dispensed.

359 1551 597 37 COISrGTJI^T^LTTONS
994 1557 190 35 FJRJWID

452 1604 113 30 JOHN
587 1604 28 32 S.
641 1605 144 38 COOKE,
1065 1610 2 1 -
1070 1595 25 25 M

419 1664 141 31 Kegistered
592 1665 204 26 Pharmaceutical
814 1668 116 30 Chemist,

751 1714 108 27 Cashel
883 1717 113 33 Street,

881 1763 273 30 OHRISTCHUECH.
