2470 3880
49 183 28 24 of
86 183 41 23 the
139 182 83 24 school
230 189 52 17 was
291 182 142 24 concerned.
468 182 55 24 You
532 190 40 16 are

48 220 36 24 all
94 227 78 16 aware
184 220 60 25 that;
248 219 43 23 the
303 219 48 24 late
375 220 126 30 Secretary
522 219 51 23 had

49 257 139 24 embezzled
200 264 66 16 some
278 255 26 24 of
324 255 42 24 the
386 256 83 24 school
490 256 81 29 funds,

49 296 38 25 for
97 296 80 24 which
189 296 42 24 the
243 294 145 25 Committee
400 295 47 23 had
472 297 24 22 to
518 302 54 24 pro-

50 335 83 22 secute
144 333 61 23 him.
239 332 60 24 This
310 339 50 17 wa?
377 340 15 16 a
414 332 50 24 loss
484 333 25 23 to
531 331 43 25 the

51 372 146 24 Committee
209 372 26 24 of
244 371 74 25 about
324 372 62 26 J>2o,
411 371 48 23 and
479 378 31 16 on
533 377 40 17 ac-

50 413 75 21 count
137 410 27 24 of
180 410 50 24 this
238 417 34 17 we
284 410 55 28 had,
353 410 88 31 during
453 410 41 24 the
505 417 66 23 year,

50 450 26 22 to
89 448 28 24 be
130 456 55 22 very
202 447 148 25 economical
372 449 25 22 to
419 447 72 24 make
510 446 61 25 both

52 486 60 24 ends
124 488 71 22 meet,
229 484 46 32 tye
284 493 40 16 are
336 492 55 22 very
403 484 54 24 well
476 483 98 31 pleased

52 526 26 23 to
91 533 42 23 say
145 525 54 23 that
211 532 34 16 we
264 523 62 24 have
345 523 60 24 been
425 522 102 24 enabled
549 524 26 21 to

53 564 65 22 meet
129 570 47 23 you
187 562 59 23 with
259 568 14 17 a
284 560 74 25 credit
367 559 100 25 balance
475 559 27 25 of
512 559 62 25 £16.

53 601 24 22 0.
97 601 21 23 7.
132 599 95 30 against
237 598 78 24 which
323 598 67 24 there
398 605 40 17 are
449 597 126 24 liabilities

54 639 27 23 of
89 640 42 22 £i.
148 640 24 22 4.
192 640 21 26 1,
227 645 26 17 so
266 638 53 22 that
331 637 68 23 there
410 636 21 24 is
443 638 51 24 £U
512 638 35 29 p,
561 638 13 21 6

53 679 26 22 to
91 677 42 24 the
140 676 65 31 .good
216 676 37 24 for
264 675 42 24 the
315 682 53 17 new
391 674 146 25 Committee
548 675 26 23 to

54 718 62 21 start
127 715 70 24 with.-
228 714 102 30 Buringr
335 713 42 24 the
387 721 56 22 year
452 713 67 24 there
531 712 45 24 has

57 753 62 24 been
129 760 33 16 an
174 752 108 23 addition
298 751 71 26 made
377 752 29 21 .to
428 750 43 23 the
493 750 84 24 school

57 791 50 24 and
126 791 42 24 the
190 789 122 32 grounds;!
318 789 63 24 have
407 788 62 25 been
489 790 45 30 put
553 789 26 23 m

55 829 121 29 thorough
192 828 77 24 order.
275 831 15 24 .1
303 827 61 24 Mis
359 827 25 24 6
374 826 91 31 Cooper
476 826 46 24 has
543 833 38 17 re-

54 866 86 30 signed
151 866 89 29 during
246 863 222 27 fchi'sjGoH^&rttees
480 866 63 21 term
555 863 28 24 of

56 904 77 26 office,
156 901 49 25 and
214 901 73 24 Miss>
299 900 30 25 F;
346 900 88 26 ,Petrie
456 900 46 24 has
518 900 62 24 been

56 939 130 32 appointed
205 940 26 22 m
250 939 44 22 her
315 938 77 23 stead.
426 938 53 23 The
498 939 80 22 atten-

54 978 77 23 dance
139 977 45 23 lias
196 983 53 17 now
260 974 128 27 increased
396 982 27 18 so
434 974 74 24 much
520 974 55 24 that

57 1017 43 24 the
112 1015 83 25 school
205 1015 22 24 is
238 1013 103 25 entitled
351 1015 23 28 ip
387 1021 32 16 an
431 1018 68 19 extra
510 1012 69 31 pupil

56 1053 99 25 teacher
165 1053 80 23 whom
268 1051 56 30 they
348 1050 64 24 have,
426 1050 105 24 .secured
552 1050 27 23 m

57 1093 61 25 Miss
140 1092 130 24 Hitchcox.
304 1090 77 28 Now**
396 1089 156 28 Gentleman,
565 1088 14 25 I

57 1132 72 24 think
141 1131 54 24 that
202 1130 21 24 is
230 1130 76 25 about,
314 1130 34 23 all
358 1128 55 25 that
424 1128 58 25 falls,
491 1130 24 22 to
538 1136 41 22 my

57 1170 146 24 Committee
214 1171 24 22 to
250 1170 88 29 report,
351 1168 49 23 and
410 1167 21 24 if
433 1164 49 27 Ithe
502 1167 76 24 ballot

57 1207 88 25 should
155 1207 85 24 favour
261 1213 48 23 any
331 1205 26 24 of
374 1204 42 25 the
435 1204 49 24 late
507 1204 71 24 Com-

58 1245 92 26 mittee,
160 1245 14 22 I
191 1251 40 16 am
254 1250 54 16 sure
331 1241 88 28 better
431 1248 58 17 men
509 1240 70 25 could

57 1286 45 22 not
114 1283 28 24 be
151 1281 113 33 procured
278 1283 23 23 fco
313 1288 75 17 serve.
423 1280 49 24 For
482 1278 95 32 myself,

58 1322 13 23 I
83 1329 40 16 am
136 1320 113 31 standing
260 1319 72 30 again
343 1317 48 25 and
402 1317 29 26 if.
438 1324 48 23 you
506 1316 72 25 think

57 1360 86 24 proper
156 1356 23 21 to
189 1353 61 23 elect
261 1358 47 20 m«s
321 1351 14 24 I
354 1349 50 25 will
426 1349 30 24 do
478 1356 40 23 nay
539 1351 39 21 ut-

56 1392 67 22 most
136 1391 23 22 to
171 1389 73 24 meiit
254 1386 42 25 the
307 1385 139 25 confidence
454 1384 83 32 placed
550 1385 24 23 m

59 1434 47 17 me.
222 1448 2 3 .

89 1466 23 23 A
119 1467 53 23 vote
184 1465 26 24 of
219 1464 91 24 thanks
322 1471 49 17 was
383 1462 115 25 accorded
505 1464 25 22 to
538 1463 41 23 the

58 1507 43 20 out
113 1503 73 30 going
198 1502 154 26 Committee,
365 1501 61 23 after
435 1500 80 23 which
538 1499 42 24 the

60 1542 126 30 Secretary
197 1540 57 25 read

170 1584 54 23 The
241 1582 111 25 Balance
378 1581 90 24 Sheet.

57 1621 82 25 which
150 1629 49 16 was
211 1619 139 26 considered
369 1618 160 30 satisfactory.

91 1659 40 23 Mv
143 1657 91 26 Stubbs
245 1657 60 24 then
317 1656 99 24 vacated
440 1655 40 24 the
503 1654 76 28 chair,

57 1698 51 24 and
120 1698 38 23 Mr
171 1698 27 23 T.
211 1697 98 23 Hunter
320 1702 49 18 was
381 1695 77 24 called
470 1702 65 22 upon
555 1695 25 23 to

57 1737 103 32 preside.
194 1736 52 24 The
265 1734 173 25 householders
460 1741 62 17 were
543 1734 36 23 in-

59 1775 66 25 vited
148 1776 24 23 to
204 1772 126 26 nominate
362 1780 49 24 any
441 1772 140 31 gentlemen

59 1813 82 24 whom
169 1812 59 31 tbey
259 1810 80 31 might
372 1810 95 24 choose.
502 1809 78 24 Three

59 1852 83 24 others
164 1859 61 16 were
245 1849 151 27 nominated,
405 1847 176 31 >indeperidect

59 1893 26 22 to
97 1890 66 30 eight
174 1889 97 29 already
281 1882 163 30 nomiriaML*
465 1896 22 15 a
506 1886 75 25 Ballot

58 1935 51 16 was
122 1927 72 22 taken
203 1926 70 23 when
279 1925 43 23 the
329 1925 123 29 following
458 1923 123 24 members

59 1971 63 17 were
132 1963 58 30 duly
202 1962 92 24 elected
303 1961 132 24 -.—Messrs
444 1960 34 24 A.-
482 1960 99 29 Stubbs,

63 2002 24 24 J.
116 2002 107 30 Ingram,
242 2000 24 25 J.
290 2000 121 31 Aldridge,
430 2000 87 25 Fredk.
552 1999 29 25 A.

59 2040 152 28 Waterman,
230 2040 106 23 Thomas
363 2039 105 27 Hunter,
497 2038 86 24 James

59 2080 35 23 H.
107 2079 103 30 Sharpe,
226 2078 103 24 Andrew
351 2077 100 28 Baxter,
482 2091 5 6 •
502 2076 15 13 *

156 2122 21 24 A
207 2122 91 25 cordial
319 2130 31 16 vo
350 2123 10 15 f
362 2129 13 17 e
396 2122 27 24 of
442 2121 91 25 thanks
555 2122 27 24 to

57 2162 45 24 the
113 2162 127 23 chairman
251 2160 73 31 being
340 2160 97 24 CarrieT
449 2160 31 32 by
502 2161 77 23 accla-

58 2200 102 28 mation,
184 2200 42 24 the
247 2199 192 25 Householders'
473 2199 108 31 meeting

57 2238 157 26 terminated,
225 2238 71 23 when
306 2236 43 25 the
359 2239 53 21 hew
435 2236 146 25 Committee

57 2274 133 31 proceeded
201 2275 25 22 to
238 2273 58 24 hold
306 2273 33 24 its
349 2273 55 24 first
426 2273 108 31 meeting
555 2275 29 28 at,

57 2313 82 24 which
150 2313 41 23 Mr
202 2313 23 23 J.
238 2313 101 30 Ingram
346 2320 49 17 was
403 2312 90 24 chosen
502 2312 78 24 chair-

57 2360 69 16 man.
160 2351 24 25 It
206 2359 48 17 was
276 2350 110 25 resolved
440 2350 65 24 That
538 2351 43 23 the
592 2369 4 3 .

58 2391 121 30 meetings
197 2391 26 23 of
243 2390 42 24 the
305 2390 152 24 Committee'
472 2390 30 24 be
523 2390 58 24 held

60 2436 34 16 on
104 2428 44 24 the
158 2428 54 24 first
224 2426 107 31 Monday
353 2426 26 24 of
398 2434 72 23 every
492 2427 105 36 monjbh^

57 2468 28 22 at
97 2466 65 23 7.30.
284 2464 61 24 This
356 2462 80 27 ended
454 2464 43 25 the
504 2464 3 5 ;
516 2455 81 35 busi-\

59 2511 65 17 ness.

122 2636 87 27 EAST
226 2636 140 27 OXFORD
378 2636 139 27 SCHOOL.

220 2674 208 25 COMMITTEE.;

90 2752 22 23 A
123 2750 89 32 special
216 2750 115 30 meeting
342 2750 27 25 of
383 2750 51 26 the;
448 2750 63 25 East
532 2749 48 24 Ox-

56 2789 54 24 ford
124 2789 88 23 School
231 2787 147 24 Committee
401 2795 55 18 wasj
472 2787 60 23 held
533 2794 5 9 1
549 2794 32 17 on

56 2827 129 30 Thursday
196 2826 67 30 April
275 2827 62 27 21st>
350 2825 72 25 when
434 2825 144 25 the:follow-

55 2867 43 29 ing
107 2873 61 16 were
178 2866 106 29 present:
287 2879 32 4 —
320 2865 39 24 Mr
378 2864 94 25 Stubbs
485 2865 94 31 (Chair-

55 2903 79 31 man),
168 2902 49 23 and
239 2902 90 23 Messrs
352 2902 104 29 Wright,
481 2902 101 29 Sharpe,

56 2941 114 24 Mitchell
181 2940 48 24 and
370 2939 32 25 At
415 2939 41 25 the
469 2940 113 31 previous

56 2980 110 30 maeting
191 2992 4 3 •
202 2980 88 23 Messrs
313 2978 94 32 Sharpe
425 2979 63 32 and^
494 2979 88 25 Parish

56 3027 63 16 were
131 3019 129 30 appointed
270 3019 26 23 to
307 3018 57 24 look
376 3025 56 17 over
442 3018 43 24 the
496 3018 84 25 school

55 3056 110 31 register,
178 3055 49 24 and
249 3055 80 33 reporfc
352 3062 27 17 as
401 3056 26 23 to
449 3055 43 24 the
514 3056 67 30 large

55 3095 106 25 number
178 3095 26 24 of
225 3093 134 25 absentees.
394 3094 73 25 Their
499 3096 82 29 report

56 3142 51 17 was
118 3142 27 16 as
152 3133 103 26 follows:
257 3147 30 4 —
289 3137 16 10 •'
321 3133 42 24 We
375 3132 61 26 have
453 3133 129 25 examined

56 3175 44 24 the
112 3173 82 26 school
211 3173 107 31 register,
332 3171 48 26 and
392 3172 55 24 find.
451 3173 42 23 the
515 3172 66 31 prin-

55 3213 66 30 cipal
132 3220 70 16 cause
215 3212 26 24 of
259 3212 54 27 the..
319 3211 132 24 'difference

55 3250 43 25 the
109 3248 104 26 number
224 3257 32 16 on
268 3248 42 24 the
321 3244 54 28 roil'
378 3248 49 24 and
438 3244 48 32 like,
500 3247 82 25 actual

54 3288 146 26 attendance
211 3289 26 22 to
246 3288 29 23 be
286 3287 24 23 m
324 3295 15 15 a
347 3295 111 17 measure
466 3288 114 23 account-

53 3328 31 24 ed
95 3328 37 23 for
143 3327 63 25 from
220 3327 40 24 the
271 3326 49 25 fact
332 3326 55 25 that
405 3334 67 18 some
492 3326 86 30 thirty-

51 3366 49 25 five
112 3366 109 25 children
232 3364 163 36 unde/^s^ven
534 3373 44 23 age

51 3404 32 24 do
96 3405 42 22 not
145 3405 50 22 atte
190 3400 12 11 m
197 3403 33 23 d
241 3403 129 30 regularly.
381 3403 4 10 '"
402 3402 23 24 *A
424 3398 6 12 F
429 3410 10 16 s
453 3402 47 24 'the
512 3410 65 17 com-

51 3440 100 33 pulsory
162 3441 93 24 clauses
267 3439 27 25 of
305 3439 41 26 the
366 3439 46 25 Act
435 3440 90 25 cannot
548 3438 29 26 be

55 3479 127 32 employed
188 3482 4 4 '
209 3481 26 22 to
271 3479 95 24 enforce
404 3479 43 25 the
470 3482 3 5 '
484 3479 96 24 attend-

55 3527 60 18 ance
149 3519 27 25 of
201 3518 42 26 the
250 3523 4 17 :
260 3518 113 25 /foresaid
383 3530 21 15 ■•;
412 3519 110 24 children
561 3519 20 23 it

51 3564 58 23 may
121 3556 28 24 be
161 3563 27 17 as
201 3556 54 24 well
266 3555 37 24 for
314 3556 42 23 the
368 3556 125 31 incoming
506 3556 70 25 Com-

49 3594 87 25 mittee
147 3595 26 22 to
185 3592 110 25 consider
310 3592 43 26 the
375 3593 154 31 advisability
553 3593 26 24 of

50 3631 142 31 suggesting
204 3632 25 22 to
240 3630 43 24 the
300 3629 158 26 headmaster;
550 3631 27 24 m

48 3669 132 30 preparing
190 3667 40 23 his
241 3667 115 30 monthly
364 3690 2 5 ,
377 3671 97 21 returns
496 3668 28 23 of
531 3685 4 3 •
540 3673 36 18 at-

48 3705 121 25 tendance
181 3704 31 23 he
230 3703 89 24 should
336 3704 60 24 send
418 3712 15 17 a
465 3706 111 29 separate

48 3745 85 25 return
145 3742 27 24 of
181 3742 109 25 children
302 3742 128 32 attending
441 3744 42 24 the
494 3744 82 25 school

49 3789 58 19 over
117 3788 73 18 seven
200 3787 71 25 .years
281 3780 28 25 of
432 3775 64 33 Tiie*
503 3790 73 18 nun?-

665 190 43 24 ber
719 189 49 25 and
779 197 57 24 ages
847 189 28 25 of
883 188 110 25 children
1004 189 45 24 not
1059 189 129 31 presented

665 227 38 24 for
711 226 166 24 examination
887 226 27 24 m
926 225 123 25 Standard
1064 226 30 29 1.,
1120 226 67 31 Sept.

666 263 48 25 last
725 271 65 24 year,
804 271 48 17 v/as
875 271 26 16 as
924 263 101 25 follows.
1028 277 32 5 —
1061 264 30 23 12
1113 264 77 24 child-

667 310 44 16 ren
723 302 62 24 from
798 301 67 32 eight
877 304 25 23 to
921 302 59 24 nine
999 310 70 23 years
1091 302 28 25 of
1138 311 52 22 age.

669 343 14 23 9
695 342 110 24 children
814 342 63 24 from
887 342 59 23 nine
968 344 25 22 to
1014 342 85 24 twelve
1121 349 70 24 years

668 380 27 24 of
711 388 51 24 age.
796 382 16 22 4
840 380 111 24 children
973 380 62 25 from
1059 381 85 24 twelve
1167 383 24 23 to

668 417 84 25 fifteen
759 425 70 23 years
836 418 27 24 of
867 425 52 23 age.
938 418 52 24 The
999 418 126 32 Secretary
1134 418 57 25 sub-

669 455 87 24 mitted
767 455 42 25 the
821 455 181 26 balance-sheet
1013 457 38 24 for
1073 457 41 24 the
1137 459 54 29 past

668 502 64 23 year,
745 495 80 24 which
836 502 50 17 was
897 495 121 31 approved
1026 495 27 25 of
1060 495 95 31 subject
1166 498 25 23 to

669 531 43 24 the
723 532 117 24 auditor's
851 533 88 28 report.

722 642 94 24 WEST
835 641 136 25 OXFORD
1000 642 141 24 SCHOOL.

811 685 100 23 Annual
929 685 123 23 Meeting.

701 778 40 25 Mr
752 779 31 24 G.
796 779 57 26 Nell
863 787 50 18 was
924 779 73 26 voted
1007 781 26 24 to
1048 779 43 26 the
1113 779 79 26 chair.

672 817 38 24 Mr
721 817 118 24 Prichard
850 818 118 30 proposed
977 825 15 16 a
1014 817 133 25 resolution
1171 819 25 23 to

671 854 43 24 the
725 853 70 25 effect
807 853 54 26 that
873 862 14 17 a
899 856 86 30 strong
995 856 93 29 protest
1108 854 88 25 should

672 891 30 25 be
713 891 71 25 made
795 892 96 30 against
902 892 43 24 the
962 891 82 25 Board
1065 891 130 25 withhold-

670 928 44 31 ing
725 929 42 24 the
774 930 116 23 accounts
901 930 38 23 till
950 930 63 23 after
1034 929 42 25 the
1098 934 92 19 annual

673 966 116 30 meeting,
802 966 49 24 and
862 966 55 25 that
929 965 42 25 the
981 966 110 32 meeting
1101 966 94 25 decline

673 1003 26 23 to
710 1009 31 24 go
757 1010 33 17 on
802 1003 60 24 with
881 1003 43 24 the
945 1003 112 25 business
1079 1003 27 24 m
1127 1003 68 24 hand

673 1041 65 24 until
750 1041 42 25 the
804 1043 116 23 accounts
939 1050 41 16 are
1001 1042 118 24 received.
1155 1042 40 24 An

673 1080 159 25 amendment
842 1082 26 24 to
879 1088 31 23 go
921 1088 33 17 on
965 1088 50 18 was
1023 1081 100 25 carried.
1158 1081 39 25 An

674 1117 143 25 exhaußtive
828 1120 81 29 report
920 1126 50 16 was
978 1118 67 28 read,
1067 1119 131 31 reviewing

673 1155 43 24 the
735 1154 79 25 whole
836 1155 82 24 action
939 1156 27 23 of
986 1155 42 25 the
1051 1156 148 24 Committee

673 1191 89 32 during
771 1192 63 24 their
845 1194 63 22 term
926 1193 27 24 of
973 1193 76 29 office,
1069 1193 81 24 which
1173 1195 26 23 to

672 1230 99 31 publish
782 1231 27 24 m
819 1233 100 22 extense
928 1231 81 25 would
1020 1231 57 31 only
1089 1232 30 25 be
1130 1240 67 23 repe-

675 1269 80 29 tition,
767 1277 28 17 as
807 1269 42 25 the
860 1270 91 24 results
961 1270 27 25 of
997 1278 72 24 every
1090 1271 109 32 meeting

673 1308 63 24 have
747 1308 98 32 already
856 1309 120 31 appeared
986 1309 28 25 m
1025 1317 45 18 our
1077 1309 121 26 columns.

673 1346 54 24 The
736 1347 90 28 report,
846 1346 119 28 however,
985 1353 50 17 was
1047 1354 59 23 very
1128 1346 71 26 satis-

672 1381 100 32 factory,
784 1382 27 25 m
819 1382 87 31 regard
919 1384 26 23 to
962 1382 42 25 the
1026 1384 126 24 condition
1173 1384 28 24 of

672 1419 43 24 the
726 1419 124 31 buildings
873 1421 49 23 and
943 1421 117 30 grounds,
1083 1421 50 24 and
1154 1421 43 24 the

672 1460 99 30 general
779 1459 124 31 efficiency
914 1459 27 25 of
950 1460 42 23 the
1004 1460 116 31 teaching
1130 1461 65 24 staff.

673 1496 52 23 The
736 1495 58 31 only
805 1497 89 23 matter
905 1495 38 25 for
952 1498 80 29 regret
1044 1504 50 17 was
1105 1504 15 17 a
1143 1496 54 25 fall-

672 1534 43 31 ing
726 1534 33 24 off
769 1534 27 24 m
812 1534 117 25 numbers
951 1535 26 25 to
999 1534 43 26 the
1064 1536 84 24 extent
1170 1535 28 25 of

673 1572 75 24 about
759 1572 31 24 25
802 1571 110 25 children
924 1572 130 31 compared
1072 1572 61 25 with
1155 1574 42 24 the

672 1611 112 31 previous
805 1619 58 23 year
872 1618 7 21 ;
907 1611 158 25 attributable
1087 1613 26 23 to
1147 1613 48 23 two

672 1657 93 17 causes.
799 1650 73 29 First,
891 1650 42 25 the
945 1650 91 25 exodus
1046 1650 27 25 of
1091 1651 106 25 families

672 1688 26 23 to
707 1687 43 24 the
771 1687 90 29 North,
890 1687 49 24 and
962 1687 122 32 secondly,
1108 1689 26 24 to
1156 1687 43 26 the

671 1723 146 26 Committee
828 1724 125 32 enforcing
975 1725 43 25 the
1040 1725 154 33 compulsory

672 1764 82 25 clause
776 1766 26 24 at
824 1765 81 24 which
928 1772 67 17 some
1016 1767 99 29 parents
1148 1765 50 25 had

673 1804 75 24 taken
767 1804 125 31 umbrage,
915 1805 50 24 and
984 1805 49 24 had
1054 1805 145 24 withdrawn

673 1841 64 23 their
748 1840 119 29 children,
879 1842 50 23 and
940 1843 55 23 sent
1006 1842 69 24 them
1087 1844 26 22 to
1124 1842 72 24 other

673 1879 105 29 schools,
800 1888 33 16 an
855 1883 173 28 arrangement
1051 1881 81 24 which
1153 1881 44 25 the

671 1920 82 29 report
774 1919 128 23 remarked
936 1919 132 25 benefited
1100 1920 97 31 nobody

671 1957 44 25 but
726 1957 42 25 the
780 1958 152 24 shoemaker.
966 1958 53 24 The
1040 1960 82 30 report
1144 1959 51 25 and

670 1996 101 25 balance
783 1997 68 25 sheet
863 2005 62 17 were
936 1998 111 30 adopted.

748 2118 133 26 SCHOOL
926 2119 200 25 COMMITTEE

833 2158 203 26 ELECTIONS.

833 2240 75 24 West
925 2240 108 24 Oxford.

702 2281 22 24 A
735 2282 108 30 meeting
854 2282 27 25 of
889 2282 175 25 householders
1076 2291 49 16 was
1136 2282 58 25 held

669 2319 49 24 last
730 2319 104 31 evening
845 2321 25 22 to
882 2320 62 24 elect
952 2328 15 15 a
989 2319 146 26 Committee
1158 2319 37 25 for

670 2355 43 25 the
726 2356 105 31 ensuing
845 2364 65 23 year.
945 2357 79 24 There
1045 2364 62 18 were
1129 2357 67 31 eight

670 2394 168 24 nominations
846 2394 38 25 for
895 2402 73 17 seven
980 2395 134 25 vacancies.
1144 2395 52 25 The

670 2431 125 32 following
803 2439 62 17 were
877 2432 136 25 elected:—
1013 2433 92 25 Messrs
1113 2433 83 25 Alfred

671 2470 93 30 Ancall,
788 2471 47 24 Job
857 2472 123 30 Benning,
999 2472 94 31 George
1118 2472 78 28 Dean,

670 2507 67 24 John
746 2508 127 28 Knowles,
886 2508 106 25 Richard
1004 2508 86 28 Wratt,
1100 2508 95 32 George

670 2544 75 25 Jones
757 2545 49 24 and
830 2544 82 25 Albert
934 2545 29 23 P.
981 2545 127 24 Prichard.

670 2582 53 24 Rev
744 2582 24 23 J.
791 2582 122 30 Bearing,
937 2590 50 16 was
1008 2582 92 24 elected
1111 2582 85 25 Chair-

672 2627 67 16 man.

863 2695 141 25 Woodside.

706 2740 91 22 Messrs
808 2740 25 22 J.
846 2740 115 27 Valance,
971 2740 32 23 E.
1024 2740 120 28 Herman,
1166 2740 29 25 B,

674 2776 93 30 Marsh,
778 2776 24 26 J.
817 2776 163 32 Stephenson,
992 2777 22 24 A
1025 2777 124 30 Vallance,
1173 2778 22 24 J.

672 2815 106 25 Bonisch
790 2816 86 24 andß.
890 2816 91 31 Taylor
992 2816 49 24 and
1052 2818 26 23 at
1090 2824 15 17 a
1117 2816 78 26 subse-

670 2856 76 30 quent
773 2855 108 31 meeting
891 2855 38 24 Mr
949 2855 29 24 A.
991 2855 106 25 Valance
1109 2863 49 17 was
1166 2864 29 23 ap

673 2893 98 31 pointed
783 2893 144 28 Chairman,
939 2896 48 21 and
999 2893 40 24 Mr
1053 2893 31 24 R.
1105 2893 90 30 Marsh,

672 2932 130 20 treasurer.

898 2980 73 26 Cust.

707 3021 78 24 There
795 3029 51 16 was
857 3029 15 16 a
893 3022 97 24 limited
1009 3023 146 25 attendance
1173 3025 28 24 at

675 3058 43 24 the
728 3058 62 24 Gust
801 3058 92 25 annual
912 3059 116 32 meeting.
1073 3060 53 25 The
1147 3061 54 25 Rev

674 3095 32 24 D.
719 3095 31 24 D.
763 3095 97 31 Rodger
874 3096 111 30 presided
1007 3097 49 24 and
1077 3098 58 24 read
1157 3099 43 25 the

674 3136 90 29 report,
775 3134 90 30 which,
877 3143 33 16 on
932 3135 42 25 the
996 3136 95 25 motion
1112 3137 27 24 of
1159 3138 41 24 Mr

674 3172 104 33 Cyo^aie,
788 3180 50 17 was
850 3173 113 31 adopted.
998 3175 53 25 The
1073 3176 126 32 incoming

640 3210 181 27 fc-^Oominittee
858 3211 94 23 consist
985 3211 40 25 Mr
1058 3212 31 24 GK
1129 3213 71 25 Head

657 3253 4 8 ;
674 3246 164 33 (Chairman),
872 3246 43 25 the
949 3248 52 24 Rev
1030 3249 32 23 D.
1094 3249 105 32 Rodger,

640 3286 125 24 ->Messrs
776 3285 32 24 G.
821 3285 27 24 M
849 3288 6 9 1
875 3286 54 28 Kie,
954 3286 25 24 8.
1004 3287 132 32 Atkinson,
1159 3289 39 25 W.

674 3325 97 27 Brown,
785 3324 33 25 H.
830 3324 51 25 Lee
891 3325 50 24 and
952 3325 30 24 A.
1005 3326 109 25 Ha?sall.
1160 3327 40 25 Mr

674 3361 99 24 Hunter
781 3361 119 31 proposed
910 3370 15 17 a
936 3364 56 23 vote
1013 3363 28 24 of
1060 3363 91 26 thanks
1173 3366 27 24 to

674 3400 43 25 the
736 3400 102 30 retiring
860 3401 155 28 Committee,
1038 3403 49 24 and
1106 3403 21 24 it
1148 3411 51 18 was

672 3437 94 26 carried
776 3437 104 26 without
892 3437 102 26 dissent.

851 3513 159 25 UNKNWON

704 3554 53 25 The
770 3556 93 23 annual
875 3555 108 33 meeting
1004 3556 28 25 of
1051 3557 147 26 household-

672 3600 46 19 ers,
730 3592 39 24 for
780 3592 42 24 tho
834 3592 103 25 election
950 3594 26 23 of
985 3601 15 16 a
1013 3594 89 24 School
1126 3595 71 25 Com-

670 3632 94 27 mittee,
777 3639 50 16 was
838 3631 57 24 held
907 3640 32 16 on
952 3632 107 33 Monday
1083 3636 113 29 evening.

670 3670 52 25 The
731 3671 71 23 usual
820 3669 88 26 formal
930 3671 112 25 business
1064 3680 50 17 was
1133 3681 64 24 gone

672 3708 115 30 through,
813 3707 50 24 and
881 3715 28 17 as
931 3708 69 25 there
1033 3717 62 17 were
1128 3717 68 19 more

669 3745 141 32 gentlemen
831 3745 144 25 nominated
997 3746 62 25 than
1078 3756 50 16 was
1157 3756 37 17 re-

670 3784 87 33 quired
769 3784 10 24 t
800 3783 63 25 form
872 3791 15 17 a
896 3784 148 31 committee,
1054 3792 32 18 an
1093 3785 104 28 election

1280 187 49 18 was
1340 180 65 30 held,
1418 182 80 24 which
1509 183 107 24 resulted
1628 191 27 17 as
1667 184 101 29 follows,
1771 199 31 4 —

1279 219 93 25 Messrs
1405 220 105 31 Wright,
1546 221 147 34 (chairman)
1727 223 74 31 Boys,

1279 257 127 31 Mounsey,
1416 257 84 30 Harle,
1513 258 82 29 Bunn,
1609 259 124 32 Simpson,
1754 261 48 24 and

1278 295 74 25 Lace.

1307 479 61 24 Last
1380 480 111 32 Tuesday
1502 481 67 24 week
1580 489 14 16 a
1606 490 56 23 very
1674 482 126 31 enjoyable

1275 517 104 31 evening
1386 526 49 15 was
1447 520 70 28 spent
1529 519 31 28 by
1568 519 41 24 the
1618 522 121 22 members
1750 520 49 24 and

1274 553 92 26 friends
1377 554 27 25 of
1412 554 43 25 the
1468 555 147 25 Oddfellows
1627 557 74 24 Brass
1719 557 80 29 Band,

1275 593 42 25 the
1332 596 113 23 occasion
1468 595 72 30 being
1562 596 42 24 the
1625 596 128 30 departure
1776 597 27 24 of

1276 630 67 24 three
1355 631 27 24 of
1392 632 41 23 the
1445 635 64 21 most
1521 633 140 30 prominent
1679 633 123 25 members

1275 665 27 26 of
1332 668 44 25 the
1406 668 73 25 btind.
1514 670 39 24 Mr
1585 670 94 31 George
1710 672 90 28 Smith,

1277 704 134 32 Secretary,
1424 706 114 31 occupied
1551 708 41 23 the
1604 708 75 28 chair,
1705 709 48 22 and
1775 708 25 24 m

1275 749 16 16 a
1301 742 45 24 few
1358 743 54 24 well
1425 743 90 24 chosen
1527 745 77 23 words
1618 745 61 27 said,
1692 747 55 22 ttat
1759 745 42 24 the

1275 778 66 25 band
1351 779 85 32 deeply
1452 781 121 30 regretted
1584 781 79 32 losing
1680 783 43 24 the
1745 783 54 24 val-

1275 818 71 25 uable
1357 820 133 24 assistance
1501 821 27 23 of
1534 821 42 24 the
1589 822 65 24 three
1680 822 121 24 members

1275 855 55 25 who
1342 863 61 17 were
1425 860 106 27 present.
1565 858 70 24 Each
1657 860 142 31 responded.

1275 894 68 32 They
1355 896 52 23 said
1418 896 55 24 that
1484 896 58 33 they
1554 905 60 17 were
1626 907 56 22 very
1694 907 68 24 sorry
1773 902 26 22 to

1275 934 75 29 leave,
1364 935 44 24 but
1420 935 41 25 the
1468 937 109 30 scarcity
1588 938 28 23 of
1624 940 66 21 work
1711 938 27 24 m
1758 939 42 24 the

1276 971 95 25 district
1398 973 135 30 compelled
1562 975 67 24 them
1658 977 25 22 to
1705 976 31 24 do
1765 984 34 16 so.

1279 1010 129 25 Wherever
1430 1011 57 32 they
1499 1017 64 20 went
1585 1013 57 31 they
1665 1014 79 25 would
1767 1016 33 23 al-

1277 1055 65 23 ways
1353 1048 71 24 think
1436 1049 27 24 of
1472 1051 42 23 the
1538 1050 115 25 kindness
1672 1052 57 30 they
1752 1053 50 23 had

1277 1086 116 29 received,
1406 1087 48 25 and
1465 1088 22 24 if
1495 1097 55 17 ever
1573 1090 57 31 they
1653 1091 90 24 should
1765 1100 35 15 re-

1278 1128 65 27 turn,
1357 1127 57 31 they
1432 1128 80 24 would
1534 1128 30 25 be
1586 1133 65 21 most
1673 1130 82 31 happy
1778 1133 24 22 to

1278 1168 69 22 enter
1359 1166 42 24 the
1412 1167 75 25 ranks
1498 1168 82 31 again.
1614 1169 54 24 The
1679 1169 87 25 health
1778 1170 26 24 of

1303 1202 52 26 The
1368 1203 90 26 Guests
1495 1213 49 17 was
1555 1205 80 25 drunk
1649 1206 59 25 with
1727 1207 77 24 musi-

1278 1242 37 24 cal
1324 1241 116 27 honours.
1474 1244 41 24 Mr
1536 1244 125 32 Harbidge
1683 1247 120 30 proposed

1303 1281 93 25 Health
1407 1282 49 25 and
1468 1284 135 31 prosperity
1615 1286 25 22 to
1652 1284 42 25 the
1705 1284 73 25 Band

1277 1318 49 23 and
1336 1318 141 25 considered
1489 1321 42 23 the
1543 1320 65 24 band
1620 1329 49 16 was
1691 1330 16 15 a
1726 1322 77 23 credit

1277 1358 25 23 to
1313 1356 43 25 the
1366 1357 76 31 place.
1477 1358 40 24 Mr
1528 1359 142 31 Thompson
1682 1361 53 23 said
1747 1361 55 23 that

1276 1392 31 26 he
1327 1393 48 25 had
1398 1394 75 25 heard
1494 1395 21 24 it
1537 1397 131 23 rumoured
1687 1397 55 24 that
1760 1397 43 24 the

1276 1429 65 26 band
1352 1439 50 17 was
1414 1434 64 24 most
1494 1432 74 32 likely
1580 1435 25 23 to
1616 1433 74 25 break
1701 1441 43 24 up,
1759 1434 42 25 but

1276 1468 32 24 he
1319 1468 80 24 would
1410 1468 30 25 be
1451 1477 57 23 very
1520 1478 67 23 sorry
1599 1470 21 23 if
1640 1470 49 25 this
1713 1471 89 24 should

1275 1505 31 25 be
1317 1507 42 24 the
1371 1515 62 20 case,
1446 1515 27 17 as
1485 1508 122 25 wherever
1617 1508 32 26 he
1669 1509 50 25 had
1740 1517 63 24 gone

1275 1545 32 25 he
1319 1545 49 25 had
1390 1547 92 31 always
1505 1547 75 26 heard
1599 1549 42 24 the
1664 1549 65 25 band
1747 1550 55 24 well

1276 1584 91 32 spoken
1379 1585 32 25 of.
1446 1589 37 22 As
1500 1595 15 16 a
1526 1588 88 24 citizen
1626 1589 32 24 he
1667 1597 49 16 was
1724 1589 78 31 proud

1276 1623 27 25 of
1312 1623 42 26 the
1366 1625 64 24 band
1442 1625 48 24 and
1503 1634 47 17 was
1562 1628 92 24 certain
1666 1628 55 25 that
1733 1629 69 24 there

1275 1670 50 17 was
1332 1665 53 23 -not
1397 1672 15 16 a
1432 1663 78 26 better
1531 1668 104 30 country
1656 1667 66 24 band
1743 1676 58 24 any-

1275 1700 89 25 where.
1393 1701 76 32 They-
1473 1702 50 24 had
1534 1710 32 17 an
1578 1703 55 25 able
1644 1704 158 25 bandmaster

1275 1737 56 26 who
1343 1738 85 33 spared
1444 1747 33 17 no
1494 1740 71 31 pains
1593 1742 25 24 to
1646 1741 71 26 make
1745 1742 20 25 it
1787 1750 15 17 a

1276 1784 103 22 success,
1391 1777 49 26 and
1451 1778 60 24 with
1523 1779 60 24 such
1595 1787 15 16 a
1621 1787 59 17 man
1708 1782 25 22 at
1759 1780 42 24 the

1275 1814 68 25 helm
1360 1815 32 24 he
1403 1816 48 23 had
1462 1823 33 16 no
1506 1816 51 24 fear
1571 1815 44 26 but
1626 1817 56 24 that
1704 1818 60 24 with
1787 1825 15 16 a

1275 1853 64 24 little
1351 1861 54 17 new
1418 1853 75 26 blood
1508 1855 97 25 infused
1621 1855 52 26 into
1701 1856 28 30 it,
1759 1856 42 25 the

1277 1892 63 24 band
1357 1893 49 24 will
1417 1900 60 17 once
1487 1900 68 17 more
1570 1895 74 23 reach
1656 1895 54 24 that
1738 1896 63 23 state

1274 1929 28 24 of
1310 1930 132 30 perfection
1454 1930 80 24 which
1543 1931 20 24 it
1576 1931 45 24 has
1630 1931 62 25 been
1703 1940 28 16 so
1747 1931 55 25 well

1275 1966 75 25 noted
1366 1967 46 24 for.
1445 1967 41 25 Mr
1515 1968 82 25 Smith
1625 1969 99 31 replied,
1753 1970 49 24 and

1275 2006 52 23 said
1339 2006 68 24 there
1415 2014 50 17 was
1476 2009 44 22 not
1537 2008 43 24 the
1596 2008 114 31 slightest
1727 2009 70 23 truth

1275 2044 27 24 m
1317 2044 42 25 the
1370 2052 108 17 rumour.
1512 2043 40 27 He
1564 2045 80 32 hoped
1654 2047 53 24 that
1731 2046 69 25 those

1275 2083 120 25 members
1427 2084 55 25 who
1509 2085 125 24 remained
1663 2085 79 25 would
1769 2086 31 24 do

1275 2123 64 24 their
1350 2125 93 23 utmost
1454 2126 26 23 to
1491 2124 88 25 induce
1606 2124 83 25 others
1716 2126 26 23 to
1762 2125 39 25 fill

1275 2160 43 24 the
1329 2161 81 30 places
1421 2161 27 24 of
1457 2161 70 24 those
1539 2161 54 26 who
1605 2161 49 25 had
1667 2161 53 32 just
1747 2162 52 25 left.

1275 2199 52 25 The
1339 2199 65 25 band
1416 2201 45 24 has
1468 2209 56 16 now
1535 2201 62 25 been
1623 2201 27 25 m
1678 2202 122 25 existence

1275 2234 61 33 fully
1344 2237 54 24 four
1409 2245 77 24 years,
1499 2238 50 24 and
1560 2238 88 31 during
1656 2239 56 24 that
1739 2241 60 23 time

1274 2274 21 24 it
1306 2274 46 24 has
1362 2274 50 24 had
1424 2276 25 22 to
1465 2274 64 31 fight
1545 2283 33 16 an
1606 2275 78 30 uphill
1714 2275 85 29 battle,

1273 2313 50 24 and
1334 2320 55 17 now
1406 2313 71 25 when
1504 2313 21 25 it
1552 2313 45 25 has
1625 2314 103 25 reached
1755 2314 44 26 the

1275 2352 101 23 summit
1388 2351 26 24 of
1423 2351 33 24 its
1467 2351 120 25 ambition
1614 2352 21 25 it
1661 2352 82 25 would
1768 2352 31 25 be

1272 2389 88 24 foolish
1375 2389 49 24 and
1436 2389 91 26 unwise
1538 2390 28 25 of
1575 2390 42 25 the
1628 2391 122 26 members
1772 2393 25 24 ti

1273 2428 74 25 break
1359 2436 40 24 up.
1426 2429 51 24 The
1493 2431 99 29 present
1603 2430 122 25 members
1737 2431 62 25 have

1273 2465 62 25 been
1340 2465 78 25 levied
1431 2474 57 23 very
1499 2466 97 32 heavily
1607 2467 37 24 for
1654 2468 33 24 it
1683 2468 20 24 3
1697 2468 100 31 upkeep,

1273 2504 43 25 but
1328 2505 31 23 he
1371 2512 49 17 was
1432 2505 80 31 happy
1524 2507 25 23 to
1567 2507 71 28 state,
1651 2507 55 24 that
1717 2507 26 24 m
1755 2508 43 25 the

1272 2542 81 24 future
1361 2542 64 24 -such
1437 2543 80 24 would
1529 2545 44 23 not
1585 2544 29 24 be
1625 2544 43 24 the
1687 2552 63 17 case.
1785 2545 14 25 I

1272 2579 62 24 have
1352 2580 152 30 approached
1536 2582 92 24 several
1656 2589 141 24 youngmen

1273 2616 55 25 who
1339 2616 61 25 have
1412 2617 134 31 invariably
1564 2618 74 24 asked
1665 2626 40 17 me
1732 2619 67 25 what

1272 2655 57 31 gain
1341 2655 21 24 is
1379 2658 26 21 to
1421 2655 30 24 be
1468 2656 95 25 derived
1592 2657 31 31 by
1647 2657 105 32 joining.
1785 2658 14 24 I

1272 2693 52 23 told
1335 2692 68 24 them
1415 2693 55 23 that
1487 2693 68 25 there
1583 2701 50 17 was
1660 2702 65 17 none
1752 2695 47 24 fin-

1272 2732 112 31 ancially,
1398 2731 43 25 but
1459 2733 52 24 still
1522 2740 49 18 was
1583 2734 20 24 it
1614 2736 44 22 not
1685 2734 114 31 pleasant

1272 2770 38 24 for
1319 2778 28 17 us
1359 2772 33 24 all
1404 2773 25 23 to
1440 2773 69 23 meet,
1519 2772 26 24 of
1559 2780 33 16 an
1619 2773 105 32 evening
1750 2773 49 24 and

1273 2810 113 30 practice.
1421 2810 68 31 They
1501 2810 72 26 know
1588 2813 45 23 not
1650 2812 66 25 what
1743 2813 56 30 part

1274 2846 58 32 they
1344 2855 56 23 may
1412 2847 29 24 be
1453 2848 79 24 called
1543 2856 66 23 upon
1620 2850 26 24 to
1658 2849 37 29 fill
1701 2850 26 24 m
1738 2850 62 24 after

1273 2883 49 30 life,
1335 2885 49 23 and
1395 2885 19 23 if
1426 2885 30 30 by
1468 2886 112 30 learning
1593 2888 26 22 to
1635 2888 66 29 play,
1729 2887 70 24 there

1277 2928 56 24 may
1344 2923 44 23 not
1406 2921 29 25 be
1446 2930 48 23 any
1505 2923 58 31 gain
1574 2923 45 25 but
1630 2923 52 25 still
1693 2924 70 25 there
1778 2925 22 24 is

1272 2967 33 17 no
1317 2961 58 24 loss.
1409 2961 38 32 By
1459 2961 83 31 giving
1562 2970 33 17 an
1611 2963 137 25 exhibition
1774 2964 28 24 of

1274 2997 65 25 their
1348 2998 92 24 talents
1456 2998 57 31 they
1524 2999 78 25 afford
1612 2999 56 25 food
1688 3003 25 23 to
1736 3001 64 25 their

1274 3034 49 25 less
1334 3035 108 24 talented
1459 3035 123 25 brethera.
1616 3038 31 23 In
1659 3039 142 25 conclusion

1275 3074 14 24 I
1300 3075 132 29 may/state
1447 3074 58 25 that
1515 3075 143 33 financially
1670 3078 43 24 the
1736 3078 66 24 band

1274 3118 50 17 was
1334 3119 75 16 never
1419 3112 27 24 m
1458 3119 15 17 a
1489 3112 79 26 better
1579 3115 71 27 state,
1668 3115 50 25 and
1745 3116 55 24 that

1275 3155 54 17 new
1340 3149 122 24 members
1473 3149 52 26 will
1539 3153 45 22 not
1611 3151 62 26 have
1702 3154 26 23 to
1755 3155 45 30 put

1275 3187 63 25 their
1350 3188 79 25 handa
1440 3188 27 24 m
1478 3189 63 25 thoir
1558 3191 100 30 pockets
1675 3193 49 24 and
1752 3201 46 23 pay

1273 3231 45 23 put
1330 3227 25 23 to
1367 3227 41 23 the
1420 3234 67 18 same
1500 3231 84 23 extent
1601 3237 27 17 as
1656 3231 64 24 their
1748 3240 53 23 pre-

1275 3262 122 26 decessors
1409 3264 62 24 have
1482 3266 70 24 done.
1578 3267 38 32 By.
1626 3269 60 23 next
1696 3270 106 29 practice

1275 3302 72 31 night
1358 3303 14 24 I
1381 3303 62 31 hope
1454 3306 26 22 to
1491 3313 40 17 see
1543 3314 67 17 some
1621 3314 52 18 new
1686 3308 65 25 faces
1773 3309 27 23 m

1275 3339 42 24 the
1329 3339 82 29 ranks,
1423 3341 49 24 and
1489 3341 58 32 they
1559 3351 56 23 may
1632 3346 50 22 rest
1700 3346 101 24 assured

1275 3377 56 26 that
1342 3379 59 31 they
1413 3379 50 25 will
1474 3382 92 23 receive
1583 3382 34 24 all
1630 3382 41 26 the
1693 3384 109 31 training

1275 3416 56 25 that
1342 3417 20 24 it
1372 3418 22 23 is
1406 3419 107 30 possible
1523 3420 37 25 for
1588 3429 30 16 us
1646 3424 26 23 to
1699 3422 100 26 bestow.

1276 3455 40 25 Mr
1327 3454 82 27 Smith
1423 3459 114 24 resumed
1564 3460 39 25 his
1631 3464 52 22 seat
1711 3463 91 25 amidst

1275 3492 92 27 cheers.
1402 3494 97 33 During
1510 3497 42 25 the
1580 3499 105 31 evening
1708 3502 93 25 several

1276 3538 74 23 songs
1366 3539 62 17 were
1456 3541 70 24 sung.
1560 3534 53 26 The
1641 3539 72 29 party
1741 3539 60 24 then

1275 3568 73 25 broke
1361 3577 40 24 up,
1414 3570 92 33 having
1527 3574 149 33 thoroughly
1700 3577 103 31 enjoyed

1275 3606 156 25 themselves.
1462 3610 3 5 '

1384 3702 309 32 ODDFELLOWSHIP.

1310 3782 53 26 The
1386 3784 72 25 usual
1480 3785 147 35 fortnightly
1649 3789 109 32 meeting
1779 3791 27 25 of

1891 193 43 25 the
1942 195 78 31 Loyal
2043 196 91 24 Oxford
2157 197 90 31 Lodge,
2271 198 46 25 No.
2341 201 72 27 6172,

1891 240 50 17 was
1959 234 57 24 held
2028 243 32 16 oil
2073 235 121 33 Saturday
2212 237 110 31 evening,
2346 238 75 32 April-

1893 270 67 25 Kith.
1996 272 194 26 TheG.M.Bro
2213 273 24 26 J.
2244 265 4 19 :
2261 274 32 25 R.
2316 275 98 32 Young-

1891 315 58 17 man
1960 310 119 29 presided,
2092 311 48 23 and
2162 312 94 30 opened
2278 312 43 24 the
2344 313 70 31 lodge

1891 344 26 25 m
1929 345 47 26 due
1987 346 72 25 form.
2094 348 52 25 The
2157 351 122 26 accounts,
2285 350 49 24 and
2352 351 62 23 min-

1891 384 54 23 utes
1967 383 27 24 of
2011 384 43 24 the
2076 386 112 30 previous
2213 387 109 31 meeting
2354 395 62 17 were

1890 420 58 24 read
1959 421 49 24 and
2019 423 139 25 confirmed.

1924 459 209 33 Correspondence
2143 471 51 17 was
2214 464 109 24 received
2353 464 63 25 from

1891 498 102 26 District
2005 500 136 25 Chambers
2153 503 114 31 covering
2287 506 82 28 report
2392 503 26 24 of

1889 535 111 27 business
2002 537 4 9 1
2023 538 62 25 done
2108 541 25 23 at
2155 539 103 26 District
2292 541 119 31 maeting.

1892 574 74 24 From
1975 574 80 32 Loyal
2067 576 51 24 Mai
2122 585 56 16 vern
2195 578 79 31 Lodge
2288 579 126 31 enclosing

1891 612 145 25 statements
2047 614 32 23 of
2083 614 178 25 contributions
2282 616 80 31 owing
2383 616 33 31 by

1890 655 15 16 a
1916 648 99 25 brother
2026 649 26 24 of
2061 651 54 23 that
2126 651 78 31 locigp.
2240 652 51 25 The
2303 655 80 29 report
2391 654 27 24 of

1891 685 43 25 the
1945 711 2 2 .
1969 687 56 24 Sick
2055 687 104 26 Visitors
2199 691 116 29 together-
2352 692 57 23 with

1894 722 131 31 Surgeon's
2048 725 149 25 Certificates
2220 735 49 17 was
2274 750 3 2 .
2289 729 2 5 '
2300 729 116 28 received,

1893 760 110 32 showing
2014 762 91 24 several
2118 764 121 24 members
2247 772 32 18 on
2292 765 42 25 the
2343 765 73 26 funds

1893 799 27 23 of
1929 799 42 25 the
1983 800 77 32 lodge.
2097 802 56 24 Sick
2165 811 46 22 pay
2223 805 146 31 amounting
2392 809 24 21 to

1893 837 33 22 £8
1944 838 28 23 6s
1989 838 32 23 8d
2033 847 49 16 was
2093 840 87 30 passed
2191 841 36 24 for
2237 845 124 28 payment,
2374 843 42 25 the

1893 874 102 31 receipts
2008 875 72 31 being
2093 877 31 23 £1
2144 879 44 23 17s
2207 879 37 24 Id.
2280 879 51 24 The
2344 880 70 32 lodge

1893 921 50 17 was
1956 914 58 24 then
2027 915 80 24 closed
2119 917 26 23 m
2157 917 42 24 the
2211 919 72 24 usual
2303 927 111 18 manner.

1960 1013 39 25 ST
2011 1013 177 27 ANDEEW'S
2202 1016 139 25 CHURCH.

1926 1091 53 25 The
1990 1093 93 24 annual
2095 1096 107 30 meeting
2213 1096 26 24 of
2248 1094 3 3 '
2260 1096 41 25 the
2323 1099 93 29 parish-

1896 1130 82 25 ioners
1997 1131 27 24 of
2044 1133 98 29 Oxford,
2165 1142 48 17 was
2236 1135 58 24 held
2314 1137 28 23 m
2359 1158 3 2 .
2374 1138 43 24 the

1895 1167 99 25 Church
2007 1168 165 31 Schoolroom,
2194 1180 31 15 on
2247 1173 43 24 the
2313 1176 104 30 evening

1893 1206 27 24 of
1931 1206 120 33 Saturday
2062 1208 55 29 last,
2131 1211 25 23 at
2173 1212 15 23 8
2211 1218 59 24 p.m.
2304 1213 112 29 Present,

1893 1244 91 24 Messrs
1997 1245 117 30 Hawker,
2139 1247 102 32 Sharpe,
2264 1249 28 25 P.
2321 1250 95 30 Fisher,

1895 1281 95 31 Lough,
2004 1282 105 32 Meyers,
2122 1285 34 24 H.
2174 1285 90 30 Ffitch,
2288 1287 128 32 Mounsey,

1895 1320 83 29 Harle,
1992 1321 37 24 Dr
2045 1322 78 30 Weld,
2137 1324 48 23 and
2197 1325 42 23 the
2260 1326 53 24 Eev
2332 1327 31 24 R.
2386 1327 31 25 F.

1896 1359 110 24 Garbett.
2041 1361 31 23 In
2094 1362 105 32 opening
2227 1363 42 25 the
2299 1366 116 30 meeting,

1895 1395 40 24 Mr
1952 1396 103 25 Garbett
2077 1401 127 28 expressed
2226 1400 39 25 his
2288 1409 54 17 own
2363 1410 54 23 per-

1895 1435 68 24 sonal
1975 1435 250 33 acknowledgements
2237 1442 25 22 to
2273 1441 43 24 the
2323 1442 92 24 church

1895 1475 103 27 officers,
2022 1476 48 23 and
2093 1477 70 24 other
2194 1478 91 25 friends
2316 1479 26 25 of
2373 1480 42 25 the

1893 1514 94 24 church
1998 1514 36 24 for
2046 1514 64 26 their
2121 1516 141 30 assistance,
2275 1519 48 23 and
2334 1526 82 24 co-op-

1893 1553 94 25 eration
1999 1554 89 31 during
2100 1555 41 25 the
2152 1558 55 29 past
2228 1564 65 24 year,
2316 1558 102 31 making

1893 1590 89 30 special
1994 1592 109 24 mention
2115 1593 27 23 of
2150 1593 42 24 the
2204 1595 103 23 services
2330 1595 26 23 of
2377 1595 41 24 Mr

1891 1627 106 25 Hawker
2008 1636 28 17 as
2046 1628 108 26 Warden
2165 1631 48 24 and
2235 1631 53 31 Lay
2312 1632 103 29 Beader,

1893 1664 40 24 Mr
1946 1665 94 31 Sharpe
2049 1674 27 16 as
2086 1667 126 32 Secretary
2221 1669 49 23 and
2277 1669 139 30 Treasurer,

1894 1703 40 25 Mr
1955 1704 69 24 Dorn
2052 1713 27 16 as
2114 1706 74 25 Choir
2220 1707 100 29 Master,
2356 1708 61 25 Miss

1893 1742 87 25 Parish
1994 1751 27 17 as
2030 1745 115 31 organist,
2161 1746 52 25 who
2226 1754 47 18 was
2285 1748 52 25 also
2359 1756 58 24 very

1893 1780 85 31 kindly
1989 1782 116 31 assisting
2116 1784 26 23 at
2153 1783 43 25 the
2207 1784 88 32 Friday
2297 1785 1 6 1
2313 1787 104 29 evening

1893 1818 111 28 services,
2018 1819 39 23 Mr
2068 1819 78 27 Horn,
2159 1828 27 16 as
2198 1821 50 30 the^
2258 1822 159 30 Superinten-

1893 1856 65 30 dent,
1972 1857 49 24 and
2043 1858 42 24 the
2107 1858 88 26 Misses
2217 1860 83 30 Keats,
2324 1862 92 31 Meyer,

1892 1893 97 28 Brown,
2001 1895 49 23 and
2062 1895 79 24 Petrie
2158 1904 27 16 as
2194 1898 110 24 teachers
2326 1899 26 23 of
2373 1899 43 24 the

1893 1930 101 32 Sunday
2029 1931 97 25 School.
2163 1933 95 31 Special
2267 1949 10 12 ■,
2291 1938 68 23 votes
2392 1936 28 25 of

1892 1968 91 24 thanks
1994 1976 62 17 were
2067 1970 86 29 passed
2170 1970 32 32 by
2225 1972 68 25 those
2316 1976 98 28 present

1893 2006 39 24 Mr
1943 2006 104 26 Garbett
2069 2009 52 23 also
2139 2012 128 27 expressed
2290 2012 39 24 his
2350 2013 66 30 plea-

1893 2051 56 16 sure
1959 2046 26 22 at
1996 2044 43 24 the
2050 2046 113 31 painting
2173 2047 49 24 and
2232 2048 91 31 repairs
2341 2049 27 24 of
2387 2050 30 24 St

1891 2082 125 25 Andrew's
2040 2083 106 31 Church,
2170 2086 42 25 the
2233 2088 138 33 popularity
2392 2089 28 25 of

1891 2120 44 23 the
1945 2120 125 32 week-day
2079 2122 70 25 Bible
2157 2123 96 25 Classes
2262 2125 61 24 after
2332 2126 83 24 school

1891 2158 84 27 hours,
1988 2168 31 16 an
2032 2161 102 31 entirely
2156 2170 54 17 new
2232 2164 72 32 thing
2324 2165 26 24 m
2373 2166 43 24 the

1890 2197 107 30 pastoral
2009 2198 66 24 work
2086 2199 27 24 of
2122 2200 42 24 the
2183 2201 94 25 district
2288 2211 5 21 ;
2319 2204 48 23 and
2390 2204 26 24 at

1890 2236 43 24 the
1944 2237 45 30 gift
2011 2237 27 24 of
2057 2238 43 24 the
2123 2239 150 26 Mechanic's
2297 2242 116 25 Institute

1890 2272 37 25 for
1938 2282 14 15 a
1964 2274 160 25 schoolroom.
2160 2276 38 24 On
2214 2277 42 24 the
2272 2278 94 24 motion
2389 2279 26 24 of

1888 2310 40 25 Mr
1938 2310 114 31 Hawker,
2065 2320 14 16 a
2092 2314 89 29 special
2203 2316 54 23 vote
2274 2314 26 25 of
2317 2316 98 24 thanks

1889 2356 51 17 was
1951 2349 88 30 passed
2049 2351 25 23 to
2086 2350 70 25 those
2168 2351 55 26 who
2242 2352 48 25 had
2314 2354 99 23 secured

1890 2387 43 24 the
1944 2387 111 33 building
2065 2389 37 24 for
2113 2389 32 25 its
2164 2397 55 18 new
2237 2399 111 23 purpose.

1923 2427 52 24 The
1987 2430 132 23 statement
2130 2429 27 24 of
2176 2433 116 23 accounts
2314 2431 98 26 showed

1889 2466 54 25 that
1955 2467 68 26 there
2034 2476 50 15 was
2105 2476 33 16 no
2160 2469 88 31 falling
2270 2470 35 24 off
2319 2471 28 23 m
2370 2472 42 23 the

1888 2503 186 29 contributions,
2086 2504 91 29 which,
2196 2507 104 24 without
2319 2508 94 24 includ-

1888 2542 44 31 ing
1943 2542 42 25 the
1996 2542 96 29 bazaar,
2106 2544 97 24 showed
2220 2546 50 24 £98
2293 2545 37 25 for
2351 2547 64 24 East

1890 2580 107 30 Oxford;
2015 2583 50 22 £36
2088 2582 37 24 for
2147 2583 116 25 Carleton
2274 2591 5 22 ;
2307 2586 52 24 £32
2378 2585 37 25 for

1890 2619 69 25 West
1967 2620 92 25 Oxford
2068 2629 6 21 ;
2093 2622 49 24 and
2154 2623 33 24 £8
2206 2623 38 25 for
2265 2623 68 26 View
2351 2624 62 25 Hill.

1890 2658 21 25 A
1923 2660 89 30 special
2023 2662 55 22 vote
2097 2661 27 24 of
2133 2662 101 24 .thanks
2255 2671 50 16 was
2326 2664 89 30 passed

1890 2698 26 24 to
1926 2698 41 24 Mr
1977 2698 93 32 Sharpe
2093 2700 37 24 for
2152 2700 47 29 the.
2216 2702 70 29 pains
2308 2702 32 24 he
2362 2702 51 25 had

1888 2736 75 25 taken
1973 2738 28 23 m
2011 2738 129 32 preparing
2163 2738 41 26 the
2227 2739 183 28 balance-sheet

1888 2775 49 23 and
1949 2775 26 23 m
2101 2776 41 24 the
2154 2780 124 22 accounts.
2314 2778 38 25 On
2370 2779 43 24 the

1888 2813 95 25 motion
2003 2814 26 24 of
2049 2815 39 24 Mr
2110 2815 76 28 Dorn,
2210 2817 90 30 special
2322 2817 93 26 thanks

1887 2858 63 17 were
1993 2853 116 24 accorded
2152 2853 40 25 Mr
2226 2853 103 26 Garbett
2377 2855 39 24 for

1888 2890 42 24 the
1952 2890 103 25 interest
2077 2891 32 25 he
2133 2891 50 25 had
2204 2892 74 25 taken
2298 2893 40 25 ,m
2371 2895 44 23 the

1890 2928 88 29 choirs,
1990 2929 63 25 East
2064 2930 48 25 and
2135 2931 77 28 West,
2236 2931 49 25 and
2307 2933 105 30 particu-

1890 2968 62 32 larly
1963 2969 38 24 for
2022 2970 104 31 sending
2147 2971 42 24 the
2206 2971 108 32 juvenile
2337 2979 77 18 mem-

1890 3005 54 25 bers
1967 3008 25 23 to
2015 3007 42 24 the
2091 3008 83 24 choral
2207 3009 104 24 festival.
2346 3009 70 25 After

1891 3050 68 17 some
1970 3043 144 30 discussion,
2128 3045 39 24 Mr
2175 3045 106 26 Hawker
2304 3048 112 24 consent-

1892 3081 30 24 ed
1933 3083 26 22 to
1969 3081 31 24 be
2010 3083 168 24 renorainated
2191 3083 36 24 for
2250 3084 43 23 the
2314 3086 56 29 post
2392 3085 28 25 of

1892 3118 114 29 Warden,
2019 3119 48 25 aud
2079 3120 39 24 Mr
2139 3120 93 31 Sharpe
2255 3121 37 24 for
2314 3122 57 25 that
2393 3122 27 25 of

1893 3156 125 33 Secretary
2041 3158 48 24 and
2112 3158 138 30 Treasurer,
2283 3161 60 24 with
2376 3161 43 26 the

1891 3194 124 32 following
2036 3198 140 28 gentlemen
2187 3205 28 16 as
2230 3198 189 31 Vestrymen,-^

1893 3233 39 24 Mr
1954 3234 96 31 Lough,
2074 3235 40 24 Mr
2136 3236 34 24 H.
2200 3236 91 25 Ffitch.
2324 3238 94 25 Messrs

1895 3272 104 32 Meyers,
2012 3274 150 33 Woodward,
2174 3275 77 29 Doin,
2271 3276 29 26 P.
2321 3277 97 29 Fisher,

1891 3310 49 25 Drs
1952 3311 72 24 Weld
2036 3312 48 23 and
2107 3312 148 26 Volckman.

1924 3419 21 25 A
1956 3419 170 27 FARMER'S
2143 3421 90 25 WIFE
2251 3422 68 25 I'LL
2330 3423 44 24 BE.

1891 3500 49 24 I'm
1962 3508 15 17 a
2000 3501 56 24 wild
2079 3502 48 24 and
2150 3503 119 31 laughing
2290 3504 56 31 girl,
2364 3505 54 30 just

1953 3543 84 24 turn'd
2058 3546 75 22 sweat
2145 3545 101 28 sixteen,

1926 3584 33 25 As
1969 3585 47 25 full
2025 3586 26 24 of
2071 3586 114 25 mischief
2207 3588 49 24 and
2277 3589 26 24 of
2323 3589 44 24 fun
2390 3597 28 18 as

1955 3634 56 18 ever
2021 3636 49 23 you
2081 3629 62 24 have
2162 3637 58 16 seen
2230 3638 6 19 ;

1889 3667 56 26 And
1957 3669 71 26 when
2037 3671 66 24 lam
2115 3678 14 16 a
2152 3679 97 16 woman
2271 3681 91 23 grown,
2383 3681 32 17 no

1954 3712 51 31 city
2016 3712 78 25 beaux
2106 3713 37 24 for
2155 3721 47 21 me,

1919 3754 26 25 If
1955 3756 49 23 e'er
2014 3755 14 24 I
2036 3763 81 24 marry
2124 3756 27 24 m
2163 3765 43 22 my
2216 3757 50 29 life,
2279 3758 135 33 a^armer,'s

1955 3797 55 25 wife
2023 3797 40 25 I'll
2087 3798 38 26 be.

474 63 168 32 OXFORD
684 65 88 32 AND
812 65 106 32 CUST
961 64 225 32 OBSERVED
1227 67 231 40 SATURDAY,
1504 71 119 30 APRIL
1667 73 48 34 30,
1740 74 76 30 1892
