3280 4280
207 406 414 8 Hot
759 406 691 8 Lakes
1588 406 1381 8 Chronicle.

441 384 212 37 .A-jNTID
706 383 505 39 TQUBISTS'

2088 386 482 41 o-OTJ3Z2srjLL.

457 496 449 86 Circulating
927 498 456 83 throughout
1406 495 127 69 the
1558 494 288 71 Tourist
1892 496 303 70 Resorts
2244 500 80 67 of
2358 501 127 69 the
2528 501 270 72 World.

82 653 50 21 VOL.
146 653 17 16 •<•
193 651 40 19 No.
250 652 36 16 185

1299 647 140 21 ROTORUA,
1455 646 59 22 N.Z.,
1532 646 185 22 WEDNESDAY,
1736 646 75 19 JUNE
1825 648 33 21 17,
1878 649 49 16 IS9C.

2850 657 258 24 PRICE—THIiEEPEN
3112 663 39 19 CE.

82 738 19 25 BY
112 734 83 26 SPECIAL
221 728 202 48 gggAPPOINTMi

106 783 54 28 ASK
185 783 145 24 GROCERS
356 783 57 24 FOR

106 1050 157 26 CEYLON

107 1085 131 25 INDIAN
270 1085 29 25 &
325 1080 14 41 |
359 1075 14 38 I
373 1094 12 10 s
397 1077 30 36 k
437 1077 32 45 f*.

106 1120 181 25 BLENDED
326 1110 12 20 8

183 1160 151 18 AWARDED

226 1187 41 23 SVZ.
272 1187 50 23 VER
334 1187 108 24 MEDALS

98 1228 54 25 Why
167 1228 46 26 buy
228 1228 96 20 Inferior
338 1228 56 20 Teaa
409 1228 64 20 when

63 1262 30 22 you
105 1260 40 15 car.
160 1255 37 25 get
212 1254 23 20 N.
252 1254 27 19 M.
296 1254 16 19 &
329 1254 54 20 Co.'s
397 1256 25 19 at
436 1254 38 21 the

62 1287 46 17 same
121 1281 66 26 price.
221 1280 35 20 All
271 1280 76 20 others
367 1287 39 14 are
421 1281 53 25 only

61 1309 59 25 copies
137 1308 23 19 in
180 1313 72 18 name,
267 1307 45 19 and
334 1313 38 14 are
387 1307 87 26 pushed

61 1337 25 20 for
97 1334 61 21 extra
172 1334 73 25 profit.

98 1370 10 11 A
118 1367 43 17 proof
172 1368 16 12 of
199 1367 28 14 the
239 1367 94 17 superiority
343 1367 18 13 of
368 1367 19 13 N.
401 1367 20 13 M.
430 1367 12 13 &

84 1385 35 14 Co.'s
128 1384 38 13 Teas
172 1384 13 13 is
195 1385 26 12 the
232 1384 30 13 fact
273 1384 33 13 that
315 1383 75 16 although
398 1383 43 14 there

83 1406 22 9 nre
113 1400 78 14 hundreds
202 1400 16 13 of
228 1400 55 16 packet
293 1400 33 13 teas
337 1404 20 9 on
368 1400 27 13 the
406 1404 27 9 mar-

84 1418 26 15 ket,
128 1417 19 13 N.
159 1417 21 13 M.
193 1416 12 13 «fe
220 1416 40 14 Co.'s
275 1416 39 13 Teas
329 1420 26 9 nre
370 1416 17 13 in
405 1416 37 13 such

84 1433 59 14 demand
152 1433 35 13 thut
199 1433 37 16 they
247 1433 29 13 sell
288 1433 53 15 nearly
354 1432 88 14 one-fourth

84 1451 12 13 of
113 1450 25 13 the
154 1449 49 14 whole
221 1449 16 14 of
254 1449 27 13 the
298 1451 26 11 tea
341 1449 87 13 consumed.

60 1471 90 25 SOLD
188 1468 196 25 EVERYWH
393 1470 21 22 E
424 1470 46 22 Rr-

136 1585 47 25 Do
195 1585 57 24 not
265 1584 119 31 Forget

57 1691 20 28 i
100 1696 163 20 CURIOSITY
283 1696 80 18 SHOP
382 1695 47 19 and
454 1691 21 32 f$

190 1723 143 23 MUSEUM,
454 1715 1 49 t
456 1715 19 49 |<

57 1755 20 30 II
123 1764 111 24 Opposite
242 1763 78 19 Grand
327 1762 78 23 Hotel,
454 1761 21 26 si>

57 1782 20 48 i
87 1805 124 27 PRINCES
221 1804 44 28 ST,
277 1782 198 48 AUCKLAND.i

134 1928 141 17 iNsune
300 1928 94 15 with

56 1964 43 17 THE
104 1963 79 17 80TTTH
192 1962 98 16 HRITISII
298 1962 77 15 FI(!E&
384 1961 36 16 MA
423 1960 59 16 RINK

122 1985 41 16 Coy.
175 1984 29 16 OF
216 1983 55 16 NEW
280 1983 122 16 ZEALAND.

56 2008 64 15 Capital
377 2005 104 17 £1,900,000

93 2027 93 17 Unlimited
200 2027 76 19 liability
284 2026 18 15 of
309 2025 128 17 Shareholders.

56 2050 47 20 Being'
112 2055 8 10 «
131 2048 76 17 Colonial
220 2048 103 15 Institution
336 2047 65 15 Profits
414 2051 28 11 aro
454 2046 18 15 in-

196 2069 57 15 vented
261 2068 68 21 locally.

56 2092 42 16 Head
113 2091 58 19 Oftine,
391 2088 91 17 Auckland

55 2106 43 23 Local
108 2115 51 14 auont
338 2110 12 16 J
367 2110 28 18 W.
403 2110 79 20 Wrifjley

57 2176 202 46 Rotorua
283 2169 198 50 Sawmill

136 2230 247 55 Company.

61 2319 45 20 IT7
111 2319 64 17 HITE
187 2318 54 17 AND
260 2317 52 18 RED
331 2316 64 18 PINE
414 2316 20 17 of
449 2315 34 18 tlic

68 2347 7 13 V
84 2347 7 14 ?
134 2342 56 17 finest
199 2342 73 20 quality
281 2340 39 17 and
334 2340 93 22 carefully
443 2340 39 16 cut.

232 2364 65 18 ALSO

53 2394 83 26 Matai,
169 2392 126 26 Pnkatea,
325 2390 51 24 and
404 2390 80 23 Tawa

88 2423 128 30 Shingles,
228 2422 117 28 Palings,
359 2421 97 22 Blocks

191 2453 51 23 and.
251 2453 82 22 Posts-

75 2486 16 19 A
105 2485 52 25 good
169 2484 40 20 and
221 2484 90 19 assorted
322 2482 75 27 supply
407 2482 77 25 always

53 2519 22 12 on
84 2512 52 19 baud
147 2514 21 17 at
178 2512 34 17 the
222 2510 83 19 Timber
315 2509 64 24 Yard,

170 2543 185 17 ROTORUH.

53 2573 156 26 N.B.—Special
218 2578 46 14 care
274 2572 63 18 taken
348 2571 20 19 in
388 2571 35 19 the
440 2577 33 12 sea-

223 2599 79 23 soning.

53 2637 101 20 PRICES
167 2637 39 18 AT
220 2635 144 20 CURRENT
378 2634 105 19 RATES.

88 2670 37 18 W.
140 2667 168 22 lIENSHAW,
319 2667 120 23 Manager.

142 2718 29 41 F,

54 2816 78 32 CGAL
150 2816 25 30 &
197 2812 169 34 FIREWOOD
386 2812 95 36 YARD,

134 2860 145 19 PUKUATUA
291 2858 103 21 STREET,

75 2944 60 17 Goods
144 2942 95 18 delivered
246 2942 50 17 after
310 2940 70 17 arrival
394 2940 20 17 of
426 2940 60 17 trains

53 2969 19 15 to
79 2968 24 16 all
112 2968 53 22 parts
173 2966 20 17 of
201 2966 33 17 tlie
242 2966 52 16 town
303 2963 47 17 with
359 2964 127 22 promptness.

53 3003 57 23 Large
120 3003 56 17 Stock
190 3002 21 17 of
227 3001 46 19 Coal
289 3000 38 18 and
343 2999 100 19 Firewood
458 2999 19 17 al-

119 3032 52 16 ways
180 3032 24 11 on
213 3024 52 18 hand
274 3024 39 17 and
321 3023 95 18 delivered

174 3051 21 15 at
202 3048 33 17 the
248 3048 83 17 shortest
341 3048 20 16 at

55 3088 151 24 GREATLY
211 3086 153 25 REDUCED
369 3086 44 23 R.A
419 3086 40 23 TE
463 3085 15 24 S

263 3138 9 14 B
314 3138 8 15 g

56 3216 430 35 CARPENTER,

157 3259 104 19 FENTON
278 3258 104 20 STREET,

145 3293 101 18 Opposite

77 3323 66 17 Sashes
151 3322 55 17 made
214 3323 21 15 to
244 3321 61 17 order.

55 3443 112 19 BARBER
189 3441 60 19 AND
279 3439 209 25 HAIKDKE^ER,

55 3474 89 44 BEG>
155 3476 20 17 to
187 3479 104 14 announce
302 3472 45 20 that
354 3472 27 18 ho
392 3472 37 18 has
436 3478 40 13 com-

121 3500 82 20 menced
214 3499 94 20 busine.'-.s
319 3499 20 18 in
351 3498 36 19 tin;
403 3498 51 25 shop
469 3498 20 18 in

56 3530 31 19 the
103 3528 33 19 old
152 3530 60 19 town,
233 3525 97 24 formerly
349 3525 96 24 occupied
463 3523 27 26 by

56 3555 31 20 Mr
96 3554 61 19 Mel'V
166 3553 54 24 \yen,
230 3551 87 23 saddler,
335 3551 41 19 and
392 3551 63 25 hopes
470 3553 20 16 to

56 3582 56 19 merit
123 3587 11 12 a
145 3582 59 17 share
216 3579 21 18 of
247 3578 34 19 the
293 3577 69 26 public
373 3579 90 23 support.

136 3612 159 20 RAZORS
324 3611 78 19 SET.

77 3683 21 19 A
107 3681 84 19 Choice
202 3679 153 19 Assortment
369 3678 26 17 of
406 3678 71 17 Tobac-

56 3711 43 17 cos,
110 3705 86 21 Cigars,
208 3703 131 23 Cigarettea
346 3701 20 18 &
374 3700 117 19 Smoker's

57 3729 136 23 Requisites.

99 3773 158 20 UCKLAND
272 3770 219 19 ADVERTISING

58 3788 41 31 A.
211 3794 112 21 AGENCY,

77 3831 99 17 Victoria
188 3828 90 18 Arcade,
293 3826 73 19 Qultw
384 3825 84 17 Street.

108 3859 124 22 Advertising
237 3858 21 17 in
267 3857 26 17 all
305 3857 24 17 its
337 3856 99 18 branches.

57 3885 50 21 New,
121 3884 77 22 Unique
214 3881 39 18 and
265 3880 86 18 Tasteful
367 3879 125 23 Advertising

227 3904 92 19 Medium.

78 3931 69 18 Orders
155 3930 49 17 from
213 3928 26 18 all
247 3928 54 23 parts
310 3926 91 18 attended
409 3927 21 16 to
445 3925 47 18 with

58 3961 38 11 cure
105 3954 38 18 and
152 3952 115 23 expedition.

416 3998 45 18 EY
462 4012 6 8 '

58 4076 120 23 Pluniber
195 4073 21 23 &
227 4071 113 24 General
353 4068 139 25 Meclianic

148 4132 131 21 Tutankkai
299 4129 94 20 Steeet,

116 4180 166 27 ROTO
301 4179 31 22 R
348 4178 35 23 U
399 4177 32 21 H

792 908 281 47 ROTOR,UJ].
1120 907 125 45 .NEW
1283 907 274 44 ZEJiLTLND.

501 998 16 17 T
544 997 180 18 OTORUA.—This
733 997 106 18 wonderful
846 997 73 18 district
927 997 16 17 is
952 996 130 23 unparalleled
1089 997 21 17 in
1119 997 32 17 the
1159 997 71 17 known
1239 996 59 17 world
1307 996 31 17 for
1345 996 33 17 the
1386 996 81 17 number
1475 996 39 17 and
1522 996 73 22 variety
1604 996 19 17 of
1632 996 25 17 its
1665 996 89 17 Thermal
1762 996 85 22 Springs.

506 1014 37 26 I\i
567 1022 26 16 As
602 1027 12 11 a
621 1020 66 18 health
696 1022 61 16 resort
765 1020 25 18 its
797 1021 110 22 popularity
915 1020 16 17 is
939 1020 75 22 rapidly
1022 1020 114 23 increasing,
1146 1020 38 17 and
1197 1020 43 17 that
1254 1020 80 21 entirely
1352 1025 24 11 on
1390 1020 25 17 its
1432 1025 43 11 own
1491 1020 71 20 merits,
1580 1025 21 11 as
1616 1018 85 18 hitherto
1717 1018 82 23 nothing
1815 1018 34 18 has

498 1044 48 18 been
555 1044 48 18 done
611 1044 19 17 in
640 1044 32 17 the
682 1049 42 16 way
733 1044 20 17 of
761 1043 123 24 advertising.

522 1068 85 17 Patients
616 1067 92 22 suffering
715 1067 50 17 from
774 1067 87 21 Chronic,
872 1067 100 19 Articular,
982 1066 38 17 and
1028 1066 99 17 Muscular
1134 1065 129 21 rheumatism,
1275 1065 56 21 Gout,
1341 1065 103 18 Rliumatic
1451 1066 57 20 Gout,
1522 1065 46 18 Skin
1576 1065 92 21 Diseases,
1686 1065 87 20 Sciatica,
1790 1065 45 17 Lum-

498 1090 56 23 bago,
574 1089 111 24 Neuralgia,
703 1090 87 17 Nervous
805 1089 126 20 Exhaustion,
949 1089 79 18 Uterine
1044 1089 101 21 Ailments,
1162 1089 38 17 and
1216 1088 57 22 tardy
1289 1089 142 17 convalescense
1447 1089 51 17 from
1514 1089 54 17 acute
1585 1088 80 18 diseases
1682 1094 44 16 may
1742 1088 41 22 rely
1798 1093 52 17 upon

499 1114 100 22 obtaining
607 1114 91 16 immense
706 1113 59 21 relief,
776 1113 39 17 and
823 1114 19 16 in
849 1114 33 16 the
890 1113 90 23 majority
989 1113 20 16 of
1018 1118 51 11 cases
1078 1119 11 10 a
1098 1112 92 23 complete
1199 1117 49 12 cure.

522 1175 54 16 THE
589 1173 112 18 PRIEST'S
710 1173 147 18 BATH.—This
866 1174 15 17 is
890 1173 87 23 strongly
985 1173 48 17 acid,
1049 1173 112 21 aluminous,
1178 1173 79 22 sulphur
1273 1174 65 16 water,
1357 1173 65 23 acting
1439 1178 20 12 as
1475 1179 12 11 a
1503 1173 94 22 powerful
1613 1172 43 17 skin
1672 1171 105 19 stimulant.
1810 1171 41 18 Hot

500 1197 38 18 and
547 1197 42 18 cold
597 1197 88 19 showers,
696 1197 38 17 and
742 1196 83 19 douches
833 1203 32 11 are
873 1197 91 22 provided
972 1196 38 17 and
1018 1196 128 22 comfortably
1153 1196 87 17 enclosed
1249 1196 87 22 dressing
1344 1201 63 12 rooms

523 1220 114 17 MADAME
659 1220 127 18 lIACHEL'K
806 1220 145 17 BATH.—This
960 1219 106 18 celebrated
1075 1219 71 23 Spring
1153 1220 16 16 is
1178 1225 12 11 a
1204 1219 63 17 Saline
1282 1220 59 16 water
1354 1219 47 17 with
1418 1219 91 20 Silicates,
1524 1218 38 18 and
1574 1219 34 17 lias
1625 1225 26 11 an
1663 1218 82 18 alkaline
1762 1218 88 18 reaction.

500 1244 39 17 The
548 1245 59 15 water
615 1243 15 17 is
640 1244 39 16 also
688 1250 22 10 us
717 1243 17 17 id
742 1243 104 22 internally
854 1244 30 16 for
892 1244 24 16 its
924 1243 98 17 beneficial
1032 1243 62 17 action
1103 1248 25 12 on
1137 1243 32 16 the
1177 1242 84 22 kidneys.

524 1267 52 17 THE
597 1267 69 17 BLUE
687 1266 146 18 BATH.—This
849 1267 16 17 is
881 1267 32 16 the
929 1266 73 22 largest
1018 1265 78 18 natural
1112 1265 108 23 swimming
1235 1265 47 17 bath
1297 1265 20 17 in
1332 1265 33 17 the
1381 1265 95 18 Southern
1484 1265 131 23 Hemisphere.
1641 1265 20 17 It
1670 1265 70 17 affords
1748 1264 105 18 rheumatic

501 1290 80 17 invalids
590 1296 10 11 a
609 1295 64 12 means
683 1290 20 16 of
710 1290 69 20 taking
788 1290 81 21 painless
878 1290 86 17 exercise,
975 1289 61 17 which
1046 1289 46 22 they
1100 1289 69 22 highly
1177 1288 114 22 appreciate.

524 1313 53 18 THE
586 1312 124 18 SULPHUR
719 1313 106 17 VAPOUR
833 1313 75 17 BATH.
911 1312 68 18 —This
985 1312 16 18 is
1007 1318 11 11 a
1024 1312 78 17 natural
1107 1312 34 18 hot
1146 1317 79 17 vapour,
1231 1311 69 23 highly
1306 1311 83 23 charged
1394 1312 48 17 with
1447 1312 80 21 sulphur
1536 1317 59 17 gases,
1608 1310 106 19 conducted
1727 1311 41 17 into
1782 1317 12 11 a
1808 1316 33 16 pro-

502 1337 53 22 perly
564 1336 120 18 constructed
692 1336 58 19 chest,
760 1336 21 16 in
790 1337 61 16 which
856 1337 33 16 the
896 1336 31 17 the
933 1336 75 21 patient
1016 1336 40 18 sits,
1066 1335 57 17 while
1132 1342 11 10 a
1149 1336 69 16 stream
1225 1335 19 17 of
1249 1334 89 23 palpable
1346 1335 81 22 sulphur
1432 1335 15 17 is
1453 1335 59 22 being
1516 1335 107 21 constantly
1630 1334 98 23 deposited
1733 1340 25 12 on
1764 1334 33 17 the
1804 1334 47 16 skin.

525 1359 53 18 THE
598 1359 60 18 NEW
679 1359 124 18 SULPHUR
823 1359 146 17 BATH.—This
981 1359 16 16 is
1010 1364 11 11 a
1033 1364 46 16 very
1092 1359 65 22 strong
1170 1357 60 18 acidic
1241 1359 59 16 water
1312 1358 21 17 of
1344 1358 48 21 high
1404 1359 134 21 temperature,
1551 1357 39 18 and
1606 1357 87 23 strongly
1710 1357 143 17 recoimnonded

502 1383 18 16 in
538 1389 50 11 cases
605 1383 20 16 of
640 1382 125 17 rheumatism
774 1382 38 17 and
821 1382 56 17 allied
886 1382 86 17 diseases.
997 1382 40 17 The
1045 1382 48 17 bath
1107 1382 59 17 house
1182 1382 15 16 is
1214 1381 76 18 divided
1306 1380 4 23 ;
1311 1383 35 15 .nto
1363 1381 69 18 Ladies
1448 1381 39 17 and
1503 1381 120 18 Gentlemens
1641 1381 129 22 departments
1784 1380 38 17 and
1837 1380 16 17 is

503 1406 77 22 capable
588 1406 20 16 of
616 1405 165 22 accommodating
788 1406 35 17 400
832 1406 76 16 bathers
917 1405 57 22 daily.

527 1429 52 17 THE
588 1429 164 17 ELECTRICAL
760 1428 254 18 DEPARTMENT.—This
1024 1428 121 23 department
1159 1428 16 17 is
1192 1428 71 22 replete
1279 1428 47 17 will
1340 1428 33 16 the
1390 1429 49 16 most
1453 1428 78 17 modern
1547 1427 109 23 appliances
1672 1428 30 16 for
1717 1427 90 23 carrying
1820 1427 33 16 out

503 1453 75 17 various
587 1452 58 17 forms
654 1453 20 16 of
682 1451 80 18 medical
771 1452 94 17 electrical
873 1453 103 16 treatment
984 1452 20 17 in
1013 1451 50 18 their
1073 1451 88 23 entirety.

528 1475 53 18 THE
586 1475 192 18 HYDROPATHIC
785 1475 116 18 PACKING
907 1475 53 16 AND
967 1474 121 18 MASSAGE
1094 1474 226 18 DEPARTMENT.—A
1326 1474 56 17 series
1388 1474 21 17 of
1414 1480 62 11 rooms
1484 1481 30 10 are
1522 1473 99 18 furnished
1630 1474 38 17 and
1677 1475 28 16 set
1711 1474 56 22 apart
1773 1474 30 16 for
1808 1473 45 17 each

505 1505 37 14 sex,
550 1499 19 17 in
576 1498 53 18 order
635 1499 19 17 to
664 1504 55 17 carry
725 1500 33 16 out
767 1498 37 18 this
810 1498 104 23 important
919 1497 81 23 adjunct
1005 1500 20 16 to
1032 1498 109 18 treatment.
1147 1498 39 17 The
1192 1498 78 18 services
1277 1498 19 17 of
1301 1504 12 11 a
1317 1498 91 17 Qualified
1414 1498 96 18 Masseuse
1515 1497 38 17 and
1557 1498 87 17 Masseur
1653 1503 31 11 arc
1692 1497 114 17 obtainable.

505 1555 90 17 Resident
603 1554 107 21 Engineer:

574 1577 117 19 CAMILLE
703 1577 134 19 MALFROY,
847 1578 45 18 Esq.

1400 1554 91 17 Resident
1500 1554 82 17 Medical
1591 1553 169 22 Superintendent:

1479 1577 102 17 ALFRED
1595 1576 120 20 GINDERS,
1730 1577 53 17 M.D.

712 1846 59 24 Two
784 1847 69 22 miles
868 1847 75 31 from
961 1846 124 29 Rotorua,
1107 1847 135 30 adjoining'
1256 1848 151 29 interesting
1417 1848 83 22 native
1511 1848 144 22 settlement.

684 1910 369 55 GEYSER
1107 1889 177 81 '!§&
1337 1912 320 54 HOTEL

1030 2012 68 23 PA
1123 2012 24 23 T
1163 2013 24 22 R
1207 2011 21 24 O
1246 2013 33 22 N
1296 2011 21 24 S
1327 2020 10 17 ;

647 2044 54 18 Earl
727 2044 26 18 of
776 2043 105 23 Kintore,
908 2044 55 18 Earl
988 2044 26 18 of
1038 2044 100 22 Onslow,
1160 2044 105 23 Marquis
1286 2044 27 18 of
1331 2044 129 23 Drogheda,
1484 2044 62 18 Lord
1566 2043 148 24 Carrington.

506 2073 9 13 r
521 2072 7 15 E
549 2067 46 19 HIS
609 2067 94 19 HOTEL
713 2067 37 19 lias
760 2067 89 20 recont.lv
861 2068 51 18 been
922 2067 255 24 considerabl}-enlarged,
1189 2069 117 21 renovated,
1317 2068 41 18 and
1368 2068 132 18 refurnished
1509 2067 114 25 regardless
1632 2070 21 16 of
1670 2074 94 18 expanse,
1784 2067 39 19 and
1840 2067 17 19 is

512 2094 24 21 JL
573 2093 72 25 widely
656 2093 75 19 known
742 2094 32 18 for
785 2093 26 19 its
821 2093 98 19 excellent
929 2093 180 21 accommodation.
1121 2093 88 22 Cuisine,
1222 2095 33 17 &c.

883 2128 72 23 Here
969 2138 45 14 are
1026 2129 41 23 the
1082 2128 80 31 Chief
1171 2129 89 30 Sights
1272 2128 33 29 of
1312 2129 41 23 the
1365 2128 119 24 District.

636 2169 48 18 The
692 2168 141 19 Wonderful
842 2169 81 18 Steam
932 2169 45 18 and
988 2169 49 18 Hot
1138 2168 130 24 Petrifying
1277 2168 101 23 Geysers
1392 2169 81 22 playing
1484 2169 67 21 nearly
1569 2169 32 17 100
1618 2169 39 17 feet
1673 2169 53 22 high.

505 2192 132 23 Petrifying
647 2193 106 22 Geysers,
765 2192 129 19 Cauldrons
903 2192 26 17 of
935 2192 93 23 Boiling
1035 2192 59 18 Mud
1103 2192 46 18 and
1159 2192 41 18 Oil.
1227 2192 76 23 Spout
1312 2192 66 22 Bath,
1390 2192 36 18 Oil
1435 2192 66 22 Bath,
1511 2192 72 18 Alum
1592 2192 59 18 Bath
1661 2192 20 18 &
1696 2191 79 18 Jack's
1789 2192 66 18 Bath.

506 2216 82 20 Known
599 2217 32 18 l'or
639 2216 35 19 the
682 2216 154 24 extraordinary
846 2222 56 12 cures
908 2218 21 16 of
940 2216 150 23 Rheumatism,
1101 2216 16 18 IN
1123 2216 97 24 omalgia,
1230 2216 113 25 l.unil/ago,
1354 2216 91 20 Scialica,
1454 2216 87 24 Kidney,
1555 2215 61 19 Liver
1625 2215 41 19 and
1672 2216 58 18 other
1738 2215 119 26 complaints

623 2251 42 47 C.
692 2252 42 44 E.
757 2249 236 50 JJELSO.N.

919 2307 104 26 Guide

1321 2307 126 32 Sophia,

1460 2251 280 54 Proprietor.

930 2525 39 24 On
993 2526 41 22 the
1059 2526 89 23 Direct
1172 2525 81 24 Route
1273 2528 23 20 to
1316 2525 119 23 Rotorua-

745 2566 45 17 For
807 2566 106 22 Scenery,
930 2566 110 18 Curative
1053 2565 131 24 Properties
1194 2566 26 17 of
1226 2566 40 17 the
1275 2565 73 18 Baths
1358 2565 46 18 and
1413 2564 208 23 accommodation,

652 2597 124 26 EXCEL
807 2597 70 25 ALL
910 2597 141 25 PLACES
1083 2597 46 25 OF
1160 2597 74 25 THE
1268 2597 87 25 KIND
1390 2597 31 26 IN
1454 2597 74 25 THE
1561 2597 162 25 COLONY.

534 2663 66 18 These
611 2662 94 26 Springs,
717 2662 66 19 which
793 2662 32 18 for
835 2661 54 18 their
907 2660 97 20 Curative
1014 2661 118 25 Properties
1141 2660 40 19 and
1192 2660 138 19 Comfortable
1341 2660 96 25 Fittings,
1448 2660 53 19 have
1512 2660 50 19 been
1580 2661 131 25 pronounced
1726 2661 28 24 by
1769 2661 28 19 all
1813 2662 45 17 who

506 2689 54 19 have
579 2688 76 19 visited
674 2688 57 19 them
747 2693 76 14 second
840 2693 25 12 to
882 2693 56 13 none
953 2693 23 13 in
992 2687 53 18 New
1061 2687 107 19 Zealand.
1196 2686 43 19 The
1253 2693 110 12 numerous
1373 2687 135 18 testimonials
1518 2687 93 18 received
1621 2693 22 12 as
1655 2690 20 15 to
1686 2688 54 18 tiieir
1749 2693 58 13 cures
1816 2688 41 18 and

507 2715 86 19 comfort
605 2714 75 19 should
699 2714 27 19 be
743 2714 99 19 sufficient
860 2716 20 15 to
896 2712 74 20 induce
985 2713 93 19 Tourists
1094 2713 40 18 and
1148 2715 67 16 others
1233 2716 20 15 to
1263 2712 47 19 visit
1322 2713 62 18 them.
1413 2713 32 18 No
1456 2716 58 16 extra
1524 2712 75 26 charge
1610 2713 17 18 is
1637 2713 59 19 made
1707 2714 31 18 for
1748 2714 34 18 the
1792 2720 35 12 use
1838 2714 21 18 of

508 2742 34 18 the
553 2741 61 18 baths
624 2744 21 15 to
655 2747 85 19 persons
750 2740 83 25 staying
842 2742 21 16 at
872 2740 34 18 the
917 2739 62 18 hotel.

829 2787 82 26 THE
1188 2785 285 28 SANATORIUM

534 2831 22 18 Is
566 2829 111 19 connected
686 2829 50 19 with
747 2829 35 19 the
793 2828 134 25 Telegraphic
938 2831 75 22 system
1023 2828 22 18 of
1055 2828 34 18 the
1100 2827 81 25 Colony,
1193 2828 34 18 the
1235 2827 116 26 Telegraph
1362 2828 61 18 Offico
1434 2827 109 26 adjoining
1553 2827 34 19 the
1598 2827 70 19 Hotel.
1697 2828 36 18 All
1740 2828 119 25 Telegrams

509 2856 102 26 promptly
621 2855 79 25 replied
710 2859 26 15 to.

535 2882 97 23 Coaches,
643 2881 100 26 Buggies,
755 2881 41 19 and
806 2880 142 25 Conveyances
957 2880 21 18 of
988 2879 28 19 all
1026 2879 61 19 kinds
1106 2880 57 18 leave
1181 2879 40 19 this
1239 2879 63 19 Hotel
1319 2886 26 12 on
1364 2879 111 25 Tuesdays,
1496 2879 125 25 Thursdays,
1640 2880 40 18 and
1699 2879 119 26 Saturdays,
1839 2887 21 12 or

508 2909 56 24 daily
573 2909 17 17 if
601 2908 104 25 required.
747 2907 88 19 Persons
854 2913 24 12 en
897 2909 58 16 route
975 2906 32 18 for
1026 2906 91 18 Rotorua
1131 2912 35 12 are
1185 2906 102 18 therefore
1307 2905 88 19 enabled
1416 2909 19 15 to
1454 2906 47 18 visit
1512 2906 35 18 the
1563 2905 92 19 wonders
1665 2906 21 18 of
1700 2905 102 25 Okoroire,
1820 2907 40 18 and

509 2935 62 26 enjoy
580 2934 35 19 the
626 2933 90 20 Natural
727 2933 44 19 Hot
780 2933 66 19 Baths
855 2932 39 19 and
903 2939 11 12 a
924 2932 58 25 day's
993 2935 41 16 rest
1044 2932 94 25 previous
1148 2935 21 15 to
1180 2932 139 25 undertaking
1329 2938 12 12 a
1350 2932 89 25 journey
1449 2935 21 16 to
1480 2932 34 19 the
1526 2931 73 20 Lakes.

1072 2980 83 16 THIS
1180 2980 121 16 HOTEL

682 3010 46 19 Has
736 3010 91 24 recently
837 3010 49 18 been
898 3009 85 23 erected,
993 3008 40 19 and
1048 3009 17 18 is
1075 3009 77 25 replete
1163 3009 49 18 with
1228 3015 61 17 every
1299 3010 86 17 comfort
1395 3010 32 17 for
1437 3009 92 18 Tourists
1540 3008 38 19 and
1589 3008 100 19 Invalids.

538 3037 188 20 Note.—Tourists
736 3038 21 17 to
767 3035 103 20 Rotorua!
898 3035 30 19 Be
938 3041 47 13 sure
998 3038 22 15 to
1035 3034 49 19 take
1103 3041 51 18 your
1172 3036 84 24 railway
1275 3035 73 19 tickets
1367 3036 32 17 for
1415 3035 114 20 Okohoire.
1568 3034 143 26 Conveyances
1726 3038 52 16 meet
1797 3036 65 18 trains

510 3064 104 24 Okoroire,
626 3063 96 25 carrying
732 3069 122 19 passengers
864 3064 20 17 to
894 3061 64 18 Hotel
967 3062 45 18 free
1027 3061 22 18 of
1057 3061 83 25 charge.

773 3405 247 42 EXPRESS
1055 3405 135 40 LINE
1225 3405 71 41 OF
1333 3405 268 40 COACHES.

513 3460 231 57 Carrying
764 3459 95 45 Her
886 3457 255 56 .Majesty's
1177 3456 137 47 .Mails
1346 3469 52 34 as
1437 3469 83 43 per
1550 3456 313 55 Time-tables,

512 3574 107 21 Tatiranga,

512 3597 26 17 Te
546 3596 60 21 Puke,

512 3620 26 17 Te
547 3619 58 20 Puke,

512 3643 92 20 Rotorua,

513 3667 91 19 Rotorua,

512 3690 26 16 Te
547 3689 58 20 Puke,

513 3714 25 16 To
547 3712 60 21 Puke,

512 3737 109 21 Tauranga,

677 3529 276 20 TAURANGA-KOTORUA
966 3528 71 18 LINE.

670 3572 68 22 depart
786 3569 86 22 Tuesday
880 3568 38 18 and
927 3568 96 22 Saturday
1079 3569 10 15 8
1098 3574 43 11 a.m.

668 3595 61 17 arrive
818 3606 12 7 ~
974 3605 11 7 »
1038 3592 51 16 10.30
1098 3597 43 11 a.in.

668 3618 68 22 depart
818 3629 11 8 ~
974 3628 11 7 »
1037 3615 51 16 10.4.5
1098 3620 43 12 a.m.

670 3641 62 18 arrive
818 3652 10 8 ~
974 3651 11 7 ,•
1078 3638 11 16 6
1095 3643 46 17 p.m.

668 3665 66 21 depart
783 3662 84 22 Monday
884 3661 38 17 and
938 3660 72 23 Friday
1078 3662 9 16 7
1097 3666 44 12 a.m.

668 3693 59 12 arr.ve
816 3699 11 7 „
971 3697 12 8 „
1035 3684 52 17 12.30
1095 3690 46 16 p.m.

668 3711 66 22 depart
816 3722 10 8 ~
971 3721 12 7 ~
1034 3708 52 16 12.45
1094 3713 47 16 p.m.

668 3733 61 18 arrive
814 3746 11 7 ~
969 3744 12 7 ~
1045 3731 41 16 3.15
1094 3736 47 17 p.m.

1190 3568 85 18 Rotorua

1190 3591 99 18 Ateamuri

1190 3614 94 18 WaintL'oi

1190 3638 70 22 Taupo,

1189 3661 71 22 Taupo,

1189 3684 94 17 Wairakei

1190 3706 103 21 Ateamuri,

1190 3730 90 21 Rotorua,

1367 3528 219 17 ROTORTJA-TAUPO
1604 3527 70 18 LINE,

1357 3568 42 21 part
1446 3567 120 22 Wednesday
1582 3567 38 17 and
1641 3566 96 23 Saturday

1448 3659 99 22 Thursday
1562 3659 39 18 and
1616 3659 86 22 Monday

683 3789 126 33 Special
823 3789 231 30 Conveyances
1067 3786 158 32 arranged
1238 3786 49 26 tov
1300 3786 34 24 at
1346 3785 55 25 tiie
1415 3785 147 26 Shortest
1575 3784 121 25 Notice.

842 3824 201 28 STABLES:
1062 3824 169 25 Tutanekai
1260 3823 112 29 Street,
1397 3822 143 25 Rotorua.

679 3868 115 32 Buggies,
813 3866 118 31 ©cashes
948 3866 51 31 er?d
1018 3864 95 29 §addle
1133 3864 92 32 Fjjorgei,
1242 3873 30 15 ei->
1291 3864 50 32 fyre
1360 3872 31 23 or?
1410 3863 45 32 tfye
1474 3862 119 33 <§l?orte§t
1611 3862 96 33 I^ctice.

1002 3907 132 16 TERMS
1162 3905 218 18 MODERKTS.

866 3938 147 30 Telegrams
1025 3937 53 23 and
1088 3937 99 22 Letters
1196 3935 150 32 punctually
1361 3934 117 24 attended
1487 3937 28 21 to.

515 4009 77 26 NB.
629 4007 115 26 Please
757 4005 75 26 note
845 4003 132 27 address

635 4049 63 64 e.
749 4041 460 72 ROBeßisoN
1257 4041 48 66 a
1341 4041 129 66 eo..
1511 4049 234 46 Roto™.

847 4125 308 43 contractors
1180 4118 76 47 for
1271 4118 184 48 .Messrs
1475 4115 45 51 T,
1543 4114 128 48 Cook
1691 4114 49 47 &
1759 4114 104 48 Son.

2071 743 59 25 Hot
2158 744 94 25 Lakes
2273 745 33 24 of
2324 745 70 25 New
2413 745 143 25 Zealand.

1872 822 265 55 BREASTS
2161 824 349 54 BATHGATE
2538 826 220 56 HOUSE.

2011 893 28 18 IS
2053 894 21 17 A
2087 893 192 20 FIRST-CLASS
2292 894 207 19 TEMPERANCE
2511 896 108 19 HOTEL.

1960 931 238 23 HIN6MOH
2215 932 198 25 STREET,
2434 932 123 23 ROTO
2563 934 82 23 RUM-

1872 995 84 18 mnis
1967 995 62 17 NEW
2041 996 54 17 AND
2108 995 190 18 COMFORTABLE
2311 996 217 18 ESTABLISHMENT
2536 997 15 17 is
2561 997 83 17 situated
2651 998 20 16 in
2680 998 32 16 the
2720 1002 41 12 new

1879 1014 19 24 _I.
1933 1019 97 22 township
2038 1019 20 17 of
2067 1019 89 21 llotorua,
2167 1019 48 17 close
2224 1020 20 16 to
2253 1019 32 17 tlio
2295 1019 127 18 Government
2438 1019 119 18 Sanatorium
2570 1021 38 16 and
2621 1021 66 20 Baths,
2701 1020 59 18 which

2194 1042 90 22 comprise
2292 1042 34 17 the
2334 1042 106 17 celebrated

1871 1070 93 19 Priest's
1974 1070 66 22 Bath,
2052 1070 107 18 Madame
2169 1070 86 18 Rachel
2264 1070 78 22 Baths,
2354 1070 139 19 Chameleon
2503 1071 95 18 Douche
2607 1071 66 23 Bath,
2690 1071 72 23 Large
2771 1070 1 24 :

1942 1094 57 18 Blue
2009 1093 138 24 Swimming
2155 1093 65 22 Bath,
2238 1092 102 24 Sulphur
2352 1094 96 23 Vapour
2457 1094 61 18 Bath
2526 1094 47 19 and
2582 1094 111 19 Galvanic
2771 1092 1 26 j

2229 1116 99 23 Battery
2336 1117 66 22 Bath,

1872 1141 70 17 OVER
1954 1140 92 18 WHICH
2062 1140 87 17 LAIIGE
2166 1139 117 18 BATHING
2300 1140 141 18 PAVILIONS
2462 1141 71 16 HAVE
2554 1141 71 17 BEEN
2645 1141 118 17 ERECTED
2771 1134 1 28 |

1978 1164 46 16 with
2033 1169 101 11 numerous
2142 1163 92 22 Dressing
2249 1163 76 20 Rooms,
2335 1165 36 16 etc.
2396 1164 76 17 Besides
2480 1164 52 17 these
2541 1164 53 17 there
2602 1164 16 17 is
2627 1165 32 16 the

1872 1186 136 19 Pain-killer
2019 1186 67 23 Bath,
2102 1185 132 23 Coffee-pot,
2250 1186 133 18 Cameron's
2396 1186 46 18 and
2457 1186 128 19 Hinemaru
2599 1187 73 18 Baths
2686 1187 23 18 in
2724 1187 39 18 the
2771 1185 1 24 ■

2179 1209 149 18 Sanatorium
2345 1209 114 19 Grounds.

1873 1254 114 19 Bathgate
2006 1254 73 19 House
2096 1254 37 18 lias
2150 1254 51 18 been
2220 1254 80 24 greatly
2318 1254 97 24 enlarged
2430 1255 32 18 for
2478 1254 92 19 Tourists
2587 1261 23 12 as
2628 1254 47 20 well
2692 1261 22 12 as
2734 1255 31 18 for

2196 1280 73 24 taking
2279 1286 12 12 a
2300 1285 70 14 courso
2381 1280 22 18 of
2412 1280 34 19 the
2457 1280 71 19 Baths.

2130 1314 132 19 TERMS
2282 1315 231 20 MODERATE.

2053 1360 52 34 S.
2154 1360 52 34 T.
2260 1361 43 32 B
2330 1362 180 34 R6N
2535 1362 52 37 T\

2199 1405 244 18 PROPRIETOR.

1874 1430 49 18 NB.
1949 1432 53 17 Most
2010 1433 21 16 of
2039 1432 54 19 those
2101 1433 43 18 who
2153 1434 43 17 visit
2206 1435 58 17 Event
2272 1442 7 10 s
2289 1436 24 16 <lo
2323 1442 19 12 so
2351 1437 85 23 through
2445 1438 31 17 the
2491 1438 46 17 kind
2550 1440 182 18 recommendations
2748 1441 20 17 of

2215 1458 88 23 previous
2312 1461 108 17 customers.

1920 1567 433 55 WAVERLEY
2438 1571 282 65 HOTEL,

1978 1642 168 37 QUEEN
2173 1644 204 36 STREET,
2396 1645 273 33 AUCKLAND.

2107 1692 108 19 UNDER
2227 1692 76 20 NEW
2316 1694 225 19 MANAGEMENT.

2097 1725 456 65 JOSEPJi^eRJE,

2006 1803 61 18 ''Late
2078 1803 21 19 of
2109 1803 34 18 the
2153 1803 56 20 Lake
2220 1804 71 19 House
2306 1805 40 18 and
2361 1804 74 19 Palace
2446 1805 78 22 Hotels,
2539 1806 106 24 Rotorua,)

2126 1835 50 18 Has
2182 1835 50 23 just
2242 1835 73 19 taken
2326 1841 56 13 over
2390 1836 48 18 this
2447 1836 76 19 Hotel.

1879 1857 129 18 Travellers
2017 1857 47 19 will
2073 1858 48 18 find
2130 1863 70 18 every
2208 1858 98 19 Modern
2316 1859 160 18 Convenience
2486 1859 122 19 combined
2614 1859 58 19 with
2678 1859 94 24 Civility

2184 1881 47 18 and
2237 1881 97 24 Prompt
2342 1882 123 19 attention.

1905 1924 44 20 The
1960 1925 98 19 situation
2069 1926 21 19 of
2105 1926 35 19 tlio
2156 1926 125 19 AVaveiiley
2299 1927 83 19 renders
2403 1928 14 18 it,
2436 1927 97 25 specially
2552 1928 120 19 convenient
2690 1928 31 18 for
2737 1928 34 18 the

1880 1951 118 25 Travelling
2008 1952 74 19 Public
2092 1952 40 19 and
2150 1952 88 20 Visitors
2254 1956 20 16 to
2292 1953 34 19 tbe
2344 1953 47 20 Citv
2406 1954 52 19 from
2474 1953 34 20 the
2525 1953 90 23 Country
2633 1954 27 22 by
2680 1955 52 18 train
2750 1961 22 12 or

1880 1980 92 16 steamer.

1881 2003 102 30 Special
1994 2004 206 29 Arrangements
2211 2005 75 23 made
2296 2006 40 22 for
2349 2006 45 22 the
2410 2006 176 22 convenience
2601 2006 28 23 of
2640 2006 130 24 Families.

2075 2043 199 17 NIGHT
2320 2044 262 17 PORTER.

1883 2084 175 26 First-class
2075 2084 116 26 Billiard
2209 2086 119 25 Rooms.
2365 2086 100 26 Wines
2479 2087 60 25 and
2556 2087 108 29 Spirits
2679 2087 92 25 ofthe

1961 2117 69 25 best
2046 2118 125 25 Brands.
2217 2119 170 26 Hancock's
2410 2120 82 25 Prize
2507 2120 103 25 XXXX
2626 2120 68 25 Ales

2154 2151 113 33 always
2286 2159 37 18 on
2352 2153 140 31 draught.

1880 2276 82 19 Under
1968 2277 42 18 the
2016 2276 172 24 distinguished
2193 2279 128 23 patronage
2330 2278 26 18 of
2358 2278 43 18 His
2408 2279 139 23 Excellency
2556 2278 62 20 Lord
2627 2279 144 24 Carrington,

1904 2309 121 17 Governor
2034 2309 26 17 of
2066 2309 101 22 N.S.W.,
2178 2309 46 18 and
2233 2309 61 19 Lord
2312 2310 95 18 Onslow
2415 2310 120 19 Governor
2543 2311 27 18 of
2576 2310 58 20 New
2643 2311 105 19 Zealand.

1881 2444 323 97 star
2334 2444 436 105 floret,

2044 2585 40 32 T
2114 2585 417 35 MURING
2561 2587 60 33 'Pi.

1882 2667 10 14 r
1896 2666 72 23 PHE
2156 2667 129 24 pronounced
2296 2667 26 20 bv
2339 2667 26 18 its
2376 2667 38 19 Put
2417 2674 46 12 runs
2480 2669 21 17 to
2515 2667 26 19 bo
2556 2667 35 19 the
2609 2667 45 19 Lest
2667 2667 53 19 built
2734 2667 40 19 and

1888 2687 20 23 JL
1950 2694 44 18 best
2003 2692 110 19 furnished
2124 2692 62 19 Hotel
2196 2693 20 18 in
2228 2693 33 18 the
2271 2692 69 20 North
2350 2693 76 19 Is'and.

1915 2724 137 26 Private
2067 2724 106 26 Suites
2182 2724 21 19 of
2213 2725 133 24 Apartments
2356 2726 32 18 for
2400 2724 100 20 Families.

2200 2758 102 23 Sample
2317 2759 95 23 HoOIUS
2433 2759 32 19 for
2479 2759 133 19 ComniPrci.il
2622 2758 126 20 Gentlemen.

1881 2792 90 19 Coaches
1982 2792 56 19 leave
2048 2792 34 19 the
2093 2792 62 18 Hotel
2164 2792 32 19 for
2212 2793 34 18 the
2259 2792 68 19 Lakes
2346 2800 26 12 on
2388 2794 74 18 arrival
2478 2794 21 17 of
2516 2793 26 19 all
2560 2795 104 18 steamers.
2694 2793 80 26 Special

1991 2818 92 25 Buggies
2101 2818 40 18 and
2151 2818 75 19 baddln
2236 2818 79 20 Horses
2325 2826 36 12 can
2378 2820 25 18 bo
2420 2820 96 18 obtained
2534 2820 32 19 for
2575 2819 28 19 all
2616 2824 55 20 parts

2240 2846 21 18 of
2272 2845 36 19 the
2323 2845 96 24 Country.

1883 2878 188 27 First-class
2085 2879 125 31 Sailing-
2223 2879 62 25 and
2299 2879 137 32 Rowing-
2449 2880 99 25 Boats
2560 2880 49 25 for
2622 2880 153 26 Pleasure

2148 2913 62 25 and
2229 2912 136 32 Fishing-
2377 2913 134 25 Parties.

1883 2953 64 26 The
1981 2953 163 26 Saltwater
2175 2954 128 32 Bathing
2339 2955 126 25 Pavilion
2502 2955 23 25 is
2560 2955 101 25 within
2687 2955 88 25 three

2088 2987 139 24 minutes'
2250 2987 76 25 walk
2346 2989 34 24 of
2395 2988 54 25 the

2105 3027 118 26 Telegrams
2243 3029 79 18 receivo
2349 3031 82 23 prompt
2449 3029 107 18 attention.

2194 3130 282 26 PROPRIETOR.

2781 720 218 46 IMPERIAL

2823 777 124 22 fort
2971 779 193 26 street.

2915 808 161 21 AUCKLAND.

2808 866 97 25 Splendid
2919 870 168 20 accommodation
3099 872 30 19 for
3142 873 49 19 Tour-

2782 891 37 19 ists
2827 892 40 19 and
2876 892 118 23 Travellers.

2800 926 182 32 High-class
3001 929 108 26 Wines
3130 934 61 24 and

2893 960 115 32 Spirits
3021 963 82 32 kept.

2829 1030 39 26 W.
2903 1033 30 24 H.
2964 1033 85 25 PEA
3065 1035 19 24 R
3100 1036 19 24 C
3138 1037 27 29 E,

2910 1070 176 32 Proprietor.

2865 1117 15 16 L
2907 1118 16 16 E
2950 1119 17 15 N
3001 1121 14 15 A.
3046 1120 15 16 L
3091 1121 17 16 V
3140 1122 14 16 o
3187 1123 22 19 N,

2889 1160 111 17 SYMONDS
3015 1162 94 21 STKEET,

2788 1188 93 21 (Formerly
2889 1189 27 16 Sir
2928 1190 48 17 Fred.
2990 1191 105 17 Whitaker's
3105 1193 106 21 Residence,)

2929 1219 96 21 Telephone
3038 1221 38 16 544.

2809 1247 16 15 A
2832 1247 41 16 Few
2881 1247 62 17 Ladies
2951 1249 34 15 and
2994 1249 99 17 Gentlemen
3106 1256 30 10 can
3149 1252 21 15 be
3184 1257 18 10 ac-

2781 1268 1 25 |
2788 1268 115 17 commodated
2908 1270 41 15 with
2953 1271 76 19 superior
3032 1271 55 16 Board
3094 1271 13 16 &
3113 1272 98 17 Residence.

2781 1296 1 24 I
2809 1297 37 16 The
2853 1298 52 16 hmise
2913 1299 15 16 is
2935 1299 75 16 situated
3018 1300 16 15 in
3041 1300 46 20 large
3093 1301 79 19 grounds,
3180 1302 33 16 and

2781 1319 1 27 I
2789 1319 96 16 commands
2893 1320 110 21 magnificent
3012 1321 50 16 views
3070 1322 18 16 of
3097 1322 28 16 the
3133 1322 80 17 harbour.

2811 1349 62 15 Tennis
2882 1348 60 18 Lawn.

2811 1378 35 15 Ten
2855 1379 80 16 minutes'
2945 1380 44 15 walk
2999 1380 44 16 from
3051 1380 29 17 the
3087 1381 41 16 Post
3136 1381 57 17 Oiiiee.

2812 1407 39 16 Cars
2862 1409 32 14 and
2904 1409 61 16 Buises
2973 1414 40 16 pass
3021 1410 30 16 the
3056 1412 79 14 entrance
3145 1413 44 17 gate.

2810 1480 224 28 CLARENDON
3072 1484 128 32 HOTEL,

2820 1522 80 16 Junction
2910 1522 58 19 Queen
2977 1524 32 16 and
3025 1524 92 17 Wakefield
3126 1525 61 17 Street.

2897 1552 138 34 /?ueklai?d,
3054 1554 60 33 Q.Z.

2793 1609 145 23 Firsl-class
2956 1612 198 24 accommodation
3171 1614 48 30 for

2940 1642 147 25 Travellers.

2874 1682 48 19 Hot
2931 1683 45 18 and
2992 1684 55 18 Cold
3059 1684 78 20 Baths.

2815 1714 41 15 Best
2863 1714 59 16 Wines
2929 1715 34 15 and
2971 1715 62 20 Spirits
3044 1715 63 21 always
3115 1717 16 16 in
3140 1717 56 18 Stock.

2886 1744 36 15 Hot
2931 1743 59 17 Lunch
3001 1745 19 16 12
3032 1747 17 14 to
3057 1746 9 15 2
3074 1745 53 22 daily.

2793 1773 37 18 W.
2850 1773 109 22 LYNCH,
2997 1784 7 3 -
3041 1784 7 4 -
3084 1775 135 24 Proprietor.

2900 1806 52 19 PeAD
2964 1806 62 20 JvIILLE
3038 1807 91 20 pAILTHK.

2795 1851 46 26 w.
2855 1851 37 25 H.
2912 1850 28 25 &
2959 1851 38 24 H.
3025 1851 30 26 C.
3086 1851 133 33 Wright,

2867 1899 130 21 SUEGEON
3010 1900 137 20 DENTISTS.

2839 1969 121 25 (Successors
2972 1971 18 17 to
3002 1969 24 19 A.
3038 1969 22 19 L.
3076 1969 101 26 Wright.)

2820 2004 73 23 Notify
2901 2004 45 18 thai
2956 2003 48 25 they
3013 2010 33 12 are
3056 2004 118 25 continuing
3185 2004 34 19 the

2795 2030 96 18 Business
2901 2032 21 16 at
2928 2030 36 18 the
2973 2029 100 20 Premises
3083 2032 33 23 top
3123 2031 20 19 of
3150 2030 59 20 Short-

2795 2056 126 18 land-stroet.
2949 2055 41 19 The
3000 2055 111 25 high-class
3128 2057 55 18 work
3199 2057 21 19 of

2796 2082 33 18 the
2838 2082 42 18 late
2891 2081 32 19 Mr
2931 2081 24 18 A.
2966 2081 23 19 L.
3001 2081 83 25 Wright
3095 2081 39 19 will
3144 2083 24 18 be
3185 2083 24 18 ad-

2795 2108 61 18 hered
2867 2111 24 19 to,
2903 2107 40 19 and
2953 2114 41 18 any
3008 2107 37 19 left
3062 2107 114 20 unfinished
3193 2108 27 25 by

2796 2134 43 19 that
2849 2133 115 26 gentleman
2977 2133 39 19 will
3026 2134 24 18 bo
3066 2135 111 23 completed
3194 2134 26 25 by

2887 2159 34 19 the
2928 2166 43 12 new
2982 2163 145 21 management.

2796 2193 113 25 Telephone
2919 2195 43 17 057.

2830 2248 22 25 J.
2874 2248 30 24 H.
2926 2248 259 30 BUCHANAN,

2869 2298 94 26 Stone
2977 2298 170 25 Merchant.

2887 2344 175 18 ESTABLISHED
3079 2345 49 16 1892.

2819 2394 116 22 Statuary,
2963 2393 158 18 Monumental
3152 2393 45 18 and

2911 2416 97 19 General
3017 2416 87 19 Mason.

2797 2452 104 18 MARBLE
2911 2452 168 17 &FREESTONE
3088 2452 116 18 CHIMNEY-

2819 2476 95 20 PIECES,
2931 2475 126 21 MANTELS,
3071 2476 83 20 YASES,
3166 2476 30 17 &c.

2824 2510 135 26 VICTORIA
2978 2510 117 25 STREET
3112 2510 80 28 EAST,

2800 2549 420 35 HUCKLMND.

2823 2611 87 26 Designs
2928 2611 40 18 and
2985 2610 66 19 Prices
3069 2610 112 20 forwarded
3201 2613 19 17 to

2798 2645 38 17 any
2846 2640 45 22 part
2900 2638 21 17 of
2930 2638 34 17 the
2974 2636 96 19 Province
3080 2643 22 12 or
3109 2636 76 26 Colony
3195 2644 25 13 on

2797 2663 127 26 application.

1979 3250 229 46 ROBERT
2241 3250 257 47 FURcNESS
2530 3250 47 47 &
2610 3251 81 49 Co.,

1922 3352 382 26 MANUFACTURERS
2342 3352 114 26 AND
2495 3352 252 31 IMPORTERS,

2082 3444 181 35 FORT
2299 3444 291 35 STROex.

2847 2721 159 44 Steele
3030 2720 135 44 Bros.

2811 2819 185 42 MARAEROA
3041 2819 167 41 SAWMILL,

2803 2882 127 44 DESIRE
2938 2883 25 17 to
2968 2881 77 19 'thank
3053 2881 39 18 the
3101 2881 76 23 public
3187 2881 35 18 for

2864 2906 54 23 past
2932 2905 76 18 favors
3024 2904 44 19 and
3083 2904 43 23 bog-
3145 2905 23 17 to
3184 2909 26 14 an-

2798 2935 89 12 nounce
2895 2929 52 18 that
2955 2927 86 24 having
3049 2933 14 13 a
3076 2927 63 23 large
3153 2928 68 18 stock

2798 2953 26 18 of
2832 2951 173 20 -well-seasoned
3013 2951 118 17 first-class
3140 2950 82 18 timber

2798 2982 29 12 on
2836 2975 61 19 hand
2906 2975 56 23 they
2970 2979 37 13 are
3017 2974 109 22 prepared
3133 2974 25 17 to
3165 2974 57 17 fulfil

2799 2999 77 18 orders
2885 2999 24 17 at
2918 2998 99 18 reduced
3025 2998 67 17 rates.

3170 3064 45 17 IS.A.

2834 3128 142 20 BARRISTER
2989 3128 52 17 AND
3051 3127 138 19 SOLICITOR,

2813 3171 39 19 118,
2872 3169 98 17 Victoria
2990 3168 87 20 Arcade,
3098 3167 116 17 Auckland.

2801 3249 92 18 Barrister
2905 3248 37 18 anrl
2957 3248 85 17 Solicitor
3056 3247 20 17 of
3091 3247 31 17 tlie
3139 3246 87 23 Supreme

2894 3272 64 19 Court,
2965 3270 83 21 Ontario,
3055 3269 80 18 Canada.

2803 3504 72 18 Losses
2884 3503 51 17 PAID
3108 3500 120 21 £20,000,000

2803 3536 50 15 Fire
2865 3535 100 16 Premium
2980 3533 101 17 Exceeds.
3088 3546 16 3 ..
3111 3531 117 21 .£1,500,000

2803 3566 149 17 Accumulated
2956 3565 69 16 Fuxds
3031 3564 80 17 Exceed
3119 3562 109 22 £1,000,000

2872 3604 37 19 W.
2932 3603 94 19 WARD
3045 3602 108 22 BAKER,

2836 3643 96 20 District
2940 3643 116 23 Manager,
3065 3640 127 20 Auckland.

2888 3683 38 19 W.
2940 3683 28 18 A.
2982 3681 162 22 WILLIAMS,

2862 3723 69 19 Local
2951 3722 83 23 Agent,
3062 3721 106 19 Rotorua.

2857 3802 108 41 DAVID
2995 3797 177 47 SHERRIFF,

2888 3875 113 20 FAMILY
3015 3872 134 22 BUTCHER,

2857 3927 80 18 Arawa
2960 3925 89 21 Street,
3071 3922 101 19 Botokua.

2829 3975 22 19 Is
2870 3981 44 12 now
2933 3972 93 26 carrying
3044 3977 24 13 on
3085 3970 33 18 the
3133 3967 91 20 business

2804 4009 61 24 lately
2886 4006 111 22 conducted
3015 4006 27 24 by
3057 4004 72 19 Messrs
3146 4001 78 20 Jecklin

2805 4043 40 19 and
2855 4043 73 21 Cotter,
2940 4041 41 18 and
2990 4040 18 19 is
3017 4036 93 28 prepared
3121 4038 18 16 to
3152 4035 72 25 supply

2805 4078 33 18 the
2848 4077 69 25 public
2926 4075 48 19 with
2985 4074 61 25 prime
3054 4070 75 26 quality
3139 4070 20 18 of
3171 4071 53 17 meat

2805 4111 40 19 and
2853 4111 58 19 small
2921 4110 62 25 goods

2876 4153 36 20 AT
2926 4150 114 22 LOWEST
3053 4148 101 20 PKICES.
