3280 4280
79 97 154 49 COMRADE,
259 96 69 41 THE
357 97 62 42 SUR-

186 143 123 40 VEYOR.

136 341 29 15 ]SY
177 337 93 18 VICTOR
290 338 72 17 ZEAL.

81 240 7 13 a
109 231 61 22 NEW
187 228 134 20 ZEALAND
341 229 95 19 STORY.

147 282 98 19 Founded
255 287 26 12 ox
295 286 56 14 fact.

40 373 1 77 ■
169 400 119 19 CHAPTER
304 400 24 17 Y.

99 437 36 17 The
142 433 79 17 Buutal
233 435 24 13 in
271 435 42 13 tbs
328 431 77 17 Gully.

79 469 41 19 }fter
130 471 9 12 n
147 462 140 24 consultation,
305 469 30 12 we
353 462 75 24 agreed
444 464 21 17 to

63 488 3 32 |
67 506 6 12 6
73 503 8 17 y
87 494 33 20 liim
129 494 18 15 to
156 490 41 18 rest
206 488 21 18 in
242 488 34 18 the
294 490 45 22 spot
357 488 66 19 where
439 488 26 18 he

63 513 23 32 j,jd
93 520 33 19 met
143 515 32 19 his
193 514 66 19 death.
295 513 60 19 With
374 520 12 12 a
403 514 62 25 spade

63 539 4 30 <'
67 558 8 11 ri
75 553 19 14 )in
101 544 29 19 the
139 546 62 19 camp,
218 546 28 12 we
257 539 99 19 hollowed
373 546 11 12 a
402 546 63 17 grave

64 578 9 17 ■j
85 572 26 18 the
127 568 52 18 loose
195 565 86 26 shingle.
314 565 118 25 Wrapping
452 572 12 11 a

74 594 53 25 loured
149 591 83 20 blanket
255 591 77 19 around
354 591 48 24 him,
422 591 42 19 and

62 624 28 21 «itL
98 618 68 22 Wolf's
175 620 45 16 coat
229 617 32 19 for
274 624 12 12 a
296 617 74 25 pillow,
383 624 29 12 we
422 617 42 19 laid

62 652 24 19 vim
93 643 83 25 tenderly
191 647 20 15 to
230 643 47 18 take
294 643 33 19 his
345 643 40 19 last
404 646 60 16 sweet

62 678 9 19 j
71 682 14 14 ee
86 680 14 19 p.
132 670 42 19 The
199 675 49 19 poor
277 668 111 20 emaciated
411 669 54 25 body

62 700 35 23 (•oiild
106 702 55 14 never
172 696 50 19 have
234 696 49 18 been
295 695 79 19 moved.

74 727 32 19 The
117 729 35 12 sun
171 728 39 11 wa<
232 721 82 24 sinking
334 720 75 20 behind
428 722 34 18 the

61 753 28 20 i;|ls
97 757 17 12 ,ts
123 755 28 12 we
161 747 37 19 left
209 747 31 18 his
249 747 67 23 lonely
327 753 68 19 grave.
412 747 53 19 How

60 781 56 18 itraiijre
125 780 30 13 .re
166 773 34 18 the
210 773 85 18 chances
304 773 22 18 of
335 772 36 19 li'o
382 772 4 27 !
405 773 45 19 Com-

60 803 42 21 rade's
111 801 32 18 l'fe
153 798 40 19 hud
203 798 51 19 been
264 806 10 11 a
285 805 36 18 ray
332 800 19 17 oi
352 798 1 26 !
366 800 98 18 sunshine

60 823 31 25 Ly,
110 827 30 18 the
159 824 65 20 cradle
241 826 20 17 to
279 825 35 18 the
332 828 89 15 moment
438 825 26 18 lie

60 864 21 12 WH
81 859 11 14 ,t
99 853 49 19 furth
158 854 20 15 to
189 850 90 19 embrace
289 851 24 18 de
321 851 34 22 ith,
373 850 59 19 bh'ck
443 857 21 12 as

59 884 19 19 the
86 878 80 21 blackest
176 876 64 25 night.

348 903 43 19 said
407 903 58 19 Wolf

58 939 31 16 asW
91 939 8 11 e
108 929 70 20 turned
187 934 63 18 away,
289 928 107 25 Good-bye
414 929 49 18 dear

59 958 41 23 friend
104 955 54 19 —till
168 961 28 11 we
207 956 52 16 meet

73 984 30 19 Xlie
112 986 75 14 owners
196 981 21 17 of
227 980 34 18 tho
272 984 16 14 st
297 983 13 15 it
313 981 32 18 ion
356 987 51 12 were
415 981 36 18 hor-

58 1010 36 22 rified
102 1011 19 15 at
132 1007 33 19 the
175 1006 74 19 fearful
259 1006 40 18 fate
310 1007 21 18 of
340 1012 37 13 our
389 1007 15 18 f.'
410 1006 53 19 lend.

73 1040 7 8 '•
88 1035 52 22 Why,
153 1034 22 20 O,
187 1032 45 24 why
242 1031 34 21 did
287 1032 25 18 ho
321 1035 35 15 not
375 1035 30 16 set
426 1033 35 19 fire

57 1070 12 13 lo
74 1062 25 19 the
108 1064 54 20 grass
207 1057 62 20 asked
279 1058 35 19 the
331 1058 46 24 lady
392 1059 21 18 of
429 1058 35 19 the

57 1090 45 20 liouse.
201 1083 73 19 should
281 1084 51 19 have
339 1084 80 19 noticed
429 1084 35 19 the

111 1111 38 19 and
160 1114 44 15 sent
214 1112 20 16 to
245 1116 31 12 see
287 1110 54 19 what
348 1110 15 19 it

279 1136 10 18 I
308 1136 83 24 replied,

57 1167 19 19 §1
97 1167 32 16 not
156 1161 74 24 smoke,
264 1162 38 18 and
333 1162 77 19 carried
438 1169 26 12 no

116 1215 75 18 solemn
335 1214 79 24 replied
429 1214 34 19 the

55 1244 35 23 lady,
120 1244 19 15 to
149 1240 28 19 all
187 1240 27 19 all
224 1246 68 18 young
299 1246 44 13 met:
353 1240 111 24 travelling

54 1270 45 20 alone.
124 1267 56 24 Tney
187 1266 68 25 .ought
274 1266 75 25 always
368 1269 20 15 to
404 1273 60 17 carry

54 1294 73 22 matches,
138 1292 91 19 whether
238 1292 48 24 they
296 1291 69 19 smoke
375 1299 23 12 or

69 1322 19 18 At
97 1318 92 20 Dnnediu
200 1318 34 18 the
244 1324 55 12 news
312 1318 73 18 caused
403 1318 49 19 wide-

54 1346 57 27 spread,
122 1344 38 20 and
172 1344 75 19 sincere
264 1346 73 22 regret,
356 1344 32 18 for
405 1344 45 20 Com-

53 1374 32 19 rade
92 1371 36 19 had
139 1371 51 18 been
200 1376 12 12 a
225 1369 82 26 general
318 1370 106 19 favourite.

68 1400 22 18 As
98 1398 9 18 I
116 1403 39 13 was
166 1396 62 25 going
239 1400 20 14 to
273 1395 102 26 England,
391 1397 17 18 it
424 1403 42 12 was

52 1424 67 25 deputed
129 1426 19 16 to
158 1429 33 12 me
202 1425 20 15 to
233 1421 62 19 break
312 1422 34 18 the
356 1422 78 25 tidings
445 1427 20 14 to

52 1452 19 18 his
80 1450 62 18 sisters
152 1448 39 19 and
203 1447 90 24 brother,
304 1447 39 19 and
354 1448 35 19 the
402 1455 55 12 some

52 1484 24 12 oue
87 1476 36 19 else
142 1475 21 19 of
179 1474 67 19 whom
265 1474 25 18 he
310 1474 41 18 had
368 1481 22 12 so
409 1475 57 18 often

49 1502 65 27 spoken.

67 1528 35 19 The
111 1527 57 19 letter
178 1526 20 19 in
209 1525 117 20 Comrade's
335 1526 73 25 pocket
424 1533 42 12 was

50 1553 89 21 addressed
149 1555 26 20 to,
253 1551 51 24 Firs,

50 1581 34 19 This
93 1586 26 12 we
129 1578 70 26 posted
210 1578 96 25 knowing
320 1578 15 19 it
353 1585 40 13 was
410 1579 45 20 writ-

51 1612 22 14 ten
81 1611 17 14 at
107 1605 32 19 the
149 1611 65 18 camp,

149 1631 11 12 *

67 1658 56 19 Three
133 1656 81 20 months
224 1656 51 19 later
292 1656 10 19 I
321 1656 56 19 stood
395 1656 70 19 before

50 1685 23 19 the
80 1684 71 24 portals
159 1683 21 18 of
192 1682 34 19 the
236 1682 65 25 lovely
308 1682 86 25 English
407 1683 59 18 homo

49 1711 45 18 —the
103 1710 56 18 home
171 1711 9 17 1
191 1712 54 15 must
255 1712 40 15 cast
307 1711 42 16 into
355 1709 60 23 grief,
426 1708 38 19 and

49 1738 41 17 dress
99 1736 19 18 in
128 1735 115 24 mourning.
280 1735 11 18 I
307 1734 108 25 presented
431 1741 34 17 my

50 1762 111 20 self-written
171 1761 59 20 letter
240 1761 21 18 of
270 1760 142 23 introduction,
424 1760 40 22 apd

49 1796 29 11 was
91 1788 65 19 shown
175 1787 42 18 into
233 1793 10 12 a
260 1786 83 19 tasteful
362 1786 102 26 drawing-

40 1807 1 31 I
49 1821 47 12 ionm.
124 1814 55 24 Yery
190 1819 48 13 toon
248 1819 12 12 a
270 1812 43 24 tall,
324 1812 91 25 graceful
425 1812 40 26 girl

47 1840 72 20 filtered.

135 1872 55 13 come
200 1865 52 19 from
263 1865 49 18 New
321 1865 99 22 .Zealand,
433 1865 33 18 Mr

138 1892 36 18 she
185 1891 49 23 said.,
247 1891 82 24 smiling
339 1898 22 11 as
377 1891 35 19 fhe
429 1891 25 19 ad-

48 1919 66 21 vanced,
147 1917 40 19 and
196 1923 42 18 you
250 1917 59 24 bring
321 1923 56 13 news
393 1918 21 17 of
431 1924 33 17 my

47 1945 67 19 brother
127 1943 87 26 Hugh.'"

64 1971 66 19 Before
140 1970 11 18 I
158 1969 58 19 could
224 1975 77 13 answer
311 1976 11 12 a
330 1968 136 20 white-robed

47 1997 50 24 figuro
113 1995 101 26 appeared
230 1996 51 17 from
301 1995 34 19 the
354 1995 50 25 deep
420 1995 45 18 bow

47 2023 68 18 window
128 2030 9 10 a
148 2022 65 20 vision
224 2021 49 20 with
284 2021 91 19 tumbled
391 2021 73 25 golden

45 2049 40 19 curls
95 2048 39 19 and
144 2048 57 22 large
213 2047 48 18 blue
278 2053 52 18 eyes.
359 2047 40 19 She
410 2054 54 11 came

47 2075 71 18 forward
130 2073 88 26 quickly,
230 2073 39 18 and
281 2072 73 25 taking
363 2072 51 20 both
431 2079 33 18 my

47 2101 57 21 Lands,
115 2100 60 22 cried,
268 2098 17 19 is
292 2098 82 24 Hugh?
389 2099 29 19 As
423 2105 41 19 you

47 2133 41 12 came
97 2133 26 19 up
134 2127 35 18 the
179 2126 56 18 drive
245 2131 39 18 you
295 2124 72 19 looked
378 2124 41 19 like
429 2126 35 17 the

45 2152 57 19 ]harer
112 2153 21 18 of
142 2152 38 19 evil
193 2152 81 24 tidings.
303 2150 53 19 Ilow
363 2151 18 18 is
389 2150 75 26 Hugh?

45 2178 15 20 L
68 2179 22 18 he
102 2178 44 19 well

281 2202 44 19 said
344 2202 35 19 the
398 2203 64 22 other,

90 2237 68 13 course
176 2230 25 18 he
218 2230 16 17 is
254 2229 49 22 well.
341 2229 40 18 We
400 2228 64 22 heard,

44 2257 39 19 from
93 2257 41 20 him
144 2256 47 24 only
201 2259 39 15 two
250 2255 58 20 mails

63 2283 22 19 So
113 2282 40 19 this
179 2288 40 12 was
367 2281 41 19 this
429 2281 35 19 the

43 2308 84 20 widowed
149 2307 118 20 bride-elect
290 2308 22 18 of
335 2313 35 18 my
389 2307 72 19 friend.

43 2334 42 20 How
91 2335 56 18 could
157 2334 10 19 1
178 2334 43 18 bow
234 2334 41 18 that
285 2333 54 25 curly
352 2333 51 19 bond
414 2333 48 19 with

43 2361 30 24 grit
78 2359 12 26 f.
102 2361 59 19 chase
171 2360 34 19 the
215 2366 54 12 roses
280 2360 51 18 from
341 2359 45 19 that
403 2362 61 16 sweet

41 2387 85 20 childlike
144 2387 50 21 face,
206 2392 21 12 or
238 2386 40 18 dim
293 2385 47 19 with
360 2388 54 16 tears
429 2385 34 19 the

42 2412 38 20 blue
90 2419 45 19 eyes
144 2412 83 25 looking
238 2419 21 11 so
273 2411 128 25 searchingly
419 2411 43 19 into

42 2439 43 19 mine
94 2440 31 18 for
135 2446 25 12 an
171 2444 83 14 an.-wer.

62 2465 6 19 1
79 2468 53 16 nm>t
141 2465 64 27 reply.
254 2463 66 26 Hugh
451 2463 11 19 I

41 2491 94 19 answered
144 2491 77 24 slowly.

173 2517 35 18 ihe
219 2515 79 23 echoed,
374 2515 17 19 is
398 2515 50 19 dead
457 2515 5 19 !

41 2542 6 19 1
57 2543 41 19 rei'd
109 2544 16 18 it
137 2543 20 19 in
173 2549 51 19 your
240 2543 50 18 face.
324 2541 40 20 She
383 2541 79 25 swayed

41 2569 81 19 forward.
151 2569 11 18 I
172 2569 76 24 caught
257 2568 35 19 her
330 2568 35 18 she
373 2567 26 20 fel
404 2567 2 26 1
410 2567 4 26 ,
423 2567 39 19 and

41 2594 32 20 laid
82 2595 36 19 her
128 2602 24 12 on
163 2595 34 19 the
217 2595 49 18 sofa.
304 2594 82 24 Hugh's
404 2594 59 19 sister

41 2627 32 13 was
87 2621 82 25 looking
185 2624 20 15 at
223 2627 31 14 me
273 2620 47 19 with
340 2620 121 27 wide-open,

40 2646 153 20 terror-stricken
208 2653 52 18 ej'es.
380 2646 27 19 do
428 2649 35 16 not

41 2672 43 26 deny
96 2674 44 18 that
157 2673 26 19 he
201 2673 17 20 is
327 2672 34 19 she
381 2672 54 20 cried
437 2683 25 3 —

60 2726 25 18 At
94 2726 36 18 her
139 2726 39 18 call
186 2724 85 20 another
279 2724 39 25 girl
326 2724 89 19 entered.
445 2725 17 18 A

40 2752 123 24 merry-eyed,
177 2751 100 25 laughing
294 2750 45 24 girl,
358 2750 71 23 whom,
447 2751 16 18 if

41 2776 7 18 1
57 2777 35 18 had
102 2783 40 13 met
153 2784 26 12 on
195 2784 12 11 a
217 2777 66 18 desert
292 2776 72 23 island,
376 2776 11 19 I
396 2776 66 19 would

40 2802 43 19 have
96 2803 74 19 known
180 2809 23 13 as
221 2802 81 25 Hugh's
313 2803 64 18 sister.

60 2830 10 18 I
80 2829 54 19 don't
143 2829 113 21 remember
263 2828 44 25 just
318 2828 52 20 what
385 2828 11 19 I
412 2828 49 23 said,

41 2861 16 13 or
65 2855 42 20 how
118 2856 10 18 I
135 2856 64 18 broke
207 2855 34 19 the
248 2854 64 21 .diead
319 2861 53 12 news
379 2856 20 19 to
407 2855 56 19 these

40 2881 48 19 three
97 2882 70 24 loving
177 2881 56 25 girls.
261 2881 33 19 An
304 2880 50 19 hour
375 2880 56 23 later,
452 2880 11 21 I

40 2905 29 21 left
79 2907 54 19 them
144 2907 92 25 refusing
247 2907 27 19 all
288 2907 91 18 comfort.
417 2906 46 19 Still

40 2932 40 27 they
97 2934 40 18 had
151 2933 107 25 requested
276 2939 39 16 me,
333 2933 40 18 and
393 2933 10 18 I
422 2932 41 19 had

40 2960 97 23 promised,
149 2964 20 14 to
180 2966 25 17 go
215 2959 61 24 again
290 2961 118 17 to-morrow
422 2959 41 18 and

40 2985 28 18 tell
78 2985 54 19 them
138 2992 55 15 mojre
204 2985 62 19 about
275 2985 31 18 his
324 2984 35 19 life
373 2985 20 19 iu
413 2985 49 19 New

39 3010 95 22 Zealand..

166 3072 121 17 CHAPTER
298 3072 35 20 VI,

174 3119 45 16 The
236 3118 87 20 Ravine,

135 3156 41 18 you
184 3149 65 20 .called
259 3148 42 20 him
319 3148 144 23 'Comrade,'"

40 3176 35 19 taid
86 3176 56 19 Alice
152 3176 35 20 the
197 3175 104 25 following
311 3176 112 22 afternoon,
443 3181 22 12 as

39 3201 30 19 the
79 3205 29 16 sat
117 3208 26 13 on
153 3208 12 12 a
175 3202 38 18 low
223 3204 48 20 seat,
291 3206 21 13 at
331 3200 33 19 the
384 3202 41 17 feet
443 3201 22 18 of

39 3226 43 21 Miss
93 3228 102 19 Standish.
302 3233 13 13 a
323 3226 69 25 fifctiug
406 3233 59 15 name

39 3253 26 19 for
73 3260 37 13 rne
121 3260 22 12 so
153 3253 123 24 universally
286 3253 65 19 loved.
373 3250 41 22 Are
423 3259 40 18 you

39 3280 56 25 going
105 3280 52 19 back
167 3283 21 15 to
198 3279 49 19 New
359 3285 54 17 sooij,
433 3279 32 19 Mr

39 3303 65 22 Rivers

60 3331 9 19 I
79 3332 40 18 told
131 3332 35 18 her
176 3331 10 19 I
197 3331 66 25 hoped
272 3333 20 17 to
302 3331 57 19 leave
369 3330 95 26 England

40 3357 15 19 in
64 3359 56 17 three
127 3357 87 19 months.

82 3384 68 19 When
160 3390 40 18 you
211 3383 47 24 go,''
273 3383 36 18 she
326 3383 48 23 said,
392 3383 61 25 speak-

40 3407 30 28 ing
79 3410 19 18 in
109 3409 52 19 little
174 3409 52 23 sobs,
268 3408 65 22 would
353 3409 16 19 it
388 3409 25 19 be
432 3413 33 15 too

40 3435 52 19 much
101 3439 21 15 to
132 3435 36 19 ask
179 3440 39 20 you
228 3437 19 16 to
259 3435 51 18 have
325 3442 11 11 a
352 3435 114 19 tombstone

40 3461 63 24 placed
114 3468 25 12 on
150 3461 32 19 his
191 3467 61 19 grave

86 3487 10 19 I
108 3487 40 20 will
159 3487 26 19 do
195 3487 99 24 anything
305 3493 39 17 you
454 3487 12 18 1

40 3514 76 24 replied.
136 3513 43 18 The
189 3513 82 19 sadness
282 3513 20 18 of
313 3512 34 19 the
357 3513 50 23 girls
427 3519 40 13 was

41 3544 49 15 more
100 3540 49 18 than
160 3539 11 18 I
190 3538 58 19 could
266 3538 56 19 bear.
345 3538 98 24 Manlike,
454 3538 11 19 I

43 3563 69 25 longed
121 3568 21 16 to
152 3564 26 19 be
188 3571 63 18 away.
373 3567 21 16 to

40 3589 9 19 I
58 3592 47 23 said,
117 3592 46 24 give
182 3597 40 18 any
232 3590 59 19 order
299 3596 40 18 you

113 3617 68 20 would
200 3616 70 19 rather
286 3616 36 18 tell
350 3622 40 18 you
414 3623 51 16 now,

40 3642 63 25 please
133 3644 33 18 Mr
192 3642 79 19 Rivers.
299 3641 48 20 Just
372 3648 12 12 a
411 3642 56 25 plain

42 3669 72 20 marble
138 3669 45 19 slab
201 3668 50 19 with
277 3670 5 9 '
293 3667 174 24 Comrade,'—the

41 3694 41 20 date
93 3696 20 18 of
124 3695 33 19 his
166 3694 67 22 death,
236 3694 65 18 —and
320 3694 58 18 these
396 3694 65 19 words

98 3725 35 15 not
152 3727 51 19 your
221 3720 68 19 hearts
308 3719 25 19 be

41 3745 36 21 She
87 3754 41 13 was
138 3747 88 24 sobbing
245 3745 84 24 audibly
348 3752 50 12 now.
427 3746 41 19 She

42 3777 39 15 lose
91 3774 52 18 from
153 3773 37 18 her
200 3774 48 20 seat,
263 3772 40 18 and
322 3778 35 18 pre
369 3772 16 18 si
388 3778 28 19 rig
433 3778 34 17 my

42 3796 55 25 hand,
108 3799 74 26 passed
191 3798 51 18 from
253 3797 34 19 the
298 3804 61 16 room,
368 3797 100 26 drooping

42 3822 35 22 like
89 3832 11 12 a
110 3824 85 20 crushed
205 3823 94 19 floweret.

63 3851 66 24 Emily
139 3849 98 20 t-tandish
253 3848 73 19 lookad
343 3849 125 24 mournfully

40 3876 48 19 after
110 3877 43 23 her,
204 3876 10 18 I
234 3874 59 19 think
317 3874 36 19 her
373 3875 59 19 heart
451 3876 18 18 is

169 3903 36 18 site
215 3901 50 19 said.

64 3952 24 18 In
97 3952 35 19 ilie
139 3952 105 23 following
253 3949 117 26 September
377 3950 34 18 tlie
417 3956 39 12 mar-

41 3975 28 21 l>le
80 3978 44 19 slab
145 3984 42 13 was
204 3976 91 24 biought
314 3976 57 18 down
389 3978 21 16 to
434 3976 36 19 the

41 4004 59 24 gully.
127 4004 65 23 Wolf,
205 4002 39 20 and
264 4002 46 24 Guy
329 4001 141 25 accompanied

43 4034 33 14 Hie.
104 4030 21 19 It
144 4036 41 13 was
203 4032 22 16 to
243 4028 25 18 be
286 4027 72 26 placed
380 4034 26 12 on
436 4027 34 19 (lie

41 4060 58 19 grave
110 4060 47 15 next
173 4056 45 24 day.
246 4054 40 20 We
305 4060 53 13 were
379 4053 92 24 sleeping

44 4086 17 12 Hi
72 4089 9 11 a
91 4082 67 19 wliare
169 4081 63 19 about
241 4087 11 13 a
259 4082 84 23 quarter
352 4080 22 18 of
392 4086 13 12 a
424 4079 47 19 mile

43 4106 48 22 J'ltm
106 4108 35 19 the
159 4107 73 24 valley.
258 4107 47 19 Just
324 4108 21 17 at
363 4106 59 18 dawn
441 4111 30 15 we

489 103 52 12 were
550 94 109 20 awakened
670 95 27 25 by
709 101 13 12 a
730 94 51 20 ]oud
790 95 41 18 and
843 95 67 19 contin-

489 128 50 13 uous
549 121 87 24 roaring.

516 150 12 8 '•
538 148 64 18 What
612 147 17 18 is
638 146 16 18 it
706 146 56 19 cried
773 146 46 24 Guy
835 147 87 24 rushing

488 175 20 17 to
518 173 35 18 the
562 173 53 18 door

600 197 111 19 exclaimed
721 198 64 21 Wolf,
856 198 64 19 who'.e

487 224 104 19 mountain
601 224 17 18 is
628 223 80 25 coming

513 250 22 19 It
546 249 79 20 seemed
635 255 27 14 so.
690 246 61 22 With
762 256 11 11 a
783 250 56 18 noise
849 250 71 18 louder

487 276 50 19 than
548 275 92 20 thunder,
652 278 58 20 trees,
722 275 57 19 e.irth
791 275 40 19 and
841 276 80 24 shingle

487 308 55 13 carao
558 301 104 24 bounding
685 301 58 19 down
760 300 34 20 tbe
814 301 105 19 mountain

487 328 49 18 side.
560 328 15 16 A
584 327 38 24 s'ip
633 327 21 18 of
663 326 114 20 thousands
789 333 40 12 aou
849 330 59 16 tnous-

487 353 50 19 auds
548 353 20 19 of
577 355 52 16 tors.
657 353 40 19 We
707 352 58 18 stood
775 352 89 25 looking,
878 353 41 19 and

487 379 97 24 listening
617 377 43 19 Tho
670 379 57 19 noise
737 379 21 18 of
770 379 33 17 tho
821 379 97 18 descend™

487 405 36 24 ing
541 405 45 24 slip,
606 404 94 19 drowned
729 404 33 19 tbe
781 410 45 13 ro.x
846 404 22 18 of
885 405 35 17 tbe

487 431 59 17 river.

528 457 42 18 Tbe
588 456 78 19 Ravine
677 455 3 20 !
727 462 21 13 sa
750 455 5 12 :
758 455 13 20 d
793 455 52 19 Guv.
873 455 43 19 Tho

486 483 70 18 ravine
566 488 41 13 was
616 488 38 13 one
666 488 26 13 no
707 482 77 24 longer.
800 482 43 18 The
861 484 59 22 great

487 515 54 12 mass
551 509 20 18 of
581 509 58 18 earth,
648 508 40 19 and
699 511 73 18 stones,
781 507 17 18 a'
807 510 47 16 rost
864 507 54 19 tilled

486 539 16 14 it
512 541 34 18 up,
558 534 40 19 and
608 534 101 19 extended
720 534 32 19 far
762 534 43 18 into
823 533 34 19 the
876 533 33 19 val-

486 560 40 18 lev.

513 586 53 19 Poor
586 584 3 26 i
596 586 105 19 iomrade's
729 591 67 19 grave,
827 584 41 19 and
885 585 34 19 tbe

486 612 120 23 tombstone,
628 612 64 19 which
714 610 65 20 would
806 617 62 12 ne/er
895 610 24 19 bo

486 638 85 19 erected,
580 644 51 13 were
643 640 23 17 Uu
687 637 25 19 ed
723 637 88 19 beueath
821 638 25 17 50
857 643 22 13 or
894 639 24 17 CO

486 664 42 18 feet
539 665 21 17 of
568 664 75 18 debris.

513 690 11 18 I
541 690 51 19 have
608 692 36 16 not
666 689 42 19 told
727 689 35 18 the
781 688 70 25 loving
869 689 51 19 little

486 716 59 18 heart
555 718 20 16 at
586 715 32 19 110
628 722 24 12 110
662 715 35 19 tbo
704 715 9 18 f
716 716 32 18 ate
760 715 21 18 of
796 715 37 18 her
849 721 57 13 monu-

486 745 56 15 ment
553 742 20 18 of
584 741 99 22 affection,
744 747 35 18 my
789 747 16 11 w
809 740 4 25 :
854 741 66 18 whose

486 774 60 12 name
555 774 40 12 was
605 774 47 12 o?ee
668 767 17 20 E
692 766 43 25 nily
751 766 102 23 Staud'su,
868 773 42 18 .sug-

487 796 55 22 gests
554 793 44 19 tbat
608 793 35 19 she
649 793 44 20 alia'
698 792 3 26 1
709 798 56 12 come
772 792 40 19 and
821 799 43 18 si,ay
872 799 15 11 w
890 793 5 12 :
899 792 21 18 th

487 826 23 12 us
520 819 41 19 this
571 826 43 12 sum
622 825 36 13 ner
668 819 39 19 and
719 819 61 23 i/nere,
792 825 25 11 on
826 818 35 18 tbe
868 822 50 21 spot,

486 845 36 19 sbe
532 845 53 19 sha'.l
595 845 25 19 be
632 844 41 20 told
682 847 36 16 toe
728 847 69 16 secret.

643 878 45 20 Ts's
708 878 54 20 Exx).

576 948 138 18 HAPPIEST
723 948 35 18 OF
769 947 53 19 ALL.

486 1000 65 18 There
561 1000 18 18 is
586 1006 25 12 no
628 998 48 20 time
694 998 20 19 in
734 998 34 19 the
786 998 134 24 twenty-four

486 1026 63 19 hours
560 1026 56 18 when
627 1031 37 12 one
675 1024 64 25 ought
751 1027 19 16 to
781 1024 41 18 feel
829 1030 24 12 so
863 1024 45 19 thor-

487 1052 77 25 oughly
575 1050 89 20 satisiied
683 1050 40 19 and
742 1052 82 17 content
838 1056 22 12 as
880 1050 26 18 im-

487 1078 109 25 mediately
605 1077 52 19 after
668 1083 11 11 a
694 1077 61 24 good,
769 1076 73 24 hearty
859 1075 59 21 meal.

487 1104 47 19 And
549 1104 26 18 all
591 1103 84 24 healthy
691 1108 84 19 persons
791 1102 26 18 do
834 1101 40 19 feel
890 1108 28 12 so.

486 1130 43 18 The
539 1129 71 25 body's
620 1129 97 19 demands
730 1128 52 18 have
803 1127 50 19 been
872 1130 46 20 met,

487 1156 40 18 and
537 1162 28 12 we
576 1162 33 12 are
619 1161 47 17 c-asy
685 1153 41 20 and
744 1153 138 23 comfortable,,
898 1160 22 12 as

487 1182 78 23 though
577 1188 28 12 we
615 1181 40 19 had
675 1187 18 18 pi
694 1179 4 26 1
701 1180 22 20 id
738 1180 29 20 off
782 1186 25 12 on
826 1179 33 19 old
878 1180 41 18 dun

487 1208 40 18 and
537 1207 41 19 had
592 1213 72 18 money
673 1207 43 18 left.
746 1206 40 18 We
803 1212 33 12 are
854 1212 55 12 acces-

487 1234 59 23 sible,
568 1233 95 23 humane,
686 1232 41 19 and
751 1231 52 25 good
826 1231 92 19 natured.

486 1260 63 23 Then,
558 1259 16 19 if
582 1266 51 14 ever,
645 1265 29 12 we
682 1258 41 19 will
735 1261 62 23 grant
807 1264 12 12 a
838 1260 82 22 request

487 1285 86 19 without
583 1284 125 26 grumbling.
759 1284 53 19 True
831 1284 77 18 benevo-

487 1311 70 23 lence,'
581 1318 45 18 says
645 1318 10 12 a
678 1314 68 22 crusty
765 1310 33 19 old
814 1309 68 19 friend
899 1310 21 18 of

487 1337 61 24 mine,
582 1337 18 19 is
608 1336 77 20 located
694 1337 21 18 in
723 1343 12 13 a
741 1335 84 26 capable
829 1335 91 19 stomach

486 1364 88 24 •recently
581 1363 60 19 filled.
652 1362 3 26 '

515 1390 48 22 Yes,
586 1389 37 18 but
642 1390 55 18 what
720 1390 21 18 of
760 1391 34 17 tho
814 1386 105 26 incapable

490 1416 106 22 stomachs,
608 1415 21 19 of
639 1415 65 19 which
708 1415 58 20 there
774 1420 33 15 are
818 1420 22 12 so
845 1412 75 26 many?

487 1442 128 19 —stomachs
624 1441 45 19 that
675 1441 116 26 disappoint
800 1440 37 18 and
846 1440 73 24 plague

488 1468 53 19 their
551 1474 82 13 owners,
645 1468 30 18 till
683 1468 35 18 the
727 1471 31 15 act
769 1468 21 18 of
800 1466 88 24 feeding,
898 1471 22 13 so

488 1494 111 24 delightful
608 1496 21 17 to
638 1494 73 23 others,
722 1493 92 20 becomes
821 1499 24 11 an
855 1498 31 12 act
897 1496 23 15 in

487 1520 59 19 avoid
565 1520 34 18 the
621 1520 99 24 necessitj'
748 1520 21 18 of
788 1518 65 21 which
873 1518 47 23 they

488 1553 35 12 are
533 1546 72 19 almost
615 1545 79 26 willing
700 1549 20 15 to
730 1545 49 20 die?
793 1545 38 22 Ah,
847 1544 43 18 that
901 1550 19 14 js

487 1573 58 25 quite
568 1572 85 18 another
677 1572 66 25 thing.
782 1571 64 19 These
872 1576 48 18 poor

488 1598 54 18 souls
551 1605 33 12 are
592 1598 48 25 they
650 1598 45 19 who
713 1604 42 19 say,
767 1605 22 12 as
800 1596 50 18 Miss
861 1595 59 21 W.ul-

487 1625 42 18 Lice
539 1631 45 18 says
595 1624 19 18 in
623 1624 41 19 this
674 1623 59 20 letter
742 1625 22 18 of
772 1624 52 19 hers.
860 1622 11 18 1
880 1628 40 12 was

488 1658 26 11 110
521 1650 71 25 longer
600 1650 85 19 counted
706 1657 75 18 among
800 1649 57 19 those
876 1647 44 19 who

490 1677 52 18 have
561 1676 92 25 pleasure
672 1676 20 19 in
712 1677 76 24 eating.
817 1674 41 18 Far
868 1673 52 21 from

487 1703 22 19 it.
543 1703 30 19 As
583 1703 31 19 for
624 1708 31 12 mo
668 1703 7 18 1
685 1709 42 12 was
735 1702 67 20 afraid
810 1705 21 16 to
842 1703 38 15 eat.
908 1699 12 20 I

487 1729 36 19 felt
534 1729 34 18 tho
579 1729 49 19 iK;ed
639 1729 20 18 of
677 1728 54 24 food,
749 1729 21 18 of
788 1732 70 15 course
859 1726 61 19 —the

488 1754 104 20 weakness
617 1755 39 18 and
678 1754 85 25 sinking
781 1754 46 19 th»t
844 1758 64 13 accom-

488 1781 73 24 panied
581 1781 181 19 abstinence—but
781 1781 54 18 what
856 1785 40 12 was
909 1778 11 18 I

487 1811 21 14 to
519 1807 25 18 do
577 1807 41 19 The
629 1810 87 16 moment
725 1807 9 18 1
744 1811 38 19 ate,
795 1813 31 18 my
837 1805 83 18 distress

487 1833 41 19 and
553 1839 47 19 pain
619 1833 134 19 commenced.
849 1834 71 15 matter

487 1859 45 19 how
556 1859 52 24 light,
626 1859 35 19 the
680 1863 69 21 repast
758 1865 45 17 was,
824 1863 37 14 nor
876 1856 43 19 how

487 1885 94 20 careful!
590 1892 40 12 was
640 1887 35 17 not
684 1889 20 16 to
725 1885 63 25 hurry
808 1885 20 18 in
848 1883 72 24 taking

487 1912 22 22 it,
521 1911 35 19 the
567 1911 62 19 result
639 1918 41 13 was
689 1912 36 18 the
734 1919 8 11 s
757 1918 37 13 me,
829 1912 36 17 Iho
878 1909 32 19 dis-

487 1940 50 16 tress
546 1938 38 18 and
596 1938 159 24 gnawingpaius
763 1937 99 23 followed,
872 1937 48 18 with

488 1964 117 19 discomfort
614 1964 21 18 in
643 1964 34 18 the
685 1964 64 22 «hest,
757 1964 41 19 and
809 1971 12 11 a
831 1970 57 12 sense
899 1964 21 17 of

489 1989 95 25 choking,
593 1996 21 12 us
624 1990 16 18 if
651 1995 53 14 some
716 1990 40 18 bits
773 1990 21 18 of
813 1990 47 18 food
880 1990 39 19 had

487 2016 74 24 lodged
572 2016 57 18 there
640 2016 38 18 and
692 2022 52 13 were
759 2016 103 25 irritating
880 2023 38 12 me.

536 2042 25 19 So
579 2042 150 24 objectionable
746 2042 40 19 and
804 2046 116 20 repugnant

487 2070 20 16 to
517 2074 32 13 me
558 2074 39 12 was
615 2068 35 19 the
668 2071 30 15 act
717 2069 21 18 of
748 2068 70 25 eating
828 2068 45 19 that
887 2068 32 19 for

486 2093 51 25 days
551 2093 94 26 together
653 2093 12 20 I
673 2093 65 20 didn't
748 2094 60 19 touch
819 2101 11 11 a
847 2094 72 19 morsel

486 2120 22 18 of
518 2119 50 19 solid
588 2120 53 22 food,
659 2120 114 25 subsisting
789 2120 87 24 entirely
893 2127 25 12 on

487 2146 26 18 mi
524 2145 11 19 k
547 2145 39 19 and
596 2146 49 18 soda
655 2149 68 16 water.
751 2146 74 25 Owing
838 2148 20 16 to
878 2147 41 19 this

487 2171 93 21 enforced
596 2172 43 18 lack
654 2173 21 17 of
695 2172 140 18 nourishment
855 2173 9 17 I
883 2175 36 23 got

486 2197 110 26 extremely
606 2198 63 23 weak,
680 2198 41 18 and
731 2199 62 18 about
803 2205 22 11 as
834 2199 44 17 thin
897 2205 22 12 as

486 2224 11 18 1
507 2224 57 18 could
574 2223 31 19 be.
633 2224 10 18 I
654 2227 54 15 must
716 2228 35 14 not
765 2224 68 25 forget
846 2228 20 15 to
883 2232 35 17 say

486 2250 44 18 that
541 2250 27 18 thi
588 2249 105 26 happened
704 2253 20 15 to
734 2257 33 12 mo
776 2256 22 12 or
808 2251 68 18 rather
886 2251 31 18 be>

486 2282 41 19 gan
537 2279 20 15 to
567 2276 80 25 happen
657 2277 21 17 in
689 2276 56 25 July,
761 2278 53 20 Itt'Jli,
834 2277 56 18 when
908 2277 10 18 1

487 2308 40 12 was
537 2302 64 24 living
610 2306 22 15 at
649 2302 31 19 Wt
688 2302 94 25 Hington,
799 2303 21 17 in
840 2303 63 24 Shrop-

486 2329 60 18 shire.
581 2328 20 19 It
611 2335 55 12 came
676 2335 32 16 on,
722 2336 21 11 as
762 2334 40 19 you
819 2334 47 18 may
883 2335 35 18 say

486 2354 152 25 gradudlyand
649 2358 34 15 not
694 2354 48 19 with
753 2360 40 19 any
803 2354 77 19 sudden
897 2362 21 11 or

486 2385 57 14 acute
551 2384 117 22 symptoms.
697 2381 10 18 I
718 2381 63 18 found
792 2381 73 24 myself
873 2380 43 24 low,

486 2403 90 28 languid,
596 2407 40 18 and
646 2407 58 18 tired.
733 2406 57 19 Then
810 2413 56 14 came
882 2407 34 18 the

486 2434 72 18 failure
568 2433 21 18 of
600 2440 32 17 my
647 2432 89 25 appetite
755 2432 40 19 and
815 2433 34 18 tho
861 2432 57 19 other

486 2459 69 23 things
565 2459 9 18 I
584 2458 52 20 have
652 2459 79 18 named.

536 2485 12 19 I
566 2484 48 19 took
630 2484 33 19 the
681 2485 60 19 usual
764 2485 109 19 medicines
888 2486 31 18 for

485 2511 129 25 indigestion,
644 2511 37 18 but
701 2511 49 25 they
767 2511 39 18 had
826 2518 25 11 no
866 2511 51 25 good

485 2538 65 18 effect.
562 2537 58 18 After
628 2536 32 19 six
670 2538 88 17 month's
768 2537 21 18 of
800 2538 117 24 experience

485 2564 21 18 of
515 2563 42 19 (this
573 2563 49 18 kind
639 2563 21 18 of
679 2563 74 24 misery
771 2562 10 21 I
799 2563 49 18 read
868 2564 20 18 in
907 2570 12 11 a

486 2589 53 19 book
550 2589 62 19 about
622 2588 83 20 Mother
715 2588 86 26 Seigel's
812 2590 66 24 Syrup
896 2596 22 12 as

485 2623 12 11 a
507 2615 81 25 remedy
599 2616 31 18 for
639 2615 41 18 this
697 2615 84 23 disease,
799 2615 40 18 and
854 2618 35 22 got
907 2622 12 11 a

486 2640 64 20 bottle
560 2641 53 18 from
623 2641 33 18 Mr
667 2641 66 22 Bates,
745 2640 35 19 the
789 2641 90 23 chemist,
898 2648 21 11 in

486 2667 134 24 Wellington.
649 2667 86 24 Having
752 2667 48 18 used
818 2667 16 18 it
849 2674 11 11 a
880 2668 39 17 few

486 2694 50 24 days
547 2694 10 17 I
567 2692 38 20 felt
622 2695 59 23 great
696 2693 65 22 relief,
780 2694 40 17 and
835 2693 58 18 when
908 2694 11 17 I

485 2720 40 19 had
534 2719 108 19 consumed
651 2722 40 16 two
710 2719 75 19 bottles
802 2719 11 19 I
828 2725 40 13 was
884 2727 35 11 en~

485 2745 60 25 tirely
555 2745 51 19 well.
635 2744 58 20 Since
703 2745 49 19 then
763 2745 10 19 I
785 2745 50 19 hare
844 2746 65 18 hearti-

485 2772 20 25 ly
515 2771 130 19 commended
657 2771 82 20 Mother
749 2772 87 23 JSeigel's
853 2771 66 25 Syrup

485 2800 20 17 to
517 2805 44 11 man
564 2804 13 18 3'
586 2797 84 24 friends,
681 2797 46 19 who
738 2798 51 18 have
806 2797 113 24 invariably

485 2824 52 18 been
547 2823 67 22 cured,
625 2830 22 12 as
656 2823 12 19 I
679 2830 47 12 was.
754 2823 47 19 You
814 2824 52 18 hive
886 2830 33 18 my

485 2849 119 28 permission
623 2852 21 16 to
662 2849 85 26 publish
768 2856 34 17 1113'
819 2849 64 23 letter,
903 2850 17 18 if

485 2882 41 18 you
536 2875 65 19 desire
609 2878 21 16 to
640 2876 25 18 do
675 2882 27 12 so.
842 2876 78 18 Minnio

486 2902 97 23 Wallace,
603 2901 72 23 Nurre,
694 2901 43 19 The
756 2902 69 19 Union
846 2901 59 19 Work-

485 2929 70 21 house,
564 2927 94 23 Oldham,
671 2927 105 25 February
787 2927 59 23 22nd,
863 2929 56 17 1895.

512 2955 24 17 In
548 2960 11 12 a
568 2953 168 21 communication
752 2953 61 19 dated
828 2953 92 25 January

486 2981 41 22 Bth,
541 2981 56 20 1895,
611 2983 43 15 .Virs
672 2979 110 20 Henrietta
801 2979 118 23 McCallam,

486 3007 21 18 of
526 3008 31 22 40,
582 3005 124 20 Downsfield
724 3006 63 22 Road,
803 3005 104 20 Waltham-

486 3036 55 19 stow,
561 3039 50 12 near
627 3031 90 24 Loudon,
740 3035 62 16 states
821 3032 45 18 that
884 3032 37 18 her

486 3058 101 24 daughter
596 3057 74 20 Emma
682 3058 37 18 fell
728 3058 23 19 ill
761 3058 22 19 in
799 3058 34 19 the
849 3058 72 24 spring

486 3085 22 18 of
520 3086 47 16 1885
580 3084 48 18 with
639 3084 34 18 the
683 3090 55 13 same
754 3087 111 21 sj'mptoms
875 3083 34 19 des-

486 3110 69 21 cribed
565 3110 27 24 by
603 3110 50 19 Miss
664 3110 99 19 Wallace.
792 3111 40 18 She
848 3109 73 19 craved

486 3136 53 19 food,
552 3139 38 21 yet,
605 3136 58 19 when
675 3136 16 18 it
705 3143 40 12 was
762 3135 71 26 placed
851 3135 70 19 before

486 3162 43 23 her,
542 3162 35 19 she
585 3162 73 19 turned
677 3162 52 19 from
749 3162 16 18 it
783 3162 73 19 aimost
874 3161 47 19 with

486 3188 100 25 loathing.
694 3188 50 19 tinio
764 3190 52 16 went
900 3193 21 13 so

486 3221 48 11 runs
545 3214 34 18 the
590 3213 96 19 mother's
696 3214 66 22 letter,
795 3219 33 18 my
842 3213 65 26 daugh-

487 3242 30 17 ter
527 3241 79 18 became
616 3246 22 12 so
648 3240 57 19 weak
722 3240 36 18 she
772 3239 60 19 could
848 3239 73 24 hardly

487 3266 59 21 walk,
574 3265 87 19 Neither
679 3265 59 19 home
757 3265 110 19 medicines
884 3272 37 12 nor

487 3293 58 18 those
557 3292 22 18 of
597 3291 35 19 the
652 3291 79 19 doctors
747 3291 34 19 did
800 3298 39 17 any
861 3291 59 25 good.

487 3318 44 19 Her
555 3317 109 26 sufferings
685 3317 109 19 continued
820 3318 32 18 for
874 3323 48 13 over

486 3344 59 25 eight
553 3350 64 18 years.

515 3370 43 18 '•ln
571 3369 60 22 June,
643 3371 56 21 1594,
710 3369 37 19 she
765 3369 66 25 began
848 3369 74 24 taking

488 3396 81 19 Mother
579 3395 88 25 Seigel's
677 3395 73 26 Syrup,
770 3395 22 19 of
807 3395 66 21 which
891 3400 30 13 we

488 3422 39 19 had
536 3422 44 25 just
588 3421 49 19 read
647 3421 21 19 in
679 3427 12 13 a
700 3421 53 21 little
764 3421 53 19 book
827 3421 45 18 that
881 3427 40 12 was

488 3448 36 19 left
535 3453 21 13 at
564 3447 35 19 the
609 3447 68 19 house.
707 3447 24 18 In
742 3454 12 12 a
765 3447 56 19 week
835 3447 37 18 she
882 3453 40 12 was

488 3474 72 22 better,
572 3473 38 19 and
621 3473 20 18 in
658 3473 40 18 less
712 3473 51 19 than
783 3477 39 14 two
842 3472 79 19 months

489 3501 36 18 she
535 3506 41 12 was
585 3499 98 25 enjoying
701 3499 67 19 better
785 3498 70 19 health
872 3498 49 19 than

489 3532 46 13 ever
545 3526 75 18 before.
649 3524 40 20 She
699 3526 37 17 has
748 3525 54 18 since
818 3524 53 19 ailed
886 3531 24 12 no-

488 3553 66 23 thing,
566 3551 40 18 and
615 3557 36 13 can
661 3556 33 14 eat
704 3558 40 18 any
760 3551 46 18 kind
828 3551 21 18 of
867 3550 54 19 food.

489 3577 93 25 (Signed;
592 3577 62 25 (Mrs)
667 3577 109 19 Henrietta

658 3603 57 25 sings
741 3603 84 22 Homer,

489 3630 57 18 those
557 3630 44 18 who
611 3628 37 20 fell
655 3630 66 17 under
730 3629 35 18 tho
778 3628 50 25 high
839 3627 43 20 wall
901 3628 21 18 of

590 3654 94 26 Happier
693 3661 35 13 are
741 3654 49 24 they
807 3654 45 19 who
871 3654 51 18 have

489 3688 61 12 never
579 3681 63 19 fallen
671 3684 65 16 under
765 3676 34 23 the
825 3679 98 24 crushing

490 3708 75 23 weight
584 3707 21 18 of
623 3707 124 23 indigestion
767 3713 22 12 or
807 3705 114 26 dyspepsia.

489 3733 108 25 Happiest,
607 3733 94 24 perhaps,
713 3733 21 18 of
745 3732 27 20 all
780 3738 34 13 are
822 3732 48 24 they
878 3731 44 19 who

490 3759 51 19 have
554 3760 48 17 beeu
608 3754 62 22 lifted
679 3764 27 19 up
713 3758 27 24 by
748 3757 82 19 Mother
837 3757 85 25 Seigel's

490 3785 81 24 remedy
582 3784 39 19 and
632 3784 70 24 placed
713 3785 66 18 where
797 3790 49 12 once
861 3783 61 25 again

489 3811 49 24 they
553 3816 36 13 can
607 3813 39 19 eat,
667 3809 61 19 drink
747 3809 40 20 and
805 3809 25 19 be
849 3815 72 18 merry.

489 3836 46 19 And
547 3836 16 18 if
573 3835 27 19 all
610 3835 57 19 these
677 3835 59 19 could
749 3835 25 18 be
784 3834 98 26 gathered
892 3837 21 16 to-

491 3862 72 26 gether
587 3861 48 25 they
652 3861 67 18 would
736 3860 61 20 make
814 3867 12 12 a
844 3863 79 22 greater

491 3889 45 18 host
547 3888 50 19 than
604 3888 35 18 the
647 3887 67 18 Greek
722 3891 47 21 poet
776 3893 47 12 ever
828 3886 95 19 dreamed

490 3914 27 18 of.

561 3974 20 18 A
594 3972 73 20 TALE
681 3973 35 19 OF
732 3973 19 18 A
764 3971 86 20 SHIRT.

518 4025 43 19 TLe
683 4025 53 19 litt'e
749 4023 41 20 tale
810 4023 64 19 which
894 4030 29 12 we

492 4054 78 16 extract
587 4051 54 19 from
650 4051 28 19 To
690 4051 66 19 Toiea
772 4050 17 18 is
805 4053 35 17 not
860 4053 19 15 to
899 4049 24 19 be

491 4077 65 19 found
567 4077 20 19 in
598 4077 34 19 tbe
641 4077 110 19 Premier's
765 4083 48 18 very
829 4077 84 17 iiteiest-

493 4103 36 26 ipg
539 4103 102 20 narrative
652 4110 20 12 oi
679 4103 32 19 his
720 4103 41 25 trip
779 4105 20 17 to
819 4102 34 20 the
871 4102 52 19 Ure~

944 101 54 13 wera
1007 98 91 23 country.
1108 95 31 20 Its
1147 96 58 19 merit
1211 96 36 19 lies
1256 96 19 18 in
1283 96 28 19 its
1317 97 47 19 abso-

943 120 43 20 lute
996 122 56 18 truth
1063 123 41 18 and
1123 122 35 19 the
1176 128 59 13 naive
1253 128 84 13 manner
1355 130 20 11 m

942 146 68 19 which
1019 148 17 18 it
1047 148 19 18 is
1280 148 97 20 Uren-era

942 173 80 18 natives
1031 180 23 11 re
1064 174 33 19 aia
1107 181 12 12 a
1133 174 53 24 good
1203 180 34 13 ma
1240 180 25 18 ay
1284 174 22 18 of
1325 174 52 19 t.beic

943 198 102 24 p-imuive
1073 199 40 19 and
1139 206 75 18 savage
1235 206 61 18 ways.
1334 200 42 19 Tiie

942 223 50 20 bold
1002 225 93 18 warriors
1104 225 40 19 and
1158 224 67 24 dusky
1242 225 90 19 wab'aes
1351 232 26 18 go

943 250 91 25 through
1045 251 35 18 l'fe
1090 252 50 18 with
1150 258 21 11 as
1190 251 52 18 little
1257 250 119 25 knowledge

974 276 87 19 rai'jieft
1069 283 21 12 as
1099 283 52 12 ever,
1180 276 82 25 .Among
1267 276 35 19 tiie
1311 277 37 18 abo
1360 278 9 17 i-

944 301 68 24 g'uals
1022 304 21 16 to
1056 302 93 19 welcome
1160 302 33 19 the
1201 302 82 19 Miirste
1294 302 20 19 ia
1317 301 3 26 l
1321 301 1 26 .
1330 309 35 18 par-

942 329 23 22 ty
975 334 42 12 was
1026 334 13 12 a
1045 328 71 24 dainty
1122 328 40 19 and
1170 328 110 19 handsome
1286 328 88 23 maiden,

943 353 67 19 whose
1020 354 94 25 splendid
1122 355 54 17 form
1184 355 49 17 took
1249 356 34 16 t':e
1301 360 36 19 eye
1356 356 21 17 of

943 385 60 12 everv
1014 386 37 12 one
1066 380 21 18 of
1103 381 33 17 the
1151 379 87 19 visitors.
1275 382 40 16 S'ie
1335 386 41 13 was

942 405 61 19 voted
1014 412 11 12 a
1035 405 94 25 splendid
1141 406 100 24 specimen
1281 412 11 12 a
1310 406 66 19 Maori

942 430 41 24 girl
994 431 39 19 and
1044 438 41 12 was
1094 431 78 19 Ueated
1185 432 49 18 with
1250 438 63 12 ruaoa
1331 432 33 23 gal-

942 455 69 26 lantry
1021 457 27 25 by
1058 457 34 18 tlie
1103 457 84 25 visit'ag
1196 457 61 19 white
1266 464 52 12 men.
1333 457 43 19 Tiie

943 483 27 23 g'.
976 482 6 19 l
993 489 40 12 was
1043 482 86 25 scoutily
1137 483 46 18 clad
1192 483 41 18 like
1243 483 34 18 iho
1295 485 41 17 rest
1355 484 21 18 o*

945 509 35 18 her
992 509 58 23 tr'.be,
1063 508 36 19 but
1109 509 37 18 her
1158 509 51 23 style
1226 509 41 18 and
1282 515 95 14 manners

1011 534 81 24 beyond
1106 535 97 24 reproach
1249 535 17 18 A
1284 541 92 19 younger

942 560 91 19 member
1042 560 21 19 of
1073 560 34 19 the
1116 560 122 20 Ministerial
1247 563 60 23 party
1328 562 48 18 took

942 592 13 12 a
964 589 59 21 great
1033 586 61 24 fancy
1104 588 20 17 to
1134 586 36 18 ber
1181 586 40 19 and
1230 586 41 19 had
1287 593 61 18 many
1365 594 11 12 a

942 612 57 24 quiet
1009 612 39 18 and
1062 612 69 24 gentle
1146 612 44 18 ta'k
1209 612 48 18 with
1276 612 41 23 lie.-,
1337 614 39 18 iind

942 638 87 23 enjoyed
1039 637 82 20 himself
1134 637 97 25 studying
1249 638 36 19 her
1304 638 72 26 simple

942 670 61 18 ways.
1043 664 53 18 Now
1111 664 17 18 it
1147 663 106 25 happened
1272 666 45 17 t-i.it
1336 665 40 18 this

941 696 71 19 young
1028 689 68 19 fe'low
1116 696 40 12 was
1172 689 89 25 charged
1275 690 48 19 with
1341 691 35 18 the

942 716 51 23 duty
1002 715 22 19 of
1033 715 86 25 looking
1189 715 34 19 the
1233 715 82 23 wr't'ng
1332 723 30 13 ma-

942 741 65 22 terial,
1018 748 55 18 peus,
1085 741 36 19 ink
1131 741 40 19 and
1181 747 68 19 paper,
1267 741 65 20 wlv'ch
1351 742 25 20 be

942 767 41 19 had
993 772 37 19 put
1039 774 58 17 away
1108 774 21 12 >u
1140 767 32 18 b'"s
1180 767 70 20 trunk.
1278 767 32 25 By
1319 774 55 13 some

942 798 70 14 means
1022 793 34 18 tbr*
1075 793 24 19 ed
1107 793 36 19 ink
1151 792 63 20 bottle
1223 793 81 19 beea-ne
1313 793 63 20 broke

942 819 40 18 and
993 819 34 18 tho
1038 826 35 11 imc
1085 822 35 21 got
1130 819 72 24 spread
1212 825 47 12 over
1269 819 34 19 the
1321 821 55 18 front

941 845 22 18 of
972 851 38 12 oue
1020 845 22 18 of
1051 845 33 19 his
1094 845 61 19 white
1165 845 66 19 shirts.
1260 844 42 19 Not
1310 845 5 18 l
1318 844 4 26 :
1326 846 50 24 kiug

942 874 20 15 to
973 871 64 18 throw
1047 871 35 18 the
1096 870 50 20 ihirt
1157 876 57 19 away
1227 871 25 18 he
1270 871 75 19 ofered
1360 873 16 17 it

942 900 20 15 to
972 897 35 18 the
1017 897 81 18 maiden
1108 897 33 18 for
1156 897 35 18 the
1205 903 36 12 use
1259 897 21 19 of
1299 904 38 12 one
1356 899 20 17 of

942 922 37 19 her
989 922 100 23 brothers,
1101 923 36 18 but
1147 923 106 25 requested
1265 923 36 19 her
1310 926 36 16 not,
1356 927 20 16 to

941 948 29 19 let
978 948 17 19 it
1003 948 25 19 bo
1040 955 55 12 worn
1104 948 60 19 while
1174 950 35 17 the
1219 948 90 26 pakehas
1325 956 51 13 wi-re

942 974 137 25 intheeimp.
1108 975 40 19 She
1165 975 110 18 consented
1291 978 22 16 <o
1329 976 46 19 this.

942 1000 70 19 When
1029 1000 36 19 the
1083 1001 81 18 visitors
1182 1000 48 19 took
1249 1001 52 19 their
1319 1002 57 19 leave

941 1026 57 19 there
1017 1033 42 12 was
1077 1026 60 20 much
1161 1026 154 26 hand-shaking
1336 1028 40 19 &nd

942 1052 81 24 waving
1033 1052 21 19 of
1064 1059 59 16 arms,
1135 1052 40 19 and
1184 1052 49 19 then
1244 1052 55 20 there
1313 1061 42 12 was
1364 1061 12 12 a

941 1084 47 13 roar
998 1080 20 16 jf
1028 1078 101 25 laughter,
1146 1079 33 18 for
1193 1084 12 13 a
1224 1082 53 15 most
1294 1080 82 19 comical

942 1104 56 25 sight
1014 1110 41 13 was
1070 1104 113 25 picsented,
1203 1111 23 12 as
1242 1104 35 19 the
1294 1106 82 19 maiden

942 1130 100 24 suddenly
1052 1130 102 25 appeared
1163 1130 69 20 before
1242 1130 54 20 them
1313 1132 63 19 robed

941 1156 21 18 in
973 1164 10 10 a
991 1156 57 18 short
1059 1157 50 18 shirt
1120 1157 40 18 and
1174 1164 12 12 a
1202 1156 96 25 beaming
1318 1158 58 19 smile

941 1182 96 25 covering
1047 1182 36 19 her
1094 1183 109 19 handsomo
1214 1183 96 19 features.
1345 1184 31 25 By

942 1214 54 13 some
1006 1208 97 25 lettering
1113 1216 26 12 on
1149 1209 34 19 the
1193 1209 51 24 edge
1251 1209 21 18 of
1280 1209 35 19 the
1325 1209 51 20 shiit

941 1234 17 18 it
968 1240 41 12 was
1019 1234 63 24 easily
1094 1235 117 24 recognised
1223 1241 22 12 as
1264 1235 113 26 belonging

941 1263 21 15 to
972 1260 35 18 the
1016 1266 71 18 young
1097 1261 77 23 official,
1184 1261 40 19 and
1238 1261 34 19 the
1280 1261 96 24 laughter

941 1286 82 19 became
1033 1290 52 15 most
1096 1292 73 19 uproar
1172 1286 4 25 :
1178 1293 43 15 ous,
1231 1287 58 19 while
1301 1288 24 18 he
1337 1294 39 12 was

941 1311 80 20 chaffed
1029 1315 53 16 most
1098 1313 154 24 unmercifully.;
1276 1313 39 19 and
1332 1320 44 12 now

941 1344 40 18 any
991 1344 38 13 oue
1040 1338 36 19 has
1086 1340 48 20 only
1144 1343 19 14 to
1174 1338 37 19 ask
1221 1339 42 19 him
1273 1339 35 19 the
1322 1340 54 24 price

941 1364 22 19 of
972 1371 12 12 a
995 1364 51 19 shirt
1054 1368 22 15 to
1085 1364 61 19 make
1162 1365 43 19 him
1224 1365 61 19 blush
1305 1368 20 16 to
1343 1366 34 18 the

941 1392 55 16 roots
1007 1390 21 18 of
1037 1390 32 18 his
1080 1390 51 18 hair.

965 1446 67 19 Music,
1043 1446 66 19 Music,
1118 1446 61 17 Music
1187 1446 46 19 :—A
1242 1446 63 17 choice
1319 1447 49 17 selec-

942 1469 40 17 tion
992 1469 20 17 of
1026 1469 33 17 the
1073 1469 57 17 latest
1222 1469 26 22 l>y
1264 1470 44 16 such
1326 1476 39 11 com-

942 1497 63 16 posers
1028 1498 20 11 as
1068 1491 80 21 Pinsuti,
1169 1491 91 19 Bri'tkold
1274 1493 65 19 Tours,
1356 1493 21 17 C.

942 1515 90 22 Godfrey,
1043 1515 90 20 Sherwin,
1145 1515 63 17 Banks
1217 1516 77 19 Winter,
1311 1516 66 22 Henry

942 1538 63 19 Klein,
1015 1538 89 18 Juncker.
1114 1538 108 21 Caraccioli,
1233 1538 87 21 Braham,
1328 1540 48 16 Ivan

942 1561 70 22 Caryll,
1022 1561 75 22 Angela
1109 1561 115 21 llawlinson,
1234 1561 65 23 Gatty,
1314 1563 62 20 Birch,

942 1585 85 19 Barnett,
1046 1585 115 19 Desommes,
1180 1585 110 19 Offenbach,
1309 1585 26 18 &c
1344 1586 32 17 &c.

942 1608 45 17 Also
996 1608 88 21 Waltzes,
1094 1608 93 18 Marches.
1198 1608 95 20 Gavottes,
1311 1608 55 18 Seren-

942 1630 51 21 ades,
1012 1630 107 22 Rondeaus,
1130 1631 36 17 and
1186 1631 100 18 Overtures
1299 1632 31 17 for
1346 1632 31 18 the

942 1654 110 17 Pianoforte
1060 1654 26 22 l>y
1095 1654 77 23 Gung'l,
1184 1654 97 20 D'Albert,
1296 1655 80 21 Rossini,

943 1677 84 23 Stephen
1055 1677 75 20 Glover,
1155 1677 77 20 Ketten,
1262 1677 114 23 B.ee.thoven,

942 1700 89 21 Lardelli,
1050 1700 122 18 Heunerbein
1197 1700 92 17 Harrison
1307 1701 63 17 White

942 1724 111 20 Pechotscli,
1064 1724 78 20 Bonser,
1154 1724 26 17 &c
1189 1724 31 17 &c.
1246 1724 77 18 Francis
1340 1725 37 17 and

942 1747 53 21 Days
1015 1747 42 16 11th
1077 1747 64 17 Comic
1154 1747 82 20 Annual,
1254 1747 62 17 -.vards
1339 1748 38 17 -and

942 1770 61 17 music
1016 1771 21 16 at
1046 1770 118 17 OIIKOXIC'I.E
1173 1770 73 17 Office,*

1210 32 58 20 THE
1295 33 59 21 HOT
1381 35 92 20 LAKES
1501 36 173 25 CHRONICLE,
1702 40 189 22 WEDNESDAY,
1920 41 75 20 JUNE
2024 43 31 22 17,
2072 45 48 18 1896

945 1838 43 47 IF
1002 1838 59 19 YOU
1083 1838 57 20 ARE
1162 1838 65 19 SICK
1244 1839 19 18 iu
1277 1845 40 19 any
1334 1846 43 18 way

998 1864 102 20 whatever
1115 1865 49 18 send
1181 1871 13 12 a
1209 1865 92 25 stamped
1317 1872 48 12 enve-

943 1888 45 27 lope
999 1893 20 16 to
1029 1897 38 12 our
1077 1891 89 25 Agency,
1325 1895 51 15 state

943 1917 35 18 the
988 1923 45 12 case
1044 1924 21 11 as
1082 1918 98 23 minutely
1190 1924 21 11 as
1230 1917 87 25 possible
1337 1918 40 18 and

942 1949 41 17 you
999 1943 78 18 receive
1096 1943 68 18 advice
1183 1943 28 24 by
1235 1946 68 15 return
1323 1948 52 20 post.

943 1968 42 19 Our
994 1973 74 20 agents
1082 1975 34 12 are
1127 1968 27 19 all
1164 1975 28 19 qu
1206 1968 61 21 lified.
1301 1969 20 18 IE
1336 1976 40 18 you

943 1994 79 19 enclose
1033 1996 22 17 2s
1072 1995 24 18 Od
1115 2001 28 12 wo
1161 2002 12 11 v»
1180 1995 20 18 ill
1218 1994 48 19 send
1282 2001 39 18 you
1341 2002 36 13 our

944 2020 44 19 best
998 2021 82 25 remedy
1091 2022 31 18 for
1132 2021 34 18 the
1181 2028 45 11 ease
1244 2020 77 25 lasting
1336 2028 40 17 you

942 2050 39 15 two
1005 2047 74 18 weeks.
1116 2048 45 17 You
1181 2053 47 13 save
1247 2053 72 18 money
1338 2048 39 18 and

942 2072 86 20 doctors'
1040 2072 53 20 bills.
1121 2073 46 20 You
1178 2074 76 18 receive
1272 2072 69 20 advice
1351 2080 25 12 on

940 2098 30 20 3.11
980 2099 73 24 points,
1067 2099 39 19 and
1117 2099 33 19 the
1160 2102 70 21 purest
1241 2099 20 18 of
1277 2099 99 19 remedies

943 2130 51 17 sent,
1004 2128 20 16 at
1032 2132 26 11 no
1063 2128 59 16 extra
1130 2128 41 16 cost
1181 2125 50 19 than
1238 2125 16 18 if
1262 2125 114 24 personally

942 2150 86 25 bought,
1037 2151 27 22 by
1073 2151 63 24 doing
1142 2157 52 19 your
1198 2151 91 19 business
1296 2151 49 19 with
1354 2158 23 12 us

943 2176 26 24 by
979 2180 52 21 post.
1059 2176 86 20 Consult
1160 2182 17 14 »t
1189 2183 53 13 once.
1277 2177 100 19 Ailments

943 2203 64 18 which
1019 2210 40 16 are,
1070 2206 21 16 at
1100 2203 34 19 the
1144 2203 48 19 time
1209 2203 87 24 thought
1313 2207 20 15 to
1352 2203 24 19 be

942 2228 59 25 light,
1013 2236 33 12 are
1056 2231 56 17 often
1123 2230 34 18 the
1169 2229 111 24 beginning
1290 2229 22 18 of
1328 2230 40 18 seri-

941 2260 37 13 ous
989 2261 152 20 consequences,
1155 2255 64 19 which
1240 2255 14 18 if
1274 2259 6 14 t
1295 2255 39 19 ken
1355 2255 21 20 in

942 2280 48 19 time
1000 2288 34 12 are
1044 2281 87 19 checked
1143 2281 39 19 and
1192 2283 66 17 cured.

941 2310 19 20 G
964 2311 71 20 HEAT
1037 2311 74 19 FORD
1127 2311 159 21 BOTANICAL
1307 2311 68 24 COY.,

1049 2337 147 22 W}:r.Lix<n'o.v,
1209 2337 39 19 and
1258 2340 21 16 at

963 2362 84 24 /Sydney,
1058 2363 111 18 Melbourne
1186 2363 49 23 Cape
1242 2363 63 17 Town,
1315 2364 38 17 und

1065 2386 85 21 Lincoln,
1163 2386 95 22 England.

1033 2457 83 26 THE
1141 2457 137 27 MA.ILS.

972 2535 150 20 ROTORUA
1135 2535 73 19 POST
1227 2536 116 20 OFFICE.

1012 2584 68 21 Mails
1089 2584 63 19 close
1161 2590 26 13 as
1196 2585 74 18 under

1113 2623 98 17 Monday.

942 2653 47 18 For
997 2653 124 25 Tauranga
1129 2654 25 18 at
1163 2654 54 18 6.30
1225 2659 52 14 a.m.

965 2691 11 8 „
1003 2677 126 20 Auckland
1152 2677 45 18 and
1215 2677 162 20 intermediate

1001 2700 85 23 offices,
1097 2700 54 19 7.30
1160 2705 51 14 a.m.

1109 2732 103 17 Tuesday.

942 2762 46 18 For
1004 2763 127 20 Auckland
1147 2763 46 18 and
1215 2763 162 20 intermediate

1005 2785 84 23 offices,
1098 2786 54 19 7.30
1161 2791 50 15 a.m.

966 2824 10 7 „
1003 2810 170 17 Rotomaßoad
1179 2810 77 22 Camp,
1264 2810 54 20 9,30
1323 2816 52 13 a.m.

964 2847 12 10 „
1004 2832 97 19 Galatea
1109 2833 47 20 and
1170 2832 134 25 Waiotapu,
1323 2834 54 18 7.30

1004 2861 54 18 p.m.

966 2893 10 10 „
1004 2879 85 23 Taupe,
1107 2879 122 23 Atianiuri,
1250 2879 125 23 Wairakei,

1005 2902 46 20 and
1062 2903 90 22 Napier,
1162 2902 56 19 7.30
1229 2908 53 18 p.m.

1090 2935 140 17 Wednesday.

942 2965 47 18 For
999 2965 122 21 Auckland
1145 2966 46 18 and
1215 2966 162 21 intermediate

1004 2989 86 22 offices,
1102 2989 53 20 7.30
1164 2994 52 14 a.m.

943 3049 46 18 For
1005 3048 126 19 Auckland
1147 3049 47 18 and
1216 3050 162 19 intermediate

1006 3072 84 22 offices,
1102 3072 54 18 7.30
1164 3078 52 13 a.m.

965 3109 12 10 ~,
1004 3095 97 23 Matata,
1117 3095 154 23 Pongakawa,
1290 3096 87 23 Ohiwa,

1006 3114 157 26 Whakatane,
1172 3119 100 23 Opotiki,
1280 3119 98 19 Maketu

1006 3142 46 17 and
1062 3142 29 18 Te
1102 3142 70 21 Puke,
1183 3141 54 19 7.30
1245 3147 53 18 p.m.

1118 3174 88 17 Fetday.

943 3204 47 18 For
999 3205 128 22 Tauranga,
1138 3205 54 18 6.30
1200 3210 51 14 a.m.

966 3242 12 10 ~
1004 3227 125 21 Auckland
1150 3228 47 20 and
1217 3228 161 19 intermediate

1006 3251 83 22 offices,
1100 3250 54 19 7.30
1163 3256 51 13 a.m.

966 3288 12 10 ~
1005 3274 85 26 Taupo,
1111 3274 123 23 Atiamuri,
1252 3274 46 18 and
1315 3274 48 21 Wai-

1007 3297 70 22 rakei,
1088 3297 54 19 7.30
1150 3303 54 17 p.m,

1103 3329 117 17 Saturday.

944 3360 46 18 For
1004 3360 97 22 Matata,
1117 3360 155 24 Pongakawa,
1290 3361 87 23 Ohiwa,

1006 3383 157 22 Whakatane,
1171 3383 100 24 Opotiki,
1281 3384 97 21 Maketu

1007 3406 47 21 and
1063 3406 30 18 Te
1103 3406 70 23 Puke,
1184 3407 54 19 7.30
1246 3412 52 17 p.m.

943 3471 54 17 THE
1010 3471 116 18 ENGLISH
1138 3472 66 17 MAIL
1220 3476 36 13 via
1274 3472 103 19 'FRISCO.

969 3520 79 18 Closes
1055 3520 108 22 Rotorua,
1173 3521 90 22 Friday,
1273 3521 62 19 June
1343 3521 33 24 12,

944 3545 26 16 at
979 3544 54 17 7.30
1042 3548 59 17 a.m.,
1111 3544 45 19 due
1171 3544 24 17 in
1211 3544 98 18 London
1322 3544 56 23 July

947 3567 28 18 15
976 3567 33 18 th.

975 3631 64 17 POST
1051 3630 94 18 OFFICE
1159 3631 187 18 REGULATIONS.

968 3680 47 17 Thfi
1025 3679 71 18 Office
1105 3678 19 19 is
1134 3684 60 18 open
1203 3680 35 17 for
1246 3680 40 17 the
1297 3680 48 17 sale
1356 3680 24 18 of

944 3704 98 22 stamps,
1053 3702 102 23 delivery
1169 3702 47 18 and
1229 3702 149 23 registration

945 3726 26 18 of
977 3726 88 21 letters,
1076 3725 88 23 receipt
1178 3725 26 18 of
1216 3725 95 24 parcels,
1330 3725 47 23 &c,,

947 3749 61 18 from
1016 3749 16 18 9
1041 3753 52 14 a.m.
1103 3749 25 17 to
1137 3749 15 18 5
1160 3754 53 17 p.m.

969 3772 46 17 For
1032 3776 85 18 money
1134 3772 67 17 order
1217 3772 46 18 and
1283 3772 95 23 savings

944 3795 65 19 bank
1022 3794 113 23 business,
1151 3796 15 17 9
1181 3800 51 14 a.m.
1250 3796 26 16 to
1292 3796 15 17 4
1323 3800 54 18 p.m.

945 3818 137 22 Saturdays,
1093 3818 14 18 9
1116 3823 52 13 a.m.
1178 3819 25 17 to
1212 3819 15 17 5
1236 3822 53 18 p.m.

969 3841 46 18 For
1023 3837 121 27 telegraph
1160 3841 114 21 business,
1288 3841 61 18 from
1364 3841 15 18 9

945 3869 52 14 a.m.
1008 3865 25 17 to
1042 3864 15 17 5
1068 3869 53 18 p.m.

969 3887 99 21 Letters,
1078 3887 75 18 books
1169 3887 47 17 and
1229 3887 89 22 parcels
1335 3892 44 13 can

945 3910 28 18 be
987 3910 129 24 registered
1129 3911 26 16 to
1169 3915 47 17 any
1233 3911 53 21 part
1299 3909 26 19 of
1339 3910 41 18 the

945 3934 73 17 world
1027 3939 31 12 on
1067 3934 112 22 payment
1189 3937 22 14 ot
1229 3939 14 12 a
1256 3933 35 18 fee
1309 3933 26 18 of
1349 3933 31 18 3d

945 3956 24 19 in
976 3956 106 19 addition
1088 3956 25 18 to
1117 3956 40 18 the
1163 3956 109 23 ordinary
1274 3957 104 24 postage.

969 3980 47 18 The
1025 3979 72 18 Office
1105 3979 47 18 will
1159 3984 94 17 re-open
1262 3984 29 13 on
1300 3979 80 19 Satuiv

946 4003 58 18 davs
1015 4003 54 23 only
1079 4002 35 18 for
1128 4003 28 18 15
1170 4001 102 19 minutes
1288 4002 35 18 for
1340 4002 40 19 the

946 4026 103 23 deuvery
1063 4026 26 17 of
1103 4025 81 18 letters
1197 4026 61 17 after
1274 4025 38 18 the
1326 4026 54 18 mail

946 4049 103 24 arriving
1058 4050 26 17 at
1092 4048 55 20 7.40'
1154 4054 54 17 p.m.
1218 4049 19 18 is
1247 4048 85 20 sorted.

1095 4080 25 20 R.
1135 4080 26 19 D.
1179 4080 130 22 DANSEY,

1204 4103 152 21 Postmaster.

1400 96 17 17 A
1434 96 113 18 MEMEER
1566 97 32 18 OF
1618 99 52 16 THE
1691 100 87 18 HOUSE
1799 101 32 17 OF

1489 120 249 21 REPRESENTATIVES.

1423 150 96 24 Speaking
1531 157 25 11 on
1571 151 32 18 -be
1615 152 107 24 Pharmacy
1735 155 37 16 Bill
1785 155 46 18 said,

1420 179 24 11 no
1458 174 105 22 profession
1577 174 33 17 has
1623 176 55 16 made
1693 176 37 17 less
1745 182 87 18 progress

1399 195 71 24 during
1477 196 33 18 tbe
1526 196 38 18 bst
1581 198 32 15 100
1628 203 35 16 yea
1674 204 9 12 s
1696 199 48 18 than
1757 200 43 17 that
1813 200 20 16 of

1519 225 21 11 or
1548 225 29 12 wo
1582 219 27 17 :3-
1617 222 20 15 to
1647 221 43 17 that
1702 222 59 18 effect.
1794 223 39 17 Tlie

1399 241 80 18 M.H.R.
1495 242 57 24 spoke
1592 243 15 16 ■V
1607 243 8 16 I
1626 249 9 10 o
1639 254 5 6 L
1773 250 21 12 or
1810 246 22 16 lie

1399 264 64 18 would
1476 266 34 16 not
1526 265 48 17 hare
1590 265 55 18 made
1662 268 45 16 secli
1723 273 24 12 an
1764 268 69 17 absurd

1399 287 108 18 statement.
1531 288 31 17 He
1570 287 64 19 eddeo
1646 289 21 22 ly
1680 290 56 18 kcew
1750 291 84 23 rotting

1399 310 20 16 of
1427 311 5 15 I
1438 315 22 12 ie
1467 316 43 11 new
1517 311 78 23 remedy
1603 312 74 17 teemed

1540 335 153 18 NEUROL

1399 353 62 19 which
1469 355 21 19 is,
1495 355 19 15 in
1517 360 40 12 com
1561 361 60 15 pa'.".so
1628 361 6 10 i
1640 356 48 17 wl'"h
1691 362 6 3 ■
1702 357 51 17 e-ned
1757 362 25 12 *e3
1788 357 46 17 used

1399 381 47 12 even
1454 377 22 16 25
1485 383 54 17 years
1547 384 42 16 ago,
1599 384 21 11 as
1688 377 2 23 '
1695 385 10 12 o
1714 379 96 19 darkness.

1540 407 153 17 NEUROL

1399 426 15 17 is
1422 432 12 11 a
1447 426 128 23 scientifically
1592 433 18 16 p.
1615 428 69 22 epavad
1700 429 96 21 med'cine,
1814 430 20 16 in

1399 449 32 17 the
1440 449 50 17 form
1498 450 19 16 of
1525 456 67 15 powce
1603 456 13 11 s.
1643 451 19 17 It
1668 451 16 17 is
1689 454 37 16 jiot
1739 452 84 23 disagree-

1399 472 42 17 able
1448 472 4 23 ;
1466 473 15 16 it
1490 473 5 12 ;
1497 478 8 11 s
1512 474 35 16 not
1556 473 99 22 expensive
1662 480 5 14 ;
1681 475 15 17 i.t
1705 475 33 17 lies
1745 475 22 17 iu
1780 475 54 17 small

1399 500 85 17 compass
1491 496 4 24 ;
1509 496 14 15 it
1533 496 85 17 com-aius
1627 502 24 11 no
1660 497 70 21 opium,
1748 498 86 22 morphia

1399 524 21 10 or
1434 518 116 22 antipyrinej
1570 520 15 16 it
1603 519 38 17 will
1657 522 35 15 not
1709 526 42 11 cure
1768 527 55 16 every-

1399 541 56 22 thing
1463 541 35 17 but
1512 541 16 17 it
1542 542 15 16 is
1571 542 84 17 effective
1667 543 21 17 in
1701 543 26 17 all
1741 549 50 11 cases
1805 544 29 16 for

1400 564 60 18 which
1467 564 18 18 it
1493 564 16 17 is
1520 564 149 19 recomme'oded.

1541 594 152 18 NEUROL

1399 613 38 17 will
1446 614 68 17 rel'Cye
1522 619 55 18 every
1587 615 48 17 form
1652 616 21 17 of
1689 616 95 19 headache
1800 617 34 17 not

1399 637 68 17 caused
1475 637 26 22 by
1509 637 54 17 brain
1572 637 77 18 disease.

1538 667 156 18 NEUROL

1399 692 52 12 cures
1471 687 99 23 neuralgia
1590 688 20 16 of
1625 689 6 7 '
1636 692 22 14 t>e
1675 695 41 11 ?ace
1731 690 39 17 aud
1785 690 49 17 l-ead

1399 716 51 11 nice
1458 711 98 21 promptly
1564 711 47 16 tliau
1620 711 83 22 quiuii'e.

1422 733 34 17 LA
1462 733 101 20 GRIPPE,
1572 739 22 12 or
1599 734 151 20 INFLUENZA
1756 736 48 17 loses
1810 736 23 19 its

1397 757 71 17 terrors
1476 757 16 16 if
1500 756 107 19 NEUROL
1615 758 15 16 is
1641 758 56 18 'aken
1707 761 19 15 at
1737 760 31 16 •he
1782 765 38 11 com-

1398 781 117 16 meucemeat
1524 780 20 17 of
1551 780 34 17 ihe
1593 781 70 17 attack.

1422 802 88 21 GOLDS.
1550 804 141 22 CATARRHS,
1726 805 106 19 FEVERS.

1399 826 175 18 RHEUMATISM
1599 833 31 11 are
1657 828 26 16 all
1704 828 81 17 relieved
1807 829 26 19 hy

1397 849 114 18 XEUROL.

1423 873 37 16 For
1480 878 73 13 women
1573 873 108 19 NEUROL
1696 875 16 17 is
1731 875 103 23 peculiarly

1399 901 20 11 sii
1423 896 2 24 1
1429 896 50 17 table
1495 899 15 14 't
1519 902 22 11 cu
1549 902 22 12 '.cs
1580 896 25 17 all
1620 898 75 21 painful
1709 904 74 16 cramps
1797 898 37 17 aud

1399 918 54 18 other
1460 919 60 22 pains.

1422 941 62 23 Every
1505 942 65 21 n>iner,
1591 943 46 17 bust
1641 949 44 11 man
1710 943 37 18 and
1770 945 64 16 settler

1399 965 66 17 should
1474 971 73 16 possess
1556 972 10 11 a
1575 966 38 17 box
1622 967 20 16 of
1650 967 113 18 NEUROL.
1792 967 18 17 It
1818 967 15 17 is

1399 994 10 10 a
1418 988 92 18 medicine
1518 988 52 18 chest
1578 990 20 15 in
1606 990 56 17 small
1672 995 91 17 compass.

1423 1011 44 17 Sold
1476 1012 26 21 by
1510 1012 26 16 all
1544 1012 128 23 storekeepers
1684 1013 38 17 and
1740 1014 92 19 chemists,

1399 1035 19 16 2s
1427 1040 34 16 per
1469 1035 43 20 box,
1523 1041 20 11 or
1552 1037 44 20 post
1609 1037 39 16 free
1663 1036 51 18 from
1728 1037 106 18 NEUROL

1399 1057 40 20 Co.,
1450 1058 106 21 Auckland,
1565 1059 21 17 2s
1597 1059 28 17 Id.

1422 1080 105 18 AVliolesale
1536 1082 49 16 from
1594 1082 130 22 Kempthorne
1733 1082 38 18 and
1777 1083 45 18 Pros-

1399 1109 34 15 scr,
1444 1110 21 11 or
1474 1104 93 18 Sharlaud
1575 1105 38 17 and
1622 1105 33 17 Co.

1403 1154 239 46 KUSABS
1679 1157 152 45 BROS

1508 1211 219 35 MAMAK'OT

1399 1249 74 42 SAW
1540 1249 48 41 &
1589 1251 104 42 PLANING
1715 1252 116 42 MILLS.

1400 1321 272 22 MOUNTiriN
1695 1323 139 25 RIMU,

1559 1356 41 14 XUE
1612 1357 55 13 OSLY

1400 1380 134 20 GENUINE
1548 1380 60 21 DKY
1626 1381 79 20 LAND
1722 1382 55 20 TIM
1781 1381 53 21 BEE

1505 1411 29 17 IN
1546 1411 53 17 THE
1611 1411 116 19 MARKET.

1401 1457 21 18 li
1429 1457 99 18 TESSRS
1548 1457 99 18 KUSABS
1664 1459 72 17 JiltOS.
1749 1460 39 21 beg
1804 1465 20 11 xe-

1402 1475 49 26 -I.YJL
1476 1486 43 17 spec
1583 1482 19 16 to
1611 1481 71 20 jijfoj/n
1690 1482 33 18 the
1735 1482 48 18 Pu.)'
1785 1482 5 13 ;
1792 1488 10 12 c
1814 1482 20 17 of

1402 1507 87 12 iio.i.-ui-
1592 1509 11 12 v
1612 1505 2 21 •
1621 1506 30 14 ii.-i
1659 1507 42 19 ti'ey
1715 1506 45 15 Imv.e
1775 1507 49 14 e-;?.b-

1400 1525 47 15 ---lisbe>
1463 1525 3 20 i
1482 1530 36 15 ye-
1534 1525 18 15 in
1566 1525 125 20 Hivero'-si.,
1701 1528 33 14 uod
1750 1531 31 11 can
1797 1531 37 11 row

1399 1548 64 20 rwpply
1472 1556 5 5 •-
1491 1551 9 10 e
1508 1547 51 15 ,-reb;-.
1567 1552 7 10 c
1577 1546 3 22 l
1586 1552 23 9 l--
1625 1547 18 15 o'
1658 1547 25 15 ]nt'
1687 1548 9 9 ;,
1698 1548 9 14 d
1710 1547 5 11 ;
1753 1547 29 17 M»
1793 1554 9 9 e
1813 1546 3 22 :
1818 1547 16 16 al

1400 1568 17 15 in
1426 1573 29 10 uie
1463 1567 75 16 Ma'Uor.
1554 1568 18 15 It
1580 1573 14 10 )■§
1602 1573 9 10 v
1619 1569 86 16 '\civ"cd
1740 1568 22 17 do
1773 1569 41 16 dVi
1823 1574 11 15 y

1400 1589 34 16 and
1442 1589 106 21 impervious
1556 1590 17 14 'o
1584 1589 27 15 .bo
1620 1594 10 10 a
1648 1589 3 21 :
1658 1591 30 14 cks
1704 1590 18 15 o'
1737 1590 20 16 bo
1768 1595 18 11 e-:
1800 1590 34 16 and

1400 1610 31 20 dry
1444 1613 25 12 rot
1499 1609 37 16 Tht>
1539 1609 2 21 ;
1547 1615 5 10 :
1560 1615 16 10 «c
1581 1616 11 9 w
1598 1616 9 10 a
1614 1611 5 9 :
1638 1611 60 17 i>•ef
1707 1617 19 10 .c
1727 1611 63 17 dwiJi
1806 1611 28 16 the

1400 1634 44 13 moat
1453 1631 69 16 irodera
1531 1631 99 20 app'vnces
1640 1637 21 11 ri'
1668 1632 6 16 l
1691 1634 21 14 I'O
1720 1633 10 15 f?
1743 1638 16 10 m
1772 1633 15 15 i:»
1797 1632 37 16 able

1400 1656 18 11 to
1433 1653 63 20 supply
1512 1658 34 15 any
1562 1657 45 16 ijUJii
1618 1653 3 22 >
1634 1659 9 10 v
1660 1654 19 14 o'
1694 1653 38 22 D.y
1750 1654 84 20 Bt'ildinjj

1400 1673 80 16 Material
1489 1679 22 10 on
1520 1674 29 15 I.tie
1558 1676 74 13 Hho-ie-.t
1640 1681 21 8 v.
1673 1675 28 14 V-.

1402 1717 140 28 Skirtings,
1548 1716 181 29 Arciiuraves,
1736 1718 81 23 Mould-

1437 1747 68 29 ings,
1517 1747 51 23 and
1578 1747 112 24 Dressed
1700 1749 102 22 Timber

1467 1778 27 23 of
1504 1785 80 22 every
1599 1778 167 30 description,

1493 1809 109 27 Always
1613 1817 33 15 on
1656 1810 84 22 Hand.

1426 1835 118 23 HENAU
1557 1836 108 23 HOUSE
1677 1836 129 23 BLOCKS.

1420 1881 50 16 Price
1479 1882 46 15 LisN
1534 1888 20 10 on
1564 1883 57 20 implic.
1628 1889 40 10 i..»on
1680 1881 3 22 •
1688 1888 10 9 n

1400 1909 225 33 KUSABS
1662 1910 75 32 BE.
1750 1909 24 32 0
1787 1909 46 37 S«,

1475 1950 117 19 MAMAKU
1604 1956 26 12 on
1644 1951 113 19 OHAUPO.

1528 1979 27 17 Or
1563 1982 20 15 at
1591 1980 32 17 tlio
1635 1980 70 21 Yards,

1422 2007 125 18 HINBMOA
1560 2007 101 21 STREET,
1682 2007 128 18 ROTORUA.

1403 2072 216 45 Rotoma
1661 2073 169 46 Tours.

1400 2155 37 43 1;)
1441 2155 147 18 ASSENGERS
1597 2157 19 16 to
1626 2156 86 17 Ro';ooia
1720 2161 31 12 are
1757 2155 77 18 advised

1463 2180 44 16 tliol,
1515 2185 11 11 a
1549 2179 66 22 ovular
1626 2179 53 22 dt'ily
1692 2179 56 17 coach
1766 2179 68 17 servica

1399 2202 85 17 between
1493 2201 90 19 CKcoire
1592 2202 38 17 tmd
1640 2203 86 18 Roto-.na
1740 2201 38 18 ai?d
1795 2203 39 17 vice

1399 2231 52 12 versa
1459 2225 16 17 is
1484 2231 42 11 row
1535 2225 90 23 running.

1421 2248 40 18 The
1468 2248 118 23 advantages
1592 2255 10 11 o
1619 2248 37 17 ill's
1661 2250 54 15 rou'?
1720 2254 32 11 are
1757 2254 63 11 ramc
1821 2248 4 23 -
1826 2258 7 3 -

1399 2277 33 13 0j.3
1449 2278 10 10 a
1468 2272 104 18 sovetvbuv
1666 2272 79 17 nv'lwr.v
1753 2271 81 23 journey

1399 2295 15 17 is
1421 2295 14 17 1>
1442 2299 51 13 'o'ler
1509 2294 37 18 ovd
1557 2295 31 18 .>e
1604 2300 33 13 joo
1645 2301 14 11 jo
1677 2295 90 17 itavevies
1783 2300 51 12 some

1399 2318 20 17 o'
1439 2318 30 17 il-e
1486 2318 85 17 loveT'Cou
1586 2318 53 18 lush
1654 2318 84 22 Scenery
1752 2318 22 17 in
1787 2318 47 17 Ncvr

1399 2340 88 18 Zealand.

1439 2372 104 22 FARES,
1560 2373 40 18 10s
1610 2373 83 18 BACH
1707 2372 82 19 WAY.

1399 2400 91 24 Special
1507 2400 166 23 Conveyances
1690 2406 44 13 can
1754 2401 29 17 be
1800 2405 23 13 ar-

1545 2423 88 23 ranged
1642 2424 42 18 for.

1399 2470 212 18 Leave—Okoroire
1620 2470 36 18 for
1670 2470 104 18 Rotorua
1788 2470 46 18 and

1468 2493 221 20 Whakarewarewa
1719 2493 62 24 daily
1809 2494 25 17 at

1471 2517 29 18 10
1509 2522 51 13 a.m.

1399 2540 205 18 Leave—Rotorua
1613 2540 46 18 and
1668 2540 150 18 Whakarewa-

1468 2568 63 14 rewa
1546 2565 37 16 tor
1597 2563 116 22 Okoroire,
1731 2563 62 23 daily
1809 2564 25 17 at

1471 2587 29 18 10
1508 2592 52 13 a.m.

1422 2615 32 17 All
1473 2620 112 17 pasceogers
1605 2619 31 12 are
1653 2613 77 18 advised
1750 2615 21 16 to
1785 2614 49 17 avail

1399 2638 111 17 themselves
1519 2638 20 17 o?
1547 2638 38 17 this
1602 2638 61 17 Rou.e
1679 2637 3 18 •
1691 2643 9 12 s
1714 2637 91 18 Oiro'oire
1818 2638 16 16 is

1399 2667 35 11 ono
1449 2662 20 16 o?
1480 2661 33 17 the
1521 2660 52 18 show
1582 2664 62 19 p'.-cfis
1698 2661 33 17 the
1747 2660 87 18 Toenmil

1399 2685 76 17 Distr'c'
1506 2684 37 17 fad
1559 2690 24 10 no
1599 2683 44 17 visit
1666 2690 12 11 o
1694 2684 33 17 tbe
1741 2683 61 18 Lakes
1819 2684 15 16 is

1399 2707 93 23 complete
1501 2707 214 18 withoutitsincVu-Zoo.

1423 2730 73 22 Special
1505 2737 8 10 a
1518 2730 81 17 uicui'oa
1610 2730 16 17 is
1640 2730 60 17 called
1713 2732 20 15 to
1746 2730 33 17 the
1796 2731 38 16 fact

1399 2754 43 17 that
1451 2760 10 11 a
1470 2753 57 18 coach
1536 2754 61 16 leaves
1610 2753 86 17 Roiorua
1705 2752 38 19 and
1751 2753 70 18 Wbaka-

1399 2782 100 12 rewarewa
1508 2782 24 11 on
1541 2776 78 22 Sunday
1627 2782 21 11 il
1658 2777 21 15 10
1687 2782 45 12 a.m.

1536 2824 148 15 AGENTS
1693 2824 4 15 :

1399 2844 73 18 THOS.
1486 2844 68 17 COOK
1572 2845 15 16 it
1606 2843 55 19 SON.
1680 2845 16 16 A
1699 2844 41 18 acid
1741 2844 39 17 and
1797 2844 37 17 and

1571 2867 90 18 Ro..orua.

1424 2945 88 21 (Under
1519 2944 130 24 Vice-regal
1664 2944 147 23 Patronage.)

1402 2986 35 15 rri
1453 2986 15 17 0
1493 2984 247 21 TOURISTS,
1764 2985 16 16 E
1793 2989 12 13 t
1818 2989 15 13 c.

1414 3002 10 25 1
1457 3012 114 14 BEAUTIFUL
1580 3012 100 13 I'HESEXTS
1692 3012 39 13 FOR
1740 3012 62 13 HOME.

1423 3032 50 22 Very
1491 3031 109 17 Handsome
1614 3031 64 17 Inlaid
1696 3031 74 21 Tables;
1785 3031 37 17 Cab-

1400 3055 54 18 inets.
1468 3054 61 18 Jewel
1541 3054 62 20 Cases,
1618 3055 42 18 etc.,
1677 3055 25 16 all
1715 3055 55 16 made
1786 3055 49 16 from

1400 3078 33 17 the
1442 3078 56 17 finest
1503 3078 18 16 oi
1527 3078 47 16 New
1581 3077 100 17 Zealand's
1687 3078 68 17 Forest

1401 3100 112 18 Patronised
1520 3101 26 20 by
1556 3100 36 17 His
1600 3100 115 22 Excellency
1724 3101 31 17 the
1764 3100 46 18 Earl
1816 3100 19 17 of

1401 3123 95 24 Glasgow.
1506 3123 54 19 K.C.,
1575 3123 83 17 8.M.G..
1677 3123 36 17 and
1728 3123 65 22 nearly
1811 3123 24 17 all

1400 3147 33 17 the
1441 3147 88 21 nobility,
1539 3147 14 16 T'
1560 3147 49 18 -itiiih
1619 3146 37 17 and
1663 3146 81 24 Foreign
1752 3147 82 19 Officers,

1401 3170 38 17 and
1448 3172 68 21 gentry
1526 3175 42 12 wo
1582 3170 48 17 have
1644 3170 68 17 visited
1726 3170 47 17 New
1788 3170 35 17 Zea-

1400 3193 52 17 land.

1431 3225 30 16 W.
1474 3224 105 20 NOIIRIE,
1590 3224 40 22 Top
1638 3225 20 16 o'
1666 3224 140 17 ShortlaDd-st.

1915 3099 313 47 JIUCK.L7LND

1872 3179 174 41 COFFEE
2085 3178 194 41 PALACE.

1909 3240 145 32 QUEEN
2075 3240 167 32 STREET,

1859 3293 63 24 Also
1946 3294 107 31 opposite
2076 3292 106 24 Herald
2209 3290 82 32 Office.

1890 3404 51 46 E.
1990 3400 271 56 WATERS,

1957 3480 240 28 PROPRIETOR.

1859 3580 34 19 TO
1908 3579 59 20 THE
1982 3579 57 19 PUB
2045 3579 43 19 i.lO
2102 3577 35 21 OF
2153 3576 138 20 KOTOEUA.

1861 3631 92 43 IBEG
1966 3634 20 16 to
1997 3631 64 19 thanlc
2071 3631 34 19 the
2119 3629 72 19 Public
2202 3629 21 18 of
2230 3627 49 20 Roto-

1913 3663 40 13 rua
1971 3657 32 19 for
2018 3657 53 19 their
2077 3657 83 17 favours
2172 3655 74 25 during
2259 3654 32 19 the

1859 3686 45 22 past
1915 3684 69 18 iifleen
1995 3688 64 19 years,
2072 3681 40 20 and
2126 3687 20 12 to
2163 3680 65 25 notify
2247 3681 44 18 that

1859 3711 32 17 fur
1901 3710 33 18 thu
1946 3710 134 18 convenience
2090 3709 22 17 of
2120 3706 99 19 residents
2228 3706 22 19 in
2258 3706 33 18 the

1860 3735 50 19 New
1921 3734 116 25 Township,
2051 3733 40 19 and
2101 3739 31 17 my
2146 3732 58 19 trade
2221 3738 59 18 gener-

1859 3761 47 24 ally,
1918 3760 11 20 I
1938 3760 54 20 liave
2001 3760 54 19 built

1885 3799 52 19 New
1945 3799 106 19 Premises
2058 3804 22 14 in
2087 3797 46 19 Fen
2136 3801 36 14 ton
2179 3796 85 23 Street,

1859 3843 65 19 which
1934 3849 18 13 a;
1958 3850 11 12 e
1978 3848 45 13 now
2035 3848 52 18 opou
2094 3841 33 18 for
2136 3840 99 22 business;
2251 3839 40 20 and

1858 3870 55 19 lam
1930 3868 100 26 prepared
2053 3870 20 16 to
2086 3866 73 26 supply

1998 3910 72 21 Prime
2089 3909 23 19 M
2116 3915 36 14 eat

1858 3961 21 18 in
1890 3958 50 20 both
1950 3958 51 21 I>*ew
2014 3957 40 20 and
2064 3956 39 21 Old.
2113 3956 125 25 Towc-mips.

1890 4050 42 24 Aii
1945 4048 153 30 Inspection
2112 4048 23 22 is
2150 4047 107 23 invited.

2068 4092 103 20 HENEY
2185 4092 81 19 KIPJC

1401 3281 161 20 \V.L.Fo*ster,
1572 3285 44 16 c.e.,
1642 3281 26 17 H.
1681 3281 29 17 W.
1720 3281 114 20 Mitchell,

1485 3317 38 10 LATE
1655 3317 97 10 AUTHORISED
1762 3317 41 10 LAND

1401 3334 80 11 ENGINEER
1488 3334 69 10 MIDLAND
1563 3333 74 13 RAILWAY.
1659 3334 9 10 &
1679 3334 55 12 MJNINQ
1748 3333 86 11 SURVKYOR.

1401 3351 87 16 HaUcIAFJ
1497 3351 107 15 l/KXIN'cULA..
1642 3350 84 16 RoTOIiUA
1735 3350 14 16 &
1761 3352 73 14 I'AKRoA.

1429 3470 112 27 MINING
1558 3471 171 25 ENGINEERS
1749 3471 60 25 AND

1530 3497 185 28 SURVEYORS,

1401 3540 119 18 VALUERS
1533 3540 32 17 OF
1574 3541 100 16 MINTING
1686 3541 54 16 AND
1749 3539 86 18 OTHER

1535 3563 166 20 PROPERTIES,

1470 3600 107 20 Hattkakt,
1595 3600 50 17 Nf.v
1660 3600 105 17 Zealand.

1423 3662 95 18 Members
1527 3663 20 16 of
1555 3663 32 16 tin;
1595 3662 48 18 N.Z.
1653 3663 92 16 Institute
1757 3662 21 17 of
1791 3662 33 17 Sur-

1401 3691 72 17 veyors.

1401 3722 106 17 Address—

1470 3750 117 17 Normaots
1601 3749 63 20 Road,
1676 3749 90 18 Paetioa.

1437 3814 127 27 Government
1581 3814 102 28 Insurance
1699 3816 129 33 Department.

1504 3868 66 19 Fdndb,
1582 3873 43 12 over
1636 3870 22 20 2J
1668 3869 94 18 Millions.

1436 3906 40 18 Sum
1489 3906 71 18 Assured
1600 3917 8 4 -
1630 3912 40 13 over
1682 3909 148 23 £9,000,000

1435 3936 65 16 Annual
1514 3936 64 17 Income
1601 3944 7 5 -
1653 3941 40 12 over
1705 3937 125 22 £360,000

1569 3977 16 14 J.
1596 3977 19 15 H.
1627 3978 137 17 RICHARDSON.

1435 3993 16 16 51
1698 3995 131 15 Commiiaioner.

1403 4068 36 24 -Li
1482 4074 82 25 printed
1575 4073 91 26 beading
1677 4076 21 16 at
1708 4073 65 25 cheap
1780 4077 55 15 rates

1403 4104 21 16 at
1434 4100 106 20 Chronicle
1555 4100 61 18 office.

1113 4196 72 38 for
1212 4194 164 39 Hanco

2376 110 13 38 1
2430 110 200 38 lif&t
2685 115 35 27 in
2743 116 12 25 §
2780 116 28 25 e

2377 148 33 14 asa
2489 143 37 19 BHi
2547 143 32 21 6a
2598 142 33 23 <»?
2685 143 35 22 Be#
2744 142 12 23 8
2841 142 13 24 S

2048 141 12 16 a
2083 138 32 19 fea
2171 138 37 20 iS
2229 138 37 21 W
2294 145 14 16 B
2377 143 32 19 Sa
2489 143 36 18 BN&.
2547 142 32 21 fca
2598 139 32 25 <J
2744 142 12 24 g
2841 142 13 24 g
2888 141 33 27 O
2940 141 13 28 g
3040 142 12 29 g
3071 162 9 9 ,

2091 187 90 20 lourisi.3
2191 188 40 18 and
2243 188 52 20 Irva
2295 190 5 12 1
2312 190 23 19 di
2345 187 17 31 \.
2385 187 2 31 ,
2394 198 35 18 :-,g
2450 191 22 18 lie
2482 191 139 21 AVonuerland
2631 202 21 12 o.
2662 195 51 19 New
2721 195 92 20 .Zealand
2822 196 40 18 will
2869 197 42 19 fiud
2921 199 33 19 tlie

1858 381 79 37 rpilE
1951 383 52 18 most
2013 382 88 25 elegant,
2112 383 131 19 comfortable
2250 384 41 20 ard
2300 385 45 19 best
2356 385 109 25 pppo>ted
2475 385 155 21 establishment
2639 388 21 18 ia
2681 370 50 37 Ne'
2747 389 96 24 Zealand,
2861 390 16 19 it
2895 391 63 27 being
2973 394 75 21 replete
3064 395 114 21 throu-'huu
3179 391 8 16 1

1869 413 13 11 *
2326 411 51 18 w?Vi
2387 416 33 13 t'je
2431 414 52 16 mo:t
2497 411 82 19 modern
2592 414 149 18 conveniences.
3123 412 12 9 °

1883 432 57 20 THE
1953 433 94 19 HOTEL
2064 433 18 18 is
2100 433 21 18 in
2141 433 34 20 the
2192 434 117 20 immediate

1857 461 88 16 curative
1954 464 113 20 properue-
2078 465 20 12 o.
2109 459 66 18 wh>ch
2190 466 34 12 are
2239 461 61 19 world
2314 461 73 19 raoied.
2416 462 55 18 Bath
2481 462 66 19 chairs
2558 463 40 19 and
2608 465 118 19 attendants
2736 472 34 12 are
2780 466 96 25 piovided
2886 473 20 13 to
2918 475 75 16 convey
3007 471 87 20 invalids
3109 462 26 29 to'
3147 474 41 17 and

1857 485 51 18 from
1919 484 33 19 tho
1963 491 81 12 various
2056 484 50 19 ha.u
2118 484 79 19 bouses.
2224 485 43 21 Tbe
2277 486 107 20 bedrooms
2395 487 40 19 aud
2453 488 87 24 retiring
2561 495 68 13 rooms
2648 496 35 13 aro
2702 491 58 19 iitted
2777 491 49 19 with
2853 494 74 23 special
2939 496 74 21 regard
3026 501 21 14 to
3059 498 34 18 the
3109 499 79 18 reouira

1857 514 66 15 ments
1931 510 22 19 of
1961 512 71 22 guefts
2042 515 22 13 m
2152 510 22 18 of
2182 512 91 18 renewed
2284 513 98 24 strength.
3137 510 5 13 1

1883 535 43 20 The
1938 535 63 20 Baths
2011 538 22 17 at
2043 535 21 18 tb
2067 542 11 13 o
2086 535 128 20 Sanatorium
2226 536 52 20 have
2288 538 99 19 attracted
2397 545 61 17 many
2467 539 81 20 visitors
2567 541 22 18 o£
2608 541 40 19 late
2669 548 70 18 years;
2766 547 93 20 amongst
2875 544 57 20 those
2945 547 42 19 who
2996 548 51 19 have
3059 549 62 19 found
3132 550 56 18 relief

1857 562 32 18 bei
1898 562 34 18 the
1942 562 146 22 coovalesceat,
2099 567 93 18 nervous,
2203 562 117 19 rheumatic,
2333 564 40 18 and
2383 564 100 24 sleepless.

1883 586 163 21 Roiorua'sthe
2064 590 67 16 centre
2150 587 52 19 from
2220 588 65 19 which
2304 588 29 19 all
2352 588 69 26 poiots
2431 590 21 18 or
2462 590 83 20 interest
2554 592 21 18 in
2592 592 35 19 tho
2636 592 96 19 Thermal
2742 593 85 26 Springs
2843 595 83 20 District
2942 604 45 16 may
3002 599 25 19 be
3043 600 84 19 reached
3149 602 39 18 and

1857 614 73 25 special
1940 619 38 13 78C'
2015 619 21 13 es
2046 619 34 13 are
2090 619 12 18 p
2114 614 73 18 ovided
2196 614 31 18 for
2235 614 57 18 tbo3e
2300 614 21 19 in
2331 615 70 18 search
2411 616 21 17 of
2441 616 32 18 ibe
2484 616 36 19 bea
2525 616 61 19 j.i'ul
2596 618 41 19 ai>d
2651 619 128 19 marvellous.
3128 614 4 25 '

1949 644 183 18 MAGNIFICENT
2145 644 176 19 APARTMTINTS.
2451 647 84 18 LOt'TY
2547 648 146 19 BEDROOMS.
2811 652 113 19 PERFECT
2940 654 152 19 SANITATION

2001 668 26 18 In
2037 667 58 19 short
2104 673 13 13 a
2126 673 124 13 fikst-class
2264 667 38 20 Esv.
2309 673 128 14 ujushmext
2446 669 87 26 ofe-nng
2541 672 60 24 equal
2611 673 95 18 comforts
2715 675 21 16 to
2746 673 34 19 the
2789 673 45 20 best
2848 675 64 21 hotels
2921 677 21 19 in
2952 679 85 24 Europe.

2097 719 86 22 Suites
2199 719 29 22 of
2239 719 247 29 Apartments-witlx
2496 722 95 28 spoeipi
2608 724 155 23 a.lecdance
2779 726 38 22 for
2832 726 128 25 Families-

1857 747 99 33 Spacious
1966 753 127 20 Promenade
2103 753 112 23 Balconies,
2226 752 58 26 Sn.ug
2296 753 89 20 A'coves.
2718 759 103 26 Diawing,
2840 760 70 25 Music,
2927 763 140 20 Conversation
3091 765 92 20 Reading

2311 780 99 25 Smold'ig
2420 780 39 19 and
2470 780 86 20 Billiard
2565 782 82 20 Rooms.
2676 784 70 19 Baths.
3071 778 4 27 '
3123 778 5 6 '
3170 781 18 11 5:1

2149 813 117 19 SPECIAL
2279 813 162 20 ATTENTION
2454 814 69 20 PAID
2535 816 33 19 TO
2584 816 118 20 CUISINE
2715 818 60 19 AND
2789 819 123 21 SERVICE,

1884 847 33 18 Afll
1926 846 183 19 communications
2120 844 27 25 by
2156 844 60 19 letter
2226 850 22 13 or
2260 844 99 25 telegram
2368 846 42 19 wiU
2420 846 77 19 receive
2505 850 81 21 pro-mi
2593 849 109 19 .attention.

1917 896 77 45 W.
2022 898 57 42 A.
2107 895 313 53 BOULTON,

2332 955 59 25 (Late
2401 956 21 18 of
2432 954 112 20 Grosvenor
2555 955 67 25 Hotel,
2636 957 96 26 Sydney.)

2887 904 247 57 Manager.

2130 1183 350 35 ROTORUK.

1990 1338 38 44 J|
2055 1334 35 48 P\
2111 1338 41 44 1\
2179 1333 45 39 05
2340 1331 89 51 p
2459 1331 88 41 il§
2575 1331 42 42 t.

2127 1404 128 23 (Formerly
2271 1404 41 18 the
2332 1404 147 21 Parsonage.)

1996 1533 137 21 PRIVATE
2148 1533 101 18 BOARD
2263 1532 65 19 AND
2342 1531 178 21 RESIDENCE.

2217 1586 166 19 SITUATION
2398 1585 208 21 UNRIVALLED.

2127 1741 61 23 Mrs
2207 1742 32 22 D.
2262 1741 215 25 GRIFFITHS.

2076 2083 65 45 IN
2174 2083 114 45 THE
2320 2081 203 46 PRESS.

2271 2272 67 34 IN

1860 2335 353 55 ANCIENT
2256 2333 486 56 MAORILAND.

2119 2418 52 32 Ey
2189 2415 163 28 ELSDON
2375 2415 112 27 BEST.

1857 2592 107 65 THE
1985 2592 124 32 Papers
2122 2596 73 20 row
2207 2590 176 33 appearing
2394 2589 35 26 in
2445 2589 53 24 tlie
2512 2589 84 26 HOT
2610 2589 138 26 LAKES

1908 2624 244 28 CHRONICLE
2166 2624 100 25 under
2278 2624 55 24 the
2347 2624 102 24 above
2462 2622 70 25 title
2546 2622 68 26 will
2622 2623 126 32 shortly

1857 2668 38 24 be
1909 2667 170 33 published
2091 2666 34 24 in
2138 2664 162 33 pamphlet
2314 2664 90 25 form.

2063 2731 131 47 Priee
2218 2730 94 47 One
2346 2730 198 54 Shilling.

1891 2868 191 32 Advertising
2095 2867 106 25 Terms
2215 2873 36 19 on
2267 2866 189 33 application
2478 2867 31 24 at
2530 2865 216 26 CHRONICLE

1859 2902 104 25 Office.

2800 1033 179 49 Robert
3013 1037 152 47 Wake

2773 1095 93 45 BEGS
2875 1099 19 17 to
2903 1098 91 20 intimate
3002 1099 46 19 that
3057 1099 26 19 lio
3099 1100 36 19 lies
3151 1108 45 13 now

2843 1123 108 20 eon-eluded
2960 1125 34 18 tlio
3007 1125 116 19 alterations
3135 1129 19 16 to
3164 1127 32 19 his

2771 1147 94 25 p'.emises
2879 1148 22 19 in
2918 1149 78 20 Peuton
3013 1150 70 23 Street,
3098 1151 98 26 (opposite

2772 1174 33 17 the
2814 1174 68 19 Grand
2892 1174 79 26 Hotel.)
2981 1176 39 18 and
3030 1176 37 19 has
3076 1183 11 12 a
3157 1179 39 18 and

2772 1198 43 20 well
2825 1200 89 19 assorted
2925 1202 55 17 stock
2989 1202 22 18 of
3024 1202 34 18 the
3077 1203 107 20 undermen-

2772 1225 66 19 tioned
2848 1226 69 23 goods,

2773 1258 64 41 FOR
2859 1258 87 42 CASH
3152 1261 27 39 &
2998 1261 87 40 CASH
3099 1261 99 43 ONLY,

2797 1314 49 19 This
2855 1314 53 20 Rule
2919 1315 41 19 will
2977 1316 22 18 be
3017 1316 77 24 strictly
3113 1317 85 20 adhered

2772 1342 20 16 to
2802 1346 21 12 so
2834 1346 25 13 no
2870 1347 37 13 0110
2916 1341 52 19 need
2979 1343 23 17 be
3012 1341 94 19 oiiended
3112 1343 16 18 if
3138 1344 60 19 credit

2772 1366 17 19 is
2800 1367 85 19 refused.

2772 1400 80 23 Men's
2864 1400 125 32 Mercery,
2998 1402 75 28 Hats,
3086 1403 42 23 &c.

2774 1430 81 23 Men's
2871 1433 50 21 and
2936 1433 76 29 Boys'
3029 1433 120 30 Clothing

2876 1480 14 11 ,,
2999 1465 78 22 Boots
3089 1465 20 22 &
3120 1466 78 24 Shoes

2773 1492 133 28 Blankets,
2921 1494 78 30 Rugs,
3012 1494 95 30 Prints,
3123 1496 60 24 Flan-

2825 1525 119 28 nelettes,
2956 1529 46 20 etc.

2773 1557 112 27 Saddles,
2897 1557 107 28 Bridles,
3020 1560 47 21 etc.

2882 1627 103 26 Complete
2994 1628 61 19 Stock
3065 1630 21 18 of

2773 1657 89 29 Fancy
2876 1657 89 28 Goods,
2983 1659 148 31 Stationery
3148 1663 47 22 and

2824 1689 83 23 Books

2773 1720 190 24 Tobacconist's
2979 1722 90 28 Goods,
3081 1725 47 21 etc-

2775 1752 110 23 Musical
2900 1753 175 24 Instruments

2772 1782 109 29 Fishing
2896 1783 94 23 Tackle

2899 1815 69 28 glass
2977 1816 20 22 &
3005 1815 78 31 Lamp
3092 1817 104 29 glasses.

2771 1865 92 21 LARGE
2878 1866 59 20 AND
2967 1867 230 22 WELL-ASSORTED

2915 1899 86 19 STOCK
3016 1900 34 18 OE

2784 1929 182 28 BIRTHDAY,
2997 1931 92 23 XMAS
3116 1932 66 23 AMD

2823 1961 79 23 NEW
2923 1962 90 23 YEAR
3034 1963 110 24 CARDS.

2810 2013 65 19 Maori
2886 2013 72 20 Curio-
2970 2014 21 19 i-i
3001 2015 61 19 Gieat.
3071 2015 89 26 Variety.

2835 2065 117 21 First-class
2968 2067 86 19 Billiard
3064 2067 68 20 Table.

2772 2112 146 26 Prescriptions
2928 2114 106 24 dispensed
3045 2115 26 23 by
3078 2121 12 12 a
3099 2114 99 21 Qualified

2926 2140 90 19 Chemist
3026 2143 20 16 at

2846 2170 127 32 ROBERT
2989 2171 132 32 WAKE'S.

2804 2241 46 46 FL
2871 2241 296 53 GPJFFims,

2880 2307 210 32 ROTORUA,

2773 2345 136 28 GENERAL
2918 2347 275 27 CKRTER&CfIRRIER

2796 2421 68 20 Goods
2872 2421 101 20 delivered
2984 2425 19 16 to
3012 2422 27 19 all
3054 2424 56 24 parts
3125 2425 22 17 of
3162 2425 34 19 the

2772 2448 148 19 diswiciatlow
2930 2452 59 16 rates.

2851 2486 60 19 ALL
2925 2487 109 19 TRAINS
3049 2488 67 18 MET.

2798 2558 135 20 N.B.—Good
2937 2559 99 25 paddock!
3039 2566 27 19 tig
3070 2560 32 19 for
3104 2566 13 13 a
3120 2561 77 19 limited

2772 2585 85 19 number
2865 2585 20 18 of
2895 2585 75 20 liorses.
2986 2585 104 25 Spencer's
3100 2587 96 25 paddock,

2772 2610 142 20 wel-watered
2938 2612 41 18 and
3009 2618 59 19 every
3099 2612 98 20 attention

2772 2637 54 25 paid.

2886 2696 200 27 ROTORUA

2782 2742 248 25 TEMPERANCE
3055 2742 128 26 HOTEL.

2861 2788 49 18 Mrs
2924 2788 179 19 MORRISON'S

2772 2827 75 17 Situated
2857 2830 16 13 in
2883 2829 27 14 tlie
2919 2828 33 15 Old
2959 2827 92 21 Township
3059 2829 17 14 of
3085 2827 103 18 Ohinemutu

2772 2850 33 15 mid
2817 2849 97 16 commands
2926 2855 9 10 a
2953 2848 83 21 majrnifia
3043 2852 18 12 lit
3077 2849 42 16 view
3134 2850 19 16 of
3167 2851 28 16 the

2772 2870 51 17 Luke,
2833 2871 29 15 the
2873 2871 57 15 native
2946 2876 26 16 pa,
2988 2869 66 21 boiling
3069 2870 77 21 Springs,
3162 2872 32 15 and

2912 2892 68 15 Mokoia
2989 2892 63 15 Wand.

2792 2918 66 16 Within
2866 2923 40 16 easy
2914 2924 54 10 access
2981 2918 18 15 of
3012 2918 27 15 the
3053 2918 54 15 Baths
3123 2919 32 15 and
3167 2920 28 15 (be

2772 2945 88 11 numerous
2869 2940 54 19 sights
2932 2944 16 12 ot
2957 2940 70 16 interest
3032 2939 17 15 in
3055 2939 28 15 the
3090 2940 94 19 neighbour-

2772 2961 47 16 hood.

2771 2987 97 16 Fir.-t-chiss
2873 2987 140 16 accommodation
3020 2989 18 13 at
3045 2987 86 16 Moderate
3135 2987 59 17 Rates.

2792 3015 16 14 A
2817 3013 100 16 Mibstnntial
2926 3013 86 16 reduction
3020 3013 15 15 is
3043 3013 47 15 made
3099 3014 17 14 to
3130 3013 64 20 weekly

2771 3040 18 10 or
2796 3034 76 20 monthly
2881 3034 84 16 boarders.

2772 3060 54 16 Suites
2840 3061 17 14 of
2872 3062 103 17 ipartmenls
2991 3060 26 14 for
3025 3059 72 16 families
3105 3064 18 10 or
3132 3060 62 19 parties

2936 3081 18 16 of
2961 3081 70 16 friends.

2772 3115 47 18 Mrs
2844 3114 161 23 MORRISON,
3036 3114 153 23 Proprietress

2856 3196 255 20 EXHIBITION.

2772 3245 37 16 Oit.
2821 3245 111 16 Paintings
2941 3248 24 12 op
2973 3243 50 17 New
3033 3243 94 17 Zeaxakd
3137 3243 48 19 Scen-

2871 3271 40 13 ery
2928 3267 44 16 Hot
2980 3266 75 18 Lakes.
3066 3266 31 17 &c.

2923 3312 37 18 and
2968 3313 63 17 others
3039 3318 32 10 are
3078 3313 119 22 respectfully

2786 3330 14 24 V
2839 3335 71 18 invited
2923 3337 19 16 to
2956 3336 72 22 inspect
3041 3335 30 16 Mr
3085 3335 112 18 Blomfield'n

2772 3360 73 22 Unique
2855 3359 101 18 Collection
2965 3359 19 16 of
2999 3358 85 22 Original
3100 3358 97 23 Paintings

2771 3388 43 12 now
2822 3388 24 11 on
2856 3382 45 16 view
2909 3383 20 15 at
2937 3382 28 16 his
2975 3380 71 21 Studio,
3059 3380 138 24 Karangahape

2772 3405 57 17 Road.
2841 3404 103 18 Auckland.

2794 3427 171 23 N.B.—Paintings
2974 3427 20 17 of
3001 3427 33 17 the
3043 3426 97 22 destroyed
3153 3427 33 17 Ter-

2771 3457 50 11 races
2829 3451 71 17 similar
2909 3452 19 15 to
2942 3450 54 17 those
3010 3455 23 11 on
3049 3450 46 17 view
3111 3451 20 16 at
3147 3450 50 17 Lake

2772 3474 63 18 House
2848 3473 36 17 and
2898 3473 67 18 Palace
2983 3473 63 20 Hotel,
3065 3478 34 12 can
3115 3473 44 22 only
3175 3474 22 17 be

2771 3496 88 18 obtained
2871 3496 58 17 direct
2946 3497 48 17 from
3010 3496 32 17 the
3058 3496 60 17 Artist
3130 3498 21 15 at
3165 3497 32 16 tlie

2771 3521 58 16 above
2839 3519 75 18 address

2317 3098 162 42 ROTORUA
2503 3098 91 41 BOOT
2615 3098 26 40 &
2658 3097 90 42 SHOE

2469 3157 125 40 DEPOT,

2630 3432 31 27 >6

2496 3457 39 22 m

2316 3530 17 18 A
2353 3530 67 25 Lni'ye
2439 3530 61 19 Stock
2520 3533 20 16 ui
2558 3530 94 23 German,
2670 3528 77 20 French

2383 3556 41 19 and
2435 3556 89 19 Col<'iii:il
2536 3556 61 19 Bouts
2607 3556 75 24 always

2478 3584 21 17 ia
2516 3582 68 19 Stuck.

2315 3628 68 20 BEST
2390 3627 152 20 MATERIAL.
2579 3625 25 23 B.
2616 3627 30 19 ST
2655 3625 91 21 WORK.

2394 3668 157 20 AUCKLAND
2562 3666 104 20 PIUCES.

2316 3751 163 22 Hand-sewn
2489 3750 78 22 Boots
2576 3756 15 16 a
2606 3748 137 30 Specialty.

2341 3831 174 24 WYNYAKD
2528 3829 190 29 &PUKCHAS,

2375 3883 129 20 Barristers
2511 3887 43 13 and
2563 3881 123 23 Solicitors,

2315 3937 79 20 B.N.Z-
2402 3936 117 21 Chambers-
2528 3935 102 24 QueeuSt,
2639 3935 106 19 Auckland

2409 4032 52 18 have
2470 4036 71 18 money
2550 4033 20 15 to
2581 4030 47 18 lend
2639 4036 26 13 on
2682 4029 62 19 Mort-

2329 4060 30 14 Ti
2405 4063 53 19 gage
2467 4057 21 18 of
2502 4056 99 18 Freehold
2616 4055 41 20 ond
2672 4056 60 20 Lease-

2315 4083 49 19 hold
2373 4086 95 24 property
2478 4084 21 18 at
2508 4085 80 15 current
2596 4085 60 16 rates.

3017 3626 33 40 M.
3055 3626 115 47 SIMON,

2963 3678 7 24 (
2977 3679 45 18 Late
3029 3683 22 13 or
3059 3677 134 24 Melbourne.)

2971 3727 112 16 Practical
3102 3726 80 17 Tailor.

2955 3758 4 22 I
3045 3768 71 12 —:o:

2960 3797 103 23 Clothes
3076 3798 72 21 made
3165 3798 26 20 to

2986 3824 73 22 order
3076 3829 31 16 on
3122 3822 43 22 the

3012 3848 129 23 shortest

3029 3874 90 22 notice.

2970 3969 54 25 Style
3033 3968 39 19 and
3081 3967 35 19 Pit
3125 3971 35 15 not
3169 3969 20 17 to

2959 3998 22 17 be
2991 3993 93 28 equalled
3101 3999 18 11 in
3135 3994 18 18 t..
3158 4000 30 13 wn

2957 4031 98 19 Addivess
3061 4028 4 22 :
3080 4028 109 20 ArawaSt.

3026 4055 97 19 liotorua.
