2510 3850
1327 1077 109 34 Oxford
1454 1077 55 34 and
1527 1077 73 34 Cast
1618 1077 163 34 Observer.

1327 1111 240 88 PUBLISHED
1594 1111 187 88 WEEKLY.

1341 1199 165 25 SATURDAY,
1525 1200 129 19 December
1663 1200 33 24 21,
1713 1200 60 19 1889.

1344 1266 36 24 On
1403 1266 95 31 Friilay,
1510 1267 57 23 Dec.
1586 1266 67 28 13th,
1677 1274 31 16 an
1729 1266 97 24 address

1300 1316 50 16 was
1362 1308 117 24 delivered
1484 1311 24 21 at
1520 1309 42 23 the
1574 1307 122 25 Chamber
1710 1309 26 23 of
1755 1308 70 24 Com-

1299 1358 40 17 n:e
1351 1352 68 30 cejby
1430 1351 43 24 Dr.
1486 1351 30 24 L.
1528 1351 29 23 L.
1572 1351 89 28 Smith,
1674 1358 32 17 on
1717 1351 42 24 the
1771 1351 54 24 sub-

1296 1393 50 31 ject
1361 1394 27 23 of
1402 1394 141 24 Australian
1571 1394 151 24 Federation.
1773 1394 52 24 The

1299 1436 100 30 speaker
1409 1436 21 24 is
1442 1444 14 16 a
1468 1436 109 25 member
1593 1436 27 25 of
1639 1436 41 25 the
1701 1436 124 25 Victorian

1299 1479 145 30 Legislative
1456 1479 125 32 Assembly
1592 1488 5 21 ;
1609 1479 44 25 but
1668 1488 32 15 we
1721 1479 105 32 imagine

1299 1521 54 24 that
1365 1522 20 24 it
1395 1530 49 16 was
1456 1523 105 30 scarcely
1588 1530 33 16 on
1649 1523 46 23 this
1724 1525 102 21 account

1299 1564 53 24 that
1364 1563 48 25 His
1425 1564 109 31 Worship
1548 1565 41 23 the
1601 1564 86 31 Mayor
1704 1563 122 25 described

1298 1607 53 24 him
1363 1615 26 16 as
1490 1607 88 24 known
1590 1607 151 31 throughout
1763 1606 60 25 Aus-

1449 1650 158 32 Throughout
1618 1649 151 24 Australasia
1778 1651 5 22 !
1791 1657 36 16 we

1299 1692 88 24 should
1399 1692 72 24 think
1489 1700 34 16 so.
1569 1692 162 31 Throughout
1754 1691 73 25 Great

1299 1735 97 24 Britain
1407 1735 49 23 and
1468 1735 103 28 Ireland,
1590 1735 68 24 there
1669 1735 20 23 is
1708 1735 85 30 hardly
1814 1744 14 14 a

1298 1777 64 25 little
1374 1777 120 25 low-class
1506 1785 75 23 paper
1603 1777 79 24 which
1705 1777 56 25 does
1783 1778 44 23 not

1298 1821 97 23 contain
1407 1829 12 14 a
1432 1821 115 30 standing
1557 1821 183 24 advertisement
1748 1821 27 23 of
1782 1820 43 23 Dr.

1299 1862 30 24 L.
1341 1863 30 23 L.
1390 1862 104 26 Smith's
1519 1862 112 25 abilities.
1672 1862 45 25 We
1740 1862 88 25 should

1298 1904 50 25 like
1359 1907 24 22 to
1395 1905 72 24 know
1477 1905 56 25 how
1553 1913 72 23 many
1646 1912 100 24 persons
1766 1905 60 24 have

1299 1949 68 23 made
1372 1948 43 24 Dr.
1426 1948 104 24 Smith's
1541 1948 175 31 acquaintance
1721 1948 105 31 through

1299 1993 41 22 the
1352 1991 107 23 medium
1469 1991 26 24 of
1502 1991 43 23 the
1556 1991 59 24 Post
1628 1990 73 29 office,
1715 1992 54 22 sent
1775 1991 51 23 him

1300 2042 13 15 a
1352 2033 95 24 Guinea
1457 2033 168 24 Consultation
1637 2033 48 24 Fee
1691 2032 102 32 payable
1802 2033 25 23 m

1440 2076 49 24 and
1500 2076 109 24 received
1619 2075 27 24 m
1656 2080 85 19 return
1752 2083 15 16 a
1773 2083 53 23 par-

1300 2118 36 25 cel
1347 2118 27 25 of
1382 2118 119 24 medicine
1536 2118 107 31 securely
1653 2117 90 32 packed
1757 2125 26 18 so
1800 2125 26 17 as

1299 2163 26 23 to
1337 2162 54 30 defy
1400 2162 145 23 detection.''
1563 2161 60 24 This
1629 2169 60 16 man
1697 2161 44 23 has
1748 2169 78 15 amas-

1299 2204 41 24 sod
1351 2212 13 15 a
1376 2204 96 24 fortune
1480 2205 29 30 by
1515 2204 133 31 pandering
1652 2207 24 20 to
1685 2203 41 24 the
1735 2203 60 32 folly
1803 2203 27 24 of

1299 2248 93 23 vicious
1403 2247 51 24 lads
1466 2247 33 26 all
1510 2247 42 23 the
1579 2246 73 24 world
1679 2254 55 16 over
1743 2254 5 20 ;
1778 2246 49 24 and

1298 2297 54 16 now
1362 2290 30 23 he
1402 2289 30 28 is,
1445 2297 27 16 as
1485 2289 70 24 Mark
1567 2289 83 24 Twain
1663 2296 61 24 says,
1773 2289 56 23 uni-

1300 2332 101 31 versally
1412 2332 131 31 respected,
1557 2332 49 24 and
1611 2340 14 15 a
1636 2332 108 23 member
1755 2332 24 23 of
1785 2331 40 24 the

1524 2374 45 24 We
1585 2373 165 31 congratulate
1780 2381 44 16 our

1299 2418 71 23 sister
1381 2417 85 30 colony
1478 2416 25 24 of
1512 2416 106 26 Victoria
1635 2424 32 16 on
1689 2416 43 24 the
1753 2416 72 24 keen-

1298 2468 57 16 ness
1366 2460 26 23 of
1401 2460 44 24 her
1513 2466 37 17 tor
1560 2459 72 24 merit
1638 2466 6 22 ;
1663 2459 48 24 and
1722 2467 36 16 we
1780 2459 45 24 feel

1298 2503 54 24 that
1364 2503 42 23 Dr.
1421 2503 79 24 Smith
1512 2510 49 16 was
1579 2503 41 23 too
1642 2502 94 24 modest
1757 2502 68 24 when

1298 2546 32 23 he
1341 2553 70 16 came
1422 2548 24 21 to
1459 2544 183 25 Christchurch.
1677 2544 24 24 If
1723 2544 30 24 he
1775 2544 50 24 had

1298 2588 58 31 only
1367 2587 125 25 reminded
1499 2588 41 24 the
1547 2586 83 32 public
1637 2588 25 23 of
1670 2586 38 25 his
1715 2587 108 31 identity,

1298 2631 32 23 he
1340 2630 80 24 would
1431 2630 117 31 certainly
1558 2630 61 24 have
1641 2630 50 23 had
1710 2638 14 14 a
1745 2630 78 30 prodi-

1297 2673 68 31 gious
1377 2672 115 24 audience
1494 2687 31 2 —
1526 2672 26 24 of
1586 2671 89 33 skinny

1330 2716 51 23 But
1390 2716 65 23 since
1467 2715 43 24 the
1526 2715 83 25 doctor
1628 2715 21 23 is
1672 2715 95 30 sinking
1786 2715 39 23 his

1298 2758 66 24 trade
1376 2758 36 24 for
1423 2758 41 23 the
1476 2765 81 20 nonce,
1576 2765 36 16 we
1632 2757 50 24 will
1703 2764 47 24 pay
1771 2757 54 24 him

1298 2801 41 23 the
1351 2800 157 31 compliment
1519 2800 26 24 of
1553 2800 108 31 noticing
1671 2800 39 24 his
1719 2800 106 30 political

1298 2844 101 23 oration.
1450 2843 40 23 He
1506 2851 59 22 gave
1586 2843 39 23 his
1642 2843 94 23 hearers
1759 2850 66 16 some

1299 2885 89 32 special
1398 2885 114 32 pleading
1522 2885 26 23 m
1559 2885 67 24 favor
1637 2885 25 25 of
1677 2885 148 25 Protection.

1299 2929 40 23 He
1357 2928 115 31 carefully
1503 2927 142 32 repudiated
1670 2928 40 24 the
1738 2928 88 31 phrase

1698 2972 28 23 he
1733 2972 94 24 wanted

1298 3014 130 24 Freetrade
1444 3014 108 24 between
1564 3014 42 24 the
1629 3014 116 28 Colonies,
1767 3014 59 24 with

1298 3057 156 23 out-and-out
1477 3056 139 24 Protection
1653 3057 96 30 against
1783 3056 43 25 the

1298 3099 74 25 world
1383 3099 99 31 beyond,
1517 3099 78 31 Oddly
1602 3099 101 31 enough,
1716 3099 49 24 this
1773 3108 52 23 rap-

1299 3144 84 21 turous
1398 3142 111 25 advocate,
1527 3141 27 25 of
1560 3141 183 25 Inter-colonial
1755 3142 71 24 Free-

1298 3184 69 25 trade
1379 3185 117 30 proposed
1507 3186 25 23 to
1545 3186 83 30 except
1640 3185 55 24 New
1719 3185 109 25 Zealand

1299 3230 53 21 oats
1362 3228 63 23 from
1435 3228 42 24 the
1486 3228 86 24 benefit
1590 3229 126 30 proposed,

1300 3270 138 24 Victorians
1456 3272 63 22 unidt
1541 3272 90 29 protect

1299 3312 32 24 In
1341 3312 68 31 point
1420 3313 27 23 of
1455 3312 56 29 fact,
1524 3313 36 24 Dr
1577 3313 82 25 Smith
1682 3322 49 17 was
1753 3316 75 24 about

1299 3355 42 24 the
1353 3359 65 21 most
1430 3357 131 31 damaging
1573 3357 98 25 witness
1693 3358 55 25 that
1771 3359 55 24 Pro-

1299 3398 89 24 tection
1400 3399 68 23 could
1479 3399 61 24 have
1557 3399 105 31 brought
1684 3400 77 25 before
1784 3401 42 25 the

1298 3440 87 31 public.
1419 3441 38 24 He
1469 3442 102 28 showed,
1584 3442 58 24 with
1653 3442 43 25 the
1707 3446 63 22 most
1786 3444 41 24 de-

1299 3482 98 31 lightful
1419 3485 225 28 unconsciousness,
1672 3485 43 25 the
1745 3494 83 24 seamy

1300 3526 59 28 side,
1377 3526 42 24 the
1437 3526 97 32 lurking
1562 3527 150 31 selfishness,
1741 3529 27 24 of
1793 3529 34 25 all

1299 3568 69 24 these
1379 3568 68 31 plans
1459 3569 27 24 of
1494 3571 167 29 compromise.
1696 3571 54 25 Call
1758 3571 68 26 them

1299 3611 129 24 Freetrade
1440 3612 102 25 between
1556 3613 40 23 the
1607 3613 112 29 colonies,
1732 3622 27 17 or
1781 3614 47 25 call

1300 3653 65 24 them
1376 3654 65 22 what
1451 3662 48 24 you
1511 3654 56 30 will,
1580 3656 57 31 they
1648 3665 68 17 come
1727 3657 60 25 back
1802 3659 26 24 to

1300 3696 50 23 this
1361 3696 77 30 point,
1451 3696 55 25 that
1517 3698 101 31 directly
1633 3707 67 17 some
1719 3700 60 24 vital
1790 3701 35 23 in-

1301 3740 71 24 terest
1384 3738 27 25 of
1419 3738 42 26 the
1472 3740 87 31 pocket
1567 3748 77 18 seems
1651 3744 26 23 to
1686 3742 29 25 be
1723 3743 104 25 touched

1914 162 127 25 Freetrade
2051 161 129 33 principles
2192 168 56 24 may
2260 167 32 24 go
2313 162 27 22 to
2361 160 76 30 Hong

1914 206 80 30 Kong,
2006 205 49 24 and
2076 204 137 24 Protection
2234 205 65 22 must
2320 202 52 24 rule
2393 201 27 26 th
2440 210 36 31 fp

1913 249 74 23 roost.
2032 246 147 27 Protection,
2202 245 47 24 and
2271 244 102 31 nothing
2393 245 43 23 but

1913 290 145 28 Protection,
2069 290 21 23 is
2106 289 67 24 what
2184 288 68 25 these
2262 287 85 31 people
2363 287 75 31 really

1913 337 74 21 want.
2022 332 64 31 Why
2092 332 31 24 do
2133 332 59 30 they
2203 332 40 30 try
2254 333 26 21 to
2299 329 139 25 l.amboozle

1914 375 70 24 other
1990 382 55 16 men
2048 374 62 24 -with
2114 373 189 32 high-sounding
2309 373 130 30 language?

1915 417 135 28 Freetrade,
2062 416 49 24 and
2121 416 101 30 nothiug
2237 415 44 24 but
2303 414 135 26 Freetrade,

1914 460 21 23 is
1944 459 66 24 what
2022 466 35 17 we
2069 459 111 24 advocate
2192 467 7 21 ;
2214 457 48 24 and
2286 466 32 15 we
2339 458 100 23 venture

1916 504 25 23 to
1952 510 44 24 say
2004 502 53 24 that
2069 501 26 25 m
2106 509 13 16 a
2130 506 98 26 quarter
2236 501 27 24 of
2267 509 14 16 a
2288 502 101 29 century
2398 499 41 26 the

1916 544 85 30 colony
2011 544 78 24 which
2097 552 59 16 rims
2177 552 31 15 on
2231 543 126 24 Freetrade
2379 542 60 25 lines

1914 586 52 24 will
1977 586 29 24 be
2017 586 27 23 m
2055 593 15 17 a
2080 586 104 29 position
2195 588 26 20 to
2232 586 60 24 offer
2302 584 137 25 Charitable

1916 628 47 24 Aid
1973 629 26 24 to
2011 635 14 17 a
2038 631 15 19 '.'
2212 628 76 24 sister.
2330 628 46 26 We.
2395 628 46 22 be-

1914 670 62 24 lieve
1986 670 56 24 that
2053 671 40 22 the
2104 669 87 32 phrase
2306 670 77 24 under
2397 669 41 25 the

1912 713 136 31 protection
2059 711 46 26 of
2117 720 15 16 a
2142 711 139 32 gentleman
2291 712 22 24 is
2335 720 15 16 a
2370 712 68 30 piece
2442 723 3 4 1

1914 756 27 24 of
1949 755 90 25 vicious
2051 755 70 31 slang
2132 755 59 24 used
2202 756 25 23 to
2235 755 102 24 describe
2348 762 15 16 a
2375 755 61 23 lam-
2453 766 23 13 -m

1914 798 95 24 entable
2020 797 74 25 social
2105 797 46 24 evil
2161 806 6 20 ;
2180 797 49 24 and
2239 796 21 24 if
2279 804 45 17 our
2345 797 94 24 readers

1913 840 49 25 will
1972 840 91 31 forgive
2075 848 27 16 us
2112 840 38 24 for
2160 840 154 30 introducing
2324 847 33 16 an
2370 839 68 24 illus-

1913 883 92 25 tration
2015 883 63 24 from
2090 882 59 25 such
2161 890 14 16 a
2188 890 84 16 course
2274 897 31 3 —
2305 882 133 31 suggested,

1913 926 94 28 indeed,
2020 925 31 32 by
2064 926 40 24 the
2118 925 106 31 thought
2240 925 27 24 of
2286 925 44 24 Dr.
2352 925 30 24 L.
2407 925 31 24 L.

1916 969 82 24 Smith
1998 982 32 4 —
2030 976 36 17 we
2072 968 48 25 will
2127 968 219 31 takethelibertyof
2354 969 85 29 saying

1913 1010 55 24 that
1979 1010 50 25 this
2041 1010 117 25 describes
2169 1011 57 24 with
2238 1018 32 17 an
2281 1010 119 32 approach
2412 1012 26 23 to

1914 1054 147 23 correctness
2072 1053 42 24 the
2140 1054 106 29 position
2273 1054 79 23 which
2379 1053 58 24 Pro-

1916 1094 135 24 tectionists
2062 1095 59 23 offer
2132 1097 26 22 to
2168 1096 63 23 their
2241 1096 82 30 simple
2333 1096 103 24 hearers.

1915 1137 52 24 The
1978 1137 57 32 only
2263 1138 27 24 ha
2309 1139 40 24 the
2371 1141 66 22 tran-

1914 1181 93 24 saction
2023 1181 22 23 is
2069 1181 63 24 what
2159 1181 21 24 is
2206 1181 87 24 known
2320 1189 27 16 as
2372 1182 65 24 Irish

1915 1223 149 31 Reciprocity
2064 1236 33 6 —
2178 1223 61 31 give,
2252 1223 48 24 and
2310 1223 13 24 I

1954 1311 102 24 Before
2084 1319 44 17 oar
2154 1314 58 21 next
2238 1312 64 24 issue
2329 1320 108 23 appears,

1914 1354 100 24 another
2025 1354 136 25 Christmas
2171 1354 49 24 will
2231 1354 62 25 have
2304 1362 67 17 come
2388 1354 49 25 and

1912 1404 69 24 gone.
2015 1397 44 24 We
2070 1397 117 24 therefore
2198 1397 60 24 wish
2269 1405 45 16 our
2334 1398 102 28 readers,

1914 1448 47 17 one
1972 1440 51 24 and
2032 1440 42 28 all,
2086 1449 14 15 a
2112 1441 80 31 Merry
2204 1439 147 26 Christmas.-
2380 1440 24 25 It
2415 1441 22 24 is
2466 1438 11 9 *

1913 1482 88 32 always
2011 1491 57 24 easy
2078 1483 38 24 for
2126 1484 68 24 those
2213 1484 56 24 who
2290 1491 40 17 are
2351 1483 87 32 hearty

1914 1526 48 24 and
1973 1526 80 31 happy
2063 1526 145 24 themselves
2221 1528 26 22 to
2258 1533 98 23 express
2376 1526 62 30 good

1914 1568 89 24 wishes
2011 1568 36 24 for
2057 1569 89 28 others,
2155 1569 49 23 and
2215 1568 170 33 consequently
2402 1576 37 16 we

1913 1620 40 15 are
1965 1611 53 24 ahle
2028 1614 25 21 to
2061 1611 60 25 offer
2130 1611 43 24 tha
2184 1611 170 31 compliments
2364 1611 27 25 of
2400 1613 39 23 the

1914 1661 86 16 season
2011 1654 59 23 with
2081 1655 65 22 moat
2157 1661 148 17 uncommon
2323 1656 69 28 gusto
2414 1656 25 22 at

1914 1696 41 25 the
1966 1698 96 29 present
2074 1696 67 25 time.
2176 1696 49 25 For
2236 1704 45 16 our
2298 1704 56 17 own
2375 1698 62 29 part,

1914 1747 36 15 we
1961 1747 39 15 arc
2010 1739 27 23 m
2049 1739 110 30 splendid
2169 1739 92 27 health,
2275 1739 108 30 growing
2404 1739 35 23 fat

1915 1780 96 29 indeed,
2023 1783 41 30 yet
2074 1783 45 22 not
2131 1782 29 30 by
2168 1789 48 23 any
2226 1788 86 18 means
2323 1783 25 23 to
2359 1780 78 26 burst-

1913 1824 44 31 ing
1971 1824 76 31 point.
2092 1824 44 24 We
2161 1823 100 28 receive,
2281 1823 85 32 digest,
2389 1824 49 24 and

1912 1865 134 25 assimilate
2068 1866 75 25 much
2173 1866 110 25 valuable
2303 1867 134 23 nutriment

1912 1909 62 24 from
1986 1909 46 31 day
2042 1910 26 23 to
2079 1909 47 31 day
2134 1917 6 21 ;
2153 1909 48 24 and
2212 1917 36 17 we
2264 1911 64 23 trust
2348 1916 37 18 we
2406 1909 32 24 do

1912 1954 44 22 not
1964 1952 81 24 flatter
2055 1951 122 25 ourselves
2188 1951 68 25 when
2267 1960 36 16 we
2318 1960 43 23 say
2382 1952 56 25 that

1912 1994 43 24 the
1966 1994 76 24 result
2054 1995 27 23 of
2088 1994 89 24 careful
2188 1994 114 31 bringing
2312 2002 33 24 up
2355 1994 23 25 is
2397 1994 40 25 be-

1912 2037 97 30 coming
2020 2039 118 29 apparent
2148 2037 27 24 m
2186 2037 42 25 the
2239 2037 108 25 increase
2358 2037 27 25 of
2393 2046 44 16 our

1912 2079 110 31 strength
2034 2080 47 24 and
2093 2080 47 24 size
2150 2080 48 24 and
2213 2081 95 30 weight;
2343 2081 49 24 Yet
2401 2088 37 17 we

1912 2123 31 24 do
1954 2125 44 22 not
2008 2123 78 31 forget
2097 2123 53 25 that
2166 2123 42 24 the
2230 2123 60 24 kind
2311 2123 81 32 public
2413 2123 28 24 of

1913 2165 97 29 Oxford,
2023 2165 68 29 Oust,
2103 2166 50 24 and
2172 2166 43 24 the
2236 2168 104 29 country
2357 2166 79 24 round

1913 2208 82 29 about,
2007 2208 21 25 is
2039 2208 74 31 doing
2120 2208 32 25 its
2162 2210 55 29 part
2245 2211 25 23 to
2297 2209 74 25 foster
2392 2216 46 18 our

1912 2251 42 24 life
1965 2251 46 24 and
2023 2253 26 23 to
2060 2251 72 25 make
2139 2251 20 25 it
2168 2251 132 31 agreeable.
2335 2251 102 32 Though

1913 2294 20 24 it
1943 2294 21 24 is
1975 2296 52 22 true
2038 2293 55 25 that
2101 2302 33 15 we
2142 2302 68 16 came
2220 2293 54 25 into
2290 2293 50 26 this
2362 2294 75 25 world

1914 2338 25 23 to
1950 2335 79 33 please
2037 2337 134 28 ounselves,
2183 2345 37 17 we
2230 2345 41 16 are
2282 2339 40 29 yet
2339 2337 98 24 assured

1912 2378 38 32 by.
1955 2388 71 23 many
2038 2380 65 31 sigus
2114 2379 55 25 that
2185 2387 36 17 we
2243 2387 41 17 are
2306 2379 132 31 remaining

1913 2422 54 24 here
1995 2423 25 23 to
2046 2422 80 31 please
2153 2422 91 25 others.
2294 2422 70 32 Long
2390 2422 47 26 live

1915 2464 99 29 Oxford,
2027 2464 118 26 therefore
2155 2467 7 22 !
2190 2465 73 32 Long
2288 2465 48 25 live
2360 2465 60 26 Oust
2428 2467 7 23 !

1912 2507 71 31 Long
2006 2507 48 24 live
2078 2507 43 26 the
2295 2516 48 15 and
2371 2507 65 26 Oust

2092 2550 58 32 May
2170 2550 89 26 honest
2269 2553 125 24 comment
2403 2559 34 17 on

1913 2602 56 16 men
1980 2594 48 24 and
2039 2594 90 31 things,
2152 2602 57 23 may
2231 2595 71 24 satire
2324 2594 112 31 shooting

1914 2636 71 31 Folly
1995 2644 26 16 as
2032 2636 21 24 it
2063 2636 61 29 flies,
2135 2644 58 23 may
2204 2636 42 25 the
2263 2644 63 17 news
2348 2637 28 24 of
2394 2637 43 25 the

1911 2678 137 31 neighbors'
2056 2678 86 32 doings
2150 2679 48 24 and
2208 2678 41 26 the
2262 2679 176 26 advancement

1913 2721 27 24 of
1948 2721 43 24 the
2001 2721 137 31 neighbors'
2150 2721 75 31 hopes
2225 2736 32 4 —
2259 2730 55 23 may
2324 2722 34 25 all
2368 2722 69 25 these

1914 2763 83 32 things
2008 2764 115 25 continue
2134 2765 26 24 to
2171 2763 30 26 be
2217 2772 27 17 as
2265 2765 104 31 popular
2390 2765 49 26 and

1914 2814 27 17 as
1952 2806 102 32 payable
2065 2807 26 24 m
2101 2806 44 25 the
2155 2807 80 24 future
2248 2816 28 16 as
2298 2808 58 31 they
2377 2808 62 28 have

1915 2848 59 25 been
1981 2849 26 23 m
2018 2849 42 24 the
2071 2850 66 30 past!
2155 2849 77 29 Then,
2244 2850 61 24 with
2315 2851 60 24 each
2385 2858 53 18 suc-

1914 2892 92 25 cessive
2015 2892 138 25 Christmas
2165 2901 93 22 season,
2267 2902 44 16 our
2317 2894 123 32 greetings

1915 2935 50 25 will
1975 2943 66 23 grow
2052 2935 27 25 m
2090 2935 178 31 cheerfulness.;
2280 2937 94 32 though
2384 2938 57 32 they

1915 2986 46 17 can
1972 2978 102 32 scarcely
2086 2978 29 25 be
2126 2987 67 17 more
2204 2980 92 25 sincere
2302 2980 62 25 than
2371 2981 69 25 those

1915 3022 86 28 which,
2013 3022 26 24 m
2052 3022 48 24 this
2112 3022 54 24 first
2176 3031 58 22 year
2244 3023 28 24 of
2279 3032 47 16 one
2336 3024 49 29 life,
2407 3032 33 16 we

1915 3064 130 31 gratefully
2056 3065 84 25 tender
2150 3067 26 23 to
2187 3073 45 16 our
2243 3065 99 26 friends.

1948 3107 53 25 One
2012 3107 66 25 word
2086 3115 74 17 more.
2195 3108 73 25 Since
2275 3109 43 24 the
2327 3117 86 17 season
2420 3109 21 24 is

1915 3149 91 32 largely
2016 3149 134 26 celebrated
2162 3151 29 30 by
2202 3151 144 31 indulgence
2356 3152 27 25 m
2398 3152 43 25 the

1915 3192 122 32 pleasures
2049 3193 25 24 of
2088 3192 43 27 the
2142 3193 73 30 table,
2237 3203 43 16 our
2299 3194 142 33 thoughtful

1916 3236 69 31 Lady
1997 3236 87 25 Ilditor
2094 3236 46 25 has
2150 3238 115 30 provided
2275 3246 28 16 us
2323 3239 59 24 with
2404 3247 37 17 re-

1915 3279 65 31 cipes
1990 3279 51 24 this
2051 3279 68 25 week
2195 3281 65 24 meet
2280 3281 42 25 the
2343 3281 91 29 times;*
2435 3279 6 11 1

2070 3323 101 31 stuffing
2266 3323 141 26 children—
2406 3332 36 17 w«

1915 3366 46 30 beg
1971 3366 99 30 parden,
2094 3366 35 25 for
2140 3374 71 23 geese
2239 3367 49 24 and
2314 3366 71 26 other
2408 3367 34 25 fat

1916 3408 85 31 things
2011 3417 6 20 ;
2052 3408 69 32 plum
2284 3410 48 25 and
2339 3410 39 25 the
2384 3410 57 26 like.

1917 3451 45 25 We
1974 3459 41 17 are
2026 3452 93 25 certain
2129 3452 56 25 that
2195 3460 33 17 no
2239 3453 101 25 column
2348 3453 27 25 of
2392 3453 50 25 this

1917 3494 65 25 issue
1994 3495 50 25 will
2056 3495 28 25 be
2095 3504 68 17 more
2174 3497 115 32 carefully
2300 3497 58 24 read
2367 3505 6 21 ;
2385 3496 55 29 and,

1916 3540 26 21 to
1954 3538 65 24 show
2031 3539 55 24 that
2097 3539 69 25 there
2177 3540 21 25 is
2208 3547 34 17 no
2253 3540 138 32 animosity,
2406 3548 36 17 we

1915 3588 104 24 purpose
2027 3584 25 21 to
2072 3589 99 24 arrange
2193 3583 58 24 with
2274 3591 43 17 our
2338 3582 104 26 amiable

1915 3623 58 31 lady
1985 3624 122 31 colleague
2119 3627 24 22 to
2154 3625 99 32 publish
2258 3629 61 21 next
2340 3626 65 27 week
2427 3633 14 17 a

1917 3666 89 24 careful
2017 3669 148 24 assortment
2223 3669 118 25 remedies
2354 3669 89 31 proved

1916 3707 32 32 by
1955 3708 59 32 long
2021 3709 119 27 domestic
2145 3712 106 30 practice
2258 3714 25 23 to
2289 3711 30 26 be
2326 3713 64 24 most
2394 3711 48 25 effi-

1920 3751 65 26 cient
2012 3751 28 26 m
2061 3753 43 26 the
2125 3754 123 26 reduction
2265 3754 28 26 of
2311 3754 133 26 stomachic

647 69 135 25 OXFORD
817 69 68 24 AND
920 66 85 26 OUST
1040 62 191 28 OBSERVER,
1268 58 188 29 SATURDAY,
1491 58 188 26 DECEMBER
1713 58 40 28 21,
1788 57 61 24 1889

1303 171 149 77 FOUND
1484 172 30 29 A
1546 169 277 33 HEAD-STALL,

1378 222 100 19 owner
1492 222 57 19 can
1572 211 78 28 have
1675 219 90 24 same,
1785 209 40 38 by

1304 252 146 38 applyihg
1477 255 31 26 to
1522 251 53 28 the
1599 249 94 30 Office
1708 249 32 29 of
1766 248 62 29 this

1303 292 98 39 Paper

1427 392 273 33 NOTICE.

1304 453 82 44 THE
1399 455 139 20 well-known
1546 455 97 26 position
1653 454 22 20 of
1679 454 39 20 the
1727 454 100 25 Proprie-

1371 483 36 20 tor
1415 482 20 20 is
1444 488 14 14 a
1466 483 110 19 sufficient
1587 482 123 25 guarantee
1719 481 52 20 that
1783 486 44 20 any

1303 510 109 19 contracts
1423 509 121 20 connected
1556 509 55 19 with
1619 508 47 20 this
1675 507 94 21 Journal
1781 507 47 20 will

1301 536 28 20 be
1340 536 88 25 strictly
1439 535 45 20 and
1492 535 122 26 honorably
1623 534 87 20 carried
1717 535 46 19 out.

1327 572 48 19 The
1390 571 89 20 Printer
1492 571 46 20 and
1550 571 118 20 Publisher
1680 570 79 20 wishes
1771 569 20 20 it
1803 569 24 20 to

1301 598 27 19 be
1347 598 83 25 clearly
1447 597 136 21 understood
1596 597 52 20 that
1660 596 29 21 he
1702 596 20 20 is
1735 597 41 19 not
1788 595 40 20 the

1301 624 85 20 Editor.
1569 636 3 3 •
1607 640 7 6 ,

1327 655 38 20 All
1378 656 204 23 communications,
1597 655 92 25 reports,
1705 655 43 23 &c,
1767 653 61 21 must

1301 682 28 19 be
1338 681 120 21 addressed
1466 683 25 19 to
1581 681 80 20 Editor
1677 680 94 20 'Oxford
1783 679 45 21 and

1301 708 57 20 Cust
1366 708 125 25 Observer/
1501 709 57 19 East

1324 740 47 19 The
1381 740 79 20 Editor
1470 740 51 20 does
1534 741 40 19 not
1583 740 54 20 bind
1650 739 90 20 himself
1748 740 24 19 to
1790 746 34 13 re-

1299 767 54 19 turn
1362 767 99 25 rejected
1469 767 151 25 manuscript..
1641 766 38 20 All
1691 766 82 21 letters
1783 765 45 21 and

1299 793 67 20 other
1388 794 198 19 communications
1604 794 61 19 must
1672 793 29 20 be
1715 792 115 21 authenti-.

1300 819 65 20 cated
1377 820 31 25 by
1416 820 39 19 the
1465 820 114 25 signature
1588 820 26 19 of
1623 820 39 19 the
1671 820 93 23 writers,
1787 820 40 18 nob

1299 846 135 26 necessarily
1447 846 37 20 for
1496 846 137 26 publication
1651 846 42 20 but
1706 852 25 14 as
1740 852 14 14 a
1762 846 64 20 mark

1299 873 24 19 of
1332 873 58 25 good
1397 873 65 20 faith.

1325 904 46 20 The
1381 904 79 21 Editor
1466 905 51 20 does
1526 906 40 19 not
1572 904 54 21 hold
1634 904 90 21 himself
1733 910 93 20 respon-

1299 930 55 21 sible
1363 931 37 20 for
1412 931 40 20 the
1461 931 101 25 opinions
1576 931 118 26 expressed
1705 931 31 25 by
1745 937 80 14 corres-

1297 956 119 26 pondents.
1443 957 39 20 All
1490 958 80 20 shades
1579 958 23 20 of
1609 958 89 25 opinion
1703 958 59 19 shall
1770 958 57 19 have

1299 983 65 25 equal
1382 984 183 24 representation,
1590 984 108 25 provided
1715 985 56 25 they
1789 990 37 14 are

1300 1010 118 25 expressed
1426 1011 24 18 m
1461 1011 122 25 temperate
1592 1011 116 25 language.

751 180 52 38 8L
824 178 166 40 ANDREW'S
1013 175 140 39 CHURCH,

851 239 73 21 EAST
946 238 124 20 OXFORD.

710 302 134 25 SUNDAY
866 300 164 27 EVENING,
1049 299 59 25 Dec,
1127 299 71 22 21nd.

689 427 101 24 Advent
807 425 131 24 Lectures
950 431 26 16 iv
976 438 33 3 —

691 470 107 23 Subject
809 475 5 15 :
873 467 51 23 The
935 465 58 24 End
1011 464 26 24 of
1054 464 42 24 the
1115 462 102 24 Present

906 618 86 29 THE

691 669 122 38 OXFORD
850 667 166 38 DRAMATIC
1033 663 180 39 COMPANY'S

770 719 112 31 annual
898 718 244 30 Entertainment

809 761 63 29 will
887 760 71 28 take
972 759 85 38 place
1073 766 38 20 on

741 812 99 29 NEW
854 810 148 29 YEARS'
1028 806 136 31 NIGHT

767 862 50 28 for
831 860 53 30 the
896 859 113 30 benefit
1019 858 32 28 of
1060 857 53 29 the

688 912 168 30 OXFORD
865 908 208 31 WORKING
1087 906 124 30 MEN'S

788 964 4 4 •
806 951 151 29 Accident
977 949 97 29 Fund,

707 1003 86 31 when
816 1001 64 30 will
903 1001 38 29 be
966 998 154 41 produced
1141 997 54 29 the

743 1043 106 30 Grand
863 1040 191 31 Sensational
1068 1039 105 28 drama

858 1080 136 31 entitled:
995 1097 42 3 —

786 1231 113 31 NEW
918 1228 230 33 SGENEKY.

685 1295 320 33 MKeHANICAJk
1016 1293 196 37 EFFECT,

724 1340 52 28 the
797 1339 69 29 Pier
888 1342 32 25 at
941 1335 193 31 Birkenhead
1146 1336 42 38 by

684 1387 182 39 Moonlight,
896 1386 60 29 and
969 1385 53 29 the
1044 1382 113 32 arrival
1181 1382 31 30 of

793 1438 51 29 £he
855 1436 74 30 Mail
944 1436 145 30 Steamer.

685 1476 225 33 SYNOPSIS
920 1476 59 30 OF
990 1474 187 32 SCENER
1185 1473 32 29 V

752 1519 109 30 AND
881 1515 269 32 INCIDENTS.

685 1572 84 28 Near
783 1567 332 40 Fernleigh-Women's
1129 1565 83 29 Hate

685 1610 164 39 Fernleigh
863 1609 103 30 Farm-
968 1607 152 30 Woman's
1129 1607 83 29 Love

685 1653 52 28 the
750 1652 109 30 Stolen-
871 1651 115 31 Letter;
1004 1649 115 28 Robert
1133 1647 78 29 Red-

685 1692 104 31 burn's
814 1691 92 30 Office
907 1708 41 3 —
948 1700 18 19 a
985 1692 90 36 party
1096 1688 42 39 by
1161 1687 51 29 the

685 1744 89 19 name
783 1733 31 29 of
824 1732 152 32 Johnson;
993 1728 49 30 Mr
1046 1727 166 31 Danville's

647 1782 2 21 I
686 1774 122 29 Drawin
812 1770 236 40 g-room-He'pen
1051 1768 161 30 tance-Re-

685 1824 116 28 venge;
846 1811 99 31 Street
983 1811 32 29 m
1050 1808 162 39 Liverpool

687 1854 87 29 Road
788 1857 32 25 to
833 1853 54 29 the
901 1850 170 31 River--the
1091 1850 69 28 Pier
1183 1852 31 25 at

687 1894 183 39 Egreinont;
872 1909 41 4 —
913 1892 52 29 the
987 1891 119 38 Mersey
1106 1906 41 3 —
1160 1889 54 28 the

687 1934 98 40 Night
795 1935 80 29 Boat
875 1949 41 5 —
917 1932 128 38 Despair
1045 1948 41 3 —
1086 1929 126 31 Death-

687 1975 139 30 Accused
864 1975 32 28 of
924 1972 138 35 Murder;
1105 1970 109 30 111-fed

688 2016 119 34 Clerks;
812 2014 197 39 Unexpected
1023 2012 127 33 Return;
1161 2011 53 28 the

687 2057 136 39 Lock-up
825 2071 39 5 —
864 2055 153 30 Devotion
1018 2070 41 4 —
1059 2052 147 38 Evscape—

687 2097 157 29 Australia
844 2113 38 4 —
897 2096 52 27 the
963 2093 86 30 Dark
1075 2092 98 30 Cloud
1173 2108 41 4 —

689 2137 196 31 Retribution
886 2153 39 4 —
926 2136 53 29 the
994 2135 103 38 happy
1113 2133 99 29 Home

689 2179 61 29 and
791 2176 209 31 true-hearted
1029 2173 183 30 Lancashire

899 2217 91 31 .Lass.

867 2276 6 4 .
946 2270 11 13 +

687 2312 55 38 Mr
747 2311 118 39 James
875 2310 127 38 Brown
1011 2307 66 38 has
1087 2305 125 48 kindly

688 2355 217 46 volunteered
929 2360 36 37 to
998 2358 127 49 supple
1152 2356 62 37 the

743 2412 110 38 Music
878 2411 50 38 for
946 2410 61 37 the
1031 2409 138 37 Drama.

945 2474 12 14 4

812 2504 36 24 To
868 2502 116 25 conclude
1004 2500 89 32 witlnga

693 2544 282 54 PUBLIC
1013 2541 199 52 BALL

786 2608 106 29 Tickets,
913 2609 36 22 2s.
962 2606 89 24 Ladies
1068 2605 69 24 Free.

689 2699 99 42 LOYAL
797 2699 54 38 NIL
861 2694 235 40 DESPERANDUM
1111 2693 102 38 LODGE

797 2799 104 31 EAST
923 2797 178 32 OXFORD.

689 2870 52 78 B
740 2866 168 32 EMBERS
924 2876 52 19 are
994 2864 113 39 hereby
1132 2872 80 20 sum-

780 2908 109 30 moned
919 2910 32 26 to
986 2905 108 29 attend
1134 2903 78 28 half-

688 2949 107 41 yearly
805 2949 132 37 meeting
951 2945 166 31 December
1134 2945 78 33 21st,

689 2992 76 31 1889
790 2993 32 26 at
837 2990 67 29 7.30
918 2998 72 30 p.m.

818 3044 122 31 ISAAC
955 3040 169 37 MORRIS,
1147 3038 64 30 Sec.

689 3169 183 35 AGENTS
888 3166 86 32 FOR
988 3163 92 31 THE
1099 3161 114 31 SALE

757 3214 57 31 OF
833 3210 108 33 THIS
963 3205 198 34 PAPER.-

690 3286 53 20 Cuat
758 3300 2 3 .
1111 3273 35 20 Mr
1151 3272 65 24 Early

688 3319 110 24 Bennett's
1111 3308 106 21 MraFarr

689 3358 80 23 Oxford
776 3356 53 22 Bast
849 3365 17 11 „
1065 3347 25 24 F,
1094 3346 122 20 Waterman

691 3394 79 22 Oxford
1110 3383 26 19 B.
1143 3381 74 21 Fisher

1097 3418 35 21 Mr
1140 3416 77 21 Ancall

691 3446 107 43 Oxford!
854 3441 24 44 Z
1011 3473 22 6 -
1069 3484 2 3 .
1096 3454 120 22 CJ.Dorn

690 3506 56 20 View
753 3503 47 21 Hill
853 3515 24 6 ...
1100 3491 33 21 Mr
1141 3489 76 21 Elliott

691 3541 106 25 Rangioia
1097 3526 120 22 MrMorrel

691 3576 160 26 Westfiyreton
1094 3566 33 19 Mr
1136 3563 81 20 Martin

693 3613 107 23 Woodend
1088 3599 129 25 MrDoggett

691 3650 89 25 Kaiapoi
1062 3635 155 24 Mrßobilliard

692 3684 150 23 Christchurch
1111 3673 34 21 Mr
1153 3672 64 21 Gates

690 3724 79 20 Nelson
932 3732 23 6 ...
1011 3729 30 16 ••>
1101 3709 33 22 *
1143 3710 17 19 A
1177 3709 40 18 Dee

693 3759 108 23 Westport
856 3771 22 6 ...
936 3768 22 7 ...
991 3745 51 29 .<..■■
1070 3748 33 21 Mr
1111 3747 25 20 E.
1146 3745 71 21 Fisher

172 186 320 52 OXFORD

78 266 267 69 Popular
385 263 217 67 Sports

207 361 42 24 TO
266 359 44 24 BE
329 356 94 26 HELD
441 356 36 24 IN

77 421 55 38 Mr
137 420 100 38 Peter
252 416 183 50 Wright's
449 413 154 40 Paddock

180 486 112 31 EAST
330 483 177 31 OXFORD.

78 556 54 37 OH
162 553 109 39 FEW
296 551 163 38 YEAR'S
494 549 104 37 DAY.

78 624 204 81 WANTED
309 625 30 28 A
362 622 87 30 Good
473 618 129 32 General

179 667 139 30 Servant.
359 662 102 39 Apply
475 664 32 26 to

141 714 62 30 Mrs
213 713 48 29 W.
278 708 241 34 J.BASSETT,

227 754 164 31 Stormont,
406 746 194 33 Woodstock.

184 851 303 57 NOTICE.

77 947 259 84 IMPOUNDED
365 947 33 27 at
419 943 117 30 Oxford
561 953 38 19 on

141 993 73 33 Dec,
231 989 82 33 18th,
332 987 41 38 by
395 985 52 28 the
467 984 131 37 Ranger,

75 1035 79 27 from
175 1031 53 28 the
241 1028 74 30 road
333 1036 74 19 near
428 1024 49 29 Mr
492 1023 106 36 Cole's,

74 1074 75 30 East
171 1069 128 35 Oxford,
314 1077 56 21 one
396 1066 204 30 Strawberry

74 1114 131 32 Heifer,
226 1111 92 29 about
339 1111 61 25 two
428 1115 87 29 years
538 1104 60 35 old,

74 1164 39 20 no
127 1151 106 32 brand.
293 1149 32 30 If
338 1149 54 28 not
406 1144 128 31 claimed
547 1144 51 29 be-

73 1196 66 28 fore
167 1193 137 36 Jairaary
329 1187 71 34 2nd,
425 1189 32 26 at
496 1185 100 35 Noon,

73 1234 64 30 will
162 1234 39 28 be
224 1229 105 32 SOLD
357 1231 33 25 to
415 1226 108 38 defray
546 1235 51 19 ex-

73 1283 116 28 penses.

243 1313 32 29 J.
297 1309 32 31 S.
350 1306 166 34 BAYLIS,

355 1346 242 38 Pound-keeper.

111 1455 159 40 BANK
294 1448 273 42 HOLIDAY.

73 1521 102 79 THE
193 1516 167 33 OXFORD
376 1512 147 32 OFFICE
534 1510 63 31 will

167 1560 38 29 be
220 1568 76 29 open
311 1567 38 17 on
364 1553 143 38 Monday,
524 1552 74 29 23rd

75 1600 175 35 December,
272 1596 60 31 and
353 1594 142 37 Monday,
524 1591 75 30 30th

75 1641 165 31 December
254 1636 120 32 instead
388 1635 31 29 of
438 1633 161 38 Thursday

73 1684 53 28 the
139 1682 73 29 26th
226 1678 175 33 December,
412 1675 62 29 and
487 1673 111 29 Thurs-

75 1724 69 39 day,
170 1721 59 30 2nd
252 1719 148 37 January,
419 1715 101 31 which
547 1723 51 20 are

74 1764 90 30 Bank
179 1761 143 37 Holiday,

247 1808 33 29 T.
297 1805 42 30 H.
355 1802 161 34 Caverhill,

94 1852 104 29 Ao-ent
225 1846 131 36 Kaiapoi
381 1843 61 31 and
470 1841 128 30 Oxford.

34 1876 108 20 asaasgs^*?
155 1883 11 4 -
174 1886 2 1 -
183 1883 4 3 '

76 1935 173 34 OXFORD
290 1932 114 31 ROAD
445 1928 153 32 BOARD.

76 2003 166 81 NOTICE
257 2003 25 29 is
296 2000 113 38 hereby
424 1998 89 38 given
532 1996 70 30 that

158 2045 41 30 all
209 2044 91 29 Rates
315 2041 57 29 due
386 2044 31 25 to
432 2038 51 30 the
497 2036 104 31 Board

75 2089 81 27 must
169 2087 36 28 be
219 2083 71 40 paid
303 2082 42 39 by
359 2081 51 28 the
426 2080 75 33 31st,
523 2078 77 29 Inst.

74 2137 37 21 or
130 2125 95 39 Legal
254 2122 196 42 proceedings
473 2117 64 31 will
563 2118 38 29 be

75 2168 92 30 taken
182 2172 31 24 to
228 2174 121 21 recover
363 2163 51 28 the
429 2170 90 20 same.

76 2210 49 33 By
146 2207 87 29 order

129 2245 135 33 JAMES
286 2244 40 29 H.
343 2240 176 35 SHARPE,

399 2282 160 30 Collector.

96 2398 169 33 OXFORD
289 2393 115 31 ROAD
424 2390 155 33 BOARD.

179 2473 320 51 TENDERS.

75 2537 94 82 ARE
194 2534 113 31 invited
325 2534 49 28 for
399 2532 130 35 Leasing
548 2527 52 30 the

156 2577 87 30 Land
261 2573 156 41 adjoining
441 2571 52 28 the
511 2569 89 29 View

75 2621 67 30 Hill
163 2616 119 35 Pound,
305 2613 175 37 containing
508 2611 94 28 about

76 2661 39 38 7f
126 2669 91 20 acres.
259 2656 83 33 Also,
352 2654 49 28 for
416 2651 128 37 Carting
560 2650 37 28 50

73 2700 92 41 yards
184 2699 33 28 of
235 2694 149 33 Boulders
402 2694 80 28 from
508 2690 92 30 River

73 2746 34 25 to
122 2739 90 32 Bank
233 2738 61 29 and
308 2737 38 27 50
351 2734 92 40 yards
457 2732 32 29 of
509 2730 89 31 Boul-

74 2783 70 28 ders
158 2781 80 29 from
250 2778 52 29 the
317 2776 93 29 River
423 2777 33 26 to
471 2772 52 29 the
543 2770 57 30 site

75 2833 40 19 on
137 2821 99 38 Depot
256 2818 95 31 Road.

127 2859 226 41 Specifications
374 2856 26 28 &
421 2852 178 32 Conditions

72 2908 33 26 to
122 2903 36 29 be
179 2911 71 20 seen
264 2903 32 25 at
318 2897 52 29 the
389 2894 86 30 Road
501 2890 99 31 Board

75 2944 107 34 Office,
198 2939 127 34 Oxford,
347 2937 101 29 where
466 2933 133 30 Tenders

75 2985 103 31 willbe
184 2978 138 34 received
331 2988 41 29 up
386 2980 33 26 to
431 2974 89 31 10.30
530 2983 68 19 a.m.

75 3035 40 19 on
129 3023 144 38 Monday,
304 3020 73 29 Dec.
394 3018 47 33 23,
459 3015 85 29 1889.

118 3065 63 30 The
215 3063 107 29 lowest
346 3068 35 20 or
402 3066 60 30 any
483 3054 119 30 Tender

75 3109 55 27 not
144 3101 182 40 necessarily
335 3096 150 41 accepted.

178 3152 138 34 JAMES
339 3146 171 36 SHARPE,

260 3191 91 32 Clerk
365 3193 31 26 to
416 3189 54 29 the
491 3184 108 32 Board.

188 3258 303 65 NOTICE

256 3342 3 4 .
297 3336 10 11 ♦
316 3335 21 11 —
340 3335 22 11 —
370 3334 11 11 •
381 3338 24 3 —
405 3332 17 12 ;-

76 3368 103 81 THE
196 3363 118 34 Oxford
327 3360 115 32 United
459 3358 142 39 Temper-

162 3417 73 20 ance
249 3403 90 32 Band
353 3402 31 29 of
398 3400 98 38 Hope.

259 3465 10 3 _
269 3463 30 4 —
299 3458 11 11 •
318 3456 47 12 «*w
374 3456 9 10 »

120 3490 65 30 The
201 3484 180 33 Committee
389 3481 79 29 have
479 3478 124 30 decided
640 3486 2 32 j

77 3536 36 26 to
122 3528 74 32 hold
208 3522 185 40 fortnightly
407 3519 195 38 meetings,™
640 3526 2 41 j

79 3574 53 27 the
153 3570 93 29 Town
270 3564 84 34 Hall,
379 3562 77 28 East
476 3560 127 33 Oxford,

80 3613 81 29 after
170 3609 56 32 .the
239 3606 133 31 harvest,
388 3602 59 28 due
459 3600 100 29 notice
574 3599 31 29 of

80 3651 101 32 which
215 3647 63 30 will
299 3646 40 28 be
369 3642 92 38 given
487 3640 33 28 m
553 3639 52 29 the

80 3693 197 29 Newspaper.

214 3727 42 30 M.
269 3726 40 30 N.
323 3719 241 35 CEDERMAN,

360 3762 66 30 Sec.
438 3761 70 29 Pro.
521 3760 84 29 Tern.
