2510 3850
73 171 115 21 admission
199 174 21 18 to
230 174 42 19 this
282 175 83 23 delight,
383 181 29 14 we
421 176 35 19 did
466 178 37 18 not
513 176 82 20 observe

72 202 48 20 that
130 209 63 20 many
202 207 22 18 of
234 206 34 19 the
284 206 53 19 local
347 207 124 19 masculines
487 207 42 20 and
537 207 58 19 lemi-

73 234 60 20 niuea
148 237 81 19 seemed
245 239 21 18 to
282 237 24 20 be
320 237 115 26 hankering
452 239 31 19 for
492 239 23 19 it.
556 239 42 19 But

72 266 96 25 perhaps,
185 271 52 16 alter
254 268 35 23 all,
307 269 53 19 their
377 272 56 16 soais
445 275 50 14 were
504 269 94 20 satisfied,

73 299 33 17 for
123 298 46 20 that
186 299 67 23 night,
269 300 51 19 with
338 300 36 19 the
389 300 133 20 tremendous
532 300 37 19 bill
577 301 22 19 of

74 329 44 19 tare
135 330 97 24 provided
252 331 24 24 by
297 333 34 17 the
350 332 99 25 platform
468 338 33 19 pei
504 333 92 19 formers.

74 360 59 19 With
142 362 29 19 all
185 362 141 25 appreciation
337 364 21 17 of
374 363 35 19 the
419 363 97 20 kindness
526 362 23 20 of
565 364 34 18 the

73 392 65 19 ladios
148 393 40 19 and
198 398 117 19 gentieuieu
327 393 45 19 who
382 400 53 19 gave,
442 394 54 19 their
506 394 93 23 services,

75 428 34 15 we.
118 424 61 25 hope,
195 425 32 19 for
243 425 35 19 ihe
295 428 48 16 sake
353 426 21 19 of
393 426 35 19 the
438 426 50 20 Oust
497 425 102 21 Institute

75 455 68 23 Hall,,
153 456 47 19 that
218 456 35 19 the
270 460 48 15 next
337 458 162 18 entertainment
522 458 31 17 for
572 457 28 19 its

75 486 63 19 funds
158 488 39 18 will
216 488 23 18 be
259 487 64 19 belter
339 488 83 22 chosen,
438 489 64 19 better
518 489 81 24 placed,

76 519 43 19 and
129 519 64 19 better
203 519 48 24 paid
261 519 38 19 for.

176 554 83 20 Dinner
272 560 25 14 to
311 555 40 19 Mk.
367 555 22 20 T.
405 556 89 19 Cuttle.

103 590 20 19 It
134 596 41 13 was
185 591 36 18 felt
231 592 22 18 m
264 591 35 19 the
315 592 51 19 Oust
377 592 81 20 distiict
475 592 46 19 that
531 597 23 13 so
569 597 32 13 ex-

75 623 74 17 cellent
158 628 13 12 a
181 622 99 24 neighbor
296 628 23 13 as
330 623 32 19 Mr
375 625 68 18 (Joti.e
459 625 56 17 must
525 625 38 17 not
578 623 23 18 be

75 653 85 19 allowed
170 655 19 17 to
201 655 47 18 take
264 654 33 18 his
315 654 108 25 departure
440 654 87 19 without
543 659 57 14 some

75 684 127 23 recognition
218 685 22 18 of
250 684 32 20 his
293 691 62 19 uwiy
372 686 85 24 sterling
468 685 96 25 qualities
574 690 27 14 on

75 715 36 19 the
125 717 48 22 part
187 716 22 18 of
214 731 2 2 .
226 718 34 16 the
273 717 115 23 gentlemen
407 717 22 19 of
444 717 35 19 the
496 715 109 25 neighbor-

75 745 60 19 hood.
177 749 136 22 Accordingly
330 750 16 16 it
361 753 40 14 wits
417 748 92 19 resbived
519 752 22 15 to
556 747 46 24 give

75 776 44 19 him
130 782 12 14 a
152 777 88 20 farewell
256 780 80 22 dinner,
347 779 42 20 imd
405 785 12 14 a
428 779 123 20 Committee
562 784 40 14 was

75 809 113 24 appointed
207 812 21 16 to
245 815 59 18 carry
324 810 42 19 ibis
388 811 45 19 into
456 811 66 19 eif.ct.
558 809 44 19 The

76 839 73 19 dinner
160 840 47 18 look
221 840 57 24 place
295 842 23 18 at
333 840 35 20 the
384 840 101 20 Institute
501 842 18 18 11
523 840 35 23 all,
574 846 28 13 on

76 870 76 24 Friday
176 877 93 17 evening,
293 874 112 17 Jjecomber
428 873 56 22 iiiili,
508 872 48 22 and,
579 871 23 19 m

75 901 54 25 spite
139 902 21 18 of
170 901 35 20 the
214 905 80 21 stormy
304 903 103 23 weather..
410 903 63 19 about
482 909 13 13 a
505 903 65 19 dozen
581 903 21 19 of

76 933 36 17 the
121 933 103 24 principal
234 934 102 19 rtsidents
346 934 115 19 assembled
469 936 21 16 to
499 934 26 19 do
534 934 68 18 honor

76 964 22 18 to
109 962 33 21 the
151 967 65 20 guest,
228 966 77 17 several
315 966 19 18 ol
347 964 56 19 them
412 964 82 24 having
505 964 97 20 tiavelled

75 1000 64 19 many
155 995 59 19 miies
231 998 21 16 to
263 995 23 19 be
302 997 88 23 present.
432 996 44 19 The
492 995 57 20 chair
561 1001 40 14 was

76 1027 62 18 taken
149 1028 23 23 by
183 1027 32 19 Mr
222 1028 27 19 K.
258 1028 24 18 L.
292 1028 96 23 liiggms,
396 1027 42 19 and
449 1027 34 20 the
492 1027 43 19 vice
544 1027 58 19 chair

54 1058 48 24 •by
117 1058 33 19 Air
163 1058 18 20 J.
198 1058 23 21 C.
242 1059 96 25 Tipping.
379 1059 44 19 The
442 1059 71 19 health
531 1060 21 17 of
570 1060 32 18 Mr

76 1089 68 19 Cottle
155 1096 41 13 was
202 1089 106 26 proposed
325 1091 23 23 by
360 1090 35 19 the
412 1089 113 21 Chairman
535 1089 22 19 m
574 1096 28 13 an

76 1121 138 24 appreciative
231 1121 81 26 speech,
330 1122 42 19 and
386 1121 91 20 received
495 1121 50 19 with
563 1121 40 20 full

76 1152 87 20 musical
172 1153 83 20 honors.
296 1154 27 17 Jn
339 1152 132 25 responding,
488 1152 31 19 Mr
535 1153 67 19 Uottle

76 1183 96 19 observed
188 1184 47 19 that
249 1183 101 24 although
367 1183 96 25 opinions
479 1184 67 23 might
564 1185 36 18 not

77 1213 24 19 be
111 1214 125 20 unanimous
247 1214 49 20 with
311 1214 78 24 regard,
395 1216 20 17 to
426 1214 40 21 the.
476 1214 126 25 advantages

76 1246 21 17 of
113 1244 51 21 Cust
180 1251 23 14 as
220 1252 13 13 a
243 1246 58 24 place
316 1246 22 19 of
347 1244 109 24 residence,
473 1245 26 19 he
510 1251 41 14 was
565 1252 37 13 un-

76 1275 107 26 affectedly
203 1282 58 19 sorry
282 1281 20 15 to
318 1277 44 19 lose
382 1276 34 20 the
433 1276 77 25 society
529 1277 20 18 of
568 1277 34 19 his

75 1312 65 19 many
149 1308 78 20 friends
242 1309 23 19 m
275 1308 36 20 the
320 1308 81 20 district
409 1314 5 17 ;
436 1307 42 21 and
487 1308 26 20 he
522 1310 80 24 greatly

75 1338 38 20 felt
127 1339 36 20 the
172 1340 98 20 kindness
287 1340 66 19 which
362 1340 42 19 had
421 1341 108 23 prompted
544 1340 55 19 them

77 1371 22 17 to
110 1370 70 20 tender
190 1371 41 19 this
241 1371 89 20 farewell
340 1372 21 18 to
370 1370 51 20 him.
450 1370 82 20 Several
543 1371 59 19 other

78 1404 66 16 toasts
163 1402 95 21 followed
267 1413 25 3 —
326 1402 43 19 Our
517 1402 86 26 coupled

71 1432 58 20 .with
145 1433 35 20 the
196 1439 61 15 name
274 1434 21 19 of
310 1434 33 19 Mr
351 1434 26 20 A.
395 1434 109 24 (Jhapman
513 1441 4 16 ;

200 1465 146 25 respondedto
357 1468 24 21 by
393 1466 33 18 Mr
436 1465 22 20 H
473 1465 22 21 J,.
506 1466 97 23 Horrell;

157 1496 135 19 Commercial
449 1497 85 25 coupled
553 1497 50 20 with

71 1525 40 20 •Mr
125 1526 27 20 E.
171 1527 32 20 W.
208 1540 3 12 ;
222 1528 99 24 Cooper;,
334 1529 40 18 and
386 1530 13 22 ;'
410 1528 42 20 The

79 1556 51 20 This
144 1558 42 20 last
200 1561 55 17 toast
272 1564 41 14 was
329 1559 101 25 proposed
447 1560 25 23 by
482 1559 33 19 Mr
525 1559 74 24 Oottle,

78 1588 46 20 who
133 1589 124 25 felicitously
267 1589 103 20 described
379 1590 33 19 Mr
419 1590 90 25 Higgins
515 1596 23 13 as
568 1591 35 19 the

79 1619 69 20 father
155 1621 22 19 of
183 1620 34 21 the
224 1622 85 19 district.
313 1622 5 8 '
322 1623 4 7 '
348 1622 45 19 The
401 1623 55 18 toast
463 1628 44 13 was
514 1622 90 20 received

79 1651 51 19 with
139 1653 112 23 prolonged
267 1652 105 25 applause.
414 1653 26 19 In
457 1653 40 20 the.
503 1653 101 23 course-pf

80 1681 36 21 the
131 1683 93 25 evening,
234 1689 56 14 some
307 1683 77 25 capital
394 1690 62 19 songs
473 1691 50 13 were
540 1691 52 19 sung
601 1693 5 16 ;

80 1714 42 19 and
130 1714 18 19 it
158 1721 41 13 was
208 1716 37 19 felt
255 1715 46 20 that
316 1715 35 20 the
362 1716 73 19 dinner
451 1721 41 14 was
508 1716 22 20 m
546 1722 59 20 every

79 1746 80 25 respect
168 1749 111 16 successlul
290 1752 28 13 :.n
326 1749 6 16 t
342 1747 101 24 pleasant.
471 1747 21 20 It
497 1747 75 20 should
581 1747 24 21 be

79 1776 120 21 mentioned
208 1776 46 21 that
264 1776 35 21 the
315 1780 77 17 caterer
408 1785 41 12 was
464 1778 34 19 Mr
513 1779 92 20 Lauren?

80 1813 45 19 Bou,
150 1809 45 19 who
217 1815 51 19 gave
290 1813 58 21 great
370 1809 132 21 satisfaction
525 1813 22 17 to
569 1811 36 20 the

82 1835 128 25 Committee.

114 1913 84 27 OUST
218 1915 129 25 SCHOOL
364 1915 197 25 COMMITTEE.

106 1977 19 17 A
141 1981 82 14 sPisciAL
235 1975 90 25 meeting
341 1977 21 19 of
372 1976 42 20 ihis
430 1977 123 20 Gouimiuce
563 1984 42 14 was

80 2011 49 21 held
143 2012 22 19 m
181 2011 35 21 the
230 2012 76 20 School
321 2019 28 13 on
364 2013 129 25 Wednesday
509 2014 49 24 last,
575 2015 29 20 aIL

80 2048 36 21 the
124 2048 101 21 members
235 2048 60 25 being
308 2052 90 22 present.

106 2085 44 20 The
159 2086 91 20 minutes
266 2087 22 19 of
298 2086 35 20 the
342 2087 98 25 ordinary
455 2088 89 24 meeting
553 2088 49 21 held

79 2127 28 15 on
116 2123 110 21 December
236 2123 37 21 9th
282 2129 50 15 were
341 2125 49 19 read
398 2125 42 20 and
449 2126 118 20 confirmed.

92 2175 4 7 ;
104 2159 21 21 It
140 2166 44 14 was
193 2160 82 21 decided
291 2161 22 19 to
322 2161 109 20 distribute
441 2162 34 20 the
491 2168 68 19 prizes
575 2170 27 13 on

79 2197 97 25 Tuesday
184 2201 56 21 next,
258 2198 111 21 December
379 2199 63 24 21lh;
458 2199 43 20 and
511 2200 46 20 that
567 2200 35 20 the

78 2234 93 20 children
181 2234 24 20 be
214 2235 63 20 taken
286 2236 22 19 to
317 2235 35 20 the
361 2236 86 19 Glentui
463 2236 31 19 for
505 2236 34 21 the
548 2238 54 19 treat

78 2277 27 14 on
114 2271 113 20 December
235 2272 56 23 27tb,
302 2272 58 19 when
376 2273 35 19 the
421 2273 124 20 Committee
560 2274 41 19 will

78 2307 84 25 provide
176 2307 147 21 refreshments
341 2309 33 20 for
391 2308 35 20 the
446 2309 100 23 children,
565 2309 36 20 the

77 2346 83 23 parents
170 2348 21 15 to
200 2344 44 20 find
254 2344 53 20 their
316 2349 52 16 own.

102 2380 44 21 The
173 2380 113 21 Chairman
309 2387 41 14 was
377 2382 120 20 authorised
519 2385 21 18 to
567 2384 34 23 get

77 2424 24 13 su
104 2426 3 10 i
118 2418 46 24 dty-
173 2419 77 24 repairs
266 2418 53 19 done
334 2418 63 20 about
413 2419 36 19 the
465 2419 76 20 School
556 2420 44 20 and

76 2457 42 19 and
132 2455 104 25 grounds;
256 2456 45 19 also
317 2458 21 17 to
354 2462 33 13 see
402 2457 35 19 the
455 2458 105 19 caretaker
578 2458 22 19 m

75 2492 102 21 reference
187 2492 22 21 to
218 2492 35 21 the
263 2492 151 21 water-closets.
586 2487 2 12 !

102 2529 44 20 The
155 2529 111 21 Chairman
277 2535 41 14 was
334 2530 113 21 instructed
458 2533 20 18 to
494 2538 43 20 pay
553 2538 47 14 over

76 2565 35 21 the
122 2567 35 19 15s
165 2566 79 21 jor,tbe
260 2572 36 13 use
310 2566 22 19 of
343 2567 33 19 the
394 2568 15 18 ii
414 2568 29 19 all
452 2574 28 13 on
491 2569 34 19 the
541 2574 58 15 occa-

75 2604 47 19 sion
130 2604 21 18 of
162 2603 40 23 the,
207 2605 81 19 conceit
297 2604 22 19 of
329 2603 34 21 the
372 2605 56 24 prize
437 2606 65 24 fund;
515 2607 52 22 also,
578 2608 21 19 to

75 2641 103 19 interview
187 2640 36 20 the
231 2641 124 19 Committee
362 2647 21 13 oi
391 2641 141 21 thulustitule
541 2643 58 23 Hall,

75 2676 42 20 and
125 2676 77 20 inform
214 2676 55 20 them
282 2676 47 21 that
346 2678 34 19 the
391 2678 73 20 ydiooi
476 2678 124 22 Committee

74 2713 62 20 think
150 2714 36 20 the
195 2716 86 18 amount
299 2714 87 25 charged
402 2721 26 13 on
440 2716 45 19 that
503 2716 97 20 occasion

73 2755 43 13 was
134 2750 107 24 excessive,
264 2751 129 25 consideiirig
418 2752 34 20 the
477 2752 67 26 object
565 2753 33 19 for

75 2786 66 21 which
139 2782 4 6 1
151 2786 35 21 the
195 2789 82 18 concert
284 2793 41 14 was
334 2787 56 24 held..

99 2824 21 20 It
130 2830 41 14 was
181 2824 83 21 decided
275 2827 33 18 the
324 2824 76 21 School
409 2825 75 20 should
494 2826 60 20 break
571 2833 28 19 up

73 2862 33 18 lor
124 2861 34 20 the
172 2862 40 19 Gin
223 2865 66 17 stmas
304 2861 103 26 Holidays
424 2869 28 12 on
468 2863 49 21 Dec.
532 2863 66 24 23rd.,

73 2899 42 19 and
124 2904 83 20 le-open
217 2905 27 13 on
254 2899 10 19 J
269 2904 79 19 anuary
358 2899 44 19 Cih.

100 2936 103 19 Accounts
217 2936 124 25 amounting
358 2939 21 16 to
394 2936 29 20 £5
441 2937 36 20 10s
494 2937 40 19 lid
548 2942 52 15 were

73 2972 75 25 passed
170 2975 33 16 lor
224 2975 105 22 payment,
353 2973 42 19 aiid
418 2973 34 20 the
476 2973 124 20 Committee

74 3008 124 25 adjourned.'

213 3085 69 24 THE
307 3085 139 24 FARMER.

77 3160 3 2 ■
243 3151 172 24 [COMHUMCATED
423 3150 9 27 ]

101 3186 205 22 SiiEfEP-SHEABiNG
314 3188 20 20 is
340 3194 91 20 progres
443 3188 35 24 ing
485 3194 54 21 very
546 3188 51 25 fast,

75 3220 45 21 and
131 3220 46 20 ivill
193 3226 52 14 soon
258 3220 27 20 be
297 3220 97 20 finished
406 3220 17 21 if
442 3220 38 21 the
499 3221 98 21 weather

73 3251 65 27 kesp3
147 3249 66 26 fine'.^
227 3252 64 21 Most'
296 3252 22 21 of
327 3257 42 16 our
374 3252 94 22 farmers
477 3259 38 14 are
524 3259 75 21 agree-

75 3285 52 25 ably
126 3284 4 13 1
256 3285 28 19 atf
289 3282 2 6 '
294 3284 45 22 the.
348 3285 59 24 price
420 3285 24 19 of
456 3285 65 24 wool;
534 3282 65 32 espe-

75 3312 66 29 cially
157 3316 64 20 those
238 3315 93 21 farmers
347 3316 55 19 who'
411 3316 58 20 have
485 3316 114 21 crossbred

75 3346 74 25 sheep,
165 3347 45 20 this
299 3347 23 19 of
334 3347 54 20 wool
402 3346 82 31 having
497 3348 101 20 obtained

75 3379 39 20 the
124 3379 82 25 largest
214 3379 77 26 prices.
325 3378 52 21 'We
386 3379 54 22 hear
448 3379 151 27 th'b'qtiest'ion

76 3411 62 19 often
152 3410 74 24 asked;
244 3412 50 17 Hovv
308 3409 19 19 is
341 3410 19 19 it
373 3404 102 32 unnt'^ke
475 3413 2 10 :
484 3406 115 25 .ci-uesbi^ed

76 3442 58 21 wool,
139 3440 91 22 fetched'
237 3442 63 22 mpre'
306 3446 78 20 money
388 3441 60 19 than'
453 3441 39 20 the
501 3443 83 20 in-fino
590 3445 8 18 ?

75 3474 40 26 My
132 3479 84 14 answer
228 3473 97 20 tb'thein
340 3469 25 23 is'
371 3473 52 19 that
437 3479 91 20 parsjns
542 3474 56 22 have

76 3506 67 27 given
155 3511 52 15 over
224 3504 98 25 wearing
336 3502 43 21 fine
397 3504 60 20 cloth
476 3504 80 31 (blagjc,
578 3507 22 20 of

77 3537 97 26 coursei).
211 3537 54 20 This
275 3534 105 29 provokes
389 3542 13 14 a
414 3531 127 33 Vmgh.b'iit
551 3539 20 19 it
579 3539 19 20 is

77 3570 62 26 quite
151 3567 56 26 h-ue,
224 3567 56 24 and'/
292 3568 40 19 not
344 3567 53 26 only
407 3567 39 20 the
462 3574 86 22 parson,
561 3569 38 22 but

77 3602 38 19 the
128 3600 121 24 merchant,
264 3600 39 19 the
400 3599 38 20 the
557 3602 45 21 and

75 3629 46 25 the'
125 3638 76 20 grocer
205 3636 5 19 j
210 3641 1 11 ;
224 3630 30 21 'm
263 3637 14 13 a
289 3630 58 20 woi'cl
363 3630 54 20 men'
421 3627 66 24 think
503 3633 51 24 they
565 3640 36 14 aie

76 3664 48 20 well
127 3666 3 4 '
138 3662 89 21 dressed
236 3664 23 18 m
273 3669 14 12 a
303 3662 55 25 good
368 3662 69 19 tweed
444 3667 3 6 '
451 3664 53 23 suit,
514 3671 24 14 so
545 3669 1 5 '
551 3662 51 24 that

76 3696 55 26 long
139 3695 55 19 wool
202 3695 22 19 ia
231 3694 23 20 m
261 3695 59 19 nidre
330 3692 94 21 demand
430 3694 54 20 than
489 3695 109 28 formerly.

77 3728 55 21 Now
146 3728 72 19 conies
233 3727 39 19 the
281 3725 184 26 questions-How
480 3733 37 14 are
529 3735 33 13 we
576 3731 25 18 to

79 3759 76 22 obtain
167 3754 66 25 'these
245 3757 114 22 crossbred
372 3758 67 25 sheep
452 3758 24 19 m
494 3760 108 21 sufficient

687 182 122 23 quantities
817 182 9 18 ?
867 182 31 20 To
911 183 66 20 breed
990 184 56 19 from
1060 186 83 18 merino
1157 191 55 13 ewes

687 212 45 20 and
745 213 159 26 lony-woollod
917 222 58 13 nuns
988 216 19 19 is
1020 216 120 21 barbarous
1154 217 58 19 work

683 245 25 18 ab
716 245 100 25 Limbing
825 247 60 23 time,
898 247 43 19 uul
956 249 67 18 taxes,
1030 249 38 19 tho
1078 249 53 19 skill
1140 249 23 19 of
1172 248 39 19 the

682 274 116 26 shepherd,
824 277 99 19 besides-
934 279 66 25 being
1023 279 108 19 attended
1157 279 54 19 with

684 308 64 23 great
765 307 71 20 loss—
837 310 90 25 seventy
944 315 40 19 par
1002 312 51 19 cent
1071 310 68 26 being
1162 316 41 14 con

683 338 87 21 siderod
786 346 12 13 a
817 341 58 25 gojd
891 341 101 26 -lambing
993 353 27 4 —
1021 343 44 19 and
1088 343 61 19 often
1172 342 39 20 the

684 376 55 14 ewes
749 378 37 13 are
795 372 49 20 lost.
873 373 63 20 Some
946 374 45 19 will
1001 381 40 18 say
1049 375 42 25 put
1100 374 112 19 half-bred

684 408 55 14 ewes
750 403 22 19 to
783 404 47 19 half
831 404 63 19 -brad
910 412 63 16 lanis,
986 406 41 19 bub
1041 412 66 19 every
1121 406 91 19 breeder

684 434 23 19 of
716 435 60 19 stock
785 436 75 20 knows
867 437 63 19 there
940 437 19 19 is
969 444 14 13 a
992 437 111 25 tendency
1106 438 25 19 to
1140 437 72 20 throw

686 466 52 19 Uiak
739 477 25 3 —
767 468 48 18 fciab
824 468 18 19 is
852 474 59 13 some
925 468 45 19 will
981 469 25 19 be
1016 468 45 21 like
1077 469 40 19 the
1127 468 85 20 merino

684 497 45 19 and
742 504 58 13 some
819 498 45 21 like
882 499 39 20 the
934 499 124 26 long-wool.
1099 500 54 19 This
1168 500 45 19 fact

684 528 40 20 has
741 529 56 19 beeu
805 530 83 24 proved
901 531 29 25 by
943 531 38 19 the
995 534 57 17 most
1069 531 144 25 experienced

685 565 59 15 s'.oc-i
757 567 97 18 owners;
873 562 19 19 if
905 562 20 20 it
939 568 53 15 were
1006 564 41 19 not
1060 569 29 17 so,
1108 563 49 20 how
1172 569 40 14 can

688 598 12 12 w
705 598 12 13 e
744 593 93 20 account
866 594 34 19 for
930 594 41 20 the
996 594 100 20 children
1124 594 23 20 of
1173 600 41 14 one

685 623 78 26 family
799 624 66 27 being
902 625 23 20 of
961 632 14 13 a
992 639 5 4 -
1011 625 104 21 different
1152 632 62 14 com-

685 656 89 25 plexion
779 658 9 19 H
831 657 28 20 So
876 664 56 19 your
944 658 89 21 readers
1054 658 47 21 will,
1115 665 35 14 see
1168 658 46 20 this

685 687 19 20 id
714 694 13 13 a
737 687 93 21 difficult
838 689 67 26 thing
913 691 24 19 to
948 690 82 20 obtain.
1075 690 12 20 I
1096 691 67 19 think
1174 690 38 19 the

685 726 52 13 man
746 720 51 20 that
807 727 41 13 can
856 722 40 25 get
904 727 14 14 a
927 722 68 19 breed
1010 721 23 20 of
1042 722 67 25 sheep
1119 728 24 13 as
1160 728 53 13 mar

685 752 40 20 tiie
735 753 114 20 crossbred
866 759 24 14 as
899 753 9 20 i
926 753 19 20 is
961 753 96 25 possible
1066 755 23 18 to
1099 755 36 24 gut
1150 753 63 20 them

686 783 46 20 will
747 784 26 20 be
790 785 52 19 abe
850 785 30 20 lef
882 790 59 14 actor
953 786 24 18 to
994 785 46 20 this
1058 786 99 24 country.
1202 785 12 19 I

685 815 58 25 hope
753 816 44 19 this
807 816 43 19 will
859 817 28 19 be
897 816 63 23 done,
978 817 24 18 m
1016 816 40 20 the
1069 816 120 19 meantime
1202 816 12 19 I

685 852 42 14 caa
739 853 36 14 serf
788 847 96 26 nobbing
896 847 42 21 but
953 848 24 19 to
991 853 28 20 go
1036 854 29 13 on
1080 847 25 20 m
1122 847 36 20 the
1177 844 37 23 old

680 898 2 2 .
687 879 53 20 barb
743 886 62 13 ..rous
815 886 53 18 way.

687 955 69 24 THE
777 955 105 25 STATE
900 955 95 23 BANK
1016 956 28 22 V.
1059 953 155 25 FOREIGN

882 987 151 24 CAPITAL.

858 1052 190 26 [COMJIONICVTEii.]
1093 1064 5 2 -
1123 1057 3 2 '

713 1090 20 19 If
745 1090 113 25 thepeope
868 1090 21 19 of
902 1090 48 19 New
970 1089 97 23 Zealand,
1074 1089 73 22 ..would
1165 1089 50 24 oniy

688 1122 123 24 thoroughly
822 1120 93 20 consider
926 1121 35 19 the
970 1121 103 23 question,
1088 1120 48 26 they
1147 1120 67 19 would

688 1159 33 13 see
731 1153 47 19 that
788 1153 34 19 the
831 1153 159 19 establishment
1009 1153 21 18 of
1049 1154 20 18 a'
1078 1153 59 18 State
1156 1151 59 19 Biiuk

689 1184 141 19 wouid'befar
847 1186 56 16 liioie
926 1183 111 20 beneficial'
1043 1186 20 17 to
1087 1183 34 19 the
1142 1183 73 23 colony

688 1215 48 20 then
748 1214 34 20 the
792 1215 103 23 discovery
907 1215 21 19 of
938 1214 34 21 the
995 1215 77 19 richest
1092 1214 95 24 goldfield
1195 1224 16 4 -

688 1246 47 19 New
746 1245 91 20 Zealand
846 1245 39 21 has
895 1246 99 25 exported
1004 1246 48 24 gold
1062 1247 22 18 to
1102 1245 34 19 the
1156 1245 59 18 value

689 1277 21 19 of
719 1277 63 20 about
792 1277 141 24 £45,000,000,
945 1277 36 20 but
991 1280 22 17 at
1023 1277 34 19 she
1063 1282 58 14 same
1131 1276 49 20 time
1190 1276 24 24 by

688 1315 74 16 means,
769 1310 21 19 of
803 1309 34 21 the
847 1310 36 19 the
892 1312 81 22 present
984 1310 91 24 banking
1084 1313 80 21 system
1177 1310 37 17 she

686 1340 39 19 has
736 1342 79 18 become
824 1341 97 19 indebted
931 1343 21 17 to
963 1341 78 23 foreign
1056 1341 115 24 capitalist.*
1191 1341 21 17 t>

688 1371 63 20 about
761 1372 73 21 double
844 1372 46 19 that
900 1376 93 15 amount.
1021 1372 37 19 Yet
1070 1371 87 20 Muihall
1166 1377 48 18 says

688 1403 47 21 that
745 1403 28 20 all
783 1403 39 21 the.
827 1403 46 20 coin
883 1403 22 21 m
917 1403 35 20 thy
961 1403 78 20 United
1050 1403 104 25 Kingdom
1165 1403 49 24 only

688 1437 98 17 amounts
797 1437 25 19 to.
828 1435 63 21 about
900 1435 95 22 .£3i),000
1002 1435 40 19 0i)0
1082 1435 44 19 The
1144 1435 72 24 people

689 1467 21 18 of
721 1468 46 17 New
778 1467 92 20 Zealand
883 1467 52 19 have
953 1466 118 24 exchanged
1090 1466 53 19 their
1163 1466 54 19 tso'.id

689 1498 46 24 gold
746 1498 41 20 and
797 1499 132 24 mortagaged
940 1498 53 20 tlnur
1002 1498 67 20 fertile
1086 1497 66 23 lands,
1172 1497 43 25 (cli-

689 1532 56 18 mate
755 1530 41 19 and
806 1530 43 25 a.l),
860 1530 42 20 and
912 1530 35 19 the
956 1530 135 23 government
1100 1529 39 19 has
1156 1529 61 24 given

689 1569 58 17 away
757 1562 121 20 debeumrea
900 1562 34 19 for
941 1577 2 2 .
951 1562 97 19 millions:
1055 1562 21 19 of
1086 1560 87 26 pounds,
1184 1561 32 18 for

690 1593 34 19 the
738 1599 34 13 use
782 1593 21 19 of
812 1599 20 13 a.
837 1593 73 24 couple
922 1593 20 19 of
1070 1592 85 20 of^coin
1173 1591 42 20 aid

691 1624 35 20 the
736 1630 62 19 paper
807 1630 74 19 money
891 1630 23 13 or
924 1624 64 20 credit
1007 1624 21 19 of
1048 1624 45 19 half
1116 1630 12 13 a
1151 1623 65 19 dozen

689 1656 80 23 foreign
775 1658 2 3 '
783 1656 73 19 banks.
895 1656 43 19 The
961 1661 149 19 consequences
1134 1654 22 20 of
1174 1655 42 19 this

691 1687 115 24 sacrificing
815 1688 21 18 of
843 1694 2 2 •
858 1687 110 20 substance
992 1691 21 17 to
1036 1687 90 23 shadow,
1150 1693 23 13 or
1196 1687 21 19 of

690 1718 74 21 wealth
775 1720 31 18 for
816 1718 47 21 debt
872 1725 35 14 are
917 1719 46 20 that
973 1720 48 19 New
1032 1719 91 19 Zealand
1138 1719 38 19 has
1196 1722 21 15 to

691 1751 50 19 send
749 1753 36 17 out
792 1751 22 19 of
821 1751 36 20 the
865 1752 76 24 colony
949 1753 22 18 at
979 1751 149 25 presentabout
1135 1751 62 19 £5.00
1202 1750 15 24 \

689 1783 40 19 000
740 1788 11 13 a
761 1789 50 19 J'iav
820 1788 23 14 as
860 1784 84 19 interest
959 1789 54 19 upon
1034 1783 36 19 her
1088 1783 69 24 pulvie
1175 1783 42 17 und

690 1814 79 25 private
780 1814 143 20 indebtedness
934 1815 41 21 and
985 1821 23 14 as
1018 1815 72 25 profits
1108 1815 20 18 of
1137 1819 79 18 10-ngn

692 1846 64 19 banks
771 1846 42 19 and
831 1847 172 23 money-lending
1023 1846 42 19 and
1084 1844 133 24 landowning

691 1878 119 23 companies
824 1877 43 21 and
884 1877 132 20 individuals.
1053 1877 50 19 And
1122 1876 42 19 this
1183 1876 32 18 in-

691 1908 122 19 debtedness
823 1911 21 16 to
854 1908 72 26 people
938 1909 80 19 outside
1037 1908 36 20 the
1092 1908 78 23 colony:
1185 1906 32 19 in-

690 1945 79 13 creases
780 1939 80 25 rapidly
870 1939 42 20 and
922 1939 49 20 with
981 1939 16 20 it
1012 1939 21 19 of
1051 1945 72 13 course
1142 1938 35 19 the
1195 1944 22 13 a-

691 1974 73 16 mount
774 1972 22 18 of
805 1972 86 19 interest
901 1971 67 20 whiuh
978 1974 56 16 must
1045 1971 24 19 be
1078 1971 72 24 yearly
1169 1969 48 24 paid

682 2009 73 17 ;away.
783 2003 43 18 The
836 2010 19 12 n.
859 2009 64 14 venue
933 2002 21 21 of
968 2002 34 21 the
1016 2003 74 24 colony
1109 2002 41 19 last
1168 2006 49 20 year

690 2040 41 14 was
742 2035 62 19 about
814 2034 75 21 £4.000
890 2051 4 7 ;
896 2035 46 23 000,
954 2035 36 19 but
1000 2035 71 23 nearly
1088 2033 45 20 half
1142 2033 21 21 of
1174 2032 43 20 this

691 2073 40 12 was
747 2066 94 24 required
858 2069 21 16 to
895 2072 40 19 pay
951 2066 35 19 the
1003 2066 87 19 interest
1107 2071 56 19 upon
1179 2071 38 13 our

689 2098 70 24 public
777 2098 55 20 debt.
874 2098 42 19 Our
935 2100 82 22 exports
1033 2098 41 19 last
1094 2103 49 18 year
1166 2103 51 13 were

689 2129 73 20 valued
778 2131 22 19 at
818 2131 71 24 nearly
906 2130 128 23 £8,000.000,
1051 2129 36 20 but
1097 2135 57 13 rnoie
1164 2128 51 20 than

689 2161 50 21 half,
745 2162 20 18 of
776 2162 40 19 this
830 2168 41 13 was
882 2162 63 24 really
962 2162 34 19 the
1008 2161 75 20 tribute
1100 2167 28 14 we
1138 2166 40 20 pay
1194 2162 22 17 to

688 2193 36 19 the
733 2193 78 25 foreign
822 2193 161 25 money-lender,
994 2193 41 19 and
1046 2194 21 18 to
1075 2193 35 20 the
1119 2192 97 20 absentee

687 2224 135 20 landowner.
851 2225 63 19 .Last
930 2230 48 19 year
994 2225 47 24 gold
1059 2230 42 14 was
1119 2223 96 26 exported

688 2256 53 19 from
751 2255 48 20 New
808 2256 92 19 Zealand
910 2256 75 21 to.ihe.
996 2256 59 19 value
1069 2256 22 19 of
1105 2255 108 20 £914,312,

688 2286 66 20 which
769 2286 19 19 is
798 2292 56 14 more
864 2287 50 19 thin
926 2287 35 19 the
975 2287 94 19 nominal
1079 2287 58 19 value
1147 2286 26 19 of-
1180 2285 34 20 the

688 2320 58 18 notes
756 2317 69 21 issued
835 2318 27 24 by
873 2318 35 20 the
917 2319 48 19 Nesv
983 2318 91 20 Zealand
1084 2318 77 23 Banks,
1173 2318 42 20 and

688 2348 71 25 nearly
769 2349 44 20 half
823 2350 35 19 the
869 2350 59 19 value
942 2350 22 19 of
974 2350 28 19 all
1013 2349 34 20 the
1057 2349 47 25 gold
1119 2349 41 20 and
1170 2349 43 19 bul-

687 2380 44 19 lion
741 2380 22 19 ia
775 2380 52 20 their
841 2381 76 20 hands.
958 2381 45 20 The
1018 2381 72 19 Banks
1099 2381 45 24 give
1161 2380 53 20 their

687 2418 63 19 paper
761 2418 80 18 money,
853 2413 64 19 credit
928 2415 99 17 accounts
1036 2419 23 13 or
1069 2416 66 19 notes,
1145 2419 23 13 as
1178 2413 36 19 the

687 2444 56 24 price
753 2444 22 19 of
785 2443 42 20 this
836 2444 53 24 gold,
907 2445 40 19 and
958 2446 9 18 t
970 2446 3 13 !
974 2451 33 18 iey
1023 2451 40 18 pay
1074 2445 49 24 only
1135 2445 28 19 £3
1179 2445 35 19 ]fis

687 2481 35 19 per
741 2481 71 17 ounce,
832 2476 89 20 whereas
936 2477 35 19 the
989 2477 43 20 real
1047 2477 59 19 value
1123 2477 55 23 of.it
1196 2478 17 18 is

688 2507 54 19 from
752 2508 28 18 £1
797 2508 24 19 3i
832 2508 26 19 9d
869 2510 20 17 to
899 2509 29 19 £i
943 2509 24 18 i>
977 2515 35 18 per
1022 2515 71 14 ounce.
1140 2509 5 17 !
1152 2508 34 20 his
1196 2509 18 20 is

688 2544 27 14 an
725 2540 94 24 example
829 2540 21 18 of
860 2540 35 19 the
905 2546 44 19 way
959 2540 21 19 m
992 2540 67 20 which
1070 2541 35 19 the
1114 2541 47 24 gold
1172 2548 5 11 >
1185 2541 29 19 n.l

687 2570 74 25 profits
778 2571 21 18 of
809 2570 48 20 New
874 2571 90 20 Zealand
975 2578 28 19 go
1021 2574 22 17 to
1052 2573 78 24 foieign
1142 2573 71 19 banks,

688 2607 26 14 on
729 2602 35 19 the
774 2602 60 19 other
849 2602 63 23 hand,
923 2604 16 18 it
950 2604 16 17 ia
983 2610 32 18 sin
1023 2604 62 24 P^ed
1096 2604 45 19 ihat
1157 2604 57 20 these

687 2632 72 20 Banks
769 2633 60 23 bring
838 2633 80 23 foreign
935 2635 78 23 capital
1022 2633 46 21 fnto
1078 2635 35 19 the
1128 2635 29 20 Co
1166 2642 47 18 uny.

851 2666 36 21 [To
898 2666 21 20 be
929 2667 119 20 continued.)

687 2732 523 53 CORRESPONDENCE.

755 2816 28 19 To
795 2817 33 19 the
837 2817 76 20 Editor
922 2818 24 24 of
961 2818 54 20 'The
1025 2819 111 21 Observer.'
1141 2826 3 3 ■

712 2852 80 24 Sir,—
792 2853 27 20 ln
829 2853 45 20 this
884 2854 54 20 tune
954 2854 24 19 of
990 2854 115 22 advanced
1117 2856 96 20 civiliza-

684 2884 54 25 tion,
750 2884 45 23 fr.ee
805 2884 123 26 education,
941 2886 45 19 and
994 2887 158 25 poliieness,it
1161 2894 52 14 sur-

685 2916 70 25 prises
774 2922 35 15 nic
826 2917 52 20 that
895 2923 14 15 a
921 2917 53 24 bjd>
988 2919 22 19 of
1019 2920 127 24 gentlemen
1159 2921 55 20 such

686 2955 24 12 as
720 2955 39 13 our
768 2948 61 20 lioad
839 2948 73 20 Board
929 2950 83 24 profess
1021 2953 25 17 to
1061 2952 33 23 be,
1108 2953 45 19 and
1165 2955 48 18 wbo

687 2986 37 14 are
733 2980 107 25 cer.ainly
850 2987 41 13 one
901 2981 23 19 of
938 2981 38 20 the
985 2982 50 19 best
1050 2989 31 14 we
1095 2989 51 14 ever
1159 2984 50 25 had,

689 3012 33 26 (a3
731 3012 81 20 shown'
817 3012 30 25 by
855 3012 40 20 the
908 3014 48 24 w.i'y
969 3014 38 20 the
1008 3021 15 18 y
1037 3014 57 21 have
1109 3015 103 27 disposed

686 3044 22 19 of
725 3044 37 19 Mr
780 3043 52 20 Finl
839 3050 28 19 ;y,
875 3044 51 20 iand
939 3045 37 19 the
981 3053 3 3 •
988 3045 78 21 Vonie
1077 3054 10 12 s
1103 3047 54 26 they
1167 3054 2 3 •
1176 3054 38 14 are

687 3075 101 26 doing.in
797 3075 39 19 the
846 3075 72 26 Cnsfc),
931 3075 83 21 should'
1020 3078 54 20 send
1084 3080 39 18 out
1129 3080 84 20 riot'ces

686 3108 24 19 to
730 3107 105 20 Landless
842 3122 2 2 •
853 3108 127 25 ratepayer
1002 3109 82 21 inr:the
1102 3110 112 27 following

688 3141 5 8 '
698 3141 5 8 '
707 3144 84 19 niouey,
804 3144 24 14 or
837 3145 55 20 your
901 3139 43 19 .life
971 3139 88 21 fashion
1066 3150 5 11 .-
1072 3153 25 3 —
1097 3144 16 14 ■'•■
1119 3142 53 23 You.
1178 3149 36 18 ar^

687 3170 92 20 ordered
802 3172 23 18 to
848 3171 58 20 clear
925 3172 31 19 all
970 3184 2 14 ;
974 3178 63 19 gorse
1047 3191 2 2 .
1056 3175 30 19 off
1103 3175 40 20 the
1160 3176 55 19 road

687 3202 80 20 within
776 3209 42 13 one
827 3203 83 24 month,
926 3200 78 29 ii.noY
1009 3204 45 21 will
1067 3205 13 20 b
1082 3212 11 14 e
1106 3205 63 24 #ned
1181 3209 32 19 £1

687 3241 38 20 per
744 3233 49 27 day.'
833 3234 55 20 Now
902 3235 27 20 do
948 3242 41 19 you
1009 3236 44 20 call
1071 3236 45 21 this
1133 3244 13 15 a
1162 3239 52 20 civil

687 3267 78 21 notice,
776 3267 23 19 to
809 3266 142 27 saynothirig
967 3268 68 19 aboixt
1044 3268 39 21 the
1097 3269 118 28 absitrdity

688 3299 111 21 oithe£l
810 3297 50 25 fine,
898 3301 3 10 :
931 3309 1 4 •
968 3311 2 2 ■
1019 3311 2 1 -
1027 3294 3 11 :
1042 3302 41 11 ■•■■■•
1106 3299 54 21 ;■•-'>
1175 3297 37 18 ••■■J

729 3341 61 9 ..-.■•;...
818 3332 24 18 .'.■■'■
854 3334 12 16 '.'.
882 3330 78 25 Tours,
977 3331 44 24 &c,
1070 3344 7 5 .-.
1179 3338 38 13 ;,-

688 3377 16 10 -;.,
725 3372 11 11 ::
748 3377 3 10 ;
753 3381 1 1 .
793 3378 32 10 ..■
839 3383 5 7 4
862 3382 22 4 .-..
898 3375 31 11 ::■■
963 3377 4 9 :
988 3377 1 2 ■
1039 3362 146 26 HatEPATEE,
1193 3380 2 4 ,
1202 3378 2 10 ;
1208 3376 3 9 ;

736 3438 167 25 COLONIAL
921 3438 241 26 RED-TAPEISM.

716 3501 37 27 'As
769 3511 31 17 an
818 3502 123 31 example.
946 3502 24 25 of
977 3511 2 16 ;
997 3503 154 31 red-tapeism
1179 3515 33 17 we

685 3536 63 24 have
760 3536 90 24 seldom
861 3535 75 24 heard
947 3535 23 23 of
982 3535 60 24 such
1065 3544 15 16 a
1101 3539 110 29 magnifi-

685 3569 82 31 cently
778 3568 81 31 stupid
869 3568 109 24 instance
990 3568 27 25 of
1025 3568 55 25 how
1087 3572 45 22 not
1143 3575 24 20 to
1181 3572 30 24 do

685 3601 20 24 it
715 3610 26 14 as
753 3602 30 24 in>
791 3601 47 24 the'
844 3601 170 23 thick-headed
1026 3601 87 24 action'
1120 3603 28 23 -of
1148 3612 9 10 >
1167 3605 44 24 -the

685 3634 107 31 Railway
802 3634 160 31 Department
974 3634 34 23 m
1028 3634 70 24 their'
1103 3635 108 33 dealings

685 3667 58 23 with
756 3668 40 22 the
808 3667 144 30 Ngakawau-
958 3666 108 31 Railway
1080 3667 129 34 Company!

685 3699 65 23 •That
763 3699 124 31 Company
889 3706 2 9 1
895 3707 2 4 '
909 3699 61 24 have
979 3705 4 11 !
987 3709 8 8 ->
999 3699 85 24 shown
1087 3706 2 10 l
1095 3704 3 6 '
1102 3711 3 3 ■
1110 3702 101 25 marked

685 3731 132 30 enterprise
828 3732 27 23 m
875 3732 66 24 -their
950 3746 5 14 ;
960 3739 2 10 :
967 3732 65 23 work
1059 3732 67 24 since
1134 3730 6 17 ?
1152 3734 59 32 they

686 3762 104 30 brought
807 3763 43 24 the
877 3764 62 24 lease
966 3764 48 24 less
1042 3765 57 23 than
1127 3766 83 26 twelve

1303 186 96 24 months
1411 194 52 23 ago.
1499 189 64 30 They
1578 189 59 23 have
1649 192 152 22 constructed
1813 199 15 16 a

1302 218 96 32 railway
1427 221 144 31 connecting
1599 223 57 22 with
1684 223 41 23 the
1759 224 68 23 main

1305 251 116 30 Wesfcport
1432 252 55 28 line,
1500 254 60 23 have
1570 255 89 30 opened
1672 263 31 22 up
1716 256 39 23 the
1775 256 51 24 coal

1301 282 58 24 field
1370 291 31 16 on
1413 285 42 23 the
1463 285 71 23 lower
1546 286 66 28 level,
1625 294 41 18 are.
1676 288 103 30 puslring
1795 296 32 16 on

1301 315 63 24 their
1376 324 84 24 survey
1472 319 24 22 to
1508 318 42 25 the
1561 318 57 25 field
1630 327 31 16 on
1672 320 153 31 theplatoan,

1301 348 63 24 have
1376 351 97 23 entered
1483 352 53 22 into
1548 360 14 15 a
1574 355 108 21 contract
1694 354 25 22 to
1741 353 86 31 supply

1301 381 42 23 the
1369 381 104 25 Broken'
1493 383 52 24 Hill
1574 384 125 31 Company
1727 386 66 23 with,
1813 394 14 15 a

1301 413 122 25 thousand
1433 416 53 23 tons
1499 416 24 23 of
1534 416 51 24 coal
1597 425 43 22 per.
1649 417 85 24 month
1750 420 25 21 to
1798 418 28 24 be

1303 446 119 24 delivered
1426 449 32 21 'at
1470 448 57 23 Port
1534 449 84 23 Pierce
1629 449 37 23 lor
1688 451 140 29 converting

1301 478 53 23 into
1366 479 66 27 coke,
1446 480 48 23 and
1505 480 61 23 have
1575 480 27 24 hi
1614 489 69 23 every
1694 490 49 22 way
1766 482 61 24 done

1301 510 77 23 better
1390 512 59 22 than
1458 519 45 22 any
1515 512 127 31 Company
1656 521 35 15 we
1713 513 67 25 know
1803 515 27 23 of

1300 541 27 24 m
1338 541 42 25 the
1392 543 93 31 history
1494 544 25 23 of
1525 545 42 22 the
1577 544 93 32 Colony
1677 548 25 21 to
1714 546 112 31 develope

1301 574 41 24 the
1355 576 128 24 resources'
1494 576 26 24 of
1535 577 62 23 their
1624 580 111 29 property
1759 579 26 22 m
1813 586 14 16 a

1301 607 70 29 given
1383 607 66 23 time.
1484 608 52 24 One
1547 609 79 24 would
1645 610 104 30 imagine
1756 609 6 23 ~.
1771 611 56 30 they

1299 639 78 24 Avould
1388 639 59 24 have
1458 640 62 24 been
1531 641 92 25 backed
1630 650 31 23 up
1673 644 30 29 by
1726 651 14 15 a
1762 642 64 25 Gov-

1301 674 110 22 ernment
1418 672 54 24 who
1481 673 85 25 devote
1575 675 100 23 soniueh
1684 675 144 31 lung.power

1299 703 28 23 hi
1338 703 154 31 hightalutin'
1497 706 89 31 during
1597 706 149 25 Parliament
1753 707 73 25 about

1302 737 175 31 encoiuMgeing
1487 739 82 23 native
1586 740 138 24 industries.
1738 766 1 3 .
1755 760 7 5 ,
1771 740 55 28 Yet,

1301 767 31 31 by
1344 776 14 16 a
1371 770 184 30 correspondent
1576 773 56 23 who'
1651 773 21 23 is
1695 774 133 23 connected

1301 800 66 27 with.
1372 801 42 23 the
1427 802 130 30 "Ngak'awa
1579 804 137 31 Company,,
1734 813 43 15 we-
1786 813 41 15 are

1301 832 52 22 told
1364 833 53 23 that
1428 832 37 24 for
1473 835 53 22 four
1541 847 9 4 ■•
1558 835 57 25 eaks
1628 836 26 22 ho
1668 844 47 16 was
1726 834 32 26 hi'
1772 844 56 16 con-

1303 865 66 22 stant
1381 867 198 28 correspondence
1587 867 57 24 with
1656 869 41 23 the
1721 869 106 24 Govern-

1303 897 68 22 ment
1383 904 26 15 m
1423 897 153 31 Wellington,
1583 899 31 31 by
1625 901 37 22 wi.
1670 908 12 16 c
1694 901 53 23 and-
1759 901 69 25 letter

1303 927 151 32 negotiating
1465 930 36 23 for
1511 931 144 29 permission
1666 934 25 21 to
1699 927 49 29 '.use.
1766 934 63 23 their

1302 969 50 14 own
1363 962 100 30 railioay
1507 962 95 34 'convey
1614 964 59 24 coal,
1688 972 74 16 over.:
1796 965 33 23 At

1303 991 86 32 length
1402 992 40 24 the
1451 993 96 25 desired
1569 995 73 26 leave;
1655 1004 50 23 Ayas
1727 997 103 30 granted

1303 1025 48 23 and
1362 1024 27 24 iii
1402 1026 45 23 two
1459 1027 58 29 days
1531 1029 47 22 800
1589 1030 56 22 tons
1663 1029 26 23 of
1706 1021 53 31 coal
1779 1037 51 16 was

1303 1065 45 15 run
1365 1058 53 23 into
1446 1058 123 31 "We'sip'orb
1597 1060 46 23 and
1658 1084 1 3 .
1672 1061 102 30 shipped
1801 1070 29 14 on

1304 1089 72 24 bo:ird
1388 1091 40 23 tlio
1456 1091 96 24 Pu'kaki
1688 1094 37 22 for
1754 1093 77 24 South

1303 1121 132 26 Australia.
1471 1123 67 29 Thid,
1551 1133 36 15 we
1610 1122 60 27 'take
1690 1128 23 22 ib
1740 1126 24 23 i*
1789 1126 42 24 the

1303 1154 164 30 Afciunsqhian
1498 1157 98 24 method
1626 1157 26 24 of
1661 1178 2 5 ,
1672 1158 159 31 encouraging

1303 1187 94 29 foreign
1409 1186 135 32 capitalists
1566 1192 32 24 to,
1612 1191 81 22 invest
1720 1190 27 23 m
1774 1190 57 24 Hew

1306 1219 108 23 Zealand
1426 1221 86 22 mines.
1565 1220 2 1 '
1655 1242 2 1 
1666 1242 40 1 .;
1738 1237 17 6 :/
1760 1242 2 2 .

1403 1298 156 27 OBEYING
1588 1301 135 24 ORDERS.

1337 1362 50 24 Not
1398 1363 59 31 long
1469 1372 45 23 ago
1526 1374 13 14 a
1548 1365 65 25 little
1621 1368 70 22 evei-t
1698 1367 57 25 took
1764 1367 69 30 place

1304 1399 26 20 at
1341 1404 15 15 a
1366 1395 107 32 military
1484 1397 90 25 station
1583 1406 57 17 near
1647 1397 94 30 'Berlin:,'
1754 1400 78 24 which

1305 1428 79 25 shows
1393 1429 66 24 what
1467 1430 69 23 isthe
1549 1430 107 25 German'
1664 1432 108 24 soldier's
1780 1433 52 23 idea

1305 1461 26 23 of
1340 1461 67 31 duty.
1453 1462 53 24 The
1523 1463 79 24 officer
1611 1465 24 22 m
1649 1464 127 34 command
1788 1473 45 17 one

1303 1494 114 30 mining
1423 1494 85 30 posted
1517 1503 15 16 a
1544 1493 244 29 veterariiii'ir'>iitbf
1792 1498 40 24 his

1303 1534 52 15 own
1366 1527 128 28 residence,
1514 1529 48 23 and
1574 1530 100 23 ordered
1750 1538 32 16 on
1799 1539 34 16 no

1305 1561 102 21 account
1418 1562 29 21 to.
1460 1560 69 25 lower
1540 1569 3 17 ;
1559 1561 35 24 hid
1621 1569 51 23 gun
1686 1582 2 3 .
1699 1562 65 24 £i?bni
1780 1562 52 24 '.ike

1456 1592 52 24 The
1520 1593 88 27 officer,
1621 1602 14 15 a
1646 1602 119 23 ponipoas
1777 1595 53 23 self-

1305 1623 73 31 impoi
1385 1626 52 21 tan!,
1451 1632 64 21 man,
1527 1633 47 16 was
1594 1627 125 30 expecting
1738 1627 96 24 visitors

1303 1656 54 23 that
1368 1656 53 31 day,
1440 1657 49 23 and
1505 1657 32 24 he
1561 1658 90 24 wished
1679 1661 26 23 to
1731 1660 101 30 impress

1305 1689 66 23 them
1384 1689 56 23 with
1453 1689 39 26 his
1498 1691 111 30 military
1621 1691 69 31 style.
1737 1693 97 31 Galling

1305 1720 42 25 the
1365 1721 92 25 soldier
1470 1722 90 30 before,
1573 1724 57 28 him,
1649 1725 30 23 he
1696 1733 86 22 ;gave..
1794 1725 39 25 his

1305 1754 88 24 orders.
1453 1754 54 24 You
1519 1763 39 17 are
1569 1759 25 20 to
1605 1764 56 23 pass
1673 1757 44 23 the
1724 1751 110 30 distance

1303 1785 121 29 assignocl,
1437 1787 60 24 with
1508 1795 60 23 your
1579 1796 51 23 gun
1641 1790 25 23 at
1674 1790 42 23 the
1733 1793 99 28 'carry.'

1304 1818 39 24 Do
1353 1825 47 24 yon
1413 1820 160 24 understood?

1371 1851 54 27 Yes,

1411 1892 33 15 nj
1455 1889 102 19 account
1570 1893 40 17 ara
1621 1894 48 23 you
1691 1888 26 22 to
1740 1887 92 25 deviate

1304 1915 63 25 from
1378 1924 60 23 your
1449 1917 68 29 walk,
1530 1926 27 15 or
1571 1926 91 17 remove
1669 1927 60 23 your
1736 1928 96 22 weapon

1302 1950 65 22 from
1376 1949 32 23 its
1419 1950 112 30 position.
1567 1951 57 23 You

1418 1983 160 24 CJinmander.
1588 1986 4 8 '
1641 1999 51 11 ■.....
1775 1999 3 3 •
1795 2001 10 9 ::

1435 2014 48 24 will
1512 2015 96 26 observe
1637 2018 68 24 strict
1734 2018 96 25 silence.

1305 2047 39 23 On
1354 2054 30 16 no
1395 2051 101 20 account
1507 2056 38 16 are
1555 2057 47 22 you
1615 2051 26 23 to
1653 2050 72 31 sp.«ak
1737 2053 24 21 to
1773 2059 58 23 any-

1303 2086 45 16 one
1357 2086 32 16 on
1400 2088 60 22 your
1468 2079 61 26 beat.
1564 2082 56 23 You
1818 2078 3 7 ;

1361 2111 48 25 Yes
1651 2113 10 13 •'
1676 2121 1 2 '
1688 2122 3 2 '
1703 2117 2 5 '

1294 2159 6 2 -
1362 2144 64 32 Very
1438 2145 51 24 well
1500 2154 5 21 ;
1516 2155 29 22 go
1557 2147 48 24 and
1775 2155 3 3 ■
1817 2151 2 5 '

1336 2176 39 25 An
1387 2177 62 24 hour
1461 2179 62 23 after
1531 2187 5 21 ;
1560 2180 46 24 the
1623 2181 101 24 officer's
1748 2185 83 28 guests

1301 2217 62 17 were
1375 2211 100 23 ushered
1487 2212 51 23 into
1550 2212 39 24 his
1604 2220 133 24 presence.'
1751 2215 79 31 -They

1303 2243 97 23 entered
1411 2244 61 24 each
1483 2244 56 23 with
1550 2253 14 15 a
1576 2244 73 24 broad
1662 2247 55 30 grin
1740 2255 32 16 on
1795 2249 35 23 his

1303 2279 172 20 countenance.
1675 2299 2 3 .
1769 2297 5 4 ,

1321 2330 2 2 .
1531 2309 74 24 asked
1616 2318 45 17 one
1673 2312 27 23 of
1714 2312 69 24 them
1806 2313 26 23 of

1302 2337 124 31 tholibst.,
1441 2358 13 13 rt
1463 2341 66 23 what
1540 2342 22 24 is
1574 2342 49 24 this
1634 2342 3 3 '
1646 2345 138 28 procession
1803 2340 26 29 m

1302 2371 25 23 m
1339 2371 65 24 front
1415 2373 26 23 of
1450 2381 61 21 your
1656 2379 4 16 :
1691 2376 2 7 ;
1754 2372 19 10 •;•
1795 2379 2 3 .

1362 2404 172 25 Procession—
1536 2407 138 30 procession
1685 2410 5 22 !
1721 2409 76 25 There
1808 2410 21 24 is

1303 2445 31 15 no
1345 2437 138 31 procession
1529 2439 95 24 blurted
1635 2443 42 22 out
1684 2448 2 8 :
1700 2442 43 24 the
1763 2442 65 30 host,

1302 2470 107 31 growing
1420 2470 39 24 red
1469 2470 27 25 m
1507 2471 54 25 .-the:
1575 2472 59 26 face.
1703 2475 2 19 :
1726 2475 3 11 ;
1735 2475 48 18 ■■•'■•■
1796 2482 25 11 ■-■■■>

1295 2526 8 2 ..
1315 2503 90 30 __AYol],
1418 2503 54 23 look
1483 2504 38 24 for
1694 2526 2 3 .
1742 2519 79 12 ::,.>..;

1298 2557 2 2 .
1334 2536 78 23 Tiiei'3
1424 2544 46 15 was
1482 2536 42 24 the
1538 2537 100 29 soldier,,
1657 2547 26 15 as
1707 2539 53 24 stiff
1780 2541 48 22 and

1302 2572 64 19 erect
1388 2576 27 16 as
1432 2568 40 24 his
1489 2577 51 16 own
1556 2578 106 23 weapon,
1691 2572 74 24 with-
1774 2580 54 24 eyes

1301 2601 96 30 stolidly
1405 2601 93 33 staling
1504 2602 102 31 straight
1611 2604 85 28 ahead,
1705 2606 125 31 marching

1302 2632 116 32 solemnly
1430 2641 32 22 up
1474 2634 56 23 and-
1534 2634 75 24 down-
1621 2636 38 23 his
1678 2636 65 29 beat,
1757 2634 72 28 while

1301 2665 123 31 following
1435 2665 51 24 him
1494 2667 51 23 wiis
1572 2676 13 13 a
1613 2668 55 23 mob
1696 2667 27 26 of
1747 2670 82 31 yonhg

1302 2696 184 30 street-loafers;
1496 2699 79 24 armed
1585 2700 61 24 with
1665 2701 40 23 old
1724 2701 103 30 brooms,

1302 2729 81 28 sticks,
1396 2730 141 30 pitchforks,
1550 2732 47 23 and
1609 2732 70 24 other
1682 2734 147 30 improvised

1298 2769 123 23 .weapons;
1588 2785 2 2 .
1622 2787 2 2 .
1659 2782 94 7 ......
1785 2764 42 25 .-...:'■■

1305 2818 8 4 ..
1330 2794 95 33 .Seeing
1433 2795 57 25 .that
1503 2796 40 24 the
1557 2815 2 12 ;
1566 2797 86 25 soldier
1674 2806 48 17 was
1745 2808 73 22 appar
1820 2815 7 12 r

1301 2828 66 31 ently
1378 2830 162 23 unconscious
1555 2830 27 24 of
1602 2830 33 24 all
1656 2832 94 24 around
1769 2833 58 29 him,

1301 2868 46 16 one
1359 2860 54 26 bold
1420 2869 83 23 scamp
1514 2862 50 24 had
1574 2863 88 24 affixed
1674 2865 23 23 to
1709 2865 43 24 the
1774 2873 54 17 sen-

1302 2893 81 23 tmel's
1395 2895 108 22 coat-tail
1514 2903 13 14 a
1539 2895 78 32 string
1626 2898 25 22 at
1672 2897 43 24 the
1738 2898 45 24 end
1804 2899 24 23 of

1293 2925 86 24 which
1390 2926 102 31 dangled
1503 2935 14 15 a
1528 2930 69 29 rusty
1616 2929 37 23 tin
1773 2930 57 26 AM

1302 2957 50 25 this
1362 2959 89 30 unique
1463 2960 139 29 pracesdoir
1608 2961 49 24 had
1674 2962 60 25 been
1757 2964 72 31 going

1302 2998 32 15 on
1345 2990 37 24 for
1393 2990 174 31 half-an-hmir,
1581 2997 25 20 to
1614 2994 43 24 the
1665 3017 2 1 .
1672 2995 96 25 intense'
1775 3008 2 6 ■■
1782 3008 2 3 ■
1790 2997 37 23 de-

1301 3022 62 31 light
1370 3038 4 10 ;
1375 3023 25 23 of
1411 3023 42 24 the
1463 3025 117 30 populace
1591 3026 34 24 m.
1634 3027 46 24 the:
1688 3030 71 23 street
1773 3030 56 23 (and

1300 3057 43 21 the
1355 3055 136 30 edificaupu
1503 3057 26 23 of
1538 3058 42 23 the
1592 3061 81 27 guests
1688 3060 141 33 when-.they

1301 3087 101 23 arrived.
1445 3088 48 24 Out
1505 3090 88 24 rushed
1605 3091 42 23 the
1657 3091 68 25 irate,
1738 3090 90 36 pifioer.

1301 3119 52 24 The
1366 3119 56 25 mob
1434 3121 83 30 seeing
1527 3122 57 28 him,
1597 3123 127 31 dispersed,
1741 3127 47 23 and
1801 3127 27 23 he

1303 3152 128 30 bfegan'-tp
1459 3156 59 21 vent'
1542 3154 38 24 his
1609 3164 75 23 anger
1717 3167 36 18 on.
1787 3160 42 24 the

1303 3183 114 25 sen'jin'el;
1442 3189 2 2 '
1540 3189 3 2 '
1599 3195 3 2 •
1686 3187 4 4 '
1701 3204 2 2 .
1723 3190 2 2 '

1317 3229 3 4 ■
1336 3216 403 31 '•X.iii^^-blockhead—^senseless
1749 3225 5 22 !
1764 3224 66 32 Why-

1301 3249 40 24 did
1353 3256 97 25 y.nvuofc
1461 3252 75 25 atrike
1546 3253 179 25 thenvdow^—
1726 3256 104 27 disperse

1300 3335 27 9 ....
1364 3317 15 21 i
1378 3316 3 9 ;
1383 3315 31 23 he
1430 3318 154 24 comniander
1606 3319 96 30 forgets.
1733 3341 3 6 ;
1741 3321 30 27 .I.
1783 3323 48 22 had

1302 3354 27 16 or
1331 3347 52 24 Jers
1393 3350 44 21 not
1448 3350 26 22 to
1484 3357 94 20 remoye
1590 3358 42 24 my
1638 3359 51 22 gun
1695 3352 62 24 from
1766 3354 62 30 posi-

1468 3378 103 32 ".,".'.
1705 3386 3 4 '
1740 3408 2 2 .

1340 3413 3 4 '
1370 3411 63 25 True
1445 3412 13 23 I
1470 3420 42 20 am.
1522 3421 15 16 a
1545 3413 49 25 fool
1604 3416 5 22 !
1623 3411 42 27 bJt
1683 3417 49 29 yoci
1750 3417 80 31 might

1301 3442 68 25 have'
1376 3445 98 23 ordered
1485 3446 69 23 them
1630 3441 39 15 ;i::
1735 3446 3 2 '
1802 3444 3 14 ;
1820 3451 3 7 '

1359 3476 52 24 The
1433 3479 155 23 commander
1609 3479 90 30 forgets
1719 3482 83 29 again!/
1816 3483 14 23 I

1301 3507 141 26 had^orders
1453 3511 84 26 hotitj'
1671 3520 11 14 >;
1695 3513 20 25 ~J
1748 3514 17 19 .--i
1768 3516 18 16 •■'.
1788 3521 39 11 ■<■■■■■-

1301 3540 25 25 It
1336 3541 86 25 iotrue
1435 3551 5 14 :
1449 3542 65 25 but—
1565 3558 8 8 ,<
1593 3556 37 17 :::
1648 3563 3 4 ,
1668 3557 17 12 :;;
1698 3556 20 13 ;:■
1736 3551 75 19 ■,-,::i.\i.
1814 3559 11 6 ->
1823 3552 2 5 :

1315 3594 16 7 .T
1334 3573 82 30 hese,
1421 3575 143 30 ia.nq..f.,but.
1569 3578 4 9 1
1580 3595 22 8 .,.
1609 3577 55 24 You
1679 3578 116 31 ordered;;
1808 3581 19 24 ,1

1300 3606 97 33 pbtfyed.
1405 3629 3 8 ,
1411 3624 14 6 ...
1431 3608 152 32 Wliftt^piore
1595 3608 50 28 can',
1650 3610 31 25 be
1693 3608 82 32 said?."'
1793 3632 32 5 ...

1315 3664 5 5 ,
1331 3636 93 28 Indeed
1432 3641 102 30 nothing
1545 3642 69 23 could
1626 3639 29 27 ba^
1667 3641 67 26 said.'
1747 3667 8 5 ..
1761 3663 3 8 :
1776 3645 50 24 The

1300 3671 78 24 officer
1387 3672 133 25 swallowed
1531 3673 45 26 his'
1581 3675 77 24 wrath
1675 3684 26 16 as
1722 3676 52 25 best
1797 3678 28 24 ho

1299 3704 79 24 could.
1413 3705 25 24 It
1449 3706 78 24 would
1540 3705 29 25 bs
1578 3706 134 33 altogether
1729 3709 95 24 linmili-

1297 3737 55 29 tary
1363 3738 26 22 to
1399 3738 92 30 punish
1501 3747 14 14 a
1527 3739 87 24 soldier
1624 3740 38 25 for
1670 3736 105 36 6beyiEig'
1780 3742 43 26 Jof-

1298 3767 61 26 ders.

1969 195 66 24 TEN
2053 195 67 25 PER
2138 197 87 24 CENT
2243 198 64 24 OFF
2324 200 68 23 THE

1964 223 518 34 SCREW.

1949 286 22 24 A
1981 287 147 24 contributor
2143 290 24 21 to
2179 288 42 24 the
2242 293 6 9 '
2257 289 95 32 Sydney
2363 291 61 23 Mail
2433 296 7 8 '

1917 319 56 24 tells
1993 321 40 23 the
2056 319 120 33 following
2179 320 46 25 V—
2225 320 8 15 *
2235 320 16 16 F
2251 319 80 28 Oii6'e''
2332 322 8 7 K
2416 321 5 8 ;
2427 333 13 14 a

1918 352 59 24 time
1989 353 41 23 tlie
2042 352 161 26 Government
2256 355 57 24 Now
2323 355 116 29 Zealand,

1915 385 77 23 under
2004 385 42 24 the
2062 392 112 23 pressure
2196 388 25 21 bl
2242 384 194 35 hnpecunibsity,

1913 417 104 24 reduced
2028 422 26 19 at
2065 425 46 17 one
2119 418 47 23 full
2179 425 79 24 swoop
2270 420 42 24 the
2325 421 112 23 -•salaries

1918 449 27 23 of
1953 449 35 24 all
1995 449 63 24 their
2068 450 60 24 Civil
2150 454 110 21 servants
2280 451 31 31 by
2331 455 40 21 -10;
2387 461 45 22 per

1917 484 64 21 cent.
2017 482 98 31 Shortly
2126 482 65 27 after,
2197 483 45 24 the
2253 484 129 25 Treasurer
2390 493 50 15 was

1916 514 100 29 making
2027 522 15 15 a
2053 522 94 23 voyage,
2155 515 72 30 along
2238 515 41 25 the
2291 519 74 21 coast,
2380 517 27 23 m
2426 525 13 15 a

1917 543 116 26 beautiful
2058 549 101 22 steamer
2179 548 127 31 belonging
2336 550 28 26 to,
2395 549 44 25 the

1916 577 170 29 Government,
2098 578 43 24 the
2152 580 128 28 Hinenion,
2293 578 80 37 Syhich
2388 590 49 16 was

1914 612 25 20 at
1967 609 54 25 that
2044 610 59 24 time
2322 613 32 31 by
2367 608 4 11 r
2387 609 53 30 ih'at

1915 642 92 31 worthy
2019 643 47 23 and
2074 644 151 30 experienced
2236 651 95 18 seaman
2339 646 102 31 Captain

1915 674 146 24 Fairhchild.
2084 675 52 24 The
2138 679 3 11 1
2146 676 128 24 Treasurer
2281 685 50 17 was
2335 679 103 24 anxious

1915 708 24 22 to
1978 708 81 23 reach.
2081 708 126 28 Taranaki,
2241 709 41 24 the
2324 713 56 28 port
2415 714 26 22 to

1915 739 78 24 Yv'hich
2006 740 57 30 they
2075 748 62 16 were
2142 757 3 9 ;
2148 741 92 29 houndj!
2260 742 31 31 by
2302 751 24 16 .a
2345 743 91 25 certain
2455 761 23 6 —

1917 771 68 29 hour,
1997 773 88 28 which,
2097 773 63 24 from
2182 774 44 24 the
2247 782 110 24 progress
2378 776 59 30 thoy
2457 776 21 20 ■

1915 811 63 17 were
1988 804 103 31 making
2099 805 72 31 along
2181 801 128 37 t^e.cpast,
2322 807 85 31 began.
2413 811 26 21 to

1917 838 40 28 get
1968 834 118 31 doubtful,
2106 837 49 24 and
2177 839 41 23 the
2239 834 136 29 ■Treasurer'
2389 848 50 16 was

1917 869 181 31 consequently'
2121 869 166 32 disappoiiited
2291 866 9 32 '.'
2313 872 49 24 and
2395 880 44 16 un-

1917 900 95 24 settled.
2052 901 34 23 At
2106 902 48 24 last
2177 902 29 24 he
2218 902 3 3 '
2230 903 52 24 said
2294 912 6 15 :
2325 909 6 9 '
2343 905 15 22 I
2368 905 69 23 don't

1917 932 80 27 thinkj
2010 933 131 29 Fairchildi
2150 935 45 23 'the
2214 932 119 27 Hihemoa
2343 944 56 22 goes
2411 944 27 17 as

1917 964 48 23 fast
1976 972 26 15 as
2014 965 44 23 she
2070 966 56 23 used
2138 968 24 22 to
2170 966 38 24 do.
2207 976 3 7 I*1
2212 969 12 13 '*
2242 971 6 10 '
2256 968 97 28 No,:sir,
2353 971 8 9 J
2370 969 69 31 dryly

1910 1005 2 16 :
1917 997 142 30 responded.
2061 998 41 24 the
2113 999 103 31 skipper,
2231 1004 5 13 <
2249 999 14 24 I
2273 1000 47 23 don
2333 1003 28 22 't;
2367 1002 73 23 think

1912 1029 48 26 )She
1972 1028 65 30 does,,
2048 1030 64 24 since
2123 1039 48 22 yo.u
2181 1033 57 23 took
2246 1048 3 11 :
2253 1034 49 24 .ten
2322 1041 41 22 per
2367 1051 3 7 ;
2374 1036 63 22 cent.

1919 1060 40 28 off,
1966 1060 40 24 the
2018 1069 81 17 screw.
2103 1067 5 10 4
2124 1063 73 25 What
2207 1055 72 40 cqiild
2290 1065 41 24 the
2340 1066 100 24 Treasu-

1918 1100 37 16 rer
1967 1100 42 22 say
2170 1116 2 3 ,
2301 1115 2 6 ,
2322 1089 2 6 '
2349 1092 18 26 ','
2393 1091 28 10 ''"'

1932 1202 2 2 ■
1954 1185 97 30 Lyons,-
2066 1187 102 29 France,
2188 1188 22 24 is
2232 1187 148 35 cbinpletihg
2389 1190 3 2 '
2401 1192 43 24 the

1920 1218 92 23 world's
2024 1218 94 31 biggest
2129 1221 65 27 dam,
2208 1220 83 32 begun'
2303 1224 19 22 ia
2346 1225 99 30 ceutucy

1920 1258 54 22 ago.
2007 1251 25 23 It
2042 1251 22 25 is
2075 1253 57 26 1000
2132 1253 29 26 ft
2171 1253 67 31 long,
2251 1255 36 25 175
2287 1255 37 25 ft:
2329 1255 56 31 high
2390 1257 56 24 -and

1921 1282 41 25 the
1973 1282 155 28 foundations
2140 1293 40 23 are,
2192 1287 67 28 10pft
2261 1304 2 8 ;
2270 1287 75 32 deep.,
2368 1300 22 16 ■..-
2425 1301 4 15 :

1912 1347 4 2 .
1951 1321 91 30 .There
2053 1322 22 23 is
2091 1322 103 31 nothing
2204 1324 36 26 m.;
2248 1324 40 24 the
2291 1342 3 8 L
2298 1343 2 3 .
2309 1325 136 27 worldjthat

1922 1354 114 25 succeeds
2042 1354 49 24 like
2096 1372 3 10 ;
2114 1363 95 24 energy..
2218 1371 2 8 :
2225 1378 3 2 .
2244 1356 48 24 For
2302 1357 122 29 instance,,
2431 1367 15 15 a

1922 1393 60 16 man
1993 1388 101 24 sneezed
2115 1395 27 17 so
2164 1389 60 24 hard
2242 1389 44 25 tha
2308 1385 69 40 pth^r
2392 1415 2 3 .
2399 1390 45 32 day

1922 1418 56 25 that
1988 1419 31 24 he
2030 1420 128 25 dislocated
2172 1422 44 27 hi/
2221 1420 121 31 shoulder,
2355 1423 54 26 and,
2414 1422 31 26 he

1912 1450 29 34 _is
1953 1450 57 26 how'
2148 1454 37 24 £5
2192 1455 48 30 'per
2251 1455 65 24 weSk
2337 1456 107 25 accident

1920 1484 127 25 insurance
2065 1493 2 5 '
2100 1486 2 10 ;
2129 1488 47 11 "'■■■-
2211 1490 2 5 '
2258 1490 11 9 -'
2288 1498 2 2 .
2292 1485 3 11 ;
2302 1492 3 3 -
2321 1491 13 8 •••
2340 1488 2 8 :
2347 1483 84 17 !••■■:;-.•'■.'

1945 1531 3 4 •
1955 1521 226 34 Nbtwithstahdirig
2187 1532 3 10 :
2202 1524 46 24 the'
2254 1524 101 32 popular
2377 1526 72 24 belief

1922 1561 27 15 as
1961 1554 79 24 to-tho
2051 1556 97 30 density
2159 1556 34 24 of'
2205 1558 40 22 the
2246 1562 3 10 1
2261 1557 147 30 'population
2423 1557 25 25 bl

1923 1585 118 30 London,,
2047 1589 87 26 recent,
2147 1589 118 24 statistics
2277 1589 62 24 show
2357 1590 93 24 thafrof

1924 1618 32 23 all
1966 1619 43 24 the
2020 1619 66 31 large
2094 1620 130 31 European
2233 1622 68 24 cities
2308 1622 41 24 the
2359 1622 87 24 Metro-

1923 1651 62 30 polis
1997 1652 27 24 of
2032 1651 116 32 England
2159 1653 45 24 has
2216 1654 72 25 fewer
2294 1654 153 26 .inhabitants

1924 1684 25 23 to
1961 1684 41 23 the
2021 1684 155 29 house.,than
2204 1695 46 21 any.
2279 1688 68 23 other
2372 1688 75 31 place.

1914 1719 4 2 '
1924 1715 97 25 Vienna
2033 1718 109 31 occupies
2154 1714 46 28 tlie.
2207 1719 54 25 first
2272 1721 68 29 place
2360 1721 26 23 m
2404 1720 42 25 the

1920 1747 45 26 list
1976 1747 27 25 hi
2014 1749 51 25 this
2075 1749 99 32 respect'
2179 1752 46 23 and
2229 1752 3 4 '
2237 1752 45 24 has
2295 1760 33 16 an
2343 1754 3 3 '
2350 1760 97 24 average

1922 1782 26 22 of
1958 1781 46 24 five
2013 1782 73 25 times
2103 1791 28 16 as
2136 1782 14 18 :;
2152 1791 75 24 many
2248 1784 151 26 inhabitants

1921 1814 59 24 each
1992 1814 73 25 home
2077 1824 26 16 as
2115 1816 118 25 Ldfidorir
2239 1814 3 4 '
2275 1825 3 5 '
2285 1815 3 15 ;
2324 1817 3 10 ;
2336 1822 4 6 '

2002 1860 39 16 am
2053 1853 65 31 truly
2129 1861 65 23 sony
2206 1857 24 21 to
2242 1855 54 30 give
2311 1863 47 23 you
2380 1855 65 31 pain,

1920 1883 41 23 Mr
2155 1886 51 24 said
2218 1886 141 32 theCyouiig
2380 1888 64 31 lady,

1947 1916 43 24 but
2001 1916 80 31 please
2093 1918 30 24 do
2135 1921 43 23 not
2188 1919 78 25 allude
2277 1922 32 22 to-
2314 1920 49 25 this
2386 1921 62 23 sub-

1917 1948 51 30 ject
1980 1951 94 28 again.,.
2089 1951 19 23 ,1
2120 1959 46 16 can
2176 1952 113 26 neyer.be
2300 1961 60 22 your

2031 1982 22 24 is
2080 1991 62 24 your
2168 1984 60 24 final
2256 1993 100 21 answer^
2365 2011 3 4 ,
2371 2006 5 10 ;
2385 1985 62 25 Miss

2122 2017 46 24 is.»
2191 2013 132 37 .Nothing
2333 2042 3 11 ;
2345 2026 44 17 can
2411 2019 37 24 in-

1919 2046 61 25 duce
2001 2056 48 22 yo.u
2117 2050 93 31 change
2227 2058 61 24 your

1920 2079 185 32 "Myinindis'
2108 2081 2 9 ;
2121 2079 87 35 firmly'
2221 2081 49 26 aiid
2291 2076 155 38 unaiterabiy

1919 2112 71 25 made
2402 2116 42 26 the

1919 2153 82 24 young
2011 2154 66 21 man-,
2089 2147 77 32 rising
2182 2149 48 23 and
2251 2149 99 31 looking
2371 2149 75 26 about

1914 2178 42 23 ibr
1967 2179 44 23 his'
2018 2180 52 28 hat;
2084 2184 17 18 '.f
2108 2180 82 25 before
2195 2182 104 31 ?ooniing
2317 2183 55 23 tere
2385 2183 58 23 'this

1910 2207 244 36 Veningl'.nmdo.a
2166 2213 76 26 bet.of
2249 2215 59 24 :£SO
2316 2215 62 24 with
2388 2215 56 24 Van

1920 2243 103 26 Perkhis
2034 2245 55 24 that
2099 2254 48 22 you
2153 2246 82 30 .wpuld
2247 2255 45 23 say,
2295 2266 4 10 ;
2300 2250 80 26 no,,(tq
2389 2267 2 5 ,
2395 2265 2 10 :
2401 2255 43 23 rny

1919 2277 116 29 proposal.
2058 2278 26 27 .1
2094 2278 61 27 have
2168 2286 58 26 \yqn,
2231 2301 11 10 v
2246 2305 3 4 ,
2256 2295 2 8 ,
2264 2272 32 32 it
2299 2272 144 40 was^tajdng

1919 2315 14 16 a
1952 2307 58 29 risk,
2026 2309 51 24 'but
2091 2311 23 22 .1
2136 2318 38 16 ain
2181 2305 78 38 '^ead
2277 2310 81 30 broke,

1918 2340 84 28 Irenej'
2007 2343 4 8 1
2023 2338 33 27 he
2215 2344 40 24 his
2266 2343 67 25 voice

1918 2372 44 31 ing
1973 2372 59 25 with
2044 2375 113 24 emotidif-
2174 2373 151 33 "ybu'liave'
2335 2372 70 29 saved'
2410 2373 4 12 1
2418 2374 4 10 '
2428 2385 15 16 a

1919 2404 135 33 despjiiiing
2057 2412 4 10 :
2065 2414 59 17 man
2140 2408 65 24 fi'oni'
2285 2409 63 25 ''fate
2352 2418 2 4 1
2354 2418 10 16 :'
2376 2410 28 24 of
2428 2418 15 16 a

1919 2438 99 28 suicide,
2031 2439 56 24 arid'
2091 2448 53 16 won
2162 2442 42 23 the
2212 2441 127 32 -livelong'
2352 2445 91 28 respect

1912 2471 51 26 .aed
1974 2474 87 23 esteem
2074 2472 50 26 ofia
2134 2474 105 30 grateful
2246 2474 108 26 iheartuu
2362 2492 4 10 :
2373 2475 69 24 Groo'd

1921 2562 3 2 .
1950 2540 52 25 The
2013 2542 95 29 Loyyell;
2114 2543 98 25 Citizen,
2219 2552 55 23 sayis
2281 2561 4 4 ■
2289 2545 72 26 .there
2365 2560 4 8 ,
2383 2546 22 26 is
2411 2559 3 4 ■
2427 2553 15 17 a

1916 2573 96 31 poAvdei'
2012 2596 8 16 7
2023 2576 25 23 to
2058 2575 75 27 made.
2139 2601 2 2 .
2146 2576 77 31 hens,.,
2230 2577 55 34 lay,,
2290 2577 60 31 iand;
2357 2580 85 28 .\yants

1917 2607 138 31 something
2061 2609 34 26 .tp.
2102 2603 55 36 s'jiop
2167 2612 104 30 rbos^ei-s
2282 2605 64 37 frp]m
2368 2619 71 26 %G\y-<

1916 2638 43 30 ing
1970 2638 87 28 before.
2061 2635 144 30 breakfast.''
2224 2641 110 32 Thcrejis
2345 2652 14 14 a
2376 2651 65 23 pow-

1915 2669 43 24 der
1969 2670 59 25 that'
2032 2671 49 24 will
2092 2672 31 25 do
2382 2671 60 29 witli

1917 2710 14 15 a
1941 2700 64 26 little
2021 2703 54 24 shot
2093 2706 89 30 oritop:
2221 2707 5 10 :
2230 2714 3 4 -
2253 2706 12 12 i;
2304 2706 4 10 '
2343 2711 2 6 !
2349 2700 16 26 M
2386 2707 17 11 :;:
2425 2713 4 5 ■
2434 2704 7 15 t-

1917 2733 108 30 kh,how
2035 2735 59 31 long
2104 2737 20 24 it
2134 2737 93 26 issince
2237 2735 205 35 youhaVeAasi'ted

1917 2773 31 18 us:
1959 2768 4 23 !
1977 2767 54 24 You
2053 2772 68 21 must
2132 2778 69 16 come
2211 2780 66 23 very-
2285 2773 66 28 sobu,
2363 2773 79 32 Judge

2103 2803 35 25 /«I
2148 2803 69 26 shall;
2228 2805 54 31 give
2301 2806 141 30 mys3lfthe

1917 2833 110 30 pleasure,
2036 2834 26 25 of
2067 2836 157 31 coming.and
2234 2838 62 28 ,>w.ill,
2296 2856 9 10 7
2314 2839 69 31 bring
2401 2848 42 23 my

1917 2861 63 29 w&.
1984 2863 4 13 i
1991 2866 93 29 V''Yes
2086 2883 7 13 >
2116 2862 168 42 tha^wiUbe
2306 2871 135 33 delightful.

1919 2897 75 26 Coitie
2005 2899 102 33 djreetly.
2124 2902 63 26 after
2197 2901 75 30 luncH
2286 2902 52 26 and'
2345 2907 52 29 stay
2408 2913 35 16 un

1919 2929 206 30 tiirdmiiertirne
2151 2930 3 5 '
2176 2930 2 9 :
2216 2930 20 10 ''
2250 2937 3 5 •
2268 2932 4 9 ;
2295 2934 27 8 '''
2326 2930 2 10 ;
2343 2935 2 5 '
2348 2931 4 10 :
2358 2939 2 25 ;
2377 2930 4 11 ;
2404 2931 38 37 V!^

1920 2963 3 5 '
1953 2969 14 10 •'
1979 2965 100 24 Mbdbl-h
2090 2967 151 25 'Educatidh'
2260 2968 36 25 M
2300 2967 4 12 :
2316 2970 45 24 the
2382 2968 62 26 most

1918 2996 173 33 parfc/signifies
2102 3000 83 31 giving
2195 2998 84 35 pedple
2291 3002 42 24 ths
2335 3008 1 4 1
2343 2996 4 11 r
2354 3000 90 34 faculty

1918 3031 29 22 of.
1952 3030 206 33 thinkmgwrong
2168 3040 32 17 on
2212 3041 70 23 every
2293 3034 151 25 conceivable

1920 3062 94 31 subject
2025 3064 26 23 of
2059 3064 149 31 importance
2219 3067 32 23 to-
2256 3066 75 26 them;
2332 3067 7 8 3
2344 3077 10 11 n
2359 3081 9 6 -
2380 3070 25 18 ••:'
2413 3075 5 15 t
2422 3073 19 7 ••■

1931 3108 22 10 .h
1954 3099 5 12 f
1964 3099 4 17 {
1976 3095 52 25 ;Not
2035 3095 61 31 ,;that
2112 3104 49 24 any
2182 3097 94 32 feeling,
2409 3101 35 23 'to

1918 3126 129 33 humanity
2057 3128 57 28 ism
2123 3129 69 26 itself
2211 3139 88 24 wrong,
2380 3132 65 31 .only

1918 3168 81 22 wrong
2007 3158 275 37 when.undisciplined.'i
2288 3164 7 27 .!
2300 3165 37 24 Its
2343 3165 103 32 nobility

1919 3192 57 32 is4n
1987 3195 33 22 its
2031 3194 64 25 force
2107 3196 46 23 arid
2164 3195 116 32 jusfcicj,;.
2290 3198 21 24 it.
2321 3205 22 17 13

1919 3226 71 23 when
2000 3226 20 24 ifc
2031 3226 27 25 is.
2066 3222 64 30 weak
2143 3225 63 27 'and
2211 3222 65 36 .'ielt
2303 3229 37 26 £m

2054 3255 106 30 Rusicin.
2168 3255 24 32 ,"'.'
2236 3255 3 7 '
2268 3255 3 5 '
2305 3261 2 3 '
2317 3257 18 8 '"'
2347 3257 3 7 :
2359 3258 5 7 '
2393 3257 12 33 ',
2414 3256 4 31 '.

612 58 69 24 THE
717 58 139 27 OXFORD
890 63 68 24 AND
993 64 84 25 CUST
1112 65 187 29 OBSERVER,
1337 66 187 30 SATURDAY,
1560 70 188 24 DECEMBER
1782 72 39 26 21,
1857 73 61 23 18S9

1975 3394 79 76 J.
2102 3394 343 101 1W)»P

1969 3483 12 22 '.t
1991 3484 50 21 \A.\
2055 3483 67 23 i'f.ju
2153 3485 84 21 fi;iO''i
2251 3485 39 22 X<>
2310 3485 58 23 'iHI
2374 3485 16 22 :-i

1940 3512 485 52 COACHBJEJILDER,
