2580 4050
1274 63 102 32 THE
2006 52 40 44 /
2071 52 9 12 '

71 103 495 142 -.NEW
670 113 877 140 ZEALAND
1656 126 861 145 GAZETTE

119 534 64 31 No.
206 534 64 40 74.]

2325 569 99 40 [Vol.
2446 573 47 30 11.

597 538 128 32 PORT
748 541 285 42 NICHOLSON,
1056 547 279 45 SATURDAY^
1340 549 242 44 MORNING,
1605 556 286 36 SEPTEMBER
1917 564 51 34 11,
1994 566 86 29 1841.

705 631 217 50 WANGANUI
924 648 36 8 —
960 636 49 23 The
1027 638 126 23 subscriber
1173 640 120 28 intending

800 663 21 19 to
831 661 29 22 be
869 667 90 23 present
967 668 26 17 at
1002 664 37 22 the
1055 666 153 27 approaching
1223 668 69 21 selec-

703 688 47 20 tion
770 687 26 22 of
813 687 65 23 lands
897 692 23 19 at
937 690 134 28 Wanganui,
1092 693 46 22 and
1151 693 84 28 having
1253 694 38 22 the

703 714 83 22 benefit
800 715 25 21 of
846 716 153 23 considerable
1018 719 133 27 experience
1168 727 23 14 as
1209 723 24 19 to
1253 720 38 22 the

703 741 134 31 capabilities
847 742 27 22 of
884 743 30 22 all
922 744 49 21 that
980 748 50 24 part
1037 746 26 21 of
1074 746 38 21 the
1119 749 94 25 country
1220 748 24 21 in
1253 747 37 22 the

701 767 184 27 neighbourhood
908 770 73 23 which
1004 772 45 21 will
1066 772 28 22 be
1112 773 49 22 laid
1178 781 59 20 open
1256 774 35 22 for

701 794 112 28 selection,
830 796 65 22 offers
910 796 94 23 himself
1020 806 24 14 as
1054 802 68 24 agent
1131 803 24 18 to
1166 800 80 22 choose
1256 801 34 21 for

701 826 45 21 any
764 822 80 26 parties
860 826 22 18 to
900 824 74 22 whom
988 824 39 23 the
1039 826 101 28 journey
1153 834 53 20 may
1220 835 69 19 prove

700 849 165 27 inconvenient,
877 857 30 14 on
916 850 79 23 liberal
1011 854 75 25 terms,
1104 853 73 22 which
1193 861 54 20 may
1261 854 28 22 be

700 874 81 22 known
792 882 27 14 on
826 876 136 27 application
973 880 23 19 to

800 902 26 21 E.
842 903 22 21 J.
880 903 150 29 Wakefield,
1046 913 26 14 or
1089 908 23 19 to

797 929 89 22 Messrs.
898 930 132 28 Ridgways,
1042 932 106 27 .Guyton,
1162 933 43 22 and
1215 934 72 22 Earp.

698 971 143 47 LAND
865 974 261 24 AGENCIES.—
1125 977 41 22 TO
1189 978 99 23 LAND-

774 998 182 24 HOLDERS.—
955 1001 49 22 The
1023 1002 157 29 Undersigned
1197 1005 45 27 beg
1265 1009 23 18 to

698 1025 54 20 offer
761 1025 133 23 themselves
903 1030 23 18 to
937 1027 58 22 their
1004 1028 85 23 friends
1100 1030 45 22 and
1159 1031 36 22 the
1211 1032 76 27 public

698 1057 22 14 as
731 1051 85 26 Agents
824 1052 36 22 for
870 1053 38 22 the
919 1053 95 32 disposal
1023 1056 27 20 of.
1053 1056 71 22 Town
1134 1057 46 22 and
1187 1058 100 29 Country

697 1077 83 28 Lands,
790 1078 44 22 and
844 1082 57 19 trust
910 1080 59 22 their
979 1078 98 26 colonial
1087 1084 133 26 experience
1235 1093 52 20 may

697 1104 78 21 entitle
783 1104 62 23 them
853 1109 24 18 to
887 1114 14 14 a
913 1107 65 22 share
988 1108 27 21 of
1024 1108 38 22 the
1072 1110 75 26 public
1157 1115 128 24 patronage.

723 1137 63 28 They
795 1139 45 21 will
848 1139 29 22 be
885 1139 76 29 happy
971 1144 23 19 to
1004 1149 94 21 arrange
1110 1144 37 21 for
1155 1144 46 22 and
1210 1135 83 38 super-

696 1165 80 21 intend
783 1165 37 21 the
829 1173 94 21 surveys
930 1167 46 22 and
982 1169 161 23 sub-divisions
1149 1171 27 21 of
1181 1172 38 21 the
1223 1172 62 23 land.

698 1191 88 22 Liberal
795 1192 111 22 advances
915 1193 45 23 will
973 1195 30 21 be
1018 1196 65 21 made
1094 1204 29 14 on
1131 1197 66 23 lands
1206 1198 80 28 placed

696 1224 23 14 m
729 1217 58 23 their
795 1218 71 22 hands
873 1219 35 23 for
915 1220 54 22 sale.
998 1221 63 28 They
1068 1223 46 22 will
1121 1224 47 22 also
1174 1225 28 22 be
1211 1228 75 24 happy

697 1247 22 19 to
729 1245 64 22 assist
802 1247 136 26 proprietors
946 1247 24 22 in
980 1247 87 29 leasing
1077 1250 59 22 their
1143 1251 73 23 lands.

976 1282 64 22 John
1050 1283 46 21 and
1107 1284 59 22 Geo.
1175 1285 82 23 Wade.

796 1325 156 27 Wanganui
966 1327 77 21 Land
1057 1329 124 27 Agency.

698 1356 97 23 HHHE
817 1358 153 28 undersigned
997 1360 85 28 having
1107 1363 88 22 resided
1223 1371 61 15 some

703 1383 30 22 X
762 1384 89 22 months
867 1388 23 19 at
903 1385 135 28 Wanganui,
1058 1388 41 22 has
1113 1390 58 22 been
1189 1391 95 22 enabled

697 1412 21 19 to
729 1411 64 21 make
802 1411 92 22 himself
906 1414 135 26 acquainted
1051 1415 54 22 with
1119 1416 38 22 the
1173 1417 50 21 best
1232 1418 52 22 sites

696 1437 33 21 for
738 1437 38 22 the
785 1438 105 23 selection
901 1440 26 21 of
933 1444 95 29 country
1037 1441 71 29 lands,
1120 1444 46 21 and
1174 1444 110 23 therefore

696 1463 52 22 with
762 1465 129 22 confidence
901 1467 91 22 tenders
1002 1468 33 21 his
1045 1470 96 21 services
1154 1474 22 18 to
1186 1472 98 26 proprie-

696 1493 51 24 tors,
766 1498 23 15 as
804 1499 28 14 an
848 1493 78 27 Agent
940 1494 34 21 for
990 1494 37 22 the
1044 1495 115 28 selection,
1170 1498 51 26 sale,
1234 1506 50 19 pur-

697 1517 72 27 chase,
780 1518 44 22 and
832 1519 88 28 leasing
928 1524 106 24 property
1043 1522 24 21 in
1078 1522 48 22 that
1136 1524 92 22 district.

724 1544 84 23 Letters
816 1546 36 21 for
861 1546 38 22 the
910 1548 124 22 subscriber
1047 1552 23 18 to
1084 1550 28 21 be
1127 1551 121 23 addressed
1261 1555 22 19 to

697 1571 36 21 the
744 1579 50 14 care
804 1572 25 22 of
839 1573 92 23 Messrs.
942 1574 79 27 Wade,
1032 1576 146 28 Wellington.

940 1601 31 22 H.
990 1602 119 28 Churton,
1122 1604 134 27 Wanganui:

771 1644 132 28 Building
916 1646 173 22 Allotments
1103 1651 29 19 to
1148 1650 58 22 Let.

696 1676 91 48 THE
804 1677 202 24 ADVERTISER
1021 1680 66 22 offers
1101 1689 62 19 upon
1178 1683 108 28 Building

771 1703 87 28 Leases,
870 1712 12 14 a
892 1706 96 21 number
999 1706 26 22 of
1034 1707 70 22 Town
1113 1708 138 24 Allotments
1260 1711 24 21 in

695 1731 37 19 the
741 1733 59 19 most
807 1731 110 22 desirable
926 1736 62 23 parts
997 1734 27 21 of
1034 1734 45 22 this
1089 1736 140 22 Settlement.

720 1757 49 21 The
787 1758 109 22 attention
914 1760 27 21 of
957 1760 38 21 the
1012 1761 76 27 public
1104 1762 20 22 is
1140 1764 144 28 particularly

694 1783 72 22 called
783 1787 23 18 to
824 1785 39 21 the
881 1786 126 28 advantage
1026 1788 27 21 of
1069 1788 108 29 Building
1193 1790 89 29 Leases,

694 1810 72 22 which
776 1811 35 22 the
820 1811 154 29 undersigned
982 1814 20 21 is
1013 1814 95 23 enabled
1117 1819 24 18 to
1150 1821 72 23 grant,
1229 1819 53 26 viz.,

693 1837 57 21 from
760 1845 67 14 seven
837 1842 23 18 to
877 1842 139 25 twenty-one
1032 1849 73 20 years,
1124 1844 121 28 according
1261 1849 21 18 to

694 1863 36 22 the
748 1864 64 22 value
832 1866 26 21 of
878 1866 38 22 the
940 1867 113 27 buildings
1075 1871 111 26 proposed
1209 1875 23 18 to
1255 1872 27 22 be

694 1891 94 22 erected.
816 1892 77 28 Apply
903 1896 24 19 to

856 1926 22 22 J.
893 1927 27 21 T.
936 1927 146 29 Wicksteed,
1094 1938 25 14 or

853 1953 36 21 W.
905 1954 29 21 V.
950 1955 106 27 Brewer,
1074 1958 188 23 Manners-street

739 1992 69 26 ftNi)
823 1996 63 23 FOR
900 1999 116 21 SALE.—
1016 2000 48 21 The
1079 2000 68 23 Town
1159 2002 66 28 Acre,
1242 2005 40 21 884

769 2030 28 14 on
807 2023 38 23 the
854 2025 242 27 Surveyor-General's
1105 2028 53 27 plan
1167 2037 5 19 ;
1188 2030 46 21 and
1243 2031 38 21 the

693 2049 99 28 Country
802 2051 75 21 Lands
891 2052 24 21 in
931 2052 37 21 the
985 2052 60 28 right
1060 2054 27 21 of
1100 2054 76 23 choice
1191 2057 26 21 of
1227 2057 54 22 land

693 2076 75 22 orders
786 2077 53 22 Nus.
856 2079 48 26 687,
922 2078 47 28 726,
991 2081 60 26 1084,
1072 2081 26 21 of
1113 2081 38 22 the
1171 2082 47 23 first
1237 2084 45 22 and

693 2103 107 28 principal
809 2105 136 22 settlement.
974 2106 45 21 For
1028 2110 70 19 terms
1108 2108 66 28 apply
1186 2113 22 18 to

943 2133 28 21 R.
987 2133 28 22 R.
1030 2134 101 28 Strang,
1144 2136 109 23 Solicitor.

839 2176 40 21 To
894 2178 33 19 be
943 2178 66 21 Sold
1025 2185 30 14 or
1070 2179 59 26 Let,

694 2208 161 50 SEVERAL
874 2210 70 22 Town
960 2211 47 22 and
1023 2212 101 28 Country
1143 2214 101 23 Sections
1260 2216 23 21 of

756 2235 71 23 Land.
855 2237 78 28 Apply
943 2240 23 20 to

1009 2265 94 23 RonERT
1114 2267 28 22 R.
1153 2268 100 23 Straktg.

692 2307 119 27 Country
825 2308 125 21 Sections
971 2310 43 20 for
1033 2311 61 21 Sale
1115 2318 37 15 on
1172 2313 108 22 Liberal

935 2337 102 21 Terms.

693 2367 161 49 SEVERAL
890 2369 102 23 Sections
1020 2371 26 22 of
1078 2373 101 28 Country
1206 2374 72 28 Land,

754 2395 91 28 already
854 2395 84 23 chosen
947 2397 24 21 in
982 2397 38 23 the
1033 2399 95 22 Porirua
1143 2400 92 28 district,
1246 2402 34 21 for

691 2421 56 28 Sale,
757 2430 73 14 TERMS
842 2430 106 15 LIBERAL.
978 2425 76 28 Apply
1064 2428 23 19 to

783 2456 24 22 F.
822 2457 30 21 A.
867 2458 172 28 Molesworth,
1057 2460 187 29 Murphy-street,
1255 2470 24 15 or

782 2483 35 22 W.
832 2484 29 21 V.
877 2485 108 27 Brewer,
997 2486 195 24 Manners-street.

829 2531 88 20 Town
931 2532 87 20 Acres
1032 2534 28 19 to
1077 2534 57 20 Let.

690 2562 177 49 NUMBERS
878 2571 29 15 on
917 2564 38 22 the
966 2565 242 28 Surveyor-General's
1218 2576 59 18 map,

879 2592 41 21 510
1100 2595 42 21 263

714 2616 45 22 For
767 2617 137 29 particulars,
917 2618 67 28 apply
995 2622 22 19 to
1027 2620 109 28 Wallace,
1143 2621 83 28 White,
1234 2623 44 22 and

690 2642 103 23 Wallace.

689 2688 31 48 I
736 2688 67 22 AND
822 2689 41 22 TO
887 2690 96 22 LET.—
984 2691 69 23 Town
1079 2700 63 15 acres
1166 2694 42 22 No.
1229 2696 46 25 168,

720 2715 14 21 J
763 2717 46 26 156,
819 2718 49 25 423,
885 2718 35 26 47,
931 2720 49 25 561,
993 2719 48 28 559,
1060 2721 45 20 and
1118 2728 70 20 many
1202 2721 75 22 others

696 2749 14 14 n
720 2742 37 22 the
768 2746 57 18 most
833 2742 110 24 desirable
957 2746 125 23 situations.
1112 2747 57 22 Also
1181 2752 96 24 country

696 2769 44 21 and
747 2776 30 14 on
785 2769 37 23 the
832 2771 72 22 banks
915 2772 27 21 of
948 2773 38 21 the
997 2773 69 22 River
1075 2774 61 22 Hutt
1145 2775 45 22 and
1199 2783 30 14 on
1239 2776 36 21 the

689 2795 91 23 Porirua
787 2797 61 22 road.
878 2798 76 28 Apply
965 2802 23 19 to

875 2844 2 4 .
1074 2828 22 21 J.
1112 2828 36 22 W.
1166 2829 80 22 Child.

898 2870 40 19 To
952 2870 34 21 be
1002 2872 58 25 Let,

678 2900 37 49 SEY¥%£l?S
724 2900 42 22 EY
765 2901 84 37 ¥%£l?
863 2902 94 23 TOWN
967 2904 106 24 ACRES,
1082 2906 24 22 in
1116 2908 90 22 various
1213 2912 61 26 parts

751 2929 26 20 of
787 2929 145 27 Wellington.
961 2931 45 22 For
1015 2934 139 28 particulars,
1171 2935 68 28 apply
1251 2940 23 17 to

860 2956 26 22 E.
902 2957 144 28 Catchpool,
1058 2960 108 23 Dickson.
1173 2966 73 19 street.

893 3002 41 21 To
949 3003 34 20 be
998 3004 58 26 Let,

689 3032 87 48 THE
789 3035 60 20 town
867 3042 50 14 acre
934 3035 44 23 No.
995 3038 41 21 680
1050 3045 31 15 on
1096 3038 38 23 the
1150 3040 124 28 Surveyor-

759 3060 116 23 General's
884 3062 61 27 plan,
955 3063 124 29 belonging
1088 3068 23 19 to
1128 3067 39 22 the
1183 3068 89 22 Church

686 3088 24 19 of
719 3088 112 21 Scotland.
860 3088 45 22 For
914 3093 75 24 terms,
1001 3091 67 28 apply
1079 3095 23 19 to

872 3115 94 23 Robert
977 3117 29 22 R.
1017 3119 101 28 Strang,
1133 3121 110 22 Solicitor.

701 3159 86 21 Town
802 3161 54 20 and
871 3161 124 28 Country
1009 3165 78 21 Land
1101 3167 30 20 to
1147 3167 33 21 be
1196 3168 58 21 Let.

688 3192 162 23 DECTIONS
866 3194 46 22 and
927 3196 101 26 portions
1044 3198 28 22 of
1084 3199 101 24 Sections
1202 3201 24 22 in
1241 3201 30 22 all

693 3221 24 20 J
751 3223 60 24 parts
828 3221 26 21 of
868 3221 39 22 the
926 3222 70 23 Town
1015 3224 26 22 of
1056 3225 147 30 Wellington,
1223 3229 47 22 also

685 3248 96 30 Country
790 3248 100 22 Sections
905 3248 24 22 in
940 3249 38 23 the
994 3251 97 23 districts
1107 3254 27 22 of
1147 3255 38 22 the
1202 3255 66 27 Hutt,

692 3274 26 20 he
732 3274 84 27 Kaiori,
826 3274 39 22 the
876 3275 76 28 Ohiro,
965 3277 46 23 and
1023 3278 38 23 the
1075 3280 101 24 Porirua.
1204 3282 66 28 Long

683 3301 67 20 leases
760 3301 26 21 of
793 3301 35 22 the
846 3305 96 23 country
951 3303 55 23 land
1021 3305 46 23 will
1083 3307 28 22 be
1126 3309 95 26 granted
1240 3317 28 14 on

683 3328 125 22 reasonable
818 3331 75 20 terms.
923 3329 44 23 For
976 3332 132 27 particulars
1119 3336 67 27 apply
1196 3340 22 18 to

870 3356 99 23 Hanson
981 3359 46 21 and
1040 3360 119 29 Alzdori-,

903 3383 124 25 Thorndon
1036 3387 73 28 Quay,
1121 3389 146 27 Wellington.

681 3426 254 48 WANGANUI.—
936 3429 98 24 Wanted
1044 3434 23 20 to
1081 3434 111 25 purchase
1202 3443 14 14 a
1224 3436 44 21 few

775 3458 102 23 sections,
887 3456 36 22 for
933 3456 52 23 cash
994 3465 6 19 ;
1016 3465 29 15 no
1056 3460 114 26 objection
1179 3465 23 19 to
1212 3462 55 24 high

680 3480 110 22 numbers.
817 3481 77 28 Apply
905 3486 24 19 at
938 3484 100 23 Medical
1048 3486 62 23 Hall.

705 3507 128 28 September
843 3510 19 26 2,
876 3511 61 21 1841.

815 3554 157 28 Wanganui
988 3557 134 23 Sections.

680 3585 171 49 WANTED
860 3587 41 22 TO
912 3588 172 30 PURCHASE,
1093 3600 14 14 a
1112 3593 43 22 few
1161 3594 102 28 sections,

771 3620 29 15 on
809 3615 132 22 reasonable
951 3619 75 25 terms,
1036 3618 36 22 for
1081 3620 69 27 ready
1160 3628 89 20 money.

701 3639 77 28 Apply
786 3641 29 27 by
823 3641 68 22 letter
901 3646 23 17 to
934 3643 25 22 B.
971 3644 33 26 C,
1014 3648 23 18 at
1047 3645 39 22 the
1101 3646 65 23 office
1182 3648 26 21 of
1226 3648 38 21 the

679 3667 89 25 Gazette,
779 3669 64 21 when
853 3676 14 14 a
881 3670 105 27 personal
1001 3672 157 28 appointment
1174 3674 45 22 will
1235 3674 28 23 be

677 3694 70 22 made.

820 3741 40 20 To
875 3741 33 22 be
924 3742 68 22 Sold
1006 3750 30 14 or
1051 3745 59 25 Let,

676 3764 129 49 THREE
823 3766 104 24 Wooden
944 3770 97 27 Houses,
1062 3771 99 22 situated
1179 3779 28 14 on
1223 3771 38 22 the

759 3792 184 30 Tinakore-road,
963 3796 39 22 the
1022 3797 84 22 second
1129 3805 51 15 acre
1202 3799 58 21 from

675 3819 89 26 Captain
781 3820 97 28 Smith's,
889 3823 134 28 containing
1035 3824 52 21 four
1099 3832 75 14 rooms
1188 3825 46 21 and
1248 3832 13 14 a

673 3851 96 21 passage,
789 3846 55 22 each
860 3848 53 22 with
931 3850 51 21 zinc
997 3851 68 26 roofs,
1086 3851 45 21 and
1149 3851 24 22 in
1192 3859 68 20 every

673 3875 83 23 respect
774 3873 47 21 well
840 3874 104 23 finished.
973 3876 108 22 Terms—
1081 3877 25 21 lf
1122 3878 55 26 sold,
1197 3879 63 21 £150

672 3898 31 34 [or
719 3898 61 26 each,
787 3898 69 24 house
865 3909 5 19 ;
885 3902 22 21 if
919 3902 38 27 let,
974 3903 33 22 £1
1025 3911 40 20 per
1075 3904 62 22 week
1154 3905 34 21 for
1203 3905 55 22 each
1258 3908 3 8 1
1260 3917 7 9 *

673 3926 72 20 house.
776 3926 75 28 Apply
861 3931 23 18 to
1225 3939 3 3 ■
1245 3927 22 20 .-*

822 3968 27 15 -r
1057 3957 76 23 James
1148 3957 94 24 Watt.'/

2154 658 67 20 Seed
2238 660 76 22 Peas.

1942 685 91 40 HpHE
2050 688 150 28 undersigned
2210 692 38 23 has
2258 701 14 14 a
2281 697 104 26 quantity
2394 698 27 22 of
2427 700 101 25 superior

1940 729 74 25 vTTi~,
2036 718 12 36 i
2049 722 6 13 l
2055 722 15 32 ii
2064 722 12 14 c
2091 723 11 14 S
2103 742 23 12 n
2131 716 13 22 A
2143 725 44 29 J?
2189 725 24 15 as
2218 719 42 35 M
2277 722 46 21 Bale
2325 739 6 10 >
2347 730 13 20 B
2363 731 45 15 row
2410 732 14 14 n
2443 726 24 22 in
2488 727 38 22 the

1940 739 313 55 Masa.
2254 746 44 23 iate
2310 749 37 22 Mr
2348 765 6 5 -
2365 751 73 23 £aton
2440 768 6 6 -
2469 753 42 23 Aia
2513 761 13 14 °

1967 817 187 26 Dickson-street.

1940 861 46 48 THS-tT
1990 862 22 21 H
2013 863 43 48 S-ti
2056 871 5 14 ll
2058 897 11 14 c
2063 871 7 14 l
2070 871 20 41 ic
2095 866 58 42 e^
2154 868 43 21 ned
2206 868 40 22 haS
2259 877 12 15 °
2273 877 15 15 n
2303 872 46 22 Sale
2360 873 37 23 the
2411 875 98 24 folIowhl
2510 885 16 20 «

1939 897 208 70 andfiSch
2140 927 7 14 1
2161 955 10 14 3
2172 927 15 47 f
2188 928 30 20 "'
2229 922 50 22 Sash
2287 924 79 23 rollers
2376 927 44 23 and
2430 932 95 26 -ntres,

1966 967 23 21 A
1997 972 64 23 great
2070 972 86 28 variety
2164 974 28 21 of
2197 982 86 21 screws,

1966 995 124 26 Engineers
2099 998 58 23 bolts
2166 1000 45 23 and
2221 1006 57 24 nuts,

1966 1022 51 27 Dog
2026 1023 46 22 and
2081 1031 47 16 cow
2140 1026 84 29 chains,

1966 1049 53 21 Iron
2029 1050 45 21 and
2084 1058 81 25 copper
2175 1054 59 28 wire,

1966 1083 75 40 Smitf
2133 1087 22 19 g>
2162 1088 13 14 a
2193 1081 13 22 d
2213 1082 19 21 ir
2233 1089 11 15 °
2246 1089 15 15 n
2268 1083 79 29 Piplng
2352 1085 13 21 f
2362 1094 13 13 °
2377 1094 10 14 r
2392 1090 21 19 St
2414 1095 13 14 °
2428 1096 37 21 yfiS
2466 1105 7 11 '
2482 1089 33 22 &C
2516 1106 7 6 *

1965 1127 45 22 Tar
2018 1129 45 22 and
2072 1130 54 23 shoe
2135 1133 100 29 brushes,
2246 1136 107 28 markers,
2364 1139 42 23 &c.

1964 1157 49 19 -Bed
2022 1157 109 28 sackings,

1965 1180 52 23 Fish
2027 1182 78 29 hooks,

1965 1207 79 23 Hooks
2054 1210 45 22 and
2109 1219 59 21 eyes,
2180 1214 50 27 pins
2238 1216 45 22 and
2292 1218 98 27 needles,

1968 1238 228 30 Unbleachedcalico,
2208 1245 74 19 cotton
2293 1244 88 28 checks,
2389 1247 43 23 &c.

1965 1263 52 26 slop
2027 1263 107 29 clothing,

1964 1287 95 29 Thread,
2070 1290 96 30 darning
2175 1297 82 25 cotton,
2268 1297 44 21 and
2323 1301 101 26 worsted,

2132 1327 85 21 SaUCeSj
2233 1325 127 22 maccaroni
2378 1334 36 15 an(
2414 1327 9 22 *
2441 1335 40 15 ver

1964 1395 30 10 TV
2008 1395 6 10 l
2088 1400 5 5 .
2307 1377 28 23 E.
2351 1379 142 26 CATCHPOOL.

1964 1395 186 26 Dickson-street.

1992 1441 112 27 Apples,
2124 1445 130 28 Oranges,
2269 1451 55 19 and
2338 1452 126 23 Lemons.

1937 1473 91 39 rpHE
2048 1475 149 29 undersigned
2206 1479 56 23 have
2273 1482 50 26 just
2331 1485 103 23 received
2447 1494 14 14 a
2470 1494 53 18 sup-

1943 1504 30 16 J-
2010 1504 40 23 ply
2068 1504 22 19 oi
2108 1504 59 22 fresh
2185 1506 82 29 apples,
2285 1516 100 22 oranges,
2404 1513 46 21 and
2467 1521 57 17 very

1936 1532 99 21 superior
2050 1528 82 23 Lisbon
2152 1538 84 22 emons,
2246 1524 39 33 tie
2295 1536 68 22 finest
2371 1546 53 14 ever
2438 1521 86 42 offS

1935 1586 12 12 a
2060 1555 24 21 th
2083 1583 12 15 f
2093 1564 10 14 S
2110 1557 31 40 %lony%
2142 1557 55 29 lony
2197 1576 6 5 -
2224 1560 69 34 PW
2299 1562 58 23 have
2364 1565 21 21 aI
2387 1573 24 14 *°
2418 1567 105 23 received

1935 1586 14 14 a
1956 1583 103 25 quantity
2069 1583 26 21 of
2101 1583 63 22 other
2173 1587 75 28 goods,
2259 1590 72 21 viz.—

1962 1609 70 19 islack
2042 1609 44 21 and
2095 1616 68 20 green
2173 1616 54 24 teas,

1963 1633 59 22 Rose
2030 1635 58 22 Cork
2093 1637 82 28 butter,

1963 1659 93 28 English
2063 1663 44 21 and
2117 1665 96 23 colonial
2222 1667 62 24 hams
2294 1670 46 22 and
2349 1671 80 28 bacon,

1965 1687 118 28 Wiltshire,
2093 1690 82 27 Dutch,
2187 1694 45 21 and
2240 1695 97 23 colonial
2347 1698 89 26 cheese,

1963 1715 81 26 Coffee,
2056 1723 100 21 peppers,
2166 1719 42 22 &c.

1961 1741 56 21 Fine
2027 1743 62 21 tooth
2098 1745 75 22 combs
2183 1747 46 22 and
2237 1748 101 29 dressing
2348 1752 84 27 combs,

1964 1770 53 19 Also
2036 1776 14 14 a
2067 1770 33 22 lot
2121 1772 25 21 of
2163 1779 92 17 canvass
2273 1776 82 28 frocks,
2369 1779 95 28 jackets,
2475 1782 46 22 and

1933 1796 102 21 trowsers
2044 1797 80 28 selling
2131 1802 160 28 uncommonly
2301 1803 72 29 cheap
2382 1806 35 22 for
2425 1808 60 22 cash.

1961 1847 65 13 wit
2060 1853 8 7 *.
2118 1852 13 8 n,
2180 1827 127 24 Anderson
2322 1832 46 21 and
2382 1833 84 23 Rowan
2470 1843 21 13 d.

1963 1850 142 29 Wellington,
2117 1852 129 28 September
2257 1858 31 26 10,
2302 1859 66 21 1841..

1933 1892 72 38 f\N
2015 1894 85 29 SALE,
2112 1904 27 15 ex
2148 1899 98 26 Matilda,

1935 1920 46 20 v^
2010 1920 60 28 Fifty
2080 1925 50 20 tons
2139 1925 48 23 first
2197 1928 100 23 Colonial
2306 1930 65 27 flour,

2009 1949 79 22 Brown
2098 1957 73 23 sugar,

2010 1974 97 29 Raisins,
2118 1978 47 28 figs,

2009 2000 124 25 Barcelona
2141 2009 58 24 nuts,

2009 2026 124 31 Liquorice,

2009 2053 79 24 Mould
2098 2058 98 29 candles,

2011 2080 105 30 Whiting,
2127 2084 110 30 blacking,

2009 2107 94 29 Oakum,
2115 2111 58 28 blue,

2008 2134 99 27 Taylor's
2117 2138 91 24 Persian
2218 2141 85 29 thread,

1930 2160 249 56 quarter^™^
2265 2177 11 14 r
2293 2178 21 14 m
2316 2187 7 11 '
2342 2172 24 21 in
2385 2172 57 23 hhds
2443 2190 7 5 '
2472 2175 47 22 and

2008 2214 77 23 Wines
2090 2217 24 22 in
2123 2220 64 22 wood
2196 2221 45 23 and
2249 2223 77 29 bottle,

2009 2244 44 20 Ale
2062 2244 45 22 and
2115 2249 75 24 porter
2197 2248 25 22 in
2231 2249 76 30 bottle,
2316 2256 75 23 quarts
2396 2254 46 22 and
2451 2255 67 28 pints.

2233 2282 81 24 Waitt
2324 2286 44 22 and
2379 2287 83 23 Tysbr.

1930 2308 145 30 Wellington,
2086 2312 131 28 September
2225 2318 19 25 3,
2256 2319 61 21 1841.

1933 2353 72 47 QN
2028 2355 86 29 SALE,
2139 2358 29 27 by
2194 2359 37 23 the
2253 2362 197 29 undersigned:—

1931 2439 32 15 wa
1957 2407 14 20 2
1964 2440 25 14 re
1990 2406 56 24 hhdS
2048 2425 14 11 ''
2080 2412 113 22 containin
2194 2420 16 20 ff
2227 2421 13 14 a
2257 2422 15 20 »
2272 2420 49 19 reat
2338 2420 86 28 variety
2442 2421 27 22 of
2484 2421 34 23 tin

1957 2450 84 60 Pa'n
2044 2497 11 13 eStoUt>e
2048 2465 66 26 StoUt>
2252 2470 36 42 L
2308 2470 90 25 Packed
2425 2475 25 22 iQ
2477 2476 41 22 red

1959 2489 103 80 M^ft
2064 2520 39 19 wta
2116 2519 120 24 «ddKH-
2239 2539 4 11 l
2250 2496 106 53 jfe!R
2364 2530 16 19 11
2383 2501 55 49 3t
2441 2502 15 22 d
2482 2503 36 21 for

1956 2567 107 24 Blankets
2064 2581 27 5 —
2092 2571 66 23 white
2167 2574 46 22 and
2222 2577 38 22 red

1956 2594 112 30 Clothing,
2261 2594 7 11 '

1956 2621 80 23 Cotton
2046 2625 77 28 prints,

1955 2647 82 28 Sherry
2044 2651 23 21 in
2078 2656 90 23 quarter
2177 2655 70 29 casks,

1955 2677 209 26 Double-barrelled
2173 2685 129 24 percussion
2310 2694 67 20 guns,

1954 2701 136 28 Negrohead
2099 2707 99 23 tobacco.

1955 2755 60 23 June
2027 2757 33 27 16,
2072 2760 60 21 1841.
2306 2740 95 24 SaMUEL
2413 2743 94 24 Revans
2509 2761 5 6 -

1929 2799 72 30 T?X
2023 2802 39 22 the
2084 2805 60 27 Lucy
2168 2808 88 27 Sharpe,
2281 2811 26 21 of
2331 2813 140 24 London:—

1924 2880 72 53 prSs
1987 2889 26 14 Ur
2013 2886 106 54 cSet
2125 2887 114 57 fctr
2240 2893 53 26 16^
2294 2900 27 14 00
2323 2893 13 21 '
2338 2901 9 14 8
2349 2910 6 11 '
2364 2902 26 15 co
2391 2903 26 15 -
2418 2896 100 29 is^of

1952 2935 22 20 A
1984 2936 60 28 large
2055 2940 62 21 stock
2128 2941 26 21 of
2164 2945 77 26 strong
2250 2944 132 25 hob-nailed
2390 2949 71 24 boots.

1951 2995 90 28 August
2048 2972 110 54 28^
2159 2983 27 15 CE
2187 2992 7 12 >
2205 2977 199 29 WH^andWA
2406 2991 12 14 L
2420 2990 42 16 r,Ac
2464 2992 12 14 E
2479 3001 6 5 .

2002 3043 61 21 Van
2077 3045 136 24 Diexnan's
2227 3050 77 22 Land
2317 3053 119 22 Timber.

1934 3075 30 40 A
1985 3076 19 22 L
2003 3077 23 38 £
2028 3078 21 22 R
2050 3079 21 21 ®
2073 3079 18 22 E
2105 3082 103 27 quantity
2218 3084 26 21 of
2256 3084 51 23 Van
2317 3087 119 23 Dieman's
2445 3089 67 23 Land

2003 3107 81 20 timber
2102 3107 26 21 of
2144 3109 90 23 various
2250 3111 136 25 dimensions
2395 3122 6 19 ;
2425 3115 55 27 also,
2497 3124 14 15 a

1923 3129 61 28 large
1995 3135 102 25 quantity
2106 3133 27 22 of
2143 3135 100 24 Colonial
2252 3138 86 29 timber,
2355 3141 126 26 consisting,
2486 3143 26 23 of

1924 3157 96 22 weather
2039 3159 78 28 lining,
2133 3162 45 21 and
2187 3162 94 30 flooring
2289 3166 81 23 boards
2380 3167 46 23 and
2436 3174 75 18 scant-

1922 3183 38 49 t
1955 3185 307 59 S^oK^i^
2253 3225 11 15 c
2265 3200 23 41 i
2297 3199 50 17 n^
2361 3202 14 14 °
2377 3201 13 15 n
2486 3202 24 19 at

1949 3244 63 28 They
2022 3246 45 22 will
2076 3247 46 22 also
2132 3248 27 22 be
2175 3249 75 30 happy
2260 3255 23 19 to
2293 3253 82 28 supply
2384 3255 63 24 those
2458 3258 51 22 who

1921 3272 80 21 intend
2010 3276 98 25 erecting
2118 3275 111 29 buildings
2237 3279 53 21 with
2300 3280 38 22 the
2343 3282 72 23 above
2422 3284 85 26 article,

1922 3300 38 19 cut
1979 3302 23 17 to
2021 3300 71 28 order,
2114 3302 26 21 of
2162 3310 46 21 any
2228 3304 137 25 dimensions
2385 3309 54 29 they
2456 3319 53 19 may

1920 3331 93 21 require,
2034 3327 45 21 and
2100 3328 134 25 deliverable
2253 3336 23 18 at
2295 3340 46 21 any
2359 3340 51 23 part
2427 3338 28 21 of
2468 3322 41 39 thJ

1920 3350 72 23 beach
2003 3359 28 15 on
2042 3353 38 22 the
2088 3354 96 24 shortest
2190 3358 83 23 notice.

2029 3417 5 4 .
2182 3390 61 25 John
2258 3400 47 15 and
2321 3394 60 23 Geo.
2395 3396 83 24 Wade.

2064 3432 171 30 Wellington
2249 3437 114 23 Tavern.

1969 3463 52 23 DW
2018 3491 5 5 -
2022 3465 21 21 A
2045 3465 23 38 X;
2067 3466 21 22 D
2116 3467 96 24 DAVIS
2239 3471 54 27 begs
2316 3476 24 18 to
2363 3474 83 22 inform
2469 3475 35 23 his

1911 3514 3 3 .
1919 3492 47 19 J-^
1996 3492 85 22 friends
2090 3495 45 21 and
2145 3495 37 22 the
2192 3497 73 26 public
2274 3499 23 21 in
2307 3501 100 27 general,
2418 3501 47 22 that
2475 3502 30 22 he

1918 3520 41 18 has
1974 3520 87 25 opened
2077 3520 38 22 the
2126 3521 136 29 Wellington
2274 3526 96 27 Tavern,
2382 3528 122 22 Lambton-

1917 3550 68 21 quay,
1996 3545 73 22 where
2080 3547 53 28 they
2142 3549 44 22 will
2200 3550 47 23 find
2255 3559 14 15 a
2277 3552 78 23 choice
2365 3554 104 22 selection
2481 3556 27 21 of

1919 3573 84 19 bottled
2015 3573 35 21 ale
2060 3574 45 21 and
2114 3578 82 26 porter,
2206 3578 73 27 spirits
2289 3580 45 21 and
2341 3581 69 22 wines
2423 3581 27 22 of
2455 3582 50 22 first

1916 3601 48 17 rate
1975 3598 93 28 quality.

1943 3623 59 23 N.B.
2003 3637 27 4 —
2032 3626 66 23 Good
2107 3627 86 24 Burton
2203 3630 41 28 ale,
2256 3632 40 22 &c.
2307 3633 40 22 &c.

1943 3651 22 21 A.
1973 3653 103 28 quantity
2082 3654 27 22 of
2114 3656 84 27 garden
2205 3658 69 27 seeds,
2281 3658 38 23 the
2326 3659 98 27 produce
2431 3661 26 22 of
2462 3660 39 24 the

1917 3679 94 27 Colony,
2022 3679 36 22 for
2067 3681 52 22 sale.

1916 3723 51 48 R
2010 3724 164 25 STURGEON
2195 3729 44 21 and
2253 3729 35 22 W.
2303 3730 92 27 NEAL,
2417 3731 84 28 having

1971 3761 11 10 •
2025 3754 107 21 removed
2148 3757 23 19 to
2187 3755 188 29 Lambton-quay,
2392 3761 61 20 most
2464 3766 36 14 re-

1914 3778 120 28 spectfully
2050 3782 75 19 return
2145 3781 82 22 thanks
2251 3784 22 19 to
2296 3782 39 22 the
2354 3787 82 24 gentry
2454 3785 47 22 and

1913 3804 139 23 inhabitants
2062 3806 26 21 of
2100 3807 55 22 Port
2168 3808 122 22 Nicholson
2300 3809 35 22 for
2352 3810 38 22 the
2406 3815 94 24 support

1913 3830 54 26 they
1976 3830 57 23 have
2050 3832 98 23 hitherto
2158 3835 151 27 experienced,
2324 3837 49 21 and
2387 3837 66 28 hope;
2467 3839 32 27 by

1912 3857 45 22 still
1968 3858 167 29 endeavouring
2148 3863 23 19 to
2185 3861 51 26 give
2246 3862 144 29 satisfaction,
2401 3867 23 19 to
2436 3872 61 16 com-

1912 3884 69 22 mand
1992 3884 57 23 their
2058 3886 73 23 future
2141 3887 96 23 favours.

1938 3911 180 29 Chronometers,
2135 3913 73 23 clocks
2225 3915 43 22 and
2284 3916 104 28 watches,
2404 3918 93 23 musical

1911 3938 45 21 and
1965 3939 122 28 repeating,
2095 3941 65 21 made
2170 3942 44 21 and
2224 3942 107 27 repaired.

1938 3964 58 23 N.B.
1997 3977 28 4 —
2025 3966 119 30 Jewellery
2154 3968 64 23 made
2228 3970 44 21 and
2281 3970 108 28 repaired.

1317 659 5 3 •
1329 642 118 24 TAMES
1456 644 127 23 BURTON
1596 647 69 21 AND
1675 648 82 27 SONS,
1769 649 142 27 Millwrights

1313 671 35 21 ,«/
1371 669 46 22 and
1433 671 131 27 Engineers,
1576 673 27 21 of
1613 673 81 22 John's
1709 675 73 26 Place,
1801 675 110 22 Holland-

1321 698 73 24 street,
1406 697 139 28 Southwark,
1557 699 103 27 London,
1671 701 43 26 beg
1722 701 63 22 leave
1796 704 22 19 to
1829 702 81 22 inform

1317 722 124 27 •capitalists
1451 725 45 21 and
1505 725 38 21 the
1553 726 87 22 settlers
1649 727 24 21 in
1689 728 98 27 general,
1799 728 49 21 that
1858 729 52 27 they

1375 749 28 21 be
1420 751 103 26 supplied
1539 759 29 14 on
1584 753 115 22 moderate
1715 757 68 19 terms
1797 755 46 21 and
1859 758 22 18 at
1896 763 14 14 a

1395 777 82 27 notice,
1488 778 53 22 with
1552 781 71 19 steam
1633 780 93 26 engines
1736 781 27 21 of
1773 788 45 19 any
1829 788 79 20 power,

1320 801 65 22 horse
1394 803 45 21 and
1449 807 69 19 water
1527 805 88 28 wheels,
1627 806 60 22 wind
1695 807 65 26 mills,
1770 815 45 14 saw
1826 808 43 21 and
1879 809 29 20 oil

1318 828 67 26 mills,
1402 829 46 22 and
1464 837 67 21 every
1547 831 55 22 kind
1620 833 26 21 of
1656 833 48 21 mill
1719 834 45 21 and
1778 834 131 28 machinery

1319 855 92 22 suitable
1422 859 24 19 to
1456 864 14 14 a
1481 864 50 15 new
1547 859 141 26 settlement;
1705 861 70 21 either
1791 861 116 27 complete,

1319 887 25 15 or
1353 881 37 22 the
1400 882 50 22 iron
1460 883 46 22 and
1520 884 63 22 brass
1599 886 68 25 work,
1679 887 39 21 &c.
1735 887 61 27 only,
1807 888 69 27 ready
1886 892 23 17 to

1310 906 39 26 \fix
1364 911 23 18 to
1404 909 38 22 the
1456 911 70 26 wood,
1540 911 54 21 with
1608 913 100 26 working
1722 913 117 29 drawings,
1858 918 20 18 to
1895 922 14 14 a

1310 934 73 27 'scale,
1394 936 118 28 complete,
1524 937 44 22 and
1582 946 67 19 every
1659 939 69 22 detail
1743 940 46 22 and
1800 941 107 22 direction

1318 967 65 16 mven
1394 965 22 18 to
1428 963 79 22 enable
1525 964 36 21 the
1571 969 122 22 purcliaser
1707 969 24 19 to
1745 967 59 22 avail
1820 967 92 23 himself

1309 988 36 26 jof
1355 988 39 22 the
1402 988 80 23 labour
1491 993 23 18 to
1524 991 28 21 be
1562 991 71 22 found
1650 1000 29 14 on
1696 993 37 22 the
1743 996 57 25 spot,
1811 994 52 22 both
1874 995 35 21 for

1317 1014 92 28 tnaking
1423 1016 39 22 the
1479 1024 119 19 necessary
1612 1019 104 28 framing,
1728 1020 44 22 and
1838 1021 69 28 fixing

1318 1041 36 21 the
1364 1042 139 29 machinery.
1532 1044 41 22 We
1584 1045 45 27 beg
1639 1046 48 22 also
1703 1050 23 18 to
1740 1047 43 21 call
1797 1049 110 21 attention

1309 1069 31 20 -to
1350 1075 13 14 a
1372 1071 79 24 patent
1459 1070 101 27 portable
1571 1072 53 21 crab
1634 1073 28 21 of
1672 1080 41 14 our
1723 1080 48 15 own
1782 1074 124 28 invention,

1317 1094 66 22 made
1393 1098 23 19 to
1425 1096 77 22 attach
1511 1100 24 19 to
1545 1105 14 14 a
1568 1098 66 22 shear
1642 1099 38 27 leg
1688 1099 50 27 pole
1749 1108 25 13 or
1785 1103 52 25 tree,
1847 1104 22 19 to
1878 1102 29 21 be

1312 1121 59 29 ;used
1380 1122 53 22 with
1448 1123 77 22 blocks
1540 1125 44 21 and
1593 1125 40 22 fall
1648 1127 33 20 -it
1694 1127 18 21 is
1728 1127 88 27 getting
1830 1131 78 19 exten-

1316 1148 71 27 sively
1395 1149 48 22 into
1453 1157 40 15 use
1500 1151 29 26 by
1537 1151 99 23 buildeis
1647 1153 43 21 and
1699 1153 81 22 others.
1809 1155 24 21 It
1840 1155 20 21 is
1869 1155 39 22 ad-

1316 1174 95 28 mirably
1422 1176 97 27 adapted
1535 1178 35 21 for
1585 1186 14 14 a
1615 1186 50 15 new
1681 1180 87 27 colony,
1781 1188 23 14 as
1819 1181 18 22 it
1851 1182 19 21 is
1884 1185 24 18 at

1317 1207 54 16 once
1380 1203 102 26 portable
1491 1204 47 22 and
1547 1206 115 27 powerful,
1674 1207 45 21 and
1729 1214 39 14 can
1782 1207 27 23 be
1820 1209 87 27 applied

1317 1228 72 22 where
1399 1229 64 22 other
1474 1231 63 21 crabs
1554 1236 84 18 cannot
1648 1233 34 21 be.
1712 1233 22 22 It
1745 1233 46 22 will
1801 1235 52 22 take
1862 1243 45 20 any

1316 1254 78 28 length
1408 1257 26 20 of
1444 1257 47 27 fall,
1503 1257 46 23 and
1564 1266 54 20 may
1632 1259 30 22 be
1676 1260 136 28 disengaged
1825 1265 24 18 at
1862 1270 45 20 any

1316 1282 62 26 point
1388 1283 94 22 without
1491 1285 133 28 unwinding
1630 1286 25 27 it,
1664 1287 45 21 and
1718 1287 62 22 there
1789 1289 19 21 is
1817 1296 30 14 no
1857 1296 50 20 pos-

1316 1308 83 28 sibility
1423 1310 26 21 of
1470 1311 37 21 the
1533 1311 40 22 fall
1599 1314 152 26 overrunning
1769 1322 27 14 or
1821 1317 86 27 getting

1310 1336 110 25 jammed.
1440 1337 63 22 Each
1512 1341 50 24 part
1571 1339 46 21 will
1625 1339 28 22 be
1664 1348 24 14 so
1698 1341 110 27 carefully
1814 1343 93 22 marked

1315 1362 48 21 that
1372 1362 62 22 there
1444 1364 44 22 will
1503 1365 28 21 be
1547 1372 29 14 no
1594 1365 109 29 difficulty
1711 1367 25 22 in
1746 1368 91 28 putting
1846 1369 60 23 them

1315 1389 107 27 together,
1434 1390 46 22 and
1489 1391 37 21 the
1534 1392 72 22 whole
1616 1393 46 21 will
1671 1393 28 22 be
1709 1395 101 27 securely
1820 1397 86 26 packed

1315 1415 45 21 and
1373 1416 101 28 marked,
1484 1425 25 14 so
1523 1425 24 15 as
1559 1422 24 18 to
1597 1424 96 23 prevent
1709 1428 44 20 any
1763 1422 102 22 accident
1881 1431 26 14 or

1315 1442 93 22 mistake
1419 1451 30 13 on
1460 1444 38 22 the
1507 1452 86 21 voyage
1603 1454 5 19 ;
1625 1447 113 23 delivered
1745 1451 23 19 at
1783 1456 45 20 any
1837 1450 73 22 wharf

1315 1475 23 15 in
1348 1469 104 23 London.

1341 1496 44 21 For
1395 1497 115 23 reference
1520 1499 44 21 and
1581 1502 68 20 terms
1665 1501 67 28 apply
1740 1504 24 19 to
1780 1509 42 15 our
1831 1507 73 24 agent,

1314 1522 43 22 Mr.
1369 1522 80 29 Henry
1460 1525 96 28 Boyton,
1568 1526 120 29 Engineer,
1698 1528 143 29 Wellington,
1849 1531 56 22 New

1315 1549 106 23 Zealand.

1485 1597 68 21 Port
1567 1598 32 20 of
1615 1599 124 21 London.

1305 1642 3 5 .
1368 1628 89 23 Notice
1477 1637 28 14 to
1525 1638 44 14 the
1592 1631 123 23 Public—
1715 1633 125 24 Travellers
1860 1636 44 22 and

1315 1654 73 23 others
1398 1655 51 22 who
1458 1656 56 22 send
1523 1657 107 28 baggage,
1641 1659 72 22 works
1723 1660 26 22 of
1761 1665 40 23 art,
1808 1670 26 14 or
1841 1663 63 22 other

1315 1681 65 22 value
1390 1686 105 24 property
1504 1687 24 18 to
1538 1684 111 28 England,
1667 1685 81 23 should
1763 1689 92 26 consign
1866 1690 37 22 the

1315 1708 110 28 packages
1435 1713 23 18 to
1469 1711 37 20 the
1517 1718 49 14 care
1573 1711 27 21 of
1606 1719 13 14 a
1625 1711 99 24 licensed
1732 1714 171 25 Custom-house

1306 1738 82 24 .agent,
1404 1743 24 14 as
1445 1737 89 21 articles
1548 1745 38 15 are
1602 1739 128 28 frequently
1743 1741 97 28 injured,
1858 1744 45 21 and

1315 1762 100 22 needless
1425 1770 99 20 expense
1539 1764 110 29 incurred,
1663 1766 40 22 for
1717 1767 37 22 the
1769 1772 63 19 want
1847 1771 26 21 of
1889 1778 15 14 a

1314 1796 80 20 proper
1402 1797 82 19 person
1495 1793 24 19 to
1529 1791 51 22 take
1590 1792 82 27 charge
1681 1794 27 21 of
1723 1794 61 22 them
1800 1803 29 15 on
1846 1797 57 22 their

1314 1816 87 24 arrival,
1411 1816 45 22 and
1467 1824 36 14 see
1519 1818 61 22 them
1597 1820 99 27 entered,
1714 1822 126 28 examined,
1858 1825 44 21 and

1314 1843 106 27 carefully
1435 1844 119 27 repacked.
1588 1845 48 23 The
1656 1846 80 29 charge
1754 1849 17 21 i
1776 1849 12 21 3
1788 1849 37 22 the
1841 1858 61 15 same

1313 1870 98 22 whether
1421 1877 24 14 so
1456 1872 122 26 consigned
1588 1880 26 14 or

1362 1897 173 23 Custom-house
1546 1898 117 29 Chamber,
1674 1901 103 26 London,

1315 1950 137 45 rvEVOY
1463 1952 44 21 and
1518 1953 53 25 CO.,
1587 1955 45 19 who
1646 1961 37 14 are
1700 1957 34 19 the
1749 1957 152 24 LICENSED

1352 1976 33 23 *.„
1393 1978 126 21 AGENTS
1527 1980 28 24 of
1562 1981 49 19 Her
1617 1983 112 24 Majesty's
1736 1984 165 22 Commissioners

1314 2004 26 23 of
1351 2004 100 25 Customs,
1462 2006 42 19 and
1517 2007 67 19 under
1594 2009 64 24 heavy
1666 2010 63 20 bonds
1736 2011 41 24 for
1787 2012 36 19 the
1832 2012 68 26 safety

1313 2030 27 25 of
1345 2034 103 24 property
1464 2034 111 32 consiyned^
1589 2037 21 18 to
1626 2037 62 24 them,
1708 2037 44 27 beg
1769 2038 65 21 those
1852 2039 47 22 who

1312 2058 55 21 send
1376 2058 111 28 packages
1497 2063 24 18 to
1530 2060 58 22 their
1598 2070 57 19 care,
1671 2066 23 19 to
1703 2070 37 15 see
1750 2064 49 22 that
1808 2065 54 22 each
1872 2066 27 22 be

1312 2084 113 28 distinctly
1444 2086 94 22 marked
1585 2088 82 22 Dcvoy
1685 2090 44 22 and
1749 2091 47 27 Co.,
1816 2092 84 22 Lower

1312 2112 200 28 Thames-stkeet,
1653 2117 86 21 andthe
1746 2117 40 22 bill
1794 2119 26 20 of
1825 2119 75 28 lading

1313 2145 24 14 or
1350 2139 85 27 receipt
1449 2139 124 23 forwarded
1592 2145 23 18 to
1634 2143 61 22 them
1713 2143 70 23 direct
1798 2145 31 27 by
1843 2150 55 23 post,

1312 2164 51 22 with
1373 2166 145 22 instructions
1527 2167 50 23 how
1588 2169 54 21 such
1653 2170 69 27 goods
1732 2178 36 15 are
1778 2175 24 18 to
1815 2173 27 21 be
1858 2173 42 22 dis-

1312 2192 67 24 posed
1390 2193 25 21 of
1427 2200 29 14 on
1465 2194 80 22 arrival
1554 2202 5 19 ;
1576 2195 44 22 and
1629 2204 24 14 as
1661 2204 67 21 every
1734 2199 100 27 package
1841 2204 59 18 must

1312 2218 27 22 be
1355 2219 87 27 opened
1463 2223 23 19 at
1504 2220 38 22 the
1560 2222 179 28 Custom-house,
1759 2225 21 21 if
1799 2233 45 21 any
1862 2235 37 14 are

1311 2244 86 29 locked,
1408 2246 39 22 the
1456 2247 56 28 keys
1521 2248 80 22 should
1611 2249 27 22 be
1649 2250 130 23 forwarded.

1339 2272 76 22 Goods
1425 2273 46 22 and
1479 2275 111 27 packages
1600 2284 37 14 are
1647 2277 123 23 forwarded
1780 2279 31 27 by
1821 2280 78 27 Devoy

1311 2299 44 21 and
1365 2300 38 22 Co.
1414 2304 23 18 to
1448 2301 30 21 all
1491 2305 61 23 parts
1566 2303 26 21 of
1604 2303 38 23 the
1660 2305 127 28 Continent,
1800 2306 37 21 the
1848 2307 52 22 East

1311 2326 43 22 and
1365 2327 63 21 West
1436 2327 83 27 Indies,
1529 2329 110 28 Colonies,
1651 2331 40 22 &c.
1703 2333 40 20 &c.
1752 2341 6 17 ;
1770 2333 52 26 and,
1834 2334 20 21 if
1865 2342 35 14 re-

1310 2353 85 27 quired,
1406 2358 52 18 sent
1472 2358 22 18 to
1504 2355 38 23 the
1555 2364 50 14 care
1622 2358 26 21 of
1658 2359 137 27 responsible
1811 2360 87 28 houses,

1310 2380 49 22 who
1374 2381 44 21 will
1435 2389 38 15 see
1489 2381 38 23 the
1543 2383 146 24 instructions
1705 2390 50 17 sent
1769 2387 54 22 with
1839 2388 60 22 them

1310 2408 131 27 punctually
1451 2409 107 22 attended
1568 2413 30 19 to.

1336 2433 39 23 All
1385 2435 70 26 goods
1465 2436 45 22 and
1519 2437 111 28 packages
1638 2439 36 21 for
1682 2439 114 28 shipment
1803 2444 59 19 must
1870 2442 28 21 be

1310 2462 160 26 accompanied
1479 2463 30 27 by
1526 2464 87 22 written
1629 2465 150 29 instructions,
1791 2468 53 21 with
1861 2468 37 23 the

1309 2494 65 16 name
1384 2489 46 21 and
1439 2489 90 23 address
1540 2491 26 21 of
1578 2491 39 22 the
1627 2493 81 26 parties
1717 2493 30 27 by
1758 2494 71 22 whom
1846 2495 52 28 they

1308 2521 37 15 are
1359 2518 57 25 sent,
1432 2516 47 22 and
1495 2517 38 22 the
1547 2522 103 18 contents
1663 2519 45 22 and
1724 2520 65 22 value
1806 2522 27 21 of
1844 2524 54 20 each

1308 2541 98 28 package
1417 2543 81 22 stated.
1526 2543 48 23 The
1589 2545 56 28 duty
1655 2547 109 22 outwards
1777 2548 20 21 is
1808 2549 43 22 10s.
1859 2557 39 19 per

1308 2569 61 21 £100
1383 2569 75 23 value.
1495 2570 48 23 The
1559 2575 49 19 rate
1623 2573 27 21 of
1662 2573 119 22 insurance
1799 2575 98 28 depends

1308 2602 59 20 upon
1377 2596 183 24 circumstances.
1589 2599 45 22 For
1651 2600 85 22 further
1751 2601 144 24 information

1307 2622 66 27 apply
1398 2626 24 18 to
1445 2624 45 22 Mr.
1510 2625 94 22 Samuel
1630 2626 101 28 Revans,
1750 2628 145 27 Wellington,

1307 2649 52 22 Port
1369 2649 132 24 Nicholson.

1456 2697 70 20 Mew
1534 2697 123 22 Zealand
1668 2699 76 21 Flax.

1308 2727 36 48 P
1344 2728 51 22 'OR
1401 2729 85 28 SALE,
1496 2737 14 14 a
1517 2730 111 28 machine,
1637 2739 26 14 or
1671 2732 53 27 plan
1733 2733 26 21 of
1764 2741 14 14 a
1785 2734 109 29 machine,

1364 2755 37 21 for
1409 2756 103 28 dressing
1528 2757 57 22 New
1598 2758 101 23 Zealand
1712 2759 57 28 flax;
1786 2768 14 14 a
1812 2762 83 27 sample

1307 2781 24 21 of
1343 2781 72 23 which
1424 2790 53 21 may
1485 2784 30 22 be
1525 2792 53 14 seen
1589 2788 23 18 at
1627 2785 43 23 this
1685 2786 78 23 Office.
1792 2788 48 21 The
1849 2796 46 15 ma-

1307 2808 64 22 chine
1382 2809 78 23 driven
1471 2811 30 27 by
1510 2818 44 15 one
1562 2819 61 20 man,
1632 2813 20 21 is
1659 2813 91 27 capable
1761 2814 26 22 of
1794 2814 99 29 dressing

1307 2836 38 21 100
1354 2836 88 27 pounds
1456 2837 25 22 in
1497 2841 38 19 ten
1545 2838 75 28 hours,
1632 2839 45 22 and
1687 2848 41 13 can
1743 2841 26 21 of
1780 2849 78 15 course
1867 2843 27 22 be

1305 2863 115 22 increased
1430 2867 23 19 to
1470 2872 45 20 any
1525 2869 100 24 amount,
1636 2867 31 27 by
1677 2867 37 22 the
1731 2868 36 21 aid
1783 2869 26 21 of
1820 2872 72 25 water,

1306 2896 23 14 or
1338 2893 70 19 steam
1418 2898 83 20 power.

1332 2916 85 23 Should,
1432 2918 44 22 this
1493 2922 61 18 meet
1569 2919 39 22 the
1624 2921 69 22 views
1709 2922 26 21 of
1750 2928 46 21 any
1814 2922 27 22 of
1857 2923 36 22 the

1305 2945 148 27 enterprising
1469 2945 106 23 colonists
1591 2947 27 21 of
1629 2947 53 22 Port
1696 2948 132 28 Nicholson,
1841 2950 53 28 they

1306 2976 51 21 may
1366 2978 78 15 secure
1461 2980 14 14 a
1489 2973 98 22 fortune.
1617 2974 55 27 Any
1681 2975 107 27 inquiries
1805 2976 89 23 address

1304 2999 22 18 to
1336 2997 27 21 R.
1373 2998 31 22 A.
1415 2998 40 28 H.,
1467 3002 22 19 to
1501 2999 37 23 the
1549 3008 50 14 care
1609 3001 27 21 of
1648 3001 98 22 William
1758 3002 132 28 Robertson,

1304 3023 160 25 Chronometer
1494 3027 92 28 -Maker,
1615 3028 144 28 Kororarika,
1788 3029 48 29 Bay
1870 3031 27 21 of

1305 3050 93 29 Islands,
1409 3052 58 22 New
1475 3053 109 22 Zealand.

1305 3096 70 47 ON
1386 3096 86 29 SALE,
1484 3105 29 15 ex
1522 3100 61 26 Lucy
1593 3100 124 26 Sharpe.—

1372 3123 132 29 Abernethy
1518 3125 98 28 biscuits,
1628 3127 76 22 mixed
1718 3126 63 23 York
1795 3127 63 28 ditto,
1868 3129 23 21 in

1302 3152 31 19 tin
1343 3157 68 20 cases,

1328 3176 127 29 Presburgh
1472 3179 57 22 wine
1545 3180 99 28 biscuits,
1662 3180 107 28 captain's
1789 3181 63 28 ditto,
1867 3182 23 22 in

1301 3206 31 18 tin
1344 3211 67 19 cases.

1327 3230 89 23 Bottled
1425 3232 73 27 fruits,
1507 3233 85 27 pickles
1602 3234 45 21 and
1656 3241 84 20 sauces,

1328 3256 92 24 Seidlitz
1429 3260 108 26 powders,
1547 3260 139 28 champagne
1696 3261 75 21 lemon
1782 3262 106 27 powders,

1327 3284 109 23 Concrete
1443 3286 62 27 juice
1520 3287 26 22 of
1555 3287 94 28 lemons,
1661 3295 90 14 essence
1767 3288 27 22 of
1803 3289 85 28 ginger,

1300 3310 73 23 lemon
1385 3319 76 20 syrup,

1327 3337 122 24 Perfumed
1458 3340 49 22 hair
1515 3340 36 27 oil,
1558 3340 110 23 lavender
1673 3344 74 24 water,
1755 3349 51 15 rose
1814 3345 73 25 water,

1326 3364 113 23 Essential
1448 3366 43 23 salt
1505 3368 27 21 of
1543 3368 94 28 lemdns,
1648 3368 131 28 magnesian
1790 3369 100 27 aperient

1298 3391 96 29 powder,
1597 3393 4 4 '
1631 3399 3 7 '

1325 3418 106 23 Tincture
1446 3420 27 21 of
1482 3420 91 28 Turkey
1589 3421 104 27 rhubarb,
1704 3421 60 23 balm
1778 3422 28 22 of
1816 3422 73 28 Abys-

1298 3446 78 26 smnia,

1324 3472 103 28 Bouquet
1443 3473 39 22 dcs
1502 3474 83 28 dames,
1606 3475 28 21 de
1650 3483 51 14 rose
1721 3476 133 28 millifleurs,
1863 3477 23 21 in

1297 3502 53 18 neat
1359 3507 69 17 cases.

1323 3526 105 28 Bouquet
1437 3527 28 22 de
1475 3527 81 22 Albert
1564 3528 28 22 de
1602 3528 108 28 Victoria,

1322 3552 50 23 Eau
1382 3554 27 21 de
1420 3554 107 28 Cologne,
1539 3558 65 18 court
1612 3556 90 27 plaster,
1714 3556 61 22 tooth
1790 3556 94 32 powder,

1324 3580 128 22 Maccassar
1462 3581 38 22 oiL
1510 3581 105 28 smelling
1628 3582 87 28 bottles,
1727 3583 105 27 marking
1839 3583 45 27 ink,

1323 3606 55 23 New
1402 3611 65 18 scent
1491 3615 53 21 Dags
1566 3609 36 21 for
1631 3609 128 27 perfuming
1783 3610 101 27 drawers,

1296 3632 91 28 clothes,
1398 3634 49 28 &c,

1322 3660 57 22 Hair
1407 3660 103 29 brushes,
1540 3662 83 27 combs,
1648 3662 67 22 silver
1740 3662 54 23 wire
1823 3663 62 22 tooth

1294 3686 100 23 brushes.

1663 3715 109 23 William
1784 3716 73 22 Lyon.

1295 3740 82 23 Corner
1387 3741 26 22 of
1423 3740 155 23 Willis-street
1587 3742 44 22 and
1641 3742 190 28 Lambton-quay,

1439 3768 131 28 September
1580 3770 33 26 10,
1625 3770 61 20 1841.

1462 3815 67 21 Tea!
1552 3815 69 21 Tea!
1644 3815 67 21 Tea!

1294 3846 66 49 OF
1383 3847 38 22 the
1436 3847 48 22 first
1501 3848 91 28 quality,
1610 3855 27 15 ex
1653 3848 37 22 the
1704 3850 84 20 Jewess.
1817 3850 63 27 Also,

1424 3874 97 22 chairs!
1537 3875 95 21 chairs!
1649 3876 94 21 chairs!

1278 3905 13 18 U
1298 3911 3 6 '
1319 3900 19 21 A
1350 3900 77 22 choice
1437 3904 134 19 assortment
1584 3902 27 21 of
1622 3909 55 14 cane
1693 3903 121 27 bottomed,
1832 3903 49 22 hair

1278 3923 131 31 '■bottomed,
1422 3928 46 21 and
1479 3928 67 28 fancy
1557 3928 78 28 chairs,
1648 3933 23 18 at
1681 3930 38 21 the
1730 3930 74 22 Stores
1815 3930 26 21 of

1573 3962 63 23 Joun
1648 3963 45 22 and
1703 3963 57 22 Geo.
1771 3964 82 23 Wade.

194 628 70 20 New
277 628 125 21 Zealand
417 629 150 28 Company.

86 659 92 49 THE
195 660 101 22 COURT
312 661 39 22 OF
372 662 176 23 DIRECTORS
559 664 40 22 OF
612 664 63 23 THE

160 687 72 21 NEW
252 687 152 23 ZEALAND
421 689 153 24 COMPANY
591 691 85 29 hereby

83 713 52 27 give
145 713 81 32 noticej
237 713 49 23 that
296 714 54 27 they
359 715 59 22 have
427 717 107 22 reserved
543 718 35 21 for
591 718 46 22 sale
651 722 24 19 to

82 740 201 27 personrresident
290 741 25 21 in
326 741 58 22 New
400 742 102 23 Zealand
520 751 25 15 or
559 742 45 25 the'
615 746 60 21 Aus-

83 767 106 21 tralasian
198 767 113 28 Colonies,
322 770 45 20 two
372 769 106 23 hundred
484 771 26 21 of
517 770 38 24 the
562 772 112 23 thousand

82 793 129 22 allotments
224 794 133 23 mentioned
372 796 25 21 in
412 796 39 23 the
467 797 91 28 printed
596 798 78 23 Terms

82 820 36 22 for
141 819 111 23 Purchase
272 822 26 20 of
439 824 25 21 in
483 824 38 22 the
538 825 136 28 Company's

82 847 84 22 second
176 847 136 28 settlement,
326 849 95 27 bearing
430 850 53 23 date
499 851 58 22 New
573 852 100 23 Zealand

82 873 86 28 House,
183 874 52 22 15th
252 874 115 30 February
383 878 62 25 1841,
461 878 75 26 copies
555 879 26 21 of
597 879 76 22 .which

80 907 55 20 may
150 901 28 21 be
197 901 107 22 obtained
327 906 24 18 at
370 903 38 22 the
427 904 245 28 Surveyor-General's

81 927 72 27 office,
164 927 146 27 Wellington.

107 953 72 23 These
188 955 42 21 200
240 955 138 22 allottments
388 956 58 22 have
462 957 59 22 been
539 959 94 21 entered
647 959 24 22 in

80 979 38 23 the
126 981 96 26 registry
232 981 26 21 of
269 981 148 31 applications
426 983 74 22 under
509 984 38 21 the
564 986 107 21 numbers

79 1009 39 20 401
130 1010 23 18 to
170 1008 39 20 600
228 1007 56 22 both
296 1008 118 28 inclusive,
434 1010 48 21 and
499 1010 39 22 the
557 1011 71 27 rights
647 1013 27 20 of

79 1033 77 23 choice
164 1033 22 22 in
195 1036 88 25 respect
292 1035 26 20 of
332 1035 38 22 the
389 1035 48 22 said
454 1037 108 22 numbers
578 1038 46 21 will
642 1039 28 21 be

79 1061 140 21 determined
228 1061 30 26 by
266 1061 33 21 lot
309 1061 25 22 in
346 1062 107 27 England
463 1070 25 15 as
497 1064 23 21 in
533 1064 38 21 the
579 1072 51 15 case
647 1066 26 21 of

78 1087 32 22 all
119 1087 37 22 the
167 1087 63 22 other
240 1087 136 24 allotments.

115 1113 125 28 Intending
262 1115 134 26 purchasers
415 1117 26 20 of
459 1116 63 23 these
541 1117 128 24 allotments

78 1143 61 20 must
148 1140 87 27 deposit
244 1141 38 21 the
291 1141 73 22 whole
379 1143 204 29 purchase-money
599 1146 71 26 (£3OO

78 1168 35 22 for
122 1167 64 26 each)
197 1167 48 22 into
256 1174 44 21 any
311 1169 27 21 of
349 1169 38 21 the
397 1169 59 22 local
465 1170 112 23 branches
595 1173 26 21 of
632 1173 37 22 the

78 1194 76 22 Union
164 1194 66 22 Bank
240 1195 26 21 of
284 1195 128 28 Australia;
429 1197 48 22 and
494 1205 28 14 on
539 1200 131 27 presenting

79 1228 25 15 or
113 1221 152 27 transmitting
273 1224 23 18 to
310 1222 39 22 the
366 1223 136 28 Company's
518 1225 76 27 acting
609 1227 61 26 prin-

78 1247 57 28 cipal
145 1250 68 25 agent
221 1248 24 22 in
255 1248 57 22 New
322 1249 107 28 Zealand,
441 1253 25 19 at
475 1251 54 22 Port
538 1252 130 28 Nicholson,

80 1282 29 14 an
118 1274 194 28 acknowlegment
318 1276 27 21 of
351 1276 40 21 the
398 1277 85 27 ffeceipt
489 1278 26 22 of
520 1278 55 23 such
583 1279 87 29 deposit

78 1302 31 26 by
117 1301 38 21 the
164 1301 72 27 Bank,
254 1301 38 22 the
308 1302 120 29 depositor,
444 1311 26 15 or
484 1305 35 22 his
533 1310 74 23 agent,
625 1307 45 22 will

78 1328 86 22 receive
174 1328 57 22 from
243 1328 37 22 the
286 1329 137 28 Company's
429 1332 50 21 said
487 1332 108 28 principal
602 1337 68 24 agent

79 1362 13 14 a
112 1355 85 21 written
218 1355 136 22 declaration
374 1357 27 22 of
418 1357 39 22 the
473 1360 98 21 number
586 1360 25 21 in
631 1360 37 23 the

78 1381 95 28 registry
183 1382 26 21 of
220 1383 147 26 applications
376 1384 106 23 awarded
491 1389 22 18 to
529 1386 54 22 such
601 1386 68 29 depo-

78 1408 60 27 sitor,
149 1408 53 22 with
212 1416 30 14 an
249 1409 152 28 undertaking
407 1414 23 19 to
437 1411 85 23 deliver
529 1413 37 22 the
573 1414 96 23 sections

79 1435 72 22 which
160 1435 54 22 such
225 1435 112 28 depositor
346 1444 26 14 or
380 1437 35 22 his
425 1442 70 23 agent
503 1447 53 20 may
566 1440 69 23 select
644 1442 24 21 in

78 1464 86 24 respect
174 1462 24 22 of
211 1462 37 22 the
258 1463 61 26 right
329 1464 25 21 of
366 1464 78 23 choice
454 1466 80 28 falling
549 1467 30 27 by
596 1468 33 21 lot
645 1471 23 19 to

78 1486 54 24 such
142 1489 95 21 number
245 1489 24 21 in
279 1490 39 21 the
327 1491 102 27 registry.

105 1515 47 22 The
161 1516 105 22 numbers
275 1517 24 21 in
310 1517 38 22 the
357 1518 97 27 registry
468 1519 45 22 will
522 1520 29 21 be
564 1521 105 22 awarded

78 1542 85 27 strictly
172 1543 22 21 in
205 1543 39 21 the
255 1543 65 22 order
331 1544 25 21 of
368 1544 38 22 the
416 1550 153 22 presentation
580 1548 26 21 of
614 1548 54 22 such

79 1569 84 27 deposit
172 1570 94 27 receipts
277 1573 22 19 to
310 1571 38 21 the
359 1571 137 29 Company's
503 1574 49 21 said
559 1574 109 28 principal

78 1598 74 25 agent.

106 1623 26 21 In
143 1630 48 14 case
202 1623 97 27 deposits
309 1624 82 22 shonld
400 1625 28 22 be
438 1626 67 23 made
515 1627 34 22 for
559 1635 13 14 a
580 1631 89 23 greater

78 1649 94 22 number
181 1649 26 22 of
221 1650 129 23 allotments
365 1651 54 22 than
436 1653 39 22 the
492 1655 41 21 200
548 1654 82 28 placed
645 1659 23 18 at

78 1676 37 21 the
124 1676 96 27 disposal
237 1677 26 21 of
279 1677 39 22 the
336 1678 136 28 Company's
489 1684 69 24 agent
571 1682 24 21 in
611 1682 55 22 New

78 1703 105 26 Zealand,
200 1703 39 22 the
250 1704 87 27 deposit
346 1706 96 27 receipts
452 1706 25 23 in
486 1711 88 24 respect
583 1709 28 21 of
621 1717 45 19 any

78 1729 53 22 such
141 1732 63 20 extra
214 1731 128 22 allotments
351 1732 46 21 will
407 1736 42 18 not
457 1734 29 21 be
496 1736 113 26 accepted,
621 1736 45 22 and

77 1756 37 22 the
123 1756 70 22 whole
204 1761 93 18 amount
308 1758 26 22 of
345 1758 38 23 the
392 1759 87 28 deposit
489 1761 44 22 will
540 1762 29 21 be
577 1765 89 20 return-

77 1783 27 21 ed
113 1786 23 19 to
145 1783 38 21 the
193 1783 119 29 depositor,
328 1786 53 21 with
392 1786 94 23 interest
496 1792 23 18 at
527 1788 38 22 the
575 1793 92 19 current

76 1813 46 19 rfite
141 1810 26 22 of
186 1810 94 23 interest
298 1819 30 14 on
347 1812 99 28 deposits
464 1814 95 23 allowed
576 1816 32 27 by
628 1817 37 21 the

77 1837 73 21 Union
160 1837 65 22 Bank
235 1838 27 21 of
273 1838 122 23 Australia.

104 1864 35 21 No
149 1863 86 28 deposit
244 1865 95 27 receipts
350 1866 45 21 will
404 1866 27 23 be
442 1868 107 27 accepted
559 1869 59 22 after
628 1870 37 22 the

76 1891 133 26 Company's
232 1892 110 27 principal
360 1896 68 23 agent
446 1894 24 22 in
491 1896 55 21 New
566 1896 100 23 Zealand

76 1917 53 22 shall
140 1917 55 22 have
205 1918 92 22 learned
309 1920 48 21 that
367 1920 38 22 the
416 1920 102 29 drawing
534 1923 27 21 of
571 1923 44 22 lots
630 1924 36 21 for

74 1945 91 26 priority
175 1945 25 21 of
211 1945 84 27 choice,
306 1946 42 21 has
357 1946 68 23 taken
439 1948 64 26 place
518 1949 23 21 in
552 1950 112 26 England.

103 1971 20 21 It
132 1971 19 21 is
168 1972 114 27 expressly
300 1972 128 28 stipulated,
449 1974 50 21 that
517 1975 29 21 all
552 1976 113 27 'deposits

75 1998 49 20 and-
127 1998 145 25 applications
278 1995 59 25 shall
346 1999 28 21 be
384 2000 67 21 made
468 2001 87 27 subject
570 2004 23 19 to
609 2003 55 22 such

74 2023 133 26 regulations
218 2032 24 14 as
251 2024 57 22 have
317 2025 66 27 been,
399 2033 25 14 or
437 2034 55 20 may
504 2027 114 24 hereafter
628 2030 35 26 be,

76 2050 63 21 made
148 2050 30 26 by
188 2050 37 22 the
246 2051 124 33 Company,
392 2052 34 22 for
445 2054 39 21 the
503 2055 97 26 disposal
619 2057 45 21 and

76 2076 51 22 final
138 2077 96 28 delivery
242 2079 26 20 of
272 2079 148 29 preliminary
428 2080 68 23 lands
501 2082 24 21 in
534 2082 37 22 the
579 2084 84 21 second

74 2103 131 23 settlement.

179 2138 35 27 By
224 2138 65 22 order
298 2139 27 21 of
338 2139 36 23 the
386 2141 75 26 Court,

316 2173 25 22 F.
357 2174 93 23 Dillon
466 2176 70 28 Bell,

74 2231 9 3 _
86 2231 10 8 T
144 2232 16 3 _
186 2233 7 6 ,
404 2209 118 29 Secretary
531 2219 40 20 pro
581 2214 55 20 tern.

74 2233 53 21 New
143 2233 96 22 Zealand
251 2233 86 29 House,

127 2260 100 27 London,
239 2261 59 21 22nd
308 2261 73 28 April,
395 2264 61 21 1841.

117 2303 125 23 HEREBY
256 2305 78 22 GIVE
348 2306 124 29 NOTICE,
489 2308 49 22 that
555 2310 37 22 the
608 2310 54 23 land

128 2331 68 27 order,
208 2332 44 21 No.
261 2333 28 21 27
304 2333 24 21 in
345 2333 38 22 the
400 2334 84 23 second
496 2336 75 28 series,
586 2337 76 23 issued

58 2376 5 5 .
73 2357 30 26 by
110 2357 36 21 the
153 2357 54 22 New
217 2359 101 22 Zealand
328 2360 124 28 Company,
464 2362 46 22 and
519 2362 67 29 being
597 2364 43 23 No.
649 2367 12 20 8

73 2390 23 14 in
111 2383 35 22 the
160 2385 65 21 order
240 2386 26 21 of
277 2387 106 27 registry,
395 2395 51 14 now
461 2389 106 29 standing
582 2391 24 22 in
623 2391 38 23 the

72 2411 68 21 books
159 2411 25 22 of
198 2412 37 22 the
254 2413 56 22 New
329 2411 101 26 Zealand
447 2415 118 29 Company
578 2418 24 21 in
623 2418 38 22 the

73 2442 63 17 name
147 2438 25 21 of
178 2438 90 23 Francis
276 2440 83 28 Healy,
371 2449 45 14 was
425 2442 127 27 purchased
559 2445 54 22 with
623 2446 38 21 the

70 2467 57 22 joint
141 2465 84 23 monies
237 2467 26 20 of
272 2467 38 22 the
323 2468 49 22 said
388 2468 94 23 Francis
498 2470 75 29 Healy
582 2472 46 21 and
639 2473 22 21 of

73 2496 35 16 me
117 2491 59 22 John
192 2493 81 34 Phillip
284 2494 81 28 Healy,
376 2496 46 21 and
431 2496 51 23 that
492 2497 10 22 I
513 2505 37 15 am
566 2499 95 22 entitled

71 2519 23 19 to
105 2524 40 16 one
155 2519 49 21 half
208 2520 25 21 of
240 2520 29 22 all
278 2521 87 22 benefit
374 2522 45 22 and
435 2523 95 23 interest
539 2525 27 22 of
578 2526 47 22 and
636 2526 23 22 in

71 2544 37 21 the
117 2545 45 22 said
171 2546 54 22 land
234 2547 72 28 order,
315 2549 45 21 and
368 2549 27 22 of
400 2550 46 22 and
452 2550 25 22 in
486 2550 38 23 the
533 2552 55 22 land
598 2556 23 18 to
631 2554 28 21 he

72 2572 79 22 chosen
167 2573 23 21 in
206 2578 87 28 respect
303 2576 26 21 of
336 2576 38 22 the
385 2584 68 20 same,
465 2585 25 14 so
499 2578 50 23 that
559 2587 45 20 any
614 2580 46 22 sale

71 2604 25 14 or
106 2599 60 22 other
174 2599 129 28 disposition
311 2603 65 22 made
387 2604 27 21 of
418 2604 37 21 the
464 2612 60 15 same
531 2606 55 22 land
595 2607 65 21 order

71 2630 25 15 or
109 2626 25 21 of
143 2625 36 23 the
195 2627 54 22 land
265 2628 82 23 chosen
365 2630 73 23 under
447 2631 19 22 it
475 2632 45 22 will
533 2633 29 21 be
572 2634 53 22 void
635 2642 24 14 as

71 2656 94 23 respects
176 2660 42 15 one
228 2656 84 27 moiety
323 2656 26 22 of
355 2656 38 23 the
404 2665 69 15 same.

343 2690 63 23 John
423 2691 99 24 Phillip
537 2693 94 24 Healy.

96 2717 123 25 Witness—
220 2721 91 24 Charles
322 2723 30 22 H.
364 2724 73 28 Piper.

296 2768 128 22 Reward.

72 2795 28 25 C
106 2796 101 24 TOLEN
216 2801 108 27 recently,
333 2801 59 22 from
400 2802 38 22 the
449 2804 76 22 Stores
534 2805 26 21 of
567 2805 91 23 Hunter

70 2849 5 9 «
86 2849 11 12 t
120 2831 25 30 n2
146 2825 30 22 nd
180 2851 12 10 i.
195 2827 31 21 Co
228 2842 14 11 *'
258 2835 14 14 a
285 2835 14 24 7
300 2828 91 22 aluaWe
478 2831 97 22 maker's
590 2839 66 16 name

84 2853 20 18 J.
119 2853 83 26 Marsh,
223 2853 172 29 Birmingham.'
426 2857 24 20 A
464 2858 88 22 reward
566 2859 26 21 of
602 2860 55 21 Five

69 2878 95 22 Guineas
179 2879 46 22 will
240 2881 28 21 be
282 2881 54 27 paid
351 2889 62 20 upon
427 2883 39 22 the
481 2884 117 28 discovery
613 2886 45 22 and

68 2906 127 22 restoration
210 2907 26 21 of
247 2907 37 22 the
294 2915 54 20 gun,
359 2908 47 22 and
415 2909 56 22 Five
482 2910 99 23 Guineas
595 2920 61 15 more

67 2935 57 20 upon
134 2931 38 23 the
188 2933 128 23 conviction
332 2935 46 22 and
393 2938 176 26 transportation
581 2939 27 22 of
618 2939 38 23 the

69 2958 57 21 thief.

93 2983 186 32 Lambton-quay,
291 2988 91 27 August
392 2990 33 26 12,
436 2991 63 21 1841.

179 3030 173 28 Wellington
372 3034 161 28 Exchange.

66 3060 50 49 A
143 3062 145 25 MEETING
302 3066 28 21 of
343 3066 37 23 the
399 3067 161 24 Shareholders
573 3070 24 22 in
611 3070 45 23 this

142 3090 130 24 Institution
279 3093 46 21 will
334 3093 52 22 take
393 3094 65 28 place
468 3095 44 22 this
519 3096 50 27 day,
579 3098 76 21 Satur-

67 3116 48 26 day,
124 3115 36 23 the
172 3117 51 23 11th
240 3119 136 29 September,
388 3124 24 19 at
426 3122 27 21 12
469 3122 93 28 o'clock,
577 3124 25 22 in
617 3124 37 23 the

65 3145 119 34 £xchange
193 3145 83 27 Room,-
285 3149 24 19 to
323 3148 88 21 receive
428 3149 40 22 the
482 3150 87 27 Report
578 3152 28 21 of
617 3151 37 23 the

68 3170 129 28 temporary
209 3172 141 30 Committee,
367 3175 47 22 and
428 3178 25 19 to
471 3176 102 26 dispatch
588 3178 65 23 other

68 3195 102 23 business.

91 3220 30 24 Te
130 3223 53 28 Aro,
194 3225 132 28 September
338 3229 33 26 11,
383 3230 63 21 1841.

64 3265 87 49 ALL
170 3269 135 25 PERSONS
320 3273 86 28 having
419 3274 80 23 claims
515 3277 88 26 against
613 3277 38 23 the

103 3319 5 5 .
138 3297 155 29 undersigned,
314 3307 38 15 are
372 3302 131 27 requested,
512 3306 23 18 to
555 3304 56 22 send
626 3304 24 22 in

65 3345 8 13 1
78 3326 35 32 4?£
110 3327 10 14 resPectiver
127 3328 12 14 *
140 3329 21 14 cs
162 3330 14 20 P
178 3324 69 23 ective
257 3330 108 19 accounts
375 3335 29 15 on
415 3336 25 14 or
449 3329 77 23 before
538 3329 112 29 Tuesday,

65 3350 50 18 i«n
132 3350 139 30 beptember;
287 3354 47 22 and
350 3354 29 22 all
395 3363 96 19 persons
503 3357 109 23 indebted
628 3361 23 19 to

65 3378 36 15 me
118 3378 155 28 undersigned,
294 3387 39 16 are
350 3383 122 26 requested
491 3386 23 19 to
533 3383 117 28 discharge

64 3404 55 18 xneir
127 3408 99 22 separate
235 3411 105 18 amounts
349 3408 163 30 immediately.

89 3458 18 12 T>
157 3463 22 9 ,
200 3464 7 4 .
444 3444 81 23 Uriah
540 3445 80 23 Hunt.

181 3464 88 31 s-hotel,
280 3468 134 27 September
422 3470 20 28 7,
454 3473 63 21 1841.

63 3512 231 74 WTo
313 3514 131 22 Printers.

128 3540 104 25 ANTED
242 3545 161 30 immediately,
414 3557 14 14 a
437 3552 148 26 compositor;
601 3560 44 14 one

62 3587 27 20 W
98 3598 19 9 ™
153 3575 19 14 w«ow
174 3576 27 15 «o
211 3573 40 20 has
260 3573 156 29 alcnowledge
426 3576 27 21 of
458 3580 135 24 press-work
603 3580 45 22 will

64 3593 149 30 gjpreferred.
241 3598 78 27 Apply
328 3603 23 19 at
361 3601 38 22 the
407 3603 72 22 Office
486 3605 26 21 of
518 3604 44 23 this
571 3613 75 19 paper.

64 3639 154 75 CNew
231 3643 103 26 Tailor,
349 3646 39 20 Te
406 3648 58 20 Aro
479 3649 69 21 Plat.

106 3669 73 25 OATS
192 3676 81 21 turned
282 3684 30 14 on
328 3685 29 15 an
368 3679 97 28 entirely
473 3688 51 15 new
533 3683 111 27 principle

87 3720 21 17 W
117 3704 50 33 A
181 3702 90 22 modera
272 3706 21 19 te
303 3707 78 19 terms.

61 3740 40 24 anil
113 3740 18 24 ;,
135 3740 6 15 :
143 3751 23 13 iv
208 3730 10 19 *
265 3737 47 15 sses
312 3747 7 10 »
328 3733 107 21 senators'
442 3734 73 28 robes,
524 3737 46 21 and
576 3738 69 22 naval

61 3750 43 19 and
113 3751 92 30 military
212 3756 110 23 uniforms
331 3760 132 22 renovated.

454 3787 19 10 T>
498 3788 18 8 rv
543 3789 17 15 -p

284 3810 133 24 September
425 3815 21 24 6,
459 3804 67 32 1841.'

244 3853 116 23 Feather
371 3857 80 21 Beds.

59 3877 83 46 JpOR
155 3882 82 31 SALE,
254 3890 42 19 two
307 3895 55 22 very
371 3891 59 26 good
447 3891 94 28 English
555 3894 87 23 feather

58 3929 57 23 quire
124 3909 60 43 aft
194 3919 48 33 °™.
249 3912 84 25 hohter
331 3931 8 20 ,>
350 3917 47 21 and
412 3921 43 19 two
472 3926 7 19 '
480 3919 77 24 )illows
559 3937 5 6 -
594 3922 36 22 En

58 3937 57 17 4«ire
124 3937 23 19 at
157 3937 35 21 Mr
209 3938 144 32 Pharazyn's,
366 3944 93 27 Pipetca
468 3946 55 22 Pah.
