2580 4050
2025 2439 281 23 METEOROLOGICAL
2318 2442 100 20 TABLE.

1949 2479 45 16 For
2003 2479 35 16 the
2046 2479 57 16 week
2118 2479 74 20 ending
2205 2479 117 20 Thursday,
2335 2479 59 20 Sept.
2406 2479 20 20 9,
2438 2479 56 19 1841.

2213 3085 2 5 '
2260 3093 127 19 remarks.

1924 3110 85 22 Friday...
2047 3113 12 16 S
2128 3112 56 21 Light
2192 3113 28 17 air
2227 3114 37 16 and
2271 3118 43 18 very
2321 3114 42 18 fino.

2046 3154 54 21 Ip.m.
2171 3154 35 18 Do.
2249 3155 36 17 Do.
2327 3156 34 17 Do.

2046 3196 11 16 S
2170 3196 35 17 Do.
2248 3196 37 17 Do.
2326 3197 35 18 Do.

1923 3236 31 17 Sat
2045 3238 12 16 S
2169 3238 34 17 Do.
2248 3238 34 17 Do.
2325 3239 34 18 Do.

2045 3280 54 20 Ip.m.
2127 3279 95 18 Moderate
2244 3280 34 17 Do.
2321 3281 34 17 Do.

2045 3322 11 16 S
2126 3321 56 21 Light
2187 3321 33 21 air,
2228 3321 90 23 inclining
2324 3324 18 16 to
2349 3323 47 17 rain.

1921 3361 87 23 Sunday..
2045 3364 12 16 S
2126 3363 94 17 Moderate
2229 3365 68 19 breeie,
2305 3364 69 22 cloudy,
2382 3365 40 17 fine.

2045 3405 55 21 Ip.m.
2169 3406 34 16 Do.
2246 3405 35 18 Do.
2323 3406 50 18 Fino.

2044 3447 11 15 5
2168 3447 36 17 Do.
2247 3447 34 18 Do.
2323 3447 70 22 cloudy,
2400 3448 40 17 fine.

1921 3486 85 21 Monday.
2044 3488 11 16 8
2125 3488 67 21 Strong
2198 3488 47 21 gale,
2252 3489 70 21 cloudy,
2330 3489 87 22 inclining
2423 3490 17 16 to
2445 3487 43 18 raia.

2044 3530 7 16 I
2054 3534 44 16 p.m.
2108 3541 3 3 .
2125 3529 95 18 Moderate
2263 3530 34 18 Do.
2339 3531 34 16 Do.
2413 3531 40 17 fins.

2043 3572 11 15 S
2126 3571 54 21 Light
2186 3572 32 19 air,
2226 3572 71 22 cloudy,
2304 3573 42 17 fine.

1920 3610 86 22 Tueiday
2044 3614 11 15 S
2126 3613 57 20 Calm,
2190 3613 70 21 cloudy,
2268 3614 44 17 find.

2045 3655 54 21 Ip.m.
2126 3654 96 18 Moderate
2228 3655 69 20 breeze,
2304 3655 69 21 cloudy,
2381 3655 40 17 fint.

2045 3697 11 16 S
2127 3695 55 22 Light
2187 3696 33 20 air,
2227 3697 89 21 inclining
2321 3699 19 14 to
2346 3697 52 17 calm.

1919 3737 81 18 Wed.....
2045 3739 11 16 S
2075 3745 3 4 ■
2126 3737 52 18 Calm
2185 3738 36 17 and
2227 3738 47 22 light
2280 3739 46 17 rain.

2045 3781 54 20 Ip.m.
2126 3779 54 21 Light
2186 3780 28 16 air
2221 3780 36 16 and
2264 3780 86 21 showery.

2043 3822 10 15 S
2167 3821 34 18 Do.
2244 3822 11 17 D
2255 3822 23 17 6.
2319 3822 84 17 constant
2408 3820 44 18 rain.

1918 3862 60 18 Than
1984 3874 19 6 ...
2041 3863 11 15 >
2123 3862 93 18 Moderate
2223 3864 63 16 breeze
2293 3864 37 16 and
2337 3863 47 18 rain.

2041 3904 52 21 Ip.m.
2122 3904 57 17 Fresh
2231 3905 35 17 Do.
2309 3905 33 17 Do.

2039 3946 9 15 i
2121 3945 93 18 Moderate
2235 3946 35 18 Do.
2312 3946 33 17 D».

564 58 102 31 THE
685 59 109 31 NEW
808 60 231 32 ZEALAND
1059 61 225 33 GAZETTE
1302 63 104 31 AND
1425 63 329 35 WELLINGTON
1775 67 295 33 SPECTATOR.

1945 2562 50 17 1841.

2033 2541 52 16 Time
2092 2542 22 16 of

2029 2563 89 16 Observa-

2048 2584 45 16 tion.

2147 2552 56 16 Baro-

2142 2575 64 15 meter.

2219 2549 84 29 [Thermo

2234 2575 65 16 meter.

2336 2543 60 35 111

2340 2579 13 23 3
2361 2577 34 19 8*

2437 2564 55 18 Wind.

1926 2641 84 21 Friday...

2050 2642 11 15 8

2049 2662 55 21 Ip.m.

2049 2683 10 15 5

2050 2704 11 15 8

2050 2724 52 21 Ip.m.

2049 2745 11 16 5

2049 2766 11 16 8

2050 2787 54 20 Ip.m.

2049 2808 10 16 5

2050 2829 10 15 8

2050 2850 54 20 Ip.m.

2049 2872 11 14 5

2050 2892 10 15 8

2049 2913 55 20 lp.m.

2049 2934 10 15 5

2048 2955 12 15 8

2050 2975 54 21 Ip.m.

2049 3018 11 15 8

2049 3038 54 20 lp.m.

2048 3060 11 15 s

2146 2643 60 16 30.484

2147 2664 58 15 30.446

2145 2684 60 19 30,418

2146 2705 59 16 30.404

2146 2725 59 17 30.370

2146 2746 58 17 30.356

2146 2768 60 16 30.314

2146 2788 59 16 30.270

2146 2809 59 16 30.270

2146 2831 59 15 30.320

2146 2851 59 16 30.308

2146 2872 59 16 30.286

2146 2893 60 16 30.224

2146 2914 59 17 30.186

2146 2935 59 16 30.164

2146 2956 59 16 30.112

2146 2977 60 16 30.054

2146 2998 59 17 30.032

2145 3019 60 17 29.900

2145 3040 59 17 29.826

2248 2643 28 16 48.

2248 2664 28 16 52.

2248 2684 38 16 51.5

2248 2705 28 16 47.

2248 2726 28 16 52.

2248 2747 27 16 52.

2247 2767 39 17 51.5

2248 2789 28 15 52.

2248 2810 27 15 53.

2247 2831 29 15 55.

2248 2851 27 16 61.

2247 2872 28 17 57.

2247 2893 28 16 48.

2247 2915 28 16 59.

2415 2645 97 22 Northerly.

2415 2666 96 21 Northerly.

2414 2687 94 21 Southerly.

2415 2708 22 16 N.
2443 2709 21 20 by
2473 2709 26 16 W.

2415 2729 22 16 N.
2443 2730 22 20 by
2472 2730 27 17 W.

2415 2750 94 21 Northerly.

2415 2771 21 16 N.
2442 2772 21 20 by
2471 2771 25 16 W.

2414 2792 23 16 N.
2443 2792 21 20 by
2471 2792 26 16 W.

2415 2813 21 16 N.
2443 2813 21 20 by
2471 2813 26 16 W.

2413 2834 95 20 Northerly.

2414 2855 61 16 North.

2414 2876 60 16 North.

2413 2896 94 20 Southerly.

2413 2917 97 20 Northerly.

2413 2938 28 16 W.
2446 2938 23 21 by
2477 2938 25 16 W.

2413 2958 53 17 Calm.

2414 2979 96 20 Northerly.

2414 3000 95 20 Northerly.

2413 3021 95 20 Southerly.

2413 3042 94 20 Southerly.

1926 2702 30 17 Sat

2344 2667 39 16 0.05

2331 2728 59 17 None.

1925 2765 85 21 Sunday..

2330 2791 59 16 None.

1926 2827 84 23 Monday.

2344 2853 38 18 0.07

1925 2890 85 22 Tuesday

2330 2916 59 17 None.

1926 2952 84 19 Wed......

2247 2957 28 16 sa.

2248 2978 28 17 59.

2247 2999 28 17 57.

2247 3020 28 16 52.

2247 3041 29 16 54.

2344 2980 40 16 0.34

1925 3016 83 18 Thun...

2344 3042 38 16 0.29

2129 152 61 22 Sale
2208 152 31 22 of
2257 153 93 23 Stock.

1944 183 161 49 MESSRS.
2121 185 148 23 BETHUNE
2282 186 46 23 and
2342 186 129 26 HUNTER
2487 192 37 22 wil

2043 211 45 22 Sell
2105 211 31 27 by
2152 212 108 27 Auction,
2278 216 23 19 at
2316 212 59 24 their
2394 215 130 29 Stock-yard,

1942 236 34 22 Te
1987 237 52 26 Aro,
2051 244 30 15 on
2090 236 110 30 Monday,
2218 239 39 21 the
2274 239 52 22 13th
2340 240 61 28 inst.,
2419 245 22 18 at
2457 244 67 22 twelvi

1943 262 95 27 o'clock,
2047 265 114 26 positively
2171 266 89 20 without
2269 273 88 21 reserve,
2364 267 38 23 the
2408 269 116 23 remaindei

1943 289 29 22 of
1981 287 70 30 stock,
2062 298 40 26 per
2112 292 117 27 Ullswater,
2241 293 44 22 viz.
2292 301 5 14 :
2298 305 29 4 —

1971 315 13 23 7
1994 324 60 14 cows
2064 318 74 27 heavy
2147 319 23 22 in
2184 319 50 27 calf,

1970 343 14 21 3
1994 350 58 14 cows
2062 345 54 21 with
2126 345 82 27 calves,

1970 370 14 20 3
1994 369 49 26 pair
2050 371 102 27 working
2161 372 103 23 bullocks
2274 373 46 22 and
2329 373 76 29 yokes,

1970 397 14 19 8
1994 396 115 23 Leicester
2118 405 68 20 rams,

1971 422 22 22 A
2002 422 43 22 few
2054 427 85 19 trusses
2148 425 51 22 Van
2212 425 118 23 Dieman's
2340 426 65 23 Land
2414 426 50 29 hay.

2140 458 76 15 TERMS
2232 459 28 15 AT
2276 460 63 15 SALE.

1961 493 99 22 Notice
2087 496 31 19 to
2142 496 179 27 Consignees,
2347 503 48 21 per

1959 553 18 21 A
1995 553 39 21 LL
2043 554 71 25 goods
2124 555 123 23 uncleared
2259 557 58 21 after
2330 556 45 23 this
2385 557 51 22 date
2451 558 44 23 Trill
2504 559 20 22 bi

1941 583 53 19 JLX.
2017 580 54 22 held
2080 581 69 23 liable
2158 581 36 23 for
2203 582 141 29 demurrage,

2198 609 90 23 Willis
2299 611 45 21 and
2354 611 47 27 Co.,
2412 611 93 28 Agents.

1941 632 146 29 Wellington,
2099 635 132 28 September
2239 637 21 26 7,
2272 638 61 21 1841.

2190 680 93 22 Flour.

1942 710 73 48 ON
2022 711 80 23 SALE
2112 716 24 18 at
2146 712 38 22 the
2194 713 76 23 Stores
2280 715 27 21 of
2311 713 213 30 theundersigned-

2019 738 62 28 Fifty
2090 742 52 19 tons
2156 740 138 28 Conception
2304 741 64 28 flour,
2380 749 29 15 ex
2426 742 38 22 the
2480 743 44 21 The-

1939 769 55 16 resa.

1940 816 30 7 ,_
1984 816 6 7 ,
2313 794 88 24 Willis
2411 795 45 23 and
2464 795 40 25 Co.

1940 816 146 29 Wellington,
2098 819 133 27 September
2240 822 21 25 9,
2273 822 61 21 1841.

1940 861 186 48 NOTICE.—
2126 863 48 22 The
2184 863 57 23 Rev.
2250 865 45 22 Mr.
2304 865 147 29 Macfarlane,
2462 868 27 21 of
2493 868 31 23 the

2023 889 82 23 Scotch
2128 890 98 27 Church,
2250 891 47 23 will
2323 893 99 26 perform
2447 894 77 24 Divine

1942 915 110 28 Worship,
2071 923 24 15 in
2119 917 83 26 future,
2222 918 24 22 in
2266 918 39 22 the
2321 919 114 28 Morning,
2453 924 23 19 at
2492 922 32 23 the

1939 941 84 23 Native
2040 942 92 29 Chapel,
2147 944 33 22 Te
2191 945 47 21 Aro
2248 945 58 28 Flat,
2314 950 23 17 at
2347 948 24 19 11
2384 947 91 27 o'clock,
2486 949 38 22 and

1938 968 25 22 in
1978 968 38 22 the
2027 969 127 23 Afternoon
2168 974 23 18 at
2205 971 38 23 the
2259 972 71 22 Court
2344 973 86 28 House,
2443 974 81 24 Thorn-

1938 995 47 22 don
1995 995 56 28 Flat,
2064 1000 22 18 at
2096 1004 14 14 a
2119 1001 92 24 quarter
2220 1002 50 24 past
2279 1006 44 15 one
2333 1000 95 23 o'clock.

1966 1029 146 29 Wellington,
2124 1032 56 27 May
2191 1034 33 26 12,
2235 1035 63 21 1841.

1938 1075 154 48 NOTICE.
2093 1087 30 4 —
2123 1076 49 22 The
2189 1081 90 22 present
2296 1082 107 19 entrance
2419 1082 22 19 to
2461 1080 63 23 Waitt

2006 1102 44 22 and
2060 1103 89 27 Tyser's
2167 1103 83 28 offices,
2260 1104 20 22 is
2297 1112 29 15 on
2343 1105 39 23 the
2398 1106 59 28 right
2469 1106 55 25 hand

1937 1128 48 22 side
1996 1129 26 21 of
2033 1129 58 23 their
2100 1130 103 27 bonding
2213 1134 78 20 stores.

1964 1162 146 28 Wellington,
2121 1164 91 26 August
2220 1165 35 26 27,
2266 1166 62 21 1841.

2133 1209 26 20 J.
2175 1209 38 21 M.
2229 1210 110 26 Taylor,

2014 1241 286 24 CUSTOM-HOUSE
2327 1244 131 24 AGENT.

1937 1274 89 22 Bowler
2034 1275 47 21 and
2090 1275 94 22 Smith's
2194 1277 82 26 Stores,
2288 1277 31 22 Te
2330 1278 55 22 Aro.

2129 1321 34 20 A.
2178 1321 80 26 Kort,
2274 1322 70 27 jun.,

2012 1353 285 25 CUSTOM-HOUSE
2324 1357 130 23 AGENT.

1963 1387 125 27 Aiigust27
2088 1404 7 11 >
2110 1389 62 21 1841.

1937 1432 220 49 MEDICAL.—
2156 1434 33 21 To
2198 1434 29 22 be
2236 1434 57 28 sold,
2304 1435 38 22 the
2355 1435 74 28 drugs,
2444 1436 80 23 chemi-

2029 1460 52 26 cals,
2092 1460 47 22 and
2147 1461 82 21 bottles
2239 1461 24 22 of
2276 1469 14 15 a
2299 1463 104 26 Surgery,
2412 1463 112 28 complete.

1935 1486 78 22 Terms
2024 1493 54 21 very
2087 1487 123 23 moderate.
2238 1488 78 29 Apply
2326 1493 23 18 at
2361 1489 96 23 Medical
2464 1491 59 26 Hall,

1935 1512 147 27 Wellington.

1934 1557 187 49 WANTED,
2137 1566 13 14 a
2161 1559 159 28 Lithographic
2333 1561 124 22 Pressman.
2480 1562 44 27 Ap-

2030 1585 39 28 ply
2078 1589 24 18 at
2112 1585 38 23 the
2158 1587 88 20 Gazette
2255 1587 78 22 Office.

1936 1630 166 21 /CAPTAIN
2130 1630 96 28 M'FIE,
2248 1632 27 21 of
2299 1632 37 22 the
2360 1634 59 25 Lucy
2439 1634 84 26 Sharpe,

1937 1660 41 17 V^
2007 1656 114 23 intimates
2131 1657 49 22 that
2189 1658 30 21 he
2234 1658 47 22 will
2296 1663 40 18 not
2348 1660 29 21 be
2392 1661 132 22 answerable

1934 1683 36 22 for
1980 1690 45 20 any
2035 1683 64 22 debts
2109 1685 130 22 contracted
2250 1686 30 27 by
2290 1685 33 22 his
2333 1694 65 20 crew,

1963 1717 145 28 Wellington,
2119 1718 53 22 25th
2183 1719 96 27 August,
2292 1721 60 21 1841.

1937 1761 165 36 pAPTAIN
2117 1762 146 28 WALKER,
2282 1764 26 21 of
2321 1764 38 22 the
2376 1766 53 20 Will
2443 1767 78 26 Watch,

1937 1790 41 19 Vy
2008 1788 45 22 will
2063 1792 39 18 not
2112 1789 28 22 be
2151 1790 137 23 answerable
2299 1792 34 21 for
2342 1799 45 21 any
2398 1792 62 23 debts
2471 1801 52 14 con-

1935 1815 87 22 tracted
2032 1815 30 28 by
2072 1815 34 22 his
2116 1823 65 15 crew.

2003 1860 28 21 If
2043 1861 138 21 sufficient
2195 1862 178 23 inducement
2388 1865 72 21 offer.

1972 1895 81 38 3^SyL
2103 1897 92 22 nnHE
2220 1899 44 22 fine
2288 1900 44 21 fast
2349 1900 82 28 sailing
2442 1902 82 28 barque

1965 1923 128 31 jfIEDJiKS..
2109 1923 30 34 4-
2178 1927 100 26 Matilda,
2304 1928 93 26 Captain
2420 1929 101 27 Roberts,

1953 1950 141 37 j£FSfc3B£
2102 1952 45 22 will
2157 1952 53 23 visit
2220 1954 120 22 Auckland
2349 1962 30 14 on
2395 1955 39 21 her
2443 1963 47 20 way
2501 1960 22 18 to

1937 1976 262 37 Jj^N^Sydney,
2211 1980 44 21 and
2267 1981 43 22 will
2318 1980 116 30 positively
2443 1983 40 21 sail
2493 1990 29 14 on

1933 2003 164 32 JCC23S3P
2101 2004 100 28 Sunday.
2229 2006 45 21 For
2290 2008 83 26 freight
2387 2016 25 13 or
2424 2016 97 20 passagt,

1932 2030 130 23 immediate
2076 2032 137 26 application
2228 2032 20 22 is
2260 2040 120 22 necessary
2393 2038 22 18 to
2431 2036 90 27 Captain

1933 2057 96 22 Roberts
2038 2065 30 14 on
2077 2058 78 28 board,
2167 2065 25 15 or
2201 2062 24 19 to

1933 2086 13 32 2
2252 2086 82 23 Waitt
2349 2088 46 22 and
2408 2088 82 22 Tysek.

1954 2128 55 21 For
2022 2129 159 27 Auckland,
2195 2131 59 26 Bay
2269 2131 31 21 of
2311 2132 120 27 Islands,
2444 2134 55 20 and

2138 2157 175 27 Valparaiso,

2090 2191 31 20 To
2134 2192 43 20 sail
2189 2193 23 19 in
2226 2199 12 14 a
2246 2193 48 25 few
2307 2193 59 27 days,

1966 2234 67 28 .j-TU,
2088 2226 16 17 r
2104 2225 78 26 PHE
2198 2226 47 22 fine
2259 2227 88 23 Chilian
2362 2227 50 28 brig
2429 2229 91 27 Theresa,

1965 2252 80 28 ASSI
2094 2249 31 25 JL
2170 2253 95 28 Captain
2285 2254 66 27 Fish;
2376 2258 50 25 part
2435 2256 32 21 'of
2482 2256 39 21 her

1950 2277 119 35 JS|ks|V
2086 2281 100 26 tonnage
2201 2281 91 28 already
2308 2282 107 27 engaged,
2426 2290 94 20 convey-

2087 2314 6 14 *
2095 2314 15 14 n
2111 2314 15 19 &
2136 2314 14 15 a
2166 2315 14 20 P
2182 2315 25 14 or
2208 2307 47 23 tion
2266 2309 27 21 of
2305 2308 40 22 her
2360 2309 83 22 inward
2455 2317 63 19 cargo

1935 2330 146 36 jjjgßafcjgfgl
2087 2333 27 21 °f
2120 2333 65 23 flour.
2215 2335 77 28 Apply
2302 2338 23 19 to
2335 2335 38 22 the
2383 2336 90 28 Captain
2487 2344 28 14 on

2086 2361 78 28 board,
2176 2368 26 15 or
2212 2364 22 20 to

2293 2389 89 22 Willis
2397 2389 43 23 and
2455 2391 37 21 Co.

174 140 248 25 GOVERNMENT
443 140 159 25 NOTICES.

429 179 151 32 Wellington,

359 213 59 24 11th
429 213 143 31 September,
589 215 74 23 1841.

97 247 83 41 JJIS
199 249 141 31 Excellency
351 249 39 25 the
402 251 119 23 Governor
533 251 83 24 directs
627 253 19 22 it
658 256 23 19 to

95 281 21 13 -*•
124 280 19 14 *
158 282 28 23 be
193 282 100 28 notified,
303 282 49 24 that
361 284 38 23 the
407 284 59 23 New
475 284 103 23 Zealand
587 284 95 24 Gazette

92 315 46 22 and
152 313 138 32 Wellington
303 313 122 32 Spectator
437 317 25 22 of
484 317 44 23 this
548 317 51 24 date
617 318 21 22 is
656 322 23 19 to

93 347 27 22 be
132 347 91 23 deemed
236 355 29 15 an
278 348 83 23 official
372 349 147 31 publication.

192 381 36 30 By
241 381 36 22 his
290 380 161 32 Excellency's
462 383 126 29 command,

328 414 116 25 Edward
458 415 169 29 Shortland,

442 448 93 24 Private
548 449 129 30 Secretary.

278 496 213 21 Proclamation.

89 528 37 32 By
137 528 35 24 his
185 529 141 32 Excellency
336 530 103 24 William
452 531 107 29 Hobson,
569 531 108 32 Esquire,

124 563 95 30 Captain
232 564 24 22 in
268 563 40 23 her
321 563 122 32 Majesty's
456 564 77 31 Royal
545 564 75 31 Navy,
633 565 44 24 and

122 595 120 23 Governor
253 596 45 24 and
311 596 274 25 Commander-in-Chief
597 598 24 23 in
632 598 45 23 and

121 636 53 15 over
194 628 41 24 her
256 628 122 32 Majesty's
398 629 90 32 Colony
506 630 26 23 of
547 630 57 24 New
616 631 60 23 Zea-

120 661 60 29 land,
204 661 45 23 and
276 662 31 23 its
338 662 182 32 Dependencies,
544 663 45 24 and
617 664 59 25 Vice

119 694 104 23 Admiral
237 694 26 23 of
276 694 39 24 the
327 703 70 21 same,
410 695 44 24 &c.
471 696 43 24 &c.
529 697 44 23 &c.

256 740 49 29 AS,
325 741 30 30 by
373 749 14 15 a
399 742 85 22 certain
496 741 47 24 Act
562 742 26 23 of
604 742 71 24 Ordi-

187 781 72 15 nance
269 774 25 23 of
302 774 38 23 the
348 774 119 23 Governor
477 774 44 24 and
531 774 144 31 Legislative

84 804 96 24 Council
193 806 24 23 of
228 806 56 24 New
306 807 75 23 South
398 807 89 29 Wales,
499 807 83 32 passed
600 809 25 22 in
636 809 38 23 the

83 839 83 22 second
188 847 53 22 year
265 839 23 24 of
310 840 38 23 the
371 840 66 30 reign
461 840 26 23 of
507 840 41 24 her
571 840 103 33 Majesty

84 871 82 25 Queen
177 871 112 30 Victoria,
303 873 106 23 intituled
445 874 41 22 An
496 874 48 23 Act
558 874 35 23 for
604 882 69 23 regu-

85 905 16 10 •'
112 904 75 31 lating
197 905 40 23 the
249 906 79 23 Police
336 907 24 22 in
368 907 38 22 the
416 910 73 19 towns
496 907 25 22 of
532 907 140 30 Paramatta,

112 937 116 30 Windsor,
251 938 122 29 Maitland,
397 939 119 28 Bathurst,
541 940 45 23 and
608 940 65 24 other

197 972 159 31 respectively,
376 972 45 23 and
438 973 37 22 for
492 972 39 23 the
555 974 118 30 removing

110 1004 44 23 and
166 1006 136 29 preventing
313 1006 122 22 nuisances
451 1006 44 22 and
507 1006 163 29 obstructions,

81 1037 15 10 "'
108 1037 46 23 and
174 1037 36 24 for
235 1038 39 23 the
296 1039 73 22 better
389 1039 125 30 alignment
541 1039 27 22 of
589 1044 82 19 streets

244 1072 26 22 in
292 1079 55 21 was,
376 1075 108 27 amongst
505 1072 66 23 other
594 1072 76 32 things

80 1103 100 30 enacted,
194 1103 50 24 that
263 1104 118 24 whenever
394 1104 36 24 the
444 1104 127 30 Governor,
585 1114 25 15 or
622 1111 48 18 act-

79 1137 40 31 ing
131 1136 118 25 Governor
265 1137 36 24 for
314 1138 37 23 the
363 1138 56 23 time
438 1138 76 30 being,
529 1138 59 24 shall
606 1138 64 25 deem

79 1170 18 22 it
109 1170 121 31 expedient
242 1174 23 20 to
277 1171 85 23 extend
382 1171 39 23 the
439 1179 62 15 same
514 1176 23 18 to
550 1180 44 22 any
606 1172 64 23 other

78 1208 60 18 town
154 1204 23 21 in
192 1204 39 23 the
244 1204 50 23 said
306 1204 97 31 Colony,
416 1204 18 23 it
446 1204 59 23 shall
521 1204 46 24 and
577 1213 54 23 may
641 1206 28 23 be

79 1235 76 24 lawful
166 1237 34 23 for
213 1237 37 23 the
263 1237 51 23 said
328 1237 128 29 Governor,
479 1245 24 16 or
521 1239 78 30 acting
620 1239 48 22 Go-

79 1277 80 16 vernor
171 1270 34 23 for
217 1270 40 24 the
267 1271 54 23 time
333 1270 77 31 being,
421 1275 22 18 to
456 1270 89 25 declare
557 1270 38 25 the
607 1279 62 17 same

79 1301 29 31 by
122 1302 178 26 Proclamation.

112 1336 54 23 And
186 1336 108 30 whereas,
312 1336 32 32 by
358 1345 14 15 a
391 1337 86 23 certain
497 1337 132 24 Ordinance
646 1339 26 23 of

79 1368 38 23 the
126 1369 120 24 Governor
260 1370 43 23 and
316 1370 141 31 Legislative
469 1369 99 25 Council
579 1371 25 23 of
611 1371 57 24 New

79 1401 108 30 Zealand,
207 1403 84 31 passed
309 1404 25 22 in
354 1402 40 25 the
415 1403 79 24 fourth
512 1412 56 22 year
587 1404 25 23 of
630 1404 38 24 the

79 1435 64 30 reign
151 1435 24 23 of
185 1436 41 23 her
239 1436 102 31 Majesty
350 1437 84 25 Queen
442 1437 112 29 Victoria,
562 1437 106 25 intituled

161 1468 132 25 Ordinance
312 1474 23 19 to
354 1469 88 24 declare
461 1470 49 23 that
521 1470 40 23 the
577 1470 57 24 laws
645 1472 25 23 of

107 1502 56 22 New
183 1502 75 23 South
275 1502 87 29 Wales,
377 1510 25 16 so
421 1503 35 23 far
475 1505 33 21 as'
519 1503 54 32 they
585 1512 43 16 can
639 1505 28 23 be

107 1535 64 23 made
184 1536 134 30 applicable,
331 1535 61 25 shall
408 1536 84 23 extend
510 1541 23 19 to
545 1537 45 24 and
603 1537 29 24 be
643 1538 24 23 in

107 1568 61 24 force
176 1569 24 23 in
212 1569 42 23 her
266 1569 124 31 Majesty's
402 1569 89 31 Colony
502 1569 26 24 of
538 1569 58 25 New
606 1571 60 23 Zea-

107 1601 60 29 land,
185 1602 59 23 from
262 1602 45 23 and
326 1604 140 29 subsequent
484 1607 23 18 to
526 1602 38 24 the
576 1603 51 24 date
644 1604 25 23 of

107 1634 40 24 her
159 1635 122 31 Majesty's
300 1635 77 31 Royal
397 1635 97 24 Charter
512 1636 45 23 and
574 1636 92 24 Letters

108 1667 89 29 Patent,
220 1670 102 29 erecting
344 1669 48 22 into
415 1677 13 15 a
451 1674 103 26 separate
580 1670 87 32 Colony

79 1703 6 9 k
88 1701 6 10 '
107 1701 37 23 the
157 1701 93 24 Islands
263 1702 25 23 of
297 1702 59 24 New
368 1702 110 29 Zealand,
492 1702 43 24 &c.
549 1703 43 24 &c.
647 1705 18 22 it

77 1740 45 17 was
141 1739 106 26 amongst
263 1735 64 24 other
346 1735 78 31 things
448 1735 102 30 enacted,
573 1736 50 23 that
640 1745 25 16 so

77 1767 67 23 much
163 1768 25 23 of
202 1768 31 23 all
250 1768 45 23 and
313 1776 68 23 every
393 1768 25 24 of
432 1768 39 24 the
489 1768 63 30 laws,
571 1774 56 24 acts,
641 1778 24 16 or

77 1801 132 23 ordinances
227 1801 128 24 heretofore
366 1801 66 24 made
442 1801 33 31 by
488 1801 38 24 the
545 1803 120 24 Governor

76 1834 44 22 and
133 1834 139 31 Legislative
282 1835 97 23 Council
391 1835 25 23 of
425 1835 59 23 New
495 1835 75 23 South
576 1836 87 27 Wales,

76 1867 44 23 and
129 1876 49 15 now
187 1869 23 22 in
220 1868 63 23 force
293 1868 97 29 therein,
400 1876 25 15 as
436 1868 58 23 have
507 1869 91 31 already
606 1870 59 23 been

76 1900 44 23 and
127 1909 40 15 can
176 1901 113 23 hereafter
297 1901 83 31 during
389 1902 36 22 the
431 1902 150 24 continuance
589 1903 25 23 of
618 1903 46 23 this

76 1934 126 29 ordinance,
214 1934 30 24 be
256 1935 91 31 applied
363 1935 79 23 within
454 1935 40 23 the
510 1935 51 24 said
576 1936 88 31 Colony

76 1975 22 14 vi
118 1968 55 22 New
194 1968 109 28 Zealand,
317 1968 59 23 shall
397 1968 27 23 be
436 1968 46 23 and
501 1969 39 23 the
552 1976 62 16 same
627 1978 37 14 are

75 1999 85 31 hereby
172 2001 97 30 adopted
280 2001 46 22 and
337 2001 111 28 declared,
465 2001 46 22 and
529 2001 101 24 directed
641 2006 22 19 to

75 2032 29 23 be
110 2033 110 24 extended
227 2039 22 18 to
258 2033 45 24 and
310 2034 90 30 applied
405 2034 24 23 in
437 2034 39 23 the
482 2034 182 24 administration

74 2065 27 23 of
106 2066 83 31 justice
200 2067 25 23 in
237 2067 39 23 the
288 2067 48 23 said
348 2066 90 31 Colony
450 2067 25 23 of
485 2067 58 23 New
554 2067 109 30 Zealand,

73 2098 25 23 in
119 2099 38 24 the
174 2099 47 24 like
241 2107 95 16 manner
354 2107 25 16 as
392 2100 31 23 all
434 2099 64 24 other
514 2100 40 23 the
571 2100 58 24 Law
641 2102 26 22 of

73 2131 115 32 England,
201 2133 45 23 and
257 2141 24 15 as
294 2133 20 23 if
322 2133 39 23 the
369 2141 63 16 same
439 2133 46 23 had
493 2134 59 23 been
559 2135 105 30 repealed

73 2166 46 22 and
129 2166 134 23 re-enacted
274 2167 24 22 in
310 2166 45 23 this
368 2166 130 24 ordinance.

107 2199 64 28 Now,
190 2199 122 29 therefore,
319 2218 5 3 -
333 2199 21 29 1,
374 2199 39 24 the
430 2199 128 31 Governor,
571 2201 25 23 in
606 2209 56 23 pur-

72 2239 83 16 suance
167 2232 25 23 of
207 2232 40 23 the
263 2241 76 23 power
358 2233 46 23 and
420 2233 116 31 authority
548 2242 25 15 so
583 2234 80 24 vested

71 2266 24 22 in
107 2274 36 14 me
154 2265 31 32 by
196 2266 39 23 the
248 2266 50 23 said
308 2266 86 23 recited
406 2271 56 24 acts,
474 2267 27 23 do
511 2267 86 31 hereby
608 2276 54 22 pro-

72 2299 65 23 claim
150 2299 44 23 and
207 2299 89 23 declare
317 2299 49 24 that
386 2300 37 23 the
443 2300 128 31 provisions
583 2301 26 23 of
624 2301 38 23 the

72 2332 49 22 first
133 2332 82 24 recited
229 2337 36 19 act
284 2333 19 23 is
325 2333 112 23 extended
456 2338 23 18 to
491 2333 38 24 the
549 2334 73 23 Town
640 2335 25 22 of

71 2364 149 32 Wellington,
232 2366 24 23 in
268 2366 39 23 the
314 2366 99 23 District
421 2366 25 23 of
455 2366 57 24 Port
525 2367 135 24 Nicholson.

138 2406 77 23 Given,
225 2406 73 23 under
309 2414 39 24 my
359 2406 63 24 hand
433 2406 47 24 and
493 2407 55 29 seal,
562 2412 23 19 at
595 2408 67 23 Wel-

171 2439 97 31 lington,
282 2440 45 22 this
340 2440 66 23 ninth
420 2440 45 31 day
475 2440 26 24 of
516 2441 144 31 September,

170 2474 24 22 in
206 2472 39 24 the
257 2481 55 23 year
322 2473 26 24 of
362 2481 42 16 our
416 2473 66 24 Lord
492 2481 43 17 one
547 2474 114 24 thousand

171 2505 63 32 eight
246 2506 104 24 hundred
362 2506 45 24 and
418 2507 71 31 forty-
493 2515 51 16 one.

136 2545 111 33 (Signed)
349 2547 125 24 William
488 2547 118 30 Hobson,

504 2579 156 34 (Governor.)

104 2613 35 31 By
150 2612 37 24 his
198 2613 162 32 Excellency's
372 2614 128 30 command,

127 2645 46 32 (for
182 2646 39 23 the
232 2646 105 25 Colonial
346 2646 134 33 Secretary)

69 2679 118 25 Edward
197 2680 170 29 Shortland,
380 2680 94 25 Private
486 2681 130 32 Secretary.

148 2719 70 25 GOD
239 2719 90 25 SAVE
347 2720 74 24 THE
439 2720 139 26 QUEEN!

310 2770 108 21 Notice.

406 2805 151 31 Wellington,

339 2838 58 24 10th
410 2839 143 31 September,
568 2841 73 23 1841.

72 2873 83 39 TLJIS
173 2875 142 31 Excellency
333 2876 38 23 the
384 2876 118 24 Governor
514 2877 84 24 directs
610 2878 50 24 that

71 2909 22 12 ■*•
156 2908 38 24 the
205 2909 116 31 following
331 2909 137 32 description
475 2910 26 23 of
510 2910 38 23 the
555 2911 103 24 bounda-

70 2943 44 22 ries
127 2942 24 22 of
166 2942 37 23 the
216 2942 72 23 Town
308 2942 25 23 of
349 2942 143 32 Wellington
510 2944 28 22 be
554 2944 105 24 declared

70 2975 30 23 '\>i
117 2975 35 23 the
165 2975 146 23 information
323 2976 25 22 of
363 2975 38 24 the
412 2976 84 30 public,
509 2977 25 22 in
543 2977 115 24 reference

69 3017 22 14 to
115 3008 34 23 his
178 3008 162 31 Excellency's
368 3009 170 24 Proclamation
560 3012 26 22 of
611 3012 47 22 this

68 3041 60 24 date.

103 3074 38 23 On
152 3074 38 24 the
198 3075 110 24 northern
321 3075 56 29 side,
386 3075 39 24 the
436 3076 79 24 shores
529 3078 24 23 of
569 3078 87 24 Lamb-

68 3107 148 25 ton-harbour
237 3109 59 23 from
316 3109 52 24 Pah
389 3109 74 24 Kewa
481 3114 21 19 to
521 3111 40 23 the
575 3112 81 23 north-

67 3146 87 18 eastern
167 3142 121 30 extremity
300 3142 26 24 of
341 3142 37 23 the
392 3143 82 23 Crown
482 3144 111 30 Reserve,
601 3153 56 15 near

68 3174 68 23 Point
147 3174 149 32 Jerningham
305 3184 7 20 ;
339 3175 44 24 and
401 3184 29 16 on
451 3176 31 24 all
500 3177 66 24 other
586 3178 69 29 sides,

67 3206 38 23 the
116 3208 92 23 summit
219 3208 26 23 of
261 3208 37 24 the
317 3210 119 23 mountain
453 3217 84 24 ranges
555 3211 102 31 forming

68 3240 37 23 the
118 3241 70 23 entire
199 3241 137 24 boundaries
351 3242 25 23 of
391 3242 38 24 the
451 3243 84 24 Crown
552 3244 103 25 Reserve

67 3273 85 23 around
165 3274 35 23 the
213 3274 81 30 Town,
308 3283 26 16 as
345 3274 78 25 shewn
432 3284 30 15 on
470 3276 38 24 the
516 3278 139 26 Company's

70 3306 66 23 Plan.

239 3340 37 32 By
287 3340 36 24 his
336 3341 161 33 Excellency's
510 3344 127 30 command,

263 3372 47 31 (for
322 3374 37 24 the
371 3375 104 25 Colonial
488 3376 133 33 Secretary)

106 3405 116 24 Edward
237 3406 167 30 Shortland,
418 3408 92 25 Private
524 3410 129 32 Secretary.

402 3460 150 32 Wellington,

350 3493 43 23 9th
406 3493 141 32 September,
563 3497 73 23 1841.

69 3526 83 25 OTIS
178 3527 141 33 Excellency
339 3530 37 23 the
397 3530 118 25 Governor
535 3533 41 23 has
596 3534 58 24 been

70 3554 19 20 A
96 3554 21 20 A
153 3561 93 31 pleased
258 3566 21 18 to
292 3562 67 24 make
371 3563 38 24 the
421 3564 116 32 following
548 3568 105 30 appoint-

65 3598 64 19 ment
150 3594 72 23 under
248 3594 39 23 the
310 3596 128 30 provisions
461 3598 27 23 of
508 3599 38 24 the
564 3600 47 24 Act
632 3601 24 23 of

67 3628 102 28 Council,
183 3626 48 25 2nd
241 3628 105 23 Victoria
358 3629 47 25 No.
425 3633 15 21 2
460 3631 26 23 of
506 3634 72 28 1838,
599 3634 54 23 with

65 3661 115 23 reference
191 3666 22 17 to
230 3661 39 23 the
289 3661 169 26 Proclamation
477 3665 24 23 of
522 3665 47 24 this
589 3666 64 32 day's

65 3694 59 29 date,
133 3694 125 31 extending
268 3694 39 23 the
318 3695 126 30 provisions
456 3697 26 23 of
496 3697 39 25 the
547 3699 50 24 said
606 3700 47 23 Act

68 3732 20 17 to
103 3727 36 23 the
151 3732 60 18 town
223 3728 23 23 ot
267 3727 146 31 Wellington,
428 3730 56 29 viz.,

150 3767 124 24 Michael
287 3768 126 30 Murphy,
423 3768 68 33 Esq.,
503 3770 65 31 J.P.,

65 3810 24 21 to
111 3807 29 23 be
162 3807 80 24 Police
265 3807 137 31 Magistrate
425 3809 27 23 of
472 3809 38 25 the
531 3811 73 25 Town
630 3814 25 23 of

63 3840 150 31 Wellington.
223 3841 4 4 '

241 3873 38 32 By
287 3873 37 24 his
336 3874 160 32 Excellency's
508 3879 126 30 command,

261 3900 47 37 (for
320 3907 39 23 the
371 3908 104 26 Colonial
488 3909 131 34 Secretary)

104 3938 117 26 Edward
234 3939 170 31 Shortland,
416 3941 94 26 Private
522 3943 128 34 Secretary.

1405 146 248 26 GOVERNMENT
1676 148 159 27 NOTICES.

1663 187 150 33 Wellington,

1612 220 43 24 9th
1667 221 141 31 September,
1824 225 73 22 1841.

1328 252 85 27 UIS
1435 254 142 33 Excellency
1597 257 38 24 the
1655 258 121 24 Governor
1794 259 44 25 has
1857 261 58 23 been

1412 288 61 24 been
1483 288 92 32 pleased
1586 294 24 19 to
1620 291 94 31 appoint

1417 328 107 24 George
1537 329 109 25 Butler
1658 330 82 30 Earp,
1753 331 69 33 Esq.,

1325 371 22 20 to
1358 367 30 25 be
1401 376 14 16 &
1426 369 137 31 Magistrate
1575 371 26 22 of
1616 371 39 24 the
1667 371 126 33 Territory,

1498 409 36 31 By
1545 409 37 24 his
1594 410 164 32 Excellency's
1769 413 128 29 command,

1519 440 48 33 (for
1578 443 41 23 the
1630 444 104 24 Colonial
1747 445 134 33 Secretary)

1364 473 120 25 Edward
1497 475 167 31 Shortland,
1678 477 92 24 Private
1783 479 129 31 Secretary.

1661 527 150 32 Wellington,

1609 560 44 24 9th
1664 561 142 31 September,
1822 564 73 23 1841.

1325 592 85 45 JJIS
1436 596 141 34 Excellency
1596 599 38 24 the
1654 599 119 26 Governor
1791 601 43 24 has
1855 602 58 24 been

1325 623 21 17 x
1352 623 23 17 A
1392 628 96 32 pleased
1500 635 21 19 to
1533 633 96 30 appoint

1413 669 108 25 George
1533 672 110 24 Butler
1654 673 82 30 Earp,
1749 673 69 33 Esq.,

1323 711 22 19 to
1356 707 30 24 be
1397 716 14 15 a
1422 708 106 25 Member
1540 711 26 23 of
1584 711 38 23 the
1634 712 141 31 Legislative
1789 715 104 25 Council.

1495 749 36 31 By
1542 750 36 23 his
1591 750 164 33 Excellency's
1766 755 128 29 command,

1516 781 48 32 (for
1576 783 39 24 the
1629 784 104 25 Colonial
1745 787 133 32 Secretary)

1361 813 121 25 Edward
1494 814 168 32 Shortland,
1676 818 92 24 Private
1781 820 128 31 Secretary.

1658 868 150 33 Wellington,

1606 901 44 24 9th
1661 902 142 31 September,
1819 906 73 23 1841.

1322 933 84 45 JJIS
1435 936 140 33 Excellency
1591 938 40 24 the
1650 940 120 25 Governor
1789 941 43 25 has
1853 943 58 24 been

1349 964 22 17 •*■
1407 969 94 31 pleased
1513 975 22 19 to
1545 973 94 30 appoint

1421 1009 49 25 Mr.
1490 1010 135 25 Kenneth
1636 1013 130 25 Bethune

1422 1050 10 11 *
1595 1046 46 22 and

1422 1075 48 25 Mr.
1484 1077 108 25 George
1606 1079 124 30 Hunter,
1744 1081 62 31 jun.,

1319 1119 22 19 to
1352 1115 30 23 be
1399 1115 40 25 the
1458 1117 157 26 Government
1631 1119 153 26 Auctioneers
1801 1127 25 19 at
1843 1122 63 25 Wel-

1318 1147 97 32 lington.

1492 1183 36 32 By
1539 1184 37 24 his
1589 1185 162 33 Excellency's
1763 1190 126 30 command,

1514 1218 47 30 (for
1573 1218 40 24 the
1625 1219 105 25 Colonial
1740 1221 134 33 Secretary)

1357 1248 122 26 Edward
1491 1250 167 31 Shortland,
1672 1253 93 24 Private
1777 1255 128 33 Secretary.

1655 1303 149 32 Wellington,

1601 1336 43 24 9th
1657 1337 142 31 September.
1815 1341 73 23 1841.

1319 1370 84 43 JJIS
1422 1371 141 33 Excellency
1586 1373 39 25 the
1645 1375 119 25 Governor
1786 1376 43 25 has
1850 1378 58 24 been

1317 1406 22 12 ■■•
1345 1398 22 21 *
1404 1405 93 31 pleased
1509 1411 20 19 to
1543 1408 93 30 appoint

1443 1446 48 24 Mr.
1506 1446 37 24 W.
1556 1447 30 23 B.
1600 1448 32 23 D.
1648 1448 132 26 Mantell

1316 1491 22 18 to
1349 1486 29 23 be
1392 1486 146 24 Postmaster
1549 1492 24 19 at
1584 1488 150 32 Wellington.

1489 1527 36 32 By
1537 1527 36 23 his
1587 1528 160 33 Excellency's
1761 1531 126 30 command,

1512 1559 46 32 (for
1570 1561 39 24 the
1622 1561 103 25 Colonial
1738 1564 134 32 Secretary)

1354 1592 121 25 Edward
1487 1594 168 29 Shortland,
1669 1596 94 24 Private
1775 1597 129 32 Secretary.

1554 1644 108 21 Notice.

1516 1678 146 31 Post-office,
1674 1681 151 32 Wellington,

1618 1713 136 31 September
1765 1717 24 27 9,
1802 1717 74 23 1841.

1314 1746 156 26 TVOTICE
1493 1749 31 24 IS
1547 1749 148 26 HEREBY
1715 1752 119 30 GIVEN,
1857 1754 49 24 that

1378 1782 80 23 letters
1470 1782 45 24 will
1523 1783 28 23 be
1563 1785 146 23 transmitted
1715 1786 123 24 over-land
1846 1788 59 23 from

1312 1814 143 32 Wellington
1467 1820 23 19 to
1502 1816 130 30 Wanganui
1642 1818 30 30 by
1682 1818 64 30 Post,
1759 1827 69 24 every
1836 1820 69 24 alter-

1311 1853 53 18 nate
1387 1848 110 32 Monday,
1516 1851 160 30 commencing
1695 1860 29 15 on
1747 1853 103 31 Monday
1867 1854 38 23 the

1312 1881 59 24 20th
1383 1882 88 23 instant
1482 1891 4 15 :
1500 1883 44 23 and
1551 1883 59 23 from
1618 1884 131 32 Wanganui
1757 1890 22 19 to
1789 1886 115 32 Welling-

1311 1919 47 24 ton,
1370 1923 30 15 on
1411 1916 40 22 the
1469 1916 156 24 intermediate
1638 1917 125 33 Mondays,
1775 1927 129 16 commenc-

1310 1948 41 30 ing
1360 1956 30 15 on
1403 1949 38 23 the
1453 1949 59 26 27th
1521 1950 96 23 instant.

1345 1981 52 22 The
1408 1986 50 18 rate
1469 1983 26 21 of
1509 1987 94 25 postage
1615 1983 47 23 will
1673 1983 29 24 be
1714 1992 24 16 as
1751 1985 97 25 follows.

1379 2013 48 24 For
1436 2022 14 15 a
1462 2014 73 30 single
1546 2015 69 24 letter
1626 2023 43 16 one
1682 2017 101 31 shilling.

1378 2046 49 23 For
1439 2055 13 15 a
1463 2047 81 23 double
1554 2048 68 24 letter
1633 2053 45 19 two
1688 2050 114 31 shillings.

1345 2079 48 24 For
1410 2079 32 24 all
1460 2079 63 25 other
1542 2080 79 25 letters
1639 2090 26 15 or
1684 2084 87 30 parcels
1789 2084 116 32 weighing

1310 2120 42 15 one
1373 2120 73 17 ounce
1458 2121 26 16 or
1502 2114 112 31 upwards,
1627 2119 24 19 at
1669 2116 40 23 the
1728 2122 49 18 rate
1799 2117 27 23 of
1839 2118 65 24 three

1310 2145 106 32 shillings
1426 2147 45 23 and
1483 2147 107 31 sixpence
1601 2156 42 24 per
1655 2157 80 16 ounce.

1342 2179 42 24 All
1396 2179 79 24 letters
1486 2180 111 31 designed
1609 2182 36 22 for
1663 2183 120 24 over-land
1799 2185 103 31 carriage

1309 2217 62 19 must
1378 2212 30 24 be
1420 2213 94 24 marked
1526 2222 29 15 on
1576 2215 39 23 the
1627 2217 89 22 outside
1752 2218 108 23 overland
1869 2228 7 18 ;

1309 2253 25 16 or
1345 2246 55 31 they
1408 2246 47 24 will
1466 2247 29 24 be
1507 2249 144 23 transmitted
1671 2250 31 31 by
1713 2258 47 21 sea,
1772 2259 26 15 as
1817 2259 85 24 oppor-

1309 2279 93 23 tunities
1413 2288 76 21 occur,
1500 2281 88 32 subject
1600 2286 23 19 to
1641 2282 40 25 the
1691 2284 67 23 usual
1769 2284 98 32 charges
1879 2286 26 23 of

1308 2317 158 27 sea-postage.

1340 2345 42 25 All
1394 2354 143 24 newspapers
1548 2348 46 23 will
1614 2348 27 24 be
1662 2350 125 25 forwarded
1808 2352 50 23 free
1879 2352 26 23 of

1305 2383 98 27 postage
1413 2380 33 31 by
1457 2388 46 22 sea,
1514 2380 80 25 unless
1613 2382 98 26 marked
1749 2385 109 24 overland
1867 2395 7 20 ;

1305 2413 25 22 in
1341 2412 75 24 which
1429 2421 52 16 case
1492 2414 53 31 they
1556 2415 47 24 will
1615 2415 28 24 be
1655 2417 90 32 subject
1755 2422 23 19 to
1789 2426 15 15 a
1815 2418 86 32 charge

1306 2445 29 24 of
1350 2445 65 25 three
1425 2455 73 23 pence
1510 2448 63 24 each.

1338 2477 115 35 (Signed)
1554 2481 40 24 W.
1607 2482 30 24 B.
1651 2483 33 24 D.
1697 2484 142 30 Mantell,

1729 2518 152 25 Postmaster.

1442 2563 128 22 Erection
1580 2565 33 21 of
1624 2571 16 16 a
1655 2566 106 22 Pound.

1564 2599 167 32 Police-office,
1744 2602 154 32 Wellington,

1592 2634 136 31 September
1740 2638 39 26 10,
1795 2638 74 23 1841.

1303 2667 188 26 TTENDERS
1504 2670 45 23 will
1557 2671 30 23 be
1598 2672 102 23 receivee
1718 2678 24 18 at
1759 2673 46 24 this
1824 2674 74 23 Office

1315 2695 23 19 A
1366 2703 60 23 until
1437 2711 61 15 noon
1511 2704 24 22 of
1550 2704 115 31 Saturday
1677 2705 39 24 the
1731 2706 57 24 18th
1799 2707 97 29 instant,

1303 2735 59 24 from
1371 2743 96 23 persons
1484 2737 88 31 willing
1584 2742 23 19 to
1626 2743 62 19 erect
1704 2747 14 15 a
1729 2739 83 25 Pound
1825 2741 26 23 in
1860 2740 38 24 the

1305 2769 72 23 Town
1390 2768 25 23 of

1338 2801 101 24 Further
1450 2804 134 30 particulars
1593 2812 53 24 may
1653 2805 30 23 be
1693 2805 85 25 known
1785 2806 32 32 by
1824 2808 73 31 appli-

1304 2836 74 23 cation
1390 2839 24 20 at
1425 2836 47 23 this
1484 2837 72 24 office.

1456 2869 126 25 Michael
1600 2871 126 30 Murphy,

1535 2903 73 25 Chief
1622 2905 80 24 Police
1714 2906 148 32 Magistrate.

1544 2954 110 22 Notice.

1642 2989 152 33 Wellington,

1574 3022 137 32 September
1724 3027 39 26 10,
1779 3027 74 23 1841.

1472 3059 32 24 IS
1515 3059 147 27 HEREBY
1675 3062 118 30 GIVEN,
1806 3064 51 24 that
1865 3064 32 24 all

1366 3099 97 23 persons
1476 3092 47 24 who
1542 3093 59 25 have
1621 3094 60 25 built
1691 3095 84 25 houses
1787 3104 70 24 upon,
1871 3106 26 15 or

1302 3131 87 25 occupy
1400 3133 46 23 any
1457 3125 82 24 Public
1551 3126 117 26 Reserves
1689 3137 25 16 or
1732 3138 45 23 any
1792 3130 104 24 Reserve

1300 3156 36 24 for
1348 3158 39 23 the
1396 3158 86 24 benefit
1490 3160 25 24 of
1528 3160 39 24 the
1577 3161 106 30 Natives,
1696 3170 38 16 are
1746 3163 106 32 required
1871 3169 23 19 to

1300 3190 63 24 leave
1376 3191 46 24 and
1444 3193 61 30 yield
1519 3201 32 24 up
1568 3196 134 30 possession
1723 3197 26 23 of
1764 3196 39 26 the
1824 3205 69 22 same,

1301 3224 78 24 within
1392 3232 43 16 one
1447 3226 79 24 month
1538 3227 59 25 after
1605 3227 39 25 the
1654 3229 52 24 date
1718 3229 86 31 hereof,
1815 3231 80 24 unless

1300 3257 103 24 licenced
1411 3263 23 19 to
1443 3260 85 24 remain
1545 3260 35 25 for
1592 3269 14 16 a
1617 3261 81 32 longer
1715 3264 79 31 period
1808 3264 33 31 by
1856 3264 38 24 the

1301 3290 78 24 Police
1390 3290 140 33 Magistrate
1540 3302 7 21 ;
1566 3295 47 23 and
1631 3295 50 25 that
1691 3297 25 23 in
1726 3296 40 25 the
1785 3302 68 19 event
1871 3298 27 23 of

1300 3323 59 24 their
1380 3325 134 32 neglecting
1533 3335 25 16 or
1578 3328 108 32 refusing
1704 3337 26 16 so
1752 3334 25 20 to
1799 3331 37 29 do,
1855 3331 39 24 the

1300 3356 79 24 Police
1404 3358 140 31 Magistrate
1562 3360 43 25 has
1626 3363 149 24 instructions
1791 3368 23 20 to
1835 3364 59 32 eject

1300 3390 61 24 them
1372 3391 60 24 from
1444 3392 39 23 the
1493 3394 92 30 ground
1595 3394 57 32 they
1663 3403 26 16 so
1698 3404 94 24 occupy.

1337 3424 52 24 And
1400 3424 32 24 all
1448 3433 96 24 persons
1559 3435 40 16 are
1619 3429 92 25 warned
1721 3434 42 20 not
1782 3434 23 20 to
1824 3430 68 30 clear,

1299 3457 72 29 fence,
1383 3465 26 16 or
1430 3458 114 30 cultivate,
1556 3468 26 16 or
1598 3460 66 25 build
1681 3462 25 24 in
1723 3470 26 17 or
1765 3471 64 24 upon
1849 3472 44 23 any

1299 3490 91 31 portion
1399 3491 26 23 of
1432 3491 40 24 the
1490 3492 47 24 belt
1546 3494 26 24 of
1587 3495 106 24 reserved
1701 3495 55 25 land
1766 3497 126 24 surround-

1299 3524 42 30 ing
1352 3523 39 24 the
1403 3528 70 21 town.

1476 3558 36 31 By
1522 3558 37 25 his
1571 3560 162 33 Excellency's
1745 3563 128 30 command,

1504 3590 47 33 (for
1558 3592 40 25 the
1606 3594 106 24 Colonial
1723 3595 134 33 Secretary)

1338 3623 121 25 Edward
1471 3624 170 32 Shortland,
1654 3628 93 24 Private
1761 3629 127 32 Secretary.

1298 3690 96 49 NOT
1398 3704 3 5 •
1407 3690 46 23 CE.
1453 3702 30 4 —
1484 3691 94 23 Persons
1583 3691 101 23 desirous
1692 3693 26 21 of
1721 3692 169 29 beingmarried

1378 3718 31 27 by
1422 3717 39 23 the
1471 3718 54 22 Rev.
1537 3718 62 23 John
1609 3719 137 27 M'Farlane,
1758 3721 47 21 first
1812 3721 78 23 minis-

1298 3747 33 19 ter
1340 3744 27 22 of
1377 3744 38 22 the
1424 3745 81 22 Scotch
1514 3745 89 22 Church
1613 3746 23 22 in
1653 3746 56 22 New
1725 3747 108 27 Zealand,
1851 3756 37 14 are

1297 3771 120 28 requested
1426 3775 24 18 to
1460 3772 91 27 register
1561 3772 59 23 their
1634 3780 78 15 names
1726 3774 54 21 with
1793 3774 39 22 the
1847 3782 42 16 un-

1298 3798 119 28 dersigned
1426 3801 24 19 at
1459 3798 65 23 latest
1533 3798 37 23 the
1580 3800 111 27 Saturday
1700 3800 105 32 previous
1819 3804 23 19 to
1852 3801 36 23 the

1298 3832 128 21 ceremony,
1437 3825 24 22 in
1472 3825 63 22 order
1542 3828 23 19 to
1571 3826 167 28 proclamation
1743 3828 26 21 of
1777 3828 73 22 banns
1858 3836 30 14 on

1298 3852 105 22 Sabbath.
1433 3852 93 23 Persons
1536 3852 47 23 also
1591 3853 100 22 desirous
1701 3854 26 21 of
1738 3854 85 29 having
1832 3855 57 22 their

1297 3878 102 23 children
1418 3879 108 28 baptised,
1544 3883 60 19 must
1621 3881 104 27 previous
1742 3880 87 24 thereto
1838 3882 50 27 give

1297 3906 38 22 the
1344 3906 106 28 requisite
1461 3906 142 23 information
1615 3907 23 22 in
1648 3907 66 22 order
1724 3911 23 19 to
1761 3908 95 28 registry
1865 3912 23 20 to

1567 3934 97 22 Robert
1678 3934 27 22 R.
1720 3935 100 27 Strang,

1356 3958 112 29 Solicitor,
1484 3959 113 28 Registrar
1606 3960 35 23 for
1652 3961 38 25 the
1701 3962 81 22 Scotch
1790 3962 97 24 Church.
1889 3969 4 6 1

790 142 247 27 GOVERNMENT
1060 144 158 25 NOTICES.

1036 183 161 32 -Wellington,

997 216 43 24 9th
1051 217 143 31 September,
1206 219 12 23 1
1222 219 57 23 841.

712 251 45 26 11l
765 252 31 24 IS
815 252 141 32 Excellency
968 253 40 24 the
1019 254 121 24 Governor
1151 254 83 25 directs
1244 256 19 23 it
1274 259 24 20 to

796 285 28 24 be
836 285 95 24 notified
947 285 49 24 that

776 325 124 24 .Richard
912 325 101 24 Davies
1027 325 122 31 Hanson,
1161 326 68 32 Esq.,

882 358 84 23 Crown
976 359 148 29 Prosecutor,

707 398 21 23 is
739 397 133 24 authorised
882 402 24 19 to
917 404 127 26 prosecute,
1057 400 24 22 in
1098 399 37 24 his
1154 407 49 16 own
1222 408 72 22 name,

708 430 28 24 all
750 432 80 22 crimes
843 431 46 23 and
900 432 98 23 offences
1011 432 58 23 tried
1080 433 25 22 in
1116 432 39 24 the
1172 433 83 24 Courts
1273 433 25 24 of

708 463 100 24 General
815 463 45 24 and
867 464 99 25 Quarter
976 465 108 23 Sessions
1091 465 35 24 for
1133 465 38 24 the
1182 466 115 24 Southern

708 495 108 25 District.

880 530 39 31 By
929 530 36 23 his
978 530 162 32 Excellency's
1153 533 124 29 command,

696 576 10 9 •
905 560 46 33 (for
961 564 39 22 the
1013 564 106 24 Colonial
1130 565 131 32 Secretary)

745 595 120 25 Edward
877 596 170 29 Shortland,
1060 597 94 23 Private
1165 599 128 31 Secretary.

992 680 44 24 sth
1048 682 141 30 September,
1203 684 72 23 184-1.

705 722 84 31 GIE,
791 737 32 4 —
824 724 191 32 Understanding
1033 725 50 24 that
1100 734 64 16 some
1182 726 81 28 doubt,
1272 728 21 23 is

758 757 142 24 entertained
918 766 26 15 as
961 763 24 19 to
1004 759 39 23 the
1065 760 122 23 intentions
1209 761 25 23 of
1255 761 39 24 the

705 790 156 24 Government
888 791 55 23 with
976 796 92 27 respect
1098 796 23 19 to
1156 793 38 23 the
1228 793 64 24 lands

703 823 96 23 claimed
820 823 31 31 by
869 824 40 23 the
926 825 57 23 New
1004 825 101 24 Zealand
1124 826 126 32 Company,
1268 828 25 22 in

703 856 115 23 reference
842 857 56 23 both
916 861 23 19 to
959 858 39 23 the
1018 858 63 30 right
1100 858 26 24 of
1138 860 153 31 pre-emption

703 889 77 23 vested
807 890 25 22 in
858 889 38 24 the
923 890 90 29 Crcwn,
1041 891 45 23 and
1111 896 23 19 to
1163 893 130 31 conflicting

703 922 79 23 claims
809 922 105 25 between
942 923 38 24 the
1011 924 119 31 Company
1159 925 44 24 and
1229 926 63 24 other

702 955 143 31 purchasers.

735 997 24 24 It
770 1006 52 22 may
832 998 30 23 be
874 999 144 31 satisfactory
1027 1000 36 23 for
1073 1007 45 24 you
1130 1004 23 19 to
1164 1000 68 25 know
1243 1001 49 24 that

702 1030 36 24 the
752 1030 81 24 Crown
846 1032 47 22 will
901 1032 77 31 forego
990 1034 30 22 its
1033 1033 63 30 right
1104 1034 26 22 of
1138 1035 153 31 pre-emption

700 1068 23 18 to
742 1063 38 24 the
792 1064 65 23 lands
870 1065 128 31 comprised
1016 1066 80 23 within
1116 1067 39 22 the
1165 1067 71 26 limits
1246 1068 45 23 laid

700 1096 64 23 down
776 1098 25 22 in
812 1097 39 24 the
863 1099 181 31 accompanying
1056 1099 114 30 schedule,
1181 1101 44 23 and
1242 1101 49 24 that

700 1129 37 24 the
751 1130 119 31 Company
882 1131 47 24 will
940 1133 88 22 receive
1041 1140 14 15 a
1066 1138 67 25 grant
1152 1134 26 23 of
1192 1134 31 23 all
1234 1134 56 24 such

698 1162 74 30 lands,
785 1170 24 17 as
831 1171 52 24 may
898 1164 32 31 by
942 1173 43 23 any
998 1173 43 16 one
1057 1166 57 23 have
1131 1167 57 23 been
1208 1168 82 31 validly

698 1196 127 31 purchased
841 1197 59 23 from
924 1197 37 24 the
982 1198 104 29 Natives,
1107 1199 40 23 the
1172 1200 117 32 Company

700 1230 171 31 compensating
881 1230 30 24 all
924 1232 105 30 previous
1041 1232 137 30 purchasers
1196 1234 92 24 accord-

699 1263 39 30 ing
758 1267 23 19 to
794 1271 13 15 a
825 1263 61 25 scale
905 1268 23 20 to
945 1264 27 23 be
985 1265 61 23 fixed
1058 1265 31 31 by
1101 1274 14 15 a
1126 1265 73 25 Local
1219 1267 69 24 Ordi-

698 1303 81 17 nance.

731 1339 55 23 You
797 1347 37 16 are
846 1344 24 19 at
881 1340 82 31 liberty
975 1345 23 19 to
1010 1341 55 31 give
1083 1341 39 24 the
1133 1346 85 20 utmost
1229 1343 57 32 pub-

696 1372 65 32 licity
773 1377 23 19 to
808 1372 45 24 this
867 1375 199 23 communication.

828 1415 13 24 I
853 1415 59 24 have
924 1415 37 24 the
972 1416 74 23 honor
1058 1421 23 19 to
1093 1416 35 30 be,
1141 1417 44 30 Sir,

855 1455 67 24 Your
932 1460 60 19 most
1005 1456 104 25 obedient
1122 1462 98 26 servant,

933 1495 113 33 (Signed)
1080 1497 39 24 W.
1134 1497 117 27 Hobson.

696 1538 35 24 To
743 1538 40 24 W.
796 1538 138 31 Wakefield,
949 1539 59 31 Esq.

695 1624 133 18 SCHEDULE
848 1625 31 17 OF
893 1625 83 18 LANDS
988 1627 87 16 ABOVE
1095 1627 137 17 REFERRED
1244 1628 39 17 TO.

722 1667 82 24 Town
814 1675 32 16 of
858 1667 190 31 Wellington,
1055 1670 132 30 containing
1194 1667 12 34 (
1210 1669 74 33 1100)

695 1700 79 24 eleven
785 1701 104 23 hundred
905 1709 71 22 acres,
990 1703 25 22 in
1034 1703 99 23 sections
1146 1703 25 23 of
1180 1710 43 17 one
1235 1712 49 16 acre

695 1733 62 29 each,
775 1734 126 24 numbered
912 1735 59 23 from
986 1737 9 22 1
1011 1740 23 19 to
1049 1738 65 21 1100
1126 1743 31 16 on
1168 1735 38 25 the
1216 1737 68 24 Com-

693 1767 82 31 pany's
789 1767 67 24 Plan.
874 1780 7 4 -

728 1809 83 24 Town
841 1809 131 30 District,
996 1811 120 32 including
1145 1811 73 26 Karoi
1240 1813 44 24 and

694 1841 84 31 Ohiro,
792 1844 134 30 containing
933 1843 92 33 (5000)
1034 1845 167 24 five^housaud
1213 1855 68 21 acres,

693 1884 62 16 more
775 1884 26 16 or
818 1876 56 30 less,
894 1878 25 22 in
937 1878 100 23 sections
1053 1879 125 24 numbered
1196 1887 30 16 on
1246 1879 37 24 the

693 1909 50 23 said
761 1909 59 24 Plan
840 1912 24 26 2,
886 1912 24 28 3,
923 1911 44 23 and
987 1914 14 21 5
1021 1916 23 19 to
1064 1914 32 21 52
1108 1914 173 31 consecutively,

693 1942 59 24 Nos.
768 1945 11 21 1
794 1943 44 23 and
850 1945 18 22 4
879 1944 70 31 being
961 1945 85 23 Crown
1057 1945 124 25 Reserves.
1187 1955 3 3 ■

728 1985 133 23 Harbour
884 1986 132 28 District,
1041 1988 132 29 containing
1181 1994 3 5 ■
1190 1986 92 33 (6.900)

693 2017 36 24 six
752 2018 115 24 thousand
887 2020 55 22 nine
959 2018 105 25 hundred
1083 2027 72 21 acres,
1174 2028 63 16 more
1257 2029 26 15 or

691 2050 55 29 less,
767 2051 25 23 in
810 2052 101 23 sections
926 2051 125 25 numbered
1069 2052 59 24 from
1143 2055 11 22 1
1167 2055 22 21 to
1208 2055 32 22 69
1253 2061 29 16 on

693 2083 38 24 the
742 2084 52 23 said
804 2084 70 24 Plan.

725 2126 101 24 Watt's
849 2128 162 29 Peninsula,
1036 2129 133 31 containing
1190 2127 91 35 (1200)

691 2159 81 25 twelve
783 2160 104 24 hundred
899 2169 71 21 acres,
979 2169 64 16 more
1055 2170 24 15 or
1091 2161 54 30 less,
1158 2163 123 24 numbered

691 2201 31 16 on
740 2192 38 25 the
798 2194 50 23 said
869 2194 60 24 Plan
943 2194 60 24 from
1017 2197 11 21 1
1043 2199 23 19 to
1080 2197 28 22 11
1123 2194 44 25 and
1181 2197 39 29 13,
1233 2196 45 25 No.

694 2228 30 22 12
735 2226 71 32 being
816 2236 14 14 a
843 2227 84 25 Crown
939 2227 112 25 Reserve.

726 2269 120 24 Porirua
863 2269 131 30 District,
1015 2271 132 32 containing
1164 2270 115 34 (10,600)

691 2307 38 19 ten
740 2302 113 24 thousand
863 2304 38 22 six
912 2303 110 29 hundred,
1035 2312 63 16 more
1109 2313 26 15 or
1147 2305 52 30 less,
1212 2314 67 16 num-

690 2336 70 23 bered
770 2336 59 23 from
843 2338 12 21 1
869 2340 23 20 to
907 2338 46 23 106
963 2344 30 16 on
1006 2337 38 24 the
1056 2337 50 24 said
1118 2338 67 25 Plan.

725 2379 76 24 Hutt
825 2379 131 29 District,
980 2380 133 31 containing
1129 2378 91 33 (6400)
1243 2383 36 23 six

690 2411 113 25 thousand
813 2412 54 24 four
877 2412 105 24 hundred
998 2420 74 23 acres,
1084 2415 124 24 numbered
1218 2415 59 24 from

692 2447 12 22 1
718 2450 22 19 to
753 2447 35 23 64
799 2453 28 16 on
837 2446 40 24 the
888 2446 50 24 said
950 2445 68 25 Plan.

724 2489 179 31 Seventy-eight
937 2489 114 24 thousand
1085 2490 64 31 eight
1175 2490 103 26 hundred

689 2520 116 34 (78,800)
817 2530 72 22 acres,
902 2530 63 16 more
982 2530 26 16 or
1020 2521 57 31 less,
1091 2527 22 20 to
1126 2525 28 22 be
1168 2526 109 31 surveyed

688 2556 46 23 and
756 2556 93 23 allotted
871 2556 32 31 by
922 2555 38 24 the
979 2556 50 24 said
1051 2556 125 33 Company,
1194 2559 27 24 in
1237 2559 40 24 the

687 2588 189 32 neighbourhood
887 2589 26 23 of
929 2589 58 24 Port
1002 2588 136 32 Nicholson,
1152 2591 37 24 the
1203 2591 73 26 boun-

688 2622 74 24 daries
782 2622 25 24 of
822 2622 76 24 which
914 2622 188 31 neighbourhood
1116 2631 40 17 are
1166 2624 52 25 thus
1236 2625 40 25 de-

688 2655 84 30 clared,
783 2655 39 24 viz
833 2664 6 15 :—:
841 2667 36 6 —

722 2698 60 24 The
809 2698 91 24 Riveb
1166 2700 59 25 from
1246 2702 30 24 its

688 2732 80 23 mouth
785 2732 106 31 upwards
903 2736 23 19 to
939 2731 37 24 the
984 2732 97 31 parallel
1093 2733 24 23 of
1130 2733 38 24 the
1180 2734 96 25 Wabins

688 2765 45 23 and
744 2765 104 24 Tararua
858 2772 92 24 ranges,
959 2765 61 24 from
1030 2765 83 25 thence
1124 2766 31 32 by
1164 2767 38 24 the
1213 2776 63 16 sum-

688 2799 42 23 mit
749 2798 26 23 of
792 2798 38 23 the
852 2798 104 24 Tararua
975 2806 80 23 range,
1075 2800 124 32 extending
1220 2802 23 23 in
1262 2810 15 16 a

687 2831 94 31 general
799 2831 111 24 direction
929 2831 70 24 about
1018 2832 70 23 south
1103 2838 24 19 to
1147 2834 37 24 the
1204 2834 72 26 River

688 2864 72 29 Hutt,
771 2864 59 24 from
841 2864 83 24 thence
935 2864 30 31 by
971 2872 15 16 a
997 2865 47 24 line
1055 2866 96 31 bearing
1162 2867 74 30 south,
1246 2869 30 31 by

688 2906 112 24 compass,
813 2901 22 20 to
848 2897 39 24 the
903 2898 96 23 summit
1009 2899 25 22 of
1047 2899 40 24 the
1098 2900 16 12 '*
1127 2900 123 26 Turakirai

686 2939 80 23 range,
777 2930 74 24 which
869 2930 73 24 forms
959 2931 39 23 the
1017 2937 89 19 eastern
1125 2933 116 33 boundary
1253 2935 26 24 of

686 2964 40 23 the
745 2964 73 31 valley
834 2963 27 24 of
877 2963 40 25 the
935 2964 74 24 River
1025 2965 71 30 Hutt,
1116 2970 22 21 to
1150 2966 39 25 the
1203 2976 38 17 sea
1252 2973 24 20 at

686 2998 89 31 Baring
787 2997 78 24 Head.

721 3041 64 31 Fifty
800 3039 116 25 thousand
937 3038 118 35 (50,000)
1077 3049 73 23 acres,
1168 3052 63 17 more
1249 3052 26 16 or

685 3074 54 30 less,
750 3078 25 20 to
786 3074 29 24 be
824 3073 116 32 surveyed
952 3074 46 24 and
1015 3074 94 25 allotted
1126 3077 33 30 by
1173 3078 39 24 the
1225 3078 50 24 said

686 3107 126 33 Company,
825 3107 24 23 in
861 3106 39 24 the
912 3107 188 32 neighbourhood
1110 3109 26 24 of
1145 3110 57 25 New
1216 3111 58 33 Ply-

684 3141 89 29 mouth,
780 3142 39 23 the
830 3140 138 25 boundaries
979 3140 103 25 whereof
1091 3150 38 16 are
1140 3151 26 16 as
1175 3144 97 31 follows,

684 3174 38 24 viz
729 3183 46 15 .—

718 3217 60 24 The
796 3217 85 24 Coast
898 3216 69 25 Line
983 3224 73 17 from

811 3250 128 32 extending
954 3250 26 24 in
997 3258 15 16 a
1028 3252 119 32 northerly
1165 3253 109 26 direction

684 3288 40 19 ten
734 3284 67 23 miles
811 3283 26 24 in
853 3283 75 25 direct
945 3283 102 25 distance
1057 3293 8 21 ;
1083 3285 60 24 from
1161 3287 87 31 thence,
1259 3297 15 16 a

684 3317 45 23 line
741 3321 25 19 at
781 3316 63 32 right
855 3317 81 31 angles
949 3316 55 24 with
1015 3316 47 28 the.
1066 3323 63 19 coast
1139 3319 54 30 line,
1211 3321 63 32 eight

683 3350 83 29 miles;
784 3351 58 23 from
861 3350 82 24 thence
960 3350 32 32 by
1011 3358 14 16 a
1043 3350 47 25 line
1105 3353 96 30 parallel
1218 3355 55 24 with

684 3383 38 24 the
734 3387 64 20 coast
813 3383 56 30 line,
882 3387 40 20 ten
932 3383 67 24 miles
1009 3392 6 20 ;
1034 3384 47 24 and
1095 3385 55 25 then
1160 3386 30 32 by
1201 3395 15 16 a
1225 3387 46 26 line

682 3416 96 32 parallel
799 3416 55 24 with
872 3416 40 24 the
929 3416 111 25 northern
1058 3418 119 32 boundary
1193 3425 24 20 to
1234 3422 38 24 the

684 3457 39 16 sea
733 3454 65 19 coast
808 3454 24 19 at
844 3449 153 32 Sugar-Loaf
1013 3450 78 26 Head.

717 3492 65 32 Fifty
797 3492 118 24 thousand
935 3490 118 35 (50,000)
1074 3501 72 24 acres,
1166 3504 63 18 more
1246 3505 26 17 or

681 3525 55 30 less,
749 3530 24 19 to
791 3525 28 24 be
835 3526 115 31 surveyed
960 3526 47 24 and
1017 3527 95 25 allotted
1124 3528 32 32 by
1166 3529 38 25 the
1221 3531 50 25 said

684 3559 120 32 Company
832 3563 24 19 at
887 3559 140 32 Wanganui,
1063 3560 39 25 the
1135 3562 136 27 boundaries

682 3592 101 24 whereof
792 3600 38 16 are
842 3600 27 15 as
879 3591 83 31 follow,
973 3592 39 24 viz
1019 3601 9 16 :
1029 3605 36 7 —

715 3635 53 24 The
779 3636 46 23 Sea
836 3635 73 24 Coast
917 3637 158 32 commencing
1085 3645 43 17 one
1138 3639 54 24 mile
1203 3645 67 20 west-

682 3669 61 24 ward
752 3669 60 25 from
823 3668 40 25 the
872 3669 79 24 mouth
961 3669 27 24 of
1002 3669 39 24 the
1049 3669 73 26 River
1133 3671 136 34 Wanganui,

681 3702 46 24 and
735 3702 125 32 extending
869 3702 60 24 from
939 3702 49 24 that
998 3703 67 31 point
1076 3708 38 20 ten
1126 3705 66 25 miles
1210 3713 60 19 east-

681 3735 61 24 ward
762 3735 69 32 along
850 3735 39 24 the
908 3740 79 25 coast;
1013 3736 60 24 from
1091 3737 80 25 thence
1189 3747 17 16 a
1223 3740 46 25 line

681 3768 95 32 bearing
787 3768 66 24 north
873 3768 30 32 by
915 3776 112 24 compass,
1039 3770 65 31 eight
1114 3772 68 24 miles
1189 3780 7 21 ;
1215 3773 55 25 then

680 3801 30 32 by
723 3810 14 15 a
745 3801 47 25 line
808 3801 99 31 bearing
922 3806 65 25 west,
996 3807 40 19 ten
1054 3803 67 24 miles
1132 3813 8 21 ;
1159 3805 44 24 and
1211 3806 58 25 from

681 3835 81 24 thence
773 3835 30 31 by
813 3843 15 16 a
837 3835 47 24 line
897 3835 94 31 bearing
1003 3836 68 24 south
1082 3841 23 19 to
1114 3837 40 24 the
1165 3844 70 20 coast.

950 3878 108 25 Felton
1070 3879 132 33 Mathew,

1029 3913 238 33 Surveyor-General.

716 3946 38 22 Ist
766 3944 143 32 September,
924 3946 73 24 1841.
