2580 4050
1344 2389 41 22 Mr.
1397 2388 135 28 Alexander
1532 2388 121 28 Shepherd
1663 2396 44 14 was
1718 2388 103 27 gazetted
1831 2396 29 13 on
1871 2388 36 22 the

1318 2415 52 23 11th
1377 2416 24 21 of
1411 2416 61 26 May,
1483 2423 26 15 as
1512 2416 126 21 -Treasurer
1648 2416 25 21 of
1685 2415 55 22 New
1751 2415 107 22 Zealand.

1962 2423 40 21 We
2013 2423 68 21 stated
2086 2423 28 26 by
2122 2422 84 21 mistake
2215 2422 42 20 last
2266 2422 57 19 week
2333 2422 45 19 that
2388 2422 36 19 the
2438 2422 78 25 Regina

1936 2451 41 21 had
1987 2451 65 20 sailed
2067 2451 35 19 for
2117 2449 46 21 New
2182 2449 122 28 Plymouth.
2340 2448 42 21 She
2396 2451 56 18 went
2471 2449 45 20 into

1937 2479 76 19 Evans'
2025 2478 51 26 Bay,
2087 2477 61 21 where
2161 2477 37 20 she
2213 2477 19 20 is
2248 2479 21 17 at
2285 2479 93 24 present,
2392 2476 39 20 but
2447 2476 20 20 is
2481 2482 35 14 ex-

1935 2506 75 25 pected
2019 2510 22 16 to
2052 2505 38 21 sail
2097 2505 76 25 hourly.

246 1567 120 19 CUSTOM
381 1566 109 20 HOUSE.

104 1595 83 21 Cargo
197 1601 28 15 of
234 1601 48 15 the
510 1599 46 14 for
571 1592 94 22 Kapiti.

75 1634 28 5 —
104 1624 27 20 27
141 1622 60 22 casks
208 1623 57 24 beef,
278 1623 25 20 17
310 1623 37 20 do.
354 1622 63 20 moist
424 1627 70 20 sugar,
503 1622 13 20 2
524 1625 49 16 tons
580 1620 85 25 biscuit,

76 1652 14 19 3
104 1657 57 15 cases
176 1651 65 26 slops,
256 1651 28 19 30
300 1649 65 21 boxes
379 1655 60 20 soap,
459 1649 27 20 30
505 1648 53 26 kegs
574 1648 91 26 powder,

79 1679 102 19 Order.—
182 1679 26 19 24
228 1681 73 23 empty
319 1677 31 21 oil
368 1677 69 24 casks,
456 1677 89 19 Frazer.
546 1686 29 4 —
575 1677 13 19 2
606 1682 59 14 cases

75 1705 75 25 books,
161 1706 51 20 Rev.
221 1705 46 21 Mr.
282 1705 103 25 Hatfield.

105 1741 82 20 Cargo
195 1747 28 14 or
229 1747 49 14 the
463 1744 47 15 for
515 1737 150 22 Wanganui.

75 1778 28 5 —
104 1769 27 19 40
147 1774 57 14 cases
221 1768 44 26 gin,
282 1768 13 19 4
313 1773 58 14 cases
385 1766 81 25 arrack,
478 1767 13 19 6
501 1766 81 20 barrels
592 1766 11 20 7
615 1766 51 25 bags

76 1795 62 25 flour,
150 1796 10 20 1
171 1795 52 25 bale,
234 1796 13 19 4
265 1801 66 19 cases,
348 1795 124 25 M'Gregor.
472 1804 30 4 —
503 1794 25 19 15
545 1799 58 14 cases
621 1794 44 25 gin,

77 1824 14 20 3
105 1823 35 21 do.
155 1823 72 25 claret,
245 1823 11 20 1
274 1828 48 15 case
338 1821 103 25 sundries,
456 1821 33 21 H.
509 1821 100 20 Churton.
610 1831 29 4 —
641 1821 24 20 15

77 1851 61 20 casks
147 1851 61 25 flour,
220 1851 26 19 12
256 1849 35 21 do.
309 1849 53 25 beef,
380 1850 10 19 1
408 1851 53 22 tent,
481 1849 10 19 1
509 1848 41 26 bag
568 1854 68 20 sugar,
655 1848 10 20 1

77 1879 59 19 chest
145 1881 42 21 tea,
197 1878 52 20 New
263 1877 93 20 Zealand
371 1877 110 25 Company.
483 1886 29 5 —
514 1876 26 20 17
556 1882 66 18 cases,
641 1875 25 20 10

77 1905 69 25 casks,
157 1907 10 19 1
180 1905 72 24 trunk,
263 1906 13 19 2
286 1905 96 23 bundles,
395 1905 10 19 1
416 1904 61 20 chest
486 1903 99 24 drawers,
592 1904 12 18 2
613 1905 53 17 mats

77 1939 70 20 sugar,
159 1934 10 19 1
181 1933 49 20 cask
240 1933 62 23 flour,
313 1934 12 18 2
336 1938 65 17 cases,
413 1932 10 20 1
436 1931 50 21 cask
496 1931 37 24 oil,
545 1931 24 19 P.
580 1931 86 19 Wilson.

80 1961 25 20 11
117 1961 47 20 iron
173 1963 57 22 pots,
242 1961 12 19 2
265 1966 66 17 cases,
341 1961 13 18 2
364 1959 65 24 bales,
441 1959 10 19 1
462 1959 42 24 bag
514 1964 70 19 sugar,
595 1958 58 20 Ball.

107 1994 83 21 Cargo
201 1999 94 16 iavded
307 1999 63 14 here
386 1998 63 16 *rom
460 1997 47 16 thb
639 2001 29 5 —

78 2021 27 20 31
117 2027 56 14 eases
183 2021 81 20 British
273 2020 73 26 good*,
355 2021 12 19 2
377 2019 76 21 tierces
462 2018 57 24 beef,
529 2018 71 20 Willis
606 2016 19 28 8f
632 2018 35 20 Co.

79 2058 29 5 —
110 2049 23 19 11
145 2048 96 24 anchors,
252 2048 27 19 20
289 2054 58 13 cases
357 2047 80 23 cheese,
449 2047 13 20 9
472 2046 64 20 boxes
547 2046 83 24 raisins,
640 2046 28 20 38

79 2075 78 21 barrels
166 2075 86 23 biscuit,
263 2075 26 20 24
300 2074 78 21 barrels
388 2074 57 20 Irish
455 2073 62 27 pork,
528 2074 27 19 80
571 2073 66 24 hams,
655 2074 13 19 2

81 2103 60 20 casks
150 2103 56 24 glass
215 2108 62 19 ware,
289 2102 53 20 1500
352 2102 37 19 fire
400 2101 78 25 bricks,
491 2100 75 21 Order.

109 2136 82 21 Cargo
419 2141 120 14 received
548 2140 65 15 from
620 2140 49 15 the

104 2164 65 21 Lpct
329 2164 14 19 4
353 2163 60 20 casks
422 2164 14 19 3
446 2169 59 14 cases
515 2162 61 25 wine,
583 2163 12 19 8
602 2162 67 27 pack-

80 2198 49 20 ages
138 2192 25 20 of
174 2192 73 24 house,
258 2192 90 19 Martin.
350 2202 26 4 —
376 2192 28 19 43
415 2190 61 21 casks
485 2197 56 16 rum,
558 2190 39 19 100
611 2196 58 14 cases

82 2219 91 25 Geneva,
194 2220 25 20 22
235 2220 61 26 pipes
314 2219 12 20 6
343 2218 61 21 hhds.
421 2218 62 24 wine,
500 2218 42 19 500
559 2217 64 25 deals,
643 2218 26 19 75

80 2247 103 26 packages
193 2247 82 22 raisins,
289 2247 27 19 40
327 2246 60 21 casks
396 2246 83 20 bottled
488 2245 59 24 beer,
565 2245 25 20 14
607 2244 62 21 casks

81 2275 56 23 beer,
147 2276 26 19 51
185 2281 57 14 cases
251 2274 89 26 pickles,
350 2274 153 19 C.Robertson.
504 2283 28 5 —
533 2273 28 20 26
568 2272 101 27 packages

81 2302 85 20 wooden
176 2302 66 20 house
251 2302 42 20 and
301 2301 113 23 furniture,
428 2301 76 20 Order.

110 2336 82 21 Cargo
203 2343 83 14 ofthk
460 2341 66 15 from
535 2334 106 22 Sydney.
642 2345 29 5 —

82 2364 28 20 36
119 2364 61 21 casks
192 2364 54 25 beef,
263 2364 13 20 6
291 2363 36 20 do.
344 2366 39 21 tar,
401 2364 12 19 2
432 2366 86 23 quarter
532 2362 62 20 casks
606 2362 64 23 wine,

82 2392 13 19 5
105 2392 61 20 hhds.
177 2392 13 19 6
201 2398 56 14 cases
267 2394 80 24 porter,
359 2391 25 20 79
395 2390 51 26 bags
455 2391 63 24 flour,
528 2391 28 19 28
567 2390 34 19 do.
612 2390 57 24 shot,

84 2418 26 21 12
126 2419 64 20 boxes
206 2420 77 26 plums,
301 2420 27 19 90
345 2418 34 21 do.
395 2424 60 20 soap,
471 2418 28 19 50
515 2417 47 21 half
582 2423 57 14 cases
658 2418 12 21 9

82 2446 116 26 demijohns
212 2447 44 26 gin,
272 2447 13 20 6
300 2446 62 21 hhds.
375 2452 57 18 rum,
446 2446 13 19 5
476 2445 53 26 kegs
544 2445 97 24 tobacco,
658 2446 12 19 2

81 2474 61 21 hhds.
152 2475 80 24 arrack,
244 2476 12 18 5
270 2474 62 20 casks
346 2474 88 26 brandy,
451 2474 14 19 4
482 2472 63 21 casks
560 2472 79 27 apples,
658 2473 13 19 6

83 2508 57 14 cases
149 2502 86 26 pickles,
247 2502 27 20 60
284 2502 61 20 casks
355 2501 26 20 26
391 2501 51 25 bags
451 2500 87 24 biscuit,
555 2501 14 19 2
581 2500 89 20 bundles

82 2536 59 20 pans,
152 2530 26 20 15
188 2536 58 14 cases
256 2529 38 25 oil,
307 2530 27 20 12
343 2529 69 26 pieces
428 2528 67 24 cloth,
510 2528 13 20 4
542 2528 47 20 half
599 2528 72 19 chests

82 2557 14 19 S
105 2559 57 24 catty
171 2557 63 21 boxes
245 2559 41 22 tea,
296 2557 13 20 2
319 2563 58 13 cases
387 2556 69 23 shoes,
476 2556 27 20 10
513 2555 53 21 coils
580 2561 60 20 rope,
659 2555 10 20 1

82 2585 50 19 cask
149 2585 78 25 butter,
248 2585 27 19 60
291 2590 56 18 oars,
363 2585 12 18 5
393 2589 59 14 cases
468 2583 83 24 cheese,
569 2583 40 20 500
626 2582 45 20 feet

67 2629 5 3 .
82 2611 67 25 cedar,
159 2613 12 19 8
182 2612 97 24 anchors,
289 2613 14 19 2
312 2611 81 25 chains,
405 2611 12 21 7
428 2611 71 24 doors,
510 2611 26 20 25
547 2612 50 18 tons
603 2610 66 24 coals,

82 2639 27 19 80
119 2639 70 26 sheep,
202 2639 75 21 Order.

1961 2559 40 19 We
2012 2564 34 14 are
2055 2557 49 26 glad
2112 2559 16 18 to
2137 2557 26 20 be
2180 2557 46 19 able
2245 2559 21 17 to
2283 2562 111 14 announce
2410 2556 49 19 that
2474 2554 43 22 Mr.

1936 2585 70 21 Shand
2017 2586 37 20 has
2069 2584 60 21 found
2146 2584 55 26 good
2218 2583 110 25 building.,
2332 2585 61 18 stone
2410 2589 60 20 upon
2485 2582 32 21 his

1935 2615 90 24 country
2034 2613 87 23 section,
2130 2618 57 19 upon
2204 2611 37 20 the
2257 2610 65 20 Hutt.
2361 2610 45 20 The
2419 2612 62 18 stone
2499 2610 18 20 is

1935 2641 126 20 convenient
2067 2642 23 18 to
2097 2639 29 20 the
2135 2639 55 20 river
2206 2638 42 20 and
2258 2638 43 20 will
2314 2637 73 26 likely,
2404 2637 112 25 therefore,

1934 2668 27 20 be
1968 2669 25 19 in
2002 2667 89 21 demand
2095 2667 30 21 for
2132 2666 106 25 shipping.

127 2757 68 23 AND
209 2756 212 24 WELLINGTON
436 2756 187 22 SPECTATOR.

1935 2736 229 24 WELLINGTON
2190 2735 230 24 MELODIES.—
2420 2735 47 24 No.
2495 2736 21 23 1.

1975 2801 61 20 THE
2050 2799 205 22 DESTRUCTION
2269 2799 39 21 OF
2321 2799 61 20 THE
2398 2797 82 23 LION,

168 2812 132 25 Saturday,
315 2811 138 21 Saptembrr
467 2811 35 26 11,
519 2811 61 21 1841.

1345 2481 40 22 We
1395 2481 69 22 insert
1478 2481 24 22 in
1513 2480 100 29 .to-dsy's
1627 2488 70 21 paper
1711 2488 14 14 a
1740 2480 68 22 letter
1822 2480 45 22 and
1878 2488 29 14 an

1317 2507 173 23 advertisement
1504 2508 67 25 from,
1578 2514 20 17 a.
1604 2505 103 25 'resident
1722 2508 26 21 of
1763 2507 39 22 the
1823 2508 48 26 Bay
1886 2508 25 21 of

1318 2534 93 28 Islands,
1430 2534 131 27 intimating
1580 2534 49 22 that
1647 2534 28 22 he
1695 2535 40 21 has
1759 2535 112 26 arranged
1895 2542 14 14 a

1317 2561 101 22 machine
1434 2561 75 23 which
1519 2561 45 22 will
1579 2561 61 22 dress
1651 2568 42 15 one
1707 2561 105 22 hundred
1821 2561 87 28 pounds

1317 2589 28 21 of
1349 2588 44 22 flax
1403 2596 39 20 per
1451 2588 68 27 diem,
1531 2589 56 21 from
1598 2588 38 22 the
1648 2588 64 27 plant
1722 2592 22 18 to
1759 2588 28 21 be
1801 2588 70 22 found
1883 2589 24 21 in

1317 2615 39 22 the
1364 2615 65 22 north
1439 2615 27 22 of
1480 2615 38 22 the
1538 2615 84 22 Island.
1650 2615 80 21 Under
1739 2622 62 14 some
1814 2615 93 27 impres-

1317 2641 48 23 sion
1375 2642 47 22 that
1432 2642 38 22 the
1480 2641 46 22 flax
1537 2646 22 17 to
1569 2642 37 21 the
1622 2641 66 22 south
1704 2642 26 21 of
1741 2641 39 22 the
1796 2641 78 22 Island
1888 2642 19 21 is

1318 2669 99 28 superior
1425 2672 23 19 to
1458 2669 51 21 that
1517 2669 24 21 in
1551 2669 36 22 the
1598 2669 74 26 north,
1684 2669 28 21 he
1723 2669 71 21 infers
1808 2668 49 22 that
1871 2668 36 22 the

1318 2695 102 22 machine
1425 2696 81 27 would,
1514 2695 52 22 with
1573 2695 37 22 the
1618 2702 62 15 same
1688 2698 94 19 amount
1790 2695 25 21 of
1822 2695 84 26 labour,

1319 2722 60 22 dress
1389 2730 41 14 one
1439 2723 105 21 hundred
1553 2723 45 21 and
1607 2723 50 27 fifty
1668 2721 88 27 pounds
1765 2722 27 21 of
1798 2721 45 22 flax
1851 2722 56 21 from

1319 2749 38 22 the
1375 2750 61 26 plant
1450 2752 23 19 to
1490 2749 27 21 be
1531 2749 70 22 found
1617 2749 23 22 in
1657 2744 38 26 the
1712 2749 94 27 vicinity
1816 2749 27 21 of
1856 2748 53 22 Port

1319 2775 129 23 Nicholson.
1477 2776 49 21 The
1542 2778 47 19 cost
1603 2776 28 21 of
1646 2775 39 22 the
1700 2775 80 22 labour
1796 2775 25 22 of
1832 2784 13 13 a
1855 2782 52 15 man

1319 2802 44 22 and
1376 2803 43 29 boy
1433 2810 62 20 upon
1512 2810 14 14 a
1541 2803 57 22 farm
1617 2802 73 23 would
1703 2803 27 21 be
1746 2802 69 22 about
1827 2804 32 20 6s.
1869 2810 40 19 per

1319 2829 51 28 day.
1406 2830 25 21 If
1451 2830 39 21 the
1509 2829 104 22 machine
1634 2829 91 28 jielded
1743 2836 44 15 one
1806 2829 103 22 hundred

1319 2856 85 27 pounds
1420 2864 40 20 per
1476 2857 51 26 day,
1544 2860 140 23 twenty-two
1701 2856 55 27 days
1770 2855 45 23 and
1829 2863 14 14 a
1862 2855 49 22 half

1319 2883 72 22 would
1399 2883 28 22 be
1436 2883 106 28 required
1551 2886 22 19 to
1587 2883 99 28 produce
1702 2890 42 14 one
1759 2885 40 19 ton
1810 2882 27 22 of
1846 2882 46 22 flax
1900 2891 5 18 ;

1319 2909 45 22 and
1378 2910 35 21 the
1427 2914 49 18 cost
1491 2911 25 20 of
1527 2910 37 21 the
1584 2910 80 21 labour
1684 2909 75 23 would
1777 2912 94 19 amount
1885 2913 23 17 to

1319 2936 33 23 £6
1371 2938 42 21 15s.
1430 2945 41 20 per
1486 2940 38 19 ton
1533 2945 5 18 ;
1563 2937 40 22 but
1618 2937 21 21 if
1651 2937 37 21 the
1709 2936 96 28 product
1818 2937 28 20 be
1862 2944 43 14 one

1319 2963 101 22 hundred
1436 2963 45 22 and
1496 2964 50 27 fifty
1560 2964 95 27 pounds,
1671 2963 38 22 the
1725 2966 48 19 cost
1786 2963 27 22 of
1829 2962 80 22 labour

1319 2991 72 21 would
1406 2991 28 21 be
1450 2990 99 23 reduced
1568 2994 22 18 to
1607 2991 36 22 j£4
1667 2991 44 21 10s.
1730 2997 42 20 per
1785 2992 46 19 ton.
1860 2989 48 22 The

1320 3017 81 27 sample
1411 3018 23 21 of
1443 3017 48 22 flax
1500 3017 73 22 which
1588 3024 34 15 we
1636 3017 59 22 have
1708 3016 110 26 received,
1835 3016 72 22 stated

1319 3043 30 28 by
1359 3043 35 23 the
1404 3044 123 22 advertiser
1537 3048 22 17 to
1564 3044 29 21 be
1602 3044 95 21 inferior
1706 3046 22 19 to
1738 3043 46 22 flax
1794 3042 112 28 produced

1319 3070 30 27 by
1363 3071 36 22 the
1408 3079 61 14 same
1480 3071 104 22 machine
1593 3070 55 22 with
1657 3070 38 21 the
1705 3077 62 14 same
1777 3072 94 19 amount
1885 3070 26 21 of

1319 3097 82 28 labour,
1413 3105 32 15 we
1455 3098 81 21 should
1545 3097 65 22 think
1619 3097 19 22 is
1648 3097 71 21 worth
1729 3097 69 21 about
1806 3096 47 22 £\0
1869 3104 39 19 per

1319 3127 51 24 ton;
1384 3125 45 27 but,
1446 3132 24 15 as
1486 3124 89 22 neither
1590 3124 39 22 the
1644 3127 47 18 cost
1705 3123 26 22 of
1742 3123 38 21 the
1795 3123 110 27 machine,

1319 3158 42 15 nor
1370 3151 26 22 its
1406 3159 59 14 wear
1474 3151 46 22 and
1535 3154 47 19 tear
1594 3158 38 14 are
1643 3150 78 27 stated,
1733 3157 33 14 we
1777 3157 37 14 are
1824 3150 83 21 unable

1319 3180 23 19 to
1352 3178 83 22 exhibit
1442 3178 38 22 the
1490 3178 68 27 profit
1563 3177 73 22 which
1646 3177 73 27 might
1727 3177 29 21 be
1765 3177 109 26 expected
1884 3180 23 18 to

1319 3205 55 22 arise
1383 3205 56 22 from
1449 3205 109 28 applying
1565 3205 18 21 it
1591 3211 30 15 on
1632 3211 28 14 an
1679 3203 116 22 extensive
1809 3203 60 22 scale
1883 3206 24 19 to

1318 3231 29 22 its
1361 3232 109 21 extended
1486 3239 101 21 purpose.
1625 3231 49 22 The
1688 3229 87 28 sample
1789 3229 18 22 is
1827 3233 23 19 at
1869 3229 38 23 the

1319 3258 94 28 disposal
1427 3258 26 22 of
1465 3258 39 23 the
1519 3258 56 22 Flax
1584 3257 142 26 Committee,
1736 3256 46 22 and
1791 3264 33 14 we
1834 3257 73 21 would

1318 3288 88 24 suggest
1415 3285 38 22 the
1467 3285 115 28 propriety
1596 3285 27 20 of
1633 3283 156 28 immediately
1805 3283 102 27 entering

1317 3312 49 21 into
1376 3312 187 22 communication
1579 3311 53 22 with
1648 3311 38 21 the
1695 3310 125 27 proprietor
1829 3310 27 22 of
1869 3309 37 23 the

1317 3338 122 23 invention.
1469 3338 42 23 We
1525 3338 29 23 all
1568 3338 45 22 feel
1627 3337 49 22 that
1689 3337 46 22 flax
1753 3337 20 21 is
1790 3340 22 18 to
1825 3337 29 22 be
1869 3337 37 21 the

1319 3366 67 27 staple
1400 3366 27 21 of
1437 3365 44 22 this
1499 3368 102 25 country,
1613 3365 54 22 and.
1673 3372 24 13 as
1712 3371 33 14 we
1759 3370 39 15 are
1812 3363 95 22 anxious

1318 3391 48 23 that
1381 3392 16 22 it
1412 3392 82 23 should
1512 3392 28 23 be
1554 3391 112 26 rendered
1681 3398 24 15 so
1721 3393 23 19 at
1762 3390 39 22 the
1819 3391 89 21 earliest

1316 3416 83 30 period,
1410 3427 68 20 every
1658 3417 46 22 and
1718 3420 189 25 encouragement

1318 3445 78 23 should
1405 3446 27 22 be
1443 3446 100 22 afforded
1552 3449 22 18 to
1582 3445 154 27 every'person
1742 3443 52 22 who
1799 3444 108 27 seriously

1318 3472 45 22 and
1372 3472 51 23 with
1432 3479 159 21 perseverance
1602 3472 65 21 seeks
1684 3474 23 19 to
1717 3471 74 22 detect
1800 3470 39 23 the
1847 3471 60 27 right

1317 3500 66 21 mode
1396 3500 27 21 of
1432 3500 122 27 rendering
1571 3499 18 22 it
1608 3497 38 24 fit'
1650 3496 36 28 for
1704 3497 114 29 shipment
1832 3501 23 18 at
1869 3498 37 21 the

1317 3526 98 23 smallest
1423 3526 69 28 price.
1626 3525 40 29 ".}';

1935 2865 45 20 The
1991 2864 54 21 Lion
2055 2869 57 15 came
2121 2863 55 20 down
2186 2862 56 21 from
2252 2862 33 20 his
2295 2860 89 21 Radical
2394 2860 48 24 den,

1935 2892 50 21 And
1992 2893 27 19 he
2029 2891 66 26 spoke
2105 2890 20 21 of
2156 2889 125 27 oppression
2322 2888 42 21 and

1960 2919 46 26 just
2016 2919 50 21 then
2074 2926 7 16 ;

1935 2947 49 20 And
1993 2947 51 20 loud
2053 2952 54 14 were
2117 2945 29 21 the
2155 2945 73 20 cheers
2238 2944 48 20 that
2295 2943 117 21 resounded
2423 2949 29 14 on
2458 2942 59 26 high,

1935 2975 68 18 When
2018 2975 27 18 he
2059 2973 47 20 told
2118 2973 52 20 them
2184 2974 22 18 to
2314 2973 40 18 out
2369 2971 37 20 the
2422 2970 95 21 Govern.

1963 3003 59 19 ment

1935 3051 53 21 Like
1998 3058 12 14 a
2019 3051 59 26 surly
2088 3050 33 21 old
2126 3049 78 21 mastiff
2216 3048 74 21 before
2299 3048 46 20 he's
2355 3047 53 20 been
2418 3046 43 25 fed,

1936 3079 33 21 He
1979 3079 74 21 roared
2062 3080 39 18 out
2109 3078 40 20 that
2158 3076 62 25 night
2230 3076 56 21 what
2300 3076 77 25 you've
2389 3074 30 21 all
2434 3074 25 21 of
2476 3079 41 22 you

1962 3106 63 21 read:

1935 3134 53 20 Like
1997 3140 13 13 a
2019 3132 59 27 surly
2086 3132 35 20 old
2126 3131 77 21 mastiff
2215 3130 66 21 who's
2292 3131 38 24 got
2339 3135 12 14 a
2360 3130 41 19 fine
2410 3129 65 25 bone,

1935 3161 26 21 In
1970 3168 14 14 a
1993 3167 49 20 very
2051 3160 41 20 few
2101 3159 44 28 dajrs
2154 3159 27 20 he
2191 3158 41 20 had
2242 3157 81 21 altered
2332 3156 33 21 his
2375 3158 58 19 tone.

1935 3213 41 20 For
1987 3211 72 28 Crimp
2068 3210 57 21 made
2131 3217 13 13 a
2152 3210 47 20 bow
2208 3211 23 18 to
2243 3209 35 20 the
2289 3208 55 20 Lion
2354 3210 23 17 at
2385 3208 49 23 last,

1934 3240 50 20 And
1999 3240 28 20 he
2043 3238 75 21 smiled
2128 3244 29 14 on
2177 3237 35 21 the
2231 3236 45 21 face
2295 3236 26 20 of
2339 3235 36 20 the
2394 3234 35 21 foe
2450 3240 24 15 as
2492 3234 25 21 he

1963 3266 75 28 passed
2045 3274 6 17 ;

1933 3295 50 20 And
1992 3295 36 19 the
2038 3293 55 21 Lion
2103 3292 67 21 bowed
2179 3293 43 22 too,
2233 3290 43 21 and
2284 3290 68 26 began
2365 3292 22 18 to
2403 3288 41 22 feel
2457 3289 31 24 ill,
2490 3298 27 6 —

1934 3322 49 20 And
2001 3322 35 20 his
2048 3323 76 22 tongue
2133 3320 40 20 but
2186 3325 53 13 once
2253 3318 93 26 wagged,
2361 3317 44 20 and
2419 3317 34 20 for
2471 3321 46 16 ever

1961 3355 56 20 grew
2030 3348 51 21 still.

1934 3400 49 21 And
1992 3401 59 19 there
2060 3398 72 21 walked
2140 3398 37 19 the
2183 3396 63 24 Lion,
2253 3396 53 20 with
2313 3395 74 21 month
2394 3401 56 20 open
2455 3393 60 25 wide,

1933 3429 44 20 But
1992 3427 93 24 through
2100 3426 18 20 it
2127 3425 58 20 there
2198 3424 68 20 rolled
2280 3425 40 18 not
2333 3423 36 20 the
2383 3428 48 15 roar
2445 3421 26 21 of
2483 3421 32 20 his

1961 3455 59 26 pride
2029 3462 5 16 ;

1934 3483 49 21 And
1989 3483 28 19 he
2023 3480 80 22 walked
2110 3486 20 14 on
2138 3479 37 21 the
2181 3478 74 24 beach,
2262 3477 139 25 unoffending
2408 3476 41 20 and
2456 3474 58 25 mild,

1933 3511 33 26 By
1975 3510 37 20 the
2021 3509 44 21 side
2075 3508 25 20 of
2111 3508 29 20 the
2150 3512 49 14 man
2208 3507 28 19 he
2246 3511 23 15 so
2280 3505 64 26 lately
2351 3504 86 21 reviled.

1933 3561 63 26 Jerry
2002 3559 128 21 Twitchem'i
2139 3557 81 21 invited
2229 3558 24 19 in
2264 3556 90 21 Council
2365 3558 21 17 to
2396 3554 36 25 sit,

1933 3589 59 19 With
2001 3588 37 20 the
2048 3587 52 20 milk
2109 3592 21 14 on
2139 3585 34 20 his
2183 3587 86 22 tongue,
2285 3583 43 21 and
2341 3583 36 20 the
2388 3584 46 18 rust
2443 3586 30 15 on
2481 3579 33 21 his

1961 3616 36 20 wit
2006 3622 7 17 ;

1933 3643 49 21 And
1991 3643 36 19 the
2037 3641 118 21 alms-house
2163 3639 19 21 is
2191 3639 72 24 silent,
2273 3638 37 20 the
2320 3636 58 21 chair
2384 3636 19 21 is
2411 3636 103 23 declined,

1933 3671 45 20 The
1987 3670 103 25 meetings
2099 3667 95 25 deserted,
2206 3665 120 21 memorials
2335 3662 110 27 unsigned.

1933 3721 49 22 And
1991 3721 36 20 the
2038 3726 47 14 men
2096 3719 23 21 of
2127 3719 35 20 the
2171 3718 75 27 people
2256 3722 35 15 are
2300 3714 51 21 loud
2368 3714 23 21 in
2405 3713 55 20 their
2474 3711 41 28 yell

1933 3749 55 19 That
2007 3749 46 19 he's
2071 3746 60 22 found
2151 3753 28 13 an
2224 3743 102 21 umbrella
2371 3744 23 17 at
2411 3740 103 21 Barrett's

1960 3775 72 25 hotel;
2352 3795 7 7 ,
2460 3793 6 9 ,

1933 3803 47 21 Tho
1982 3805 5 9 1
1998 3803 36 20 the
2043 3801 66 21 wrath
2119 3800 18 21 of
2149 3800 35 20 the
2193 3798 63 24 Lion,
2267 3795 110 26 unbought
2386 3794 28 26 by
2424 3800 13 14 a
2446 3794 67 26 place,

1934 3830 58 20 Hath
2001 3829 82 21 unbent
2092 3831 22 17 to
2122 3828 31 20 the
2162 3826 60 20 smile
2229 3831 30 14 on
2267 3823 91 27 Crimp's
2365 3821 88 22 amiable
2460 3820 53 21 fact.

2169 3886 101 17 BIRTH.

1961 3923 32 21 At
2003 3921 138 27 Wellington,
2153 3926 29 15 on
2193 3918 37 22 the
2239 3916 39 24 6th
2290 3916 61 26 inst,,
2368 3914 39 22 the
2420 3914 56 25 lady
2491 3914 22 20 of

1936 3948 117 23 Frederick
2057 3947 61 23 John
2123 3946 70 25 K.nox,
2200 3945 60 26 Esq.,
2267 3944 32 21 M.
2304 3943 35 27 D.,
2347 3942 27 21 of
2380 3940 133 28 adaughter.

115 2867 39 24 On
178 2867 86 31 Friday
291 2866 123 31 sennight,
432 2865 89 25 several
537 2865 133 24 mercantile

80 2900 129 31 gentlemen
218 2900 101 31 brought
327 2899 72 24 under
408 2898 38 25 the
455 2899 114 24 attention
587 2898 25 24 of
632 2898 38 24 his

82 2933 146 31 Excellency,
242 2933 39 24 the
289 2932 83 24 breach
384 2932 26 24 of
425 2931 38 25 the
472 2932 132 31 navigation
613 2931 56 25 laws

80 2966 69 32 being
159 2963 134 28 Committed
315 2966 32 31 by
366 2965 39 24 the
425 2964 104 25 Look-in
550 2964 119 30 schooner,

81 2999 58 25 from
150 3001 101 31 Sydney,
263 3000 26 24 in
300 2999 88 31 selling-
394 3006 67 24 cargo
471 3003 25 19 at
503 2998 89 32 Kapiti,
602 2998 68 24 with-

82 3038 39 19 out
130 3034 51 23 first
187 3034 119 30 -resorting
314 3037 23 20 to
347 3041 14 15 a
370 3037 53 27 port
441 3032 26 24 of
482 3036 67 26 entry
568 3032 26 23 in
611 3032 60 24 New

82 3065 110 26 Zealand.'
237 3067 31 24 In
287 3074 163 23 consequence,
465 3065 37 24 his
519 3064 150 33 Excellency,

81 3100 53 23 with
138 3098 433 39 themostpraiseworthypromptitude,
576 3098 95 25 ordered

82 3131 38 25 the
132 3133 155 25 Government
296 3133 54 31 brig
366 3131 106 25 Victoria
487 3137 24 19 to
529 3133 99 30 proceed
646 3137 24 19 to

84 3164 85 34 Kapiti,
182 3167 44 24 and
237 3167 118 24 ascertain-
361 3166 39 23 the
416 3165 64 24 truth
496 3166 27 23 of
543 3166 40 23 the
599 3170 71 19 state-

82 3204 68 20 ment.
175 3200 47 24 She
232 3201 43 23 left
284 3199 47 25 this
342 3208 29 16 on
380 3199 87 31 Friday
478 3199 124 31 sennight,
615 3199 56 24 with

84 3231 47 26 Mr.
162 3233 133 32 M'Carthy,
323 3232 39 25 the
387 3232 146 30 tide-waiter,
554 3232 46 25 and
625 3236 45 20 two

84 3265 70 31 police
164 3267 88 24 officers
264 3275 30 16 on
305 3266 78 30 board,
395 3265 46 25 and
451 3265 91 24 arrived
553 3269 24 20 at
589 3265 81 32 Kapiti

85 3305 28 16 on
125 3299 91 33 Sunday
230 3301 117 31 morning.
383 3299 71 32 Upon
473 3298 98 32 enquiry
587 3299 18 24 it
623 3306 47 17 was

84 3330 68 27 found
162 3333 49 25 that
222 3333 38 25 the
271 3332 102 25 Look-in
383 3332 47 24 had
440 3332 83 24 landed
535 3332 78 31 spirits
625 3332 46 24 and

85 3364 62 26 other
154 3367 78 31 goods,
245 3367 42 24 her
295 3367 97 31 register
401 3365 45 24 and
455 3365 110 24 manifest
576 3373 58 16 were
646 3366 24 23 in

86 3404 149 27 consequence
247 3401 70 23 taken
324 3399 45 25 and
380 3399 38 24 the
428 3403 44 20 two
488 3398 75 31 police
580 3399 90 23 officers

84 3435 41 26 put
145 3433 25 23 in
190 3433 89 31 charge.
323 3432 52 25 The
398 3431 105 25 Victoria
521 3432 108 23 returned
645 3436 24 20 to

84 3469 50 25 port
144 3473 29 17 on
185 3466 106 32 Tuesday
305 3467 114 30 morning,
439 3465 45 25 and
507 3464 40 25 the
566 3464 103 25 Look-in

85 3498 85 24 arrived
178 3507 30 16 on
213 3499 154 31 Wednesday.
402 3498 51 25 The
463 3499 77 24 vessel
548 3499 45 23 and
601 3506 68 24 cargo

84 3536 38 18 are
133 3539 48 17 now
192 3532 24 24 in
227 3533 83 32 charge
322 3533 26 23 of
362 3532 39 24 the
413 3532 117 24 Customs.
573 3532 97 31 Taking

85 3561 62 27 these
154 3565 129 25 immediate
297 3565 47 24 and
361 3566 97 23 decisive
477 3570 64 27 steps
557 3573 35 16 we
608 3565 61 32 hope

85 3596 45 24 will
145 3599 106 24 convince
264 3606 97 25 persons
380 3602 23 20 at
418 3598 103 31 Sydney,
536 3598 52 24 who
604 3606 65 17 seem

86 3629 134 27 determined
231 3636 23 20 to
268 3631 127 25 endeavour
406 3635 24 19 to
441 3631 64 24 trade
514 3639 31 16 on
555 3639 43 16 our
604 3637 65 19 coast

86 3660 23 25 in
119 3666 167 23 contravention
294 3664 27 24 of
342 3672 41 16 our
400 3664 63 28 laws,
483 3664 50 24 that
551 3665 54 31 they
621 3666 48 23 will

85 3699 39 19 not
131 3695 26 25 be
169 3697 92 25 allowed
268 3702 23 19 to
303 3697 28 24 do
347 3706 33 15 so.
423 3696 68 31 They
509 3697 48 24 will
575 3706 50 16 now
637 3699 31 23 be

86 3728 62 25 made
158 3732 98 23 sensible
263 3731 26 23 of
303 3730 40 24 the
354 3730 46 23 fact
419 3729 51 24 that
487 3730 138 31 proceeding
644 3735 24 20 to

86 3767 39 17 our
132 3768 67 25 coast,
207 3764 72 23 either
287 3768 23 19 to
318 3763 43 24 sell
369 3762 79 32 goods,
455 3770 27 16 or
489 3762 54 24 load
550 3763 39 29 oil,
600 3764 68 23 with-

86 3798 38 19 out
133 3797 81 29 permit
223 3797 59 24 from
300 3797 39 27 the
357 3794 183 25 Custom-house
558 3796 27 23 of
604 3803 65 17 some

85 3831 49 24 port
145 3829 24 23 of
183 3829 57 24 New
251 3829 110 29 Zealand,
373 3828 102 32 subjects
486 3827 40 25 the
538 3829 73 23 vessel
623 3830 46 23 and

86 3860 66 28 goods
164 3866 23 19 to
197 3862 70 32 being
283 3862 113 25 forfeited.
432 3861 90 24 Should
537 3869 46 24 any
594 3863 75 23 vessel

87 3895 92 23 succeed
193 3895 24 24 in
227 3896 120 31 returning
362 3899 23 19 to
401 3894 94 32 Sydney
512 3894 56 24 with
580 3895 29 23 oil
625 3895 43 23 ob-

87 3925 72 25 tained
168 3928 57 24 from
231 3928 39 25 the
277 3929 96 23 stations
381 3928 25 23 in
413 3927 46 24 this
464 3927 99 31 Colony,
573 3928 96 23 without

87 3963 14 17 a
112 3958 110 28 clearance
232 3961 59 25 from
303 3969 42 17 our
354 3960 117 28 Customs,
483 3960 20 24 it
522 3960 47 24 will
581 3960 27 25 be
626 3960 41 24 the

1344 3587 46 23 The
1403 3588 112 25 Margaret
1525 3586 45 22 and
1578 3587 92 25 Magnet
1674 3585 58 23 have
1745 3585 56 23 both
1817 3584 89 23 cleared

1317 3614 57 22 from
1384 3615 90 27 Sydney
1483 3614 36 22 for
1528 3613 56 22 New
1600 3612 109 23 Zealand.
1737 3612 66 27 They
1812 3619 37 14 are
1859 3612 47 21 said

1317 3645 24 17 to
1357 3641 28 22 be
1403 3641 103 27 engaged
1523 3640 24 22 in
1570 3639 121 28 supplying
1709 3638 38 22 the
1766 3638 94 22 stations
1876 3646 29 14 on

1317 3668 83 22 Middle
1410 3668 85 22 Island.
1523 3667 22 22 A
1555 3670 70 19 smart
1641 3669 73 19 cutter
1724 3664 70 28 ought
1803 3668 22 18 to
1836 3666 27 20 be
1873 3667 33 19 at-

1317 3695 79 22 tached
1406 3699 21 17 to
1435 3693 38 23 the
1483 3695 103 21 Customs
1603 3693 27 22 of
1641 3692 44 22 this
1695 3695 57 24 port,
1763 3699 24 14 as
1804 3692 37 21 the
1852 3692 54 27 only

1317 3729 75 15 means
1401 3721 26 22 of
1502 3719 52 23 with
1563 3720 90 28 putting
1661 3719 67 23 down
1741 3718 31 22 all
1789 3718 63 22 illicit
1862 3722 44 18 tra-

1317 3749 60 26 ding.
1405 3748 24 22 If
1439 3747 39 22 the
1497 3747 156 22 Government
1667 3742 56 37 do^s
1737 3748 41 18 not
1794 3745 44 21 feel
1852 3745 24 21 in
1893 3752 14 14 a

1317 3775 110 23 condition
1444 3778 25 18 to
1483 3774 67 22 incur
1563 3773 38 23 the
1618 3772 142 28 expense^pf
1771 3771 136 28 purchasing

1317 3810 13 14 a
1345 3802 54 22 craft
1415 3801 26 22 of
1458 3800 39 22 the
1512 3800 142 27 description,
1671 3806 62 15 some
1748 3802 159 24 arrangement

1317 3829 70 26 might
1394 3828 27 22 be
1431 3827 67 22 made
1513 3827 51 21 with
1580 3824 38 24 the
1628 3822 131 26 mercantile
1775 3824 94 22 interest
1884 3825 26 21 of

1316 3855 43 22 this
1368 3855 69 28 place,
1446 3853 31 28 by
1488 3853 71 22 which
1574 3860 13 14 a
1604 3852 96 22 suitable
1713 3851 73 23 vessel
1797 3850 66 23 could
1878 3851 28 22 be

1316 3881 76 28 placed
1400 3883 24 19 at
1433 3880 38 22 the
1482 3879 96 28 disposal
1587 3879 28 21 of
1625 3879 39 21 the
1679 3875 226 36 Custonigfrjprovided

1316 3915 13 14 a
1339 3907 81 25 moiety
1436 3906 27 22 of
1474 3906 39 21 the
1529 3906 74 27 prizes
1617 3905 69 22 taken
1704 3911 59 14 were
1780 3903 125 23 wrteecome

1316 3934 38 22 the
1363 3935 103 29 property
1476 3932 26 22 of
1513 3931 41 23 her
1570 3938 94 15 owners.
1693 3931 22 22 A
1732 3930 88 22 further
1829 3937 77 15 means

1316 3961 27 22 of
1353 3959 144 26 diminishing
1504 3958 42 22 her
1556 3961 52 24 cost,
1620 3956 74 24 would
1707 3957 28 22 be
1752 3960 23 19 to
1792 3956 65 25 allow
1867 3956 40 23 her

722 1778 48 23 The
780 1778 115 27 following
903 1778 20 22 is
931 1785 14 14 a
959 1778 37 22 list
1011 1778 26 21 of
1055 1775 37 25 the
1107 1785 132 21 passengers
1257 1785 27 15 on

695 1805 71 22 board
787 1805 27 22 of
830 1804 40 23 the
889 1804 84 23 Nelson
995 1805 129 22 settlement
1141 1804 68 30 ships,
1237 1806 50 21 Will

698 1834 77 20 Watch
784 1832 44 22 and
841 1833 127 24 Whitby:—

787 1874 49 15 NEW
852 1874 105 15 ZEALAND
971 1867 127 22 COMPANY'S
1115 1875 83 15 AGENT.

773 1894 95 28 Captain
889 1894 86 21 Arthur
993 1893 133 23 Wakefield.
1147 1895 59 22 R.N.

883 1928 128 13 SURVEYING
1027 1928 76 13 STAFF.

724 1947 112 28 Principal
846 1948 113 27 Surveyor
969 1947 45 22 and
1030 1946 121 29 Engineer,
1168 1947 119 24 Frederick

695 1975 104 26 Tuckett,
811 1975 52 26 Esq.
1164 1994 4 4 .

724 2001 59 21 First
792 2001 69 21 Chief
874 1999 118 27 Assistant,
1004 1999 43 21 Mr.
1065 1999 92 23 Samuel
1170 2000 116 27 Stephens.

697 2027 89 22 Second
796 2027 67 21 Chief
876 2026 119 27 Assistant,
1008 2027 44 21 Mr.
1060 2026 99 22 Thomas
1171 2027 89 27 Duffey.

725 2054 88 21 Second
838 2053 125 22 Assistants
964 2065 27 3 —
994 2053 89 22 Messrs.
1106 2053 99 22 Thomas
1227 2053 61 22 Mus-

696 2088 76 19 grave,
784 2079 100 23 William
895 2079 100 28 Hughes,
1005 2080 99 22 William
1116 2080 85 27 Budge,
1214 2081 74 22 David

697 2108 90 20 Brown.

727 2135 126 27 Improvers
853 2145 30 5 —
883 2134 91 21 Messrs.
983 2133 101 22 William
1094 2133 109 28 Davison,
1214 2134 36 22 W.
1262 2135 24 22 E.

698 2161 134 26 Wilkinson,
853 2161 104 22 Osborne
976 2160 130 27 Chambers,
1128 2161 158 28 Cumberland,

698 2188 92 22 Charles
815 2188 109 27 Torlesse,
955 2187 87 22 Aldons
1067 2187 97 27 Arnold,
1191 2188 97 22 Thomas

698 2214 111 28 Brunner,
828 2215 94 22 Charles
938 2215 25 22 F.
983 2215 79 27 Watts,
1084 2215 26 22 C.
1129 2214 27 22 L.
1181 2215 105 27 Pelichet,

698 2242 22 22 J.
733 2242 23 22 C.
768 2242 66 27 Boys.

726 2270 193 26 Supernumerary
919 2280 29 4 —
948 2268 44 22 Mr.
1003 2267 99 22 Thomas
1111 2268 127 22 Bramwell.

729 2295 133 22 Volunteers
863 2307 28 4 —
892 2297 63 20 Hon.
966 2295 119 22 Frederick
1096 2295 74 27 Petre,
1177 2295 45 22 Mr.
1231 2295 24 22 P.
1264 2295 24 23 F.

698 2322 85 29 Tytler,
794 2322 43 23 Mr.
848 2322 23 23 J.
881 2322 85 28 Tytler.

727 2350 100 27 Surgeon
837 2350 28 21 of
876 2349 38 22 the
926 2349 113 26 Whitby—
1039 2349 44 21 Mr.
1094 2348 118 23 M'Shane.

728 2378 100 25 Surgeon
847 2376 27 22 of
894 2376 38 22 the
954 2377 50 21 Will
1025 2377 105 20 Watch—
1130 2376 45 21 Mr.
1198 2376 92 23 Francis

699 2403 80 23 Becks.

726 2430 93 28 Deputy
828 2430 147 28 Storekeeper
975 2441 28 5 —
1003 2430 44 21 Mr.
1058 2430 78 22 James
1147 2430 106 22 Howard.

728 2457 67 22 Clerk
816 2460 22 19 to
862 2456 39 23 the
925 2458 135 28 Company's
1083 2458 78 26 Agent
1161 2468 29 4 —
1190 2458 44 21 Mr.
1258 2457 30 22 H.

699 2484 91 28 Angelo
800 2484 56 22 Bell.

727 2511 171 27 Seventy-eight
910 2510 121 28 labourers,
1048 2510 83 28 chiefly
1147 2510 105 23 attached
1267 2514 22 18 to

699 2538 39 22 the
748 2539 86 27 Survey
844 2538 148 28 department.

726 2571 59 23 Both
796 2571 36 23 the
842 2571 91 28 vessels,
944 2578 124 20 moreover,
1079 2578 38 14 are
1127 2571 63 22 filled
1196 2575 23 18 to
1227 2579 64 15 over-

698 2598 92 27 flowing
805 2598 54 22 with
874 2598 37 22 the
927 2601 70 19 stores
1013 2605 120 20 necessary
1148 2599 36 21 for
1197 2598 39 22 the
1253 2598 37 22 de-

698 2629 120 24 partment,
840 2625 47 22 and
905 2625 121 28 especially
1048 2625 36 22 for
1107 2625 39 22 the
1170 2625 120 23 successful

698 2653 142 28 prosecution
851 2653 27 21 of
888 2652 38 22 the
935 2660 99 20 surveys.

728 2679 28 23 In
766 2679 37 22 the
813 2679 48 23 first
870 2679 71 28 place,
953 2679 62 22 there
1024 2679 20 22 is
1060 2686 30 15 an
1107 2679 74 28 ample
1197 2678 93 23 barrack

699 2707 37 21 for
745 2706 38 22 the
792 2706 88 27 people,
891 2706 58 22 built
957 2707 29 26 by
1000 2707 119 26 Manning,
1135 2705 47 23 and
1199 2705 91 28 capable

700 2733 27 22 of
736 2733 68 28 being
813 2737 41 24 put
863 2741 32 20 up
903 2733 24 22 in
938 2740 14 14 a
959 2733 43 23 few
1016 2733 62 28 days.
1109 2733 28 21 In
1152 2732 39 22 aid
1206 2733 27 21 of
1249 2733 42 21 thi3

698 2759 102 28 barrack,
810 2759 45 23 and
863 2760 37 22 for
909 2760 38 22 the
963 2768 95 20 purpose
1074 2760 28 22 of
1116 2760 93 26 moving
1223 2759 68 23 about

698 2787 59 22 from
766 2787 64 28 place
840 2790 23 18 to
873 2787 71 28 place,
956 2787 19 21 is
983 2795 14 14 a
1010 2787 60 28 good
1085 2787 82 28 supply
1183 2786 27 22 of
1225 2790 65 18 tents.

699 2814 69 22 Boats
785 2813 35 23 for
834 2821 40 14 sea
889 2813 44 22 and
949 2814 59 22 river
1024 2813 93 28 service,
1136 2820 106 20 waggons
1258 2813 33 22 for

698 2840 55 22 land
769 2843 119 24 transport,
905 2848 38 14 are
959 2840 148 28 respectively
1123 2840 116 28 provided,
1254 2840 37 22 the

698 2867 84 22 former
790 2867 86 29 having
884 2867 57 22 been
956 2867 57 23 built
1022 2871 24 17 at
1055 2867 66 26 Deal,
1131 2867 56 22 with
1196 2866 95 29 especial

698 2895 117 21 reference
824 2897 23 19 to
857 2893 39 23 the
911 2893 54 28 high
980 2893 71 23 winds
1066 2894 27 22 of
1110 2893 58 24 New
1185 2893 105 27 Zealand,

698 2921 47 21 and
757 2920 39 22 the
803 2921 69 22 latter
881 2920 96 28 adapted
986 2924 22 18 to
1018 2928 14 14 a
1041 2928 50 15 new
1104 2924 105 28 country.
1239 2921 51 22 Sur-

698 2947 85 28 veying
791 2947 147 23 instruments
947 2947 31 28 by
994 2955 43 15 one
1052 2947 80 28 vessel,
1149 2947 54 23 with
1220 2947 71 28 dupli-

700 2978 60 19 cates
776 2975 30 28 by
816 2974 38 23 the
864 2974 65 22 other
936 2982 6 19 ;
962 2975 56 22 tools
1033 2975 27 21 of
1070 2982 68 20 every
1148 2974 142 28 descxiption,

698 3001 82 28 forges,
791 3001 65 28 slops,
867 3001 125 27 provisions
997 3010 6 19 ;
1023 3002 25 22 in
1058 3001 68 28 short,
1138 3009 68 20 every
1215 3001 76 22 article

699 3028 50 22 that
757 3029 19 21 is
785 3028 95 22 deemed
890 3028 136 22 serviceable
1035 3029 41 22 has
1085 3029 59 21 been
1155 3028 77 28 amply
1241 3036 51 19 sup-

698 3055 68 49 fjlied,
778 3055 96 27 nothing
882 3055 85 27 having
975 3056 57 22 been
1049 3055 121 27 neglected
1185 3055 73 22 which
1274 3055 17 21 is

708 3082 60 28 ikely
779 3086 22 18 to
809 3086 101 24 promote
919 3082 38 22 the
966 3082 139 28 punctuality
1112 3082 26 22 of
1144 3081 39 23 the
1191 3089 99 20 surveys,

698 3116 26 15 so
734 3117 24 14 as
767 3112 24 19 to
801 3109 26 22 be
837 3109 25 22 in
872 3109 86 26 perfect
966 3109 114 22 readiness
1090 3109 34 21 for
1140 3108 40 22 the
1196 3108 94 27 settlers,

698 3135 51 23 who
759 3144 38 14 are
808 3139 21 19 to
844 3135 77 23 follow
936 3136 25 22 in
976 3136 70 22 about
1059 3137 53 21 four
1126 3135 92 23 months
1234 3135 57 23 from

699 3163 45 22 this
754 3163 63 22 time.

727 3190 94 28 Captain
828 3188 124 23 Liardetof
959 3189 37 22 the
1001 3189 75 27 Navy,
1084 3189 51 22 who
1143 3188 148 23 commanded

700 3217 66 22 H.M.
778 3216 49 29 ship
835 3217 117 26 Powerful,
963 3216 45 22 and
1021 3215 166 28 distinguished
1201 3215 92 23 himself

698 3246 25 19 at
733 3244 68 27 Acre,
811 3250 53 21 goes
875 3246 40 19 out
924 3242 53 23 with
993 3243 96 28 Captain
1105 3242 133 27 Wakefield,
1253 3242 37 22 the

699 3271 117 27 Company
829 3269 87 28 having
931 3269 93 23 secured
1039 3269 35 23 his
1091 3270 98 22 services
1203 3269 36 23 for
1253 3269 37 22 the

698 3297 155 27 organization
859 3297 27 22 of
889 3295 39 23 the
933 3296 129 22 settlement
1067 3296 26 22 of
1100 3297 57 21 New
1161 3295 129 29 Plymouth.

726 3323 49 22 The
799 3323 57 22 New
883 3323 120 28 Plymouth
1028 3323 118 28 Company
1164 3323 42 22 has
1234 3323 56 21 been

698 3350 92 27 merged
805 3350 49 22 into
870 3349 38 23 the
925 3349 56 23 New
997 3349 102 23 Zealand
1112 3351 124 26 Company,
1248 3348 43 24 and

698 3377 31 22 all
739 3377 38 22 the
786 3377 140 22 settlements
935 3384 38 15 are
980 3377 85 27 subject
1074 3380 23 19 to
1108 3376 95 23 Colonel
1210 3376 80 22 Wake-

698 3404 72 21 field's
780 3404 111 21 controul.

725 3431 48 22 The
783 3431 153 28 negociations
945 3430 101 22 between
1054 3429 39 23 the
1102 3431 55 21 Port
1166 3429 123 23 Nicholson

698 3458 131 28 deputation
839 3457 47 22 and
895 3458 34 21 Sir
945 3457 88 25 George
1051 3457 78 28 Gipps,
1141 3456 112 29 appeared
1265 3456 25 22 in

698 3486 38 22 the
748 3485 94 22 London
849 3492 81 20 papers
940 3485 27 21 of
976 3483 53 23 24th
1038 3484 74 27 April.
1285 3499 5 9 ;
1294 3497 2 11 -.

724 3511 47 23 The
777 3511 49 22 first
829 3511 62 25 body
899 3511 26 22 of
928 3511 86 22 settlers
1020 3511 137 28 proceeding
1165 3514 23 18 to
1195 3509 93 28 Nelson,

697 3547 59 14 were
766 3542 23 19 to
799 3538 63 23 leave
877 3537 105 28 England
997 3538 24 21 in
1037 3538 97 27 August.
1163 3537 65 27 They
1237 3543 53 20 may

696 3566 29 23 be
736 3565 108 29 expected
853 3565 54 22 here
922 3565 24 22 in
961 3564 37 22 the
1014 3565 62 27 early
1084 3567 51 25 part
1151 3564 27 22 of
1189 3564 100 26 January

696 3596 63 19 next.

724 3620 41 22 Dr.
776 3619 65 22 Hind
849 3619 46 22 had
903 3619 58 22 been
972 3618 83 21 offered
1064 3626 14 13 a
1088 3617 98 23 colonial
1195 3616 95 28 Bishop-

696 3647 39 27 ric,
746 3647 41 22 but
795 3646 18 22 it
822 3646 19 22 is
854 3646 55 27 said,
919 3645 47 23 had
980 3645 104 22 declined
1102 3652 28 15 on
1148 3644 38 22 the
1195 3651 62 15 score
1267 3643 25 22 of

695 3674 26 22 ill
731 3673 84 22 health.

724 3701 23 21 A
756 3699 107 23 dividend
874 3699 26 22 of
907 3702 38 19 ten
956 3706 38 21 per
1003 3702 53 19 cent
1064 3698 46 23 had
1117 3698 60 22 been
1187 3697 103 22 declared

696 3726 32 29 by
736 3727 38 22 the
784 3726 103 23 Zealand
896 3726 122 27 Company.

724 3754 41 22 We
775 3753 100 22 inserted
891 3760 28 15 an
935 3755 85 20 extract
1034 3752 24 21 in
1075 3758 42 15 our
1131 3758 71 24 paper
1217 3758 14 14 a
1248 3750 40 22 few

696 3780 74 22 weeks
780 3780 68 26 since,
858 3780 58 21 from
928 3779 38 22 the
974 3779 66 22 letter
1050 3779 26 21 of
1088 3786 13 14 a
1110 3777 75 23 friend
1193 3777 24 21 in
1229 3777 60 26 Eng-

695 3806 61 27 land,
773 3813 29 15 on
820 3806 36 21 the
871 3806 88 28 subject
973 3805 26 22 of
1016 3804 191 23 communication
1220 3803 69 26 being

696 3832 54 28 kept
757 3840 32 20 up
798 3833 102 21 between
916 3833 53 21 Port
980 3831 125 22 Nicholson
1119 3830 46 22 and
1176 3829 110 27 England,

695 3859 31 28 by
736 3866 49 20 way
799 3859 26 21 of
836 3859 71 21 South
924 3858 112 22 America.
1064 3857 50 22 The
1129 3857 54 21 New
1195 3857 95 20 Zealand

695 3887 94 19 Journal
795 3885 26 21 of
830 3885 56 27 May
895 3887 21 24 8,
927 3885 41 21 has
982 3891 28 15 an
1020 3883 78 23 article
1116 3890 62 20 upon
1187 3881 39 23 the
1237 3883 51 21 sub-

692 3912 55 27 ject,
757 3913 60 20 from
825 3911 75 22 which
909 3918 33 15 we
950 3909 79 29 gather
1038 3910 39 22 the
1091 3909 115 27 following
1220 3912 68 18 state-

695 3942 81 19 ments.
908 3950 2 7 .

722 3965 47 22 The
780 3961 62 26 V/cst
850 3963 67 23 India
927 3963 74 23 Steam
1010 3961 139 28 Navigation
1156 3961 64 24 boat*
1229 3968 58 16 were

1926 157 28 18 to.
1968 153 63 23 trade
2047 161 33 15 on
2096 154 87 22 suitable
2203 156 143 22 occasions—
2346 156 35 21 for
2401 154 107 29 instance,

1927 187 61 19 carry
2008 187 125 20 passengers
2146 184 23 18 to
2185 181 75 27 places
2276 183 139 21 convenient'
2429 186 23 17 to
2470 181 40 22 her

1927 207 140 26 destination,
2079 207 42 21 and
2127 207 65 28 bring
2208 208 31 21 oil
2253 208 58 22 from
2326 209 38 21 the
2379 209 94 21 stations
2487 212 23 18 to

1928 233 71 21 which
2008 233 18 22 it
2036 233 103 23 wouldlie
2149 233 40 22 her
2198 233 56 28 duty
2264 235 128 26 frequently
2398 238 23 19 to
2431 238 78 19 resort*

695 153 56 32 duty
762 153 26 24 of
802 153 39 24 the
861 153 114 24 Collector
989 153 26 24 of
1036 153 39 24 the
1094 153 109 24 Customs
1220 153 63 24 there

695 191 23 19 to
741 187 60 23 seize
822 186 49 24 her.
918 186 52 24 The
987 187 106 30 coasting
1105 186 65 24 trade
1186 186 26 24 of
1226 187 56 24 New

694 219 103 24 Zealand
815 219 96 31 belongs
934 224 23 19 to
977 219 39 24 the
1037 219 115 24 residents
1168 219 24 23 of
1220 219 62 25 these

695 252 100 29 Islands,
816 252 46 24 and
879 260 95 23 persons
991 256 41 19 not
1040 252 103 31 residing
1152 252 56 23 here
1221 257 62 19 must

694 285 68 24 make
790 285 61 24 their
877 289 171 27 arrangements
1075 285 154 32 accordingly,
1258 293 24 16 or

694 318 105 23 abandon
818 318 38 23 the
879 317 100 32 whaling
996 318 104 28 stations,
1116 318 36 24 for
1172 318 54 32 they
1241 325 41 17 can

693 351 85 30 legally
795 351 53 30 only
860 351 30 23 be
908 351 181 23 communicated
1112 350 55 24 with
1185 351 97 32 through

695 390 43 17 one
750 384 26 23 of
789 384 38 23 the
838 388 65 26 ports
912 384 26 23 of
953 388 65 26 entry
1029 384 24 23 in
1062 383 58 24 New
1131 384 111 25 Zealand.

728 416 44 24 We
783 416 59 32 hope
848 417 26 23 in
886 424 14 16 a
909 417 44 23 few
968 416 55 31 days
1043 421 22 19 to
1079 416 30 24 be
1124 417 52 23 able
1190 422 22 18 to
1230 418 52 31 give
1289 441 2 5 ,

695 457 30 16 an
733 454 88 19 extract
830 449 68 24 from*
906 450 39 23 the
963 449 107 24 Customs
1081 449 64 29 laws,
1155 450 74 23 which
1234 449 49 25 -will

695 482 62 24 show
773 482 38 24 the
827 482 65 31 large
907 483 87 23 reward
1012 482 78 24 which
1105 483 47 23 will
1166 491 79 22 ensue,
1261 487 22 19 to

695 523 45 23 any
759 523 84 23 person
866 523 26 16 or
913 524 95 22 persons
1028 515 50 24 who
1090 524 53 22 may
1158 517 52 30 give
1228 516 55 23 such

695 548 146 24 information
860 557 26 15 as
898 548 46 24 will
956 548 50 24 lead
1018 553 22 19 to
1053 548 38 24 the
1101 550 89 24 seizure
1200 550 26 22 of
1241 557 43 23 any

695 581 75 24 vessel
779 581 126 31 infringing
925 581 39 24 the
979 583 133 29 navigation
1126 582 65 25 laws.
1234 582 50 24 The
1290 576 2 24 !

695 614 87 25 reward
789 614 45 23 will
845 614 30 23 be
885 614 113 24 sufficient
1009 623 34 15 we
1052 620 93 25 suspect
1163 620 24 18 to
1203 616 80 22 induce

695 655 69 23 many
782 647 137 24 individuals
938 655 29 16 on
985 648 38 23 the
1046 652 63 19 coast
1130 652 23 19 to
1177 648 107 32 carefully

695 681 72 23 watch
777 680 39 24 the
825 680 150 32 proceedings
987 681 26 24 of
1026 681 87 24 vessels
1121 689 29 16 on
1162 682 39 23 the
1213 686 69 20 coast.

695 713 77 25 There
784 714 20 23 is
815 722 30 15 no
855 722 83 16 reason
949 714 50 31 why
1009 713 39 25 the
1058 715 91 23 natives
1156 715 83 23 should
1246 718 38 20 not

695 747 29 23 be
733 752 43 26 put
786 747 25 23 in
820 754 15 17 a
846 748 101 30 position
959 752 23 19 to
989 747 60 24 avail
1057 747 139 25 themselves
1208 748 26 23 of
1247 747 36 24 the

695 780 126 31 advantage
831 780 76 24 which
916 780 74 24 would
1004 781 79 23 attend
1104 781 39 23 the
1162 781 89 23 seizure
1262 780 25 24 of

695 814 137 31 smugglers.
876 813 42 24 All
936 814 48 23 that
1002 814 75 23 would
1088 814 29 23 be
1128 821 123 24 necessary
1262 818 21 18 to
1290 825 2 2 ■

695 847 82 23 render
785 846 63 24 them
858 847 101 23 efficient
969 854 26 16 as
1006 855 15 16 a
1039 851 64 19 coast
1121 847 72 30 guard
1211 845 73 25 would

694 880 29 23 be
735 884 22 19 to
769 880 108 31 acquaint
888 880 63 23 them
960 880 54 23 with
1027 887 40 16 our
1076 880 43 23 law
1131 888 30 15 on
1173 880 38 23 the
1222 880 62 32 point

695 913 24 23 in
731 914 112 29 question,
856 913 46 23 and
914 913 41 23 tell
964 913 61 23 them
1037 917 23 19 to
1073 912 57 24 send
1142 913 38 23 the
1188 921 67 15 name
1264 912 24 24 of

695 953 45 23 any
752 946 75 23 vessel
847 945 92 31 trading
957 953 29 16 on
1000 945 38 24 the
1057 950 65 19 coast
1139 945 74 24 which
1232 946 52 31 they

695 978 116 30 supposed
821 978 45 23 had
878 983 41 19 not
929 979 51 22 first
987 979 59 23 been
1056 979 26 23 in
1091 979 64 24 here.

1954 285 42 21 Mr.
2007 284 118 27 Catchpool
2131 288 41 25 put
2180 285 34 21 his
2224 289 71 18 steam
2306 285 49 22 mill
2369 286 48 22 into
2433 293 78 20 opera-

1928 311 45 22 tion
1992 318 14 14 a
2020 311 42 21 few
2081 311 47 26 dayi
2144 312 68 27 since,
2230 313 46 21 and
2290 313 18 21 it
2326 312 90 22 worked
2434 315 24 19 to
2476 312 35 22 his

1927 337 145 23 satisfaction.
2113 337 38 23 The
2167 339 82 26 engine
2269 339 73 21 drives
2362 343 43 17 two
2424 343 45 17 sets
2487 339 26 21 of

1927 365 55 25 griss
1992 366 74 19 stones
2077 364 42 22 and
2127 371 12 14 a
2150 364 96 22 circular
2251 372 53 15 saw.
2333 365 59 27 Logs
2398 372 36 15 are
2442 365 69 27 being

1928 390 94 27 brought
2032 390 57 21 from
2101 389 29 23 the
2150 391 57 21 Htitt
2224 391 45 22 and
2285 391 69 22 about
2369 391 38 23 the
2417 391 49 27 Bay
2476 392 35 22 for

1928 417 37 21 the
1975 424 39 15 use
2024 417 26 21 of
2061 416 45 22 this
2113 423 37 15 saw
2159 417 54 27 mill,
2222 417 72 22 which
2303 425 32 14 we
2342 418 59 27 hope
2408 418 44 21 will
2460 425 50 15 now

1927 451 53 14 soon
1992 442 124 23 contribute
2124 451 58 14 some
2192 444 65 21 wood
2272 448 23 18 to
2313 444 37 22 the
2366 444 93 24 market,
2476 445 35 22 for

1928 470 72 21 which
2017 469 62 22 there
2095 470 18 21 is
2126 477 11 14 a
2155 474 63 22 great
2231 470 105 22 demand.
2365 471 41 21 We
2424 470 87 23 believe

1928 497 43 21 this
1980 497 18 21 is
2009 496 37 21 the
2054 492 16 28 ft
2072 499 32 18 rat
2112 499 64 19 steam
2186 496 48 22 mill
2245 498 90 20 erected
2343 497 23 21 in
2382 496 56 23 New
2455 498 57 21 Zea-

1928 523 59 21 land.
2016 523 40 20 We
2066 522 88 28 heartily
2172 522 54 22 wish
2243 523 44 21 Mr.
2306 523 121 27 Catchpool
2444 531 67 21 every

1928 557 94 13 success.

1954 576 47 22 The
2008 574 76 23 Union
2090 576 66 21 Steam
2165 576 48 21 Saw
2219 576 45 21 and
2269 576 68 21 Flour
2340 576 50 21 Mill
2396 576 116 28 Company

1928 603 58 21 have
1995 602 67 28 given
2074 605 39 18 out
2119 606 105 18 contracts
2232 603 34 21 for
2271 602 38 22 the
2318 602 130 23 erectiJn'df
2455 602 57 23 their

1928 630 119 26 buildings,
2058 628 46 22 and
2113 635 24 14 we
2152 628 58 28 hope
2220 629 58 22 their
2288 628 169 23 establishment
2468 628 44 23 will

1928 656 28 21 be
1965 656 24 21 in
1999 664 14 13 a
2022 659 56 18 state
2090 654 24 22 of
2123 655 143 22 forwardness
2279 656 22 21 in
2312 663 14 14 a
2336 656 39 21 few
2386 656 116 24 months./

1955 682 48 22 The
2012 684 81 19 Amelia
2106 682 113 26 Thompson-
2223 682 86 23 carried
2320 691 13 13 a
2341 686 71 18 steam
2424 682 52 21 mill
2489 686 23 17 to

1929 708 37 23 the
1985 709 112 22 Taranaki
2114 709 129 25 settlement,
2259 708 73 23 which
2348 716 33 14 we
2398 708 57 28 hope
2475 715 37 16 ere

1929 735 53 27 long
1991 739 24 18 to
2024 736 55 21 hear
2087 735 18 22 is
2114 735 16 21 in
2142 735 120 23 successful

1955 762 48 21 The
2016 763 75 20 Prince
2101 763 81 25 Rupert,
2193 762 61 26 daily
2264 762 115 26 expected,
2392 761 41 22 has
2442 760 46 23 also
2499 768 14 15 a

1929 792 69 18 steam
2010 789 53 25 mill,
2075 788 37 22 the
2121 789 35 21 site
2166 789 35 21 for
2212 788 71 22 which
2295 792 40 17 has
2344 792 41 18 not
2401 791 38 23 yet
2454 787 58 22 been

1929 815 104 22 selected.
2062 816 71 24 Queen
2142 814 132 22 Charlotte's
2285 815 76 21 Sound
2368 814 45 22 and
2419 814 94 23 Porirua

1930 842 48 26 Bay
1987 841 58 22 have
2056 842 56 22 been
2121 842 114 26 mggested
2246 849 23 14 as
2278 841 60 27 good
2352 841 102 25 districts,
2472 838 41 24 but

1930 875 31 14 we
1981 872 88 24 suspect
2087 868 18 21 it
2121 868 61 21 could
2201 868 66 22 make
2286 875 14 14 a
2316 868 62 21 trade
2393 867 34 22 for
2444 867 68 22 itself.

1930 894 61 22 With
2001 895 77 27 plenty
2093 895 25 22 of
2125 894 46 27 logs
2186 894 59 22 from
2260 894 37 22 the
2312 898 62 18 coast
2386 893 47 22 and
2448 894 64 26 grain

1930 921 56 22 from
1996 921 70 22 South
2077 922 105 24 America,
2193 921 46 22 and
2249 920 63 22 these
2322 920 66 28 mills,
2406 927 33 16 we
2455 920 59 22 shall

1930 948 26 21 be
1967 948 95 22 enabled
2072 952 23 18 to
2104 947 80 22 furnish
2194 946 116 23 Australia
2321 947 52 22 with
2387 953 62 16 some
2462 953 51 16 use-

1929 974 32 22 ful
1970 974 94 23 articles.
2087 975 32 21 As
2144 974 155 21 manufacture
2307 974 77 22 makes

1929 1002 87 26 foreign
2027 1001 64 27 grain
2102 1000 113 23 converted
2231 1001 49 22 into
2290 1000 57 22 flour
2358 1000 73 22 would
2440 999 27 22 be
2477 1006 36 15 re-

1930 1028 76 21 ceived
2017 1032 22 18 at
2050 1028 83 27 Sydney
2144 1035 60 20 upon
2215 1027 38 22 the
2262 1035 62 14 same
2336 1030 67 19 terms
2417 1034 24 14 as
2456 1025 58 23 flour

1930 1054 64 22 made
2005 1054 58 23 from
2074 1054 51 23 New
2132 1054 100 22 Zealand
2241 1054 72 26 grain.
2342 1054 42 21 We
2391 1052 81 28 regard
2476 1052 37 23 the

1930 1081 126 27 imposition
2068 1081 26 22 of
2105 1081 77 27 foreign
2194 1080 73 22 duties
2277 1088 30 14 on
2326 1080 39 22 the
2379 1080 98 27 produce
2492 1079 24 22 of

1930 1106 56 23 New
1996 1108 108 26 Zealand,
2115 1108 20 21 of
2147 1107 72 22 which
2230 1115 33 14 we
2272 1107 67 22 made
2355 1106 101 22 mention
2471 1106 43 22 last

1930 1134 68 27 week,
2019 1142 24 15 as
2061 1135 60 27 quite
2135 1138 134 23 temporary.
2309 1134 30 21 So
2357 1140 55 15 soon
2431 1140 24 14 as
2474 1133 39 21 the

1930 1161 177 22 Colonial-office
2120 1169 31 14 are
2168 1160 65 22 made
2249 1160 135 28 acquainted
2400 1159 53 22 with
2469 1159 45 22 this

1930 1187 132 28 regulation,
2074 1188 37 21 the
2120 1188 86 26 Sydney
2214 1188 104 21 Customs
2328 1186 44 23 will
2381 1186 132 31 receiyjgjn-

1930 1214 126 27 structions,
2076 1214 64 22 under
2157 1213 72 22 which
2248 1221 40 14 our
2306 1213 99 28 produce
2422 1213 91 22 wflTbe

1930 1240 108 23 admitted
2048 1249 30 14 on
2088 1241 35 22 the
2128 1247 61 16 same
2199 1245 69 17 terms
2278 1247 24 15 as
2314 1240 39 22 the
2369 1239 145 29 productions

1930 1268 27 21 of
1968 1268 51 22 Van
2029 1268 108 22 Dieman's
2149 1267 71 22 Land.
2240 1277 16 13 „#

565 68 100 32 THE
685 62 113 38 KEW
816 69 230 31 ZEALAND
1067 68 227 32 GAZETTE
1315 70 99 30 AND
1432 70 330 30 WELLINGTON
1784 71 289 29 SPECTATOR.

137 153 170 22 SHIPPING
324 152 278 23 INTELLIGENCE.

297 202 144 21 ARRIVED.

105 231 59 27 Sept.
174 232 21 24 7,
206 230 143 21 Government
362 230 47 26 brig
428 230 103 25 Victoria,
550 231 40 20 184
606 232 58 24 tons,

77 258 111 24 Richards,
198 258 55 20 from
263 257 82 27 Kapiti.

105 286 59 26 Sept.
174 286 22 24 8,
206 285 103 20 schooner
317 284 99 24 Look-in,
435 284 34 25 78,
487 283 107 27 Canning,
609 285 55 20 from

76 313 86 27 Sydney
174 312 42 20 and
230 311 75 27 Kapiti
313 318 6 18 ;
341 312 23 20 in
379 312 76 25 charge
470 311 26 21 of
513 311 37 21 the
566 311 98 21 Custom-

75 341 68 21 house
150 340 91 20 officers.

105 367 61 20 Same
174 366 47 27 day,
232 365 85 21 Chilian
323 365 47 26 brig
378 366 96 24 Theresa,
486 366 47 24 150,
543 366 57 25 Fish,
609 366 55 20 from

77 394 68 22 South
154 393 104 24 America,
268 393 79 25 having
355 395 39 24 put
401 393 24 20 in
439 395 22 18 at
476 393 73 21 Tahiti
564 393 41 20 and
620 393 44 27 Bay

80 422 26 21 of
117 421 82 21 Islands
206 428 6 13 :
225 426 72 20 cargo,
308 421 54 19 1000
373 421 50 25 bags
433 420 65 20 flour.

105 448 61 20 Same
179 448 47 26 day,
242 447 80 27 barque
338 448 50 20 Will
407 448 81 24 Watch,
508 447 49 24 250,
576 447 88 27 Captain

75 475 94 26 Walker,
179 475 55 21 from
245 475 98 24 London,
353 475 77 25 having
439 475 40 20 left
488 481 29 13 on
526 475 54 20 27th
589 475 61 26 April
660 483 4 16 ;

76 509 71 20 cargo,
157 504 68 19 stores
234 502 35 20 for
279 503 36 19 the
324 502 81 20 Nelson
415 502 130 20 settlement.

105 529 59 27 Sept.
174 531 21 22 9,
206 530 104 20 schooner
321 530 56 25 Gem,
394 529 26 21 76
437 532 58 22 tons,
512 529 84 25 Pearce,
609 529 55 21 from

77 556 99 22 Hawke's
186 557 44 26 Bay
236 564 7 17 ;
258 562 71 20 cargo,
339 556 54 27 pigs.

313 600 115 21 SAILED.

105 628 59 27 Sept.
174 630 22 24 4,
210 628 112 21 American
340 628 47 27 ship
401 628 78 25 Cicen,
489 628 51 25 418,
552 628 112 26 Simmons,

75 656 36 22 for
119 656 36 21 the
164 656 90 25 whaling
263 656 101 26 grounds.

105 682 67 22 Same'
176 683 39 27 day
223 683 49 27 brig
283 684 84 24 Jewess,
383 683 50 25 204,
450 682 69 26 Crew,
536 682 35 21 for
586 682 78 21 Banks'

77 710 120 21 Peninsula.
230 727 4 4 .

105 738 61 26 Sept.
204 737 82 27 barque
298 738 63 25 Tyne,
371 738 49 24 427,
436 737 128 25 Robertson,
578 737 34 21 for
629 738 35 20 the

76 765 98 21 Thames.
211 765 127 26 Passengers
345 765 70 20 —W.
434 764 90 24 Martin,
550 765 60 26 Esq.,
629 765 35 21 W.

77 788 117 29 Swainibn,
204 792 61 26 Esq.,
276 792 45 21 Mr.
328 793 41 19 and
375 792 55 20 Mrs.
440 792 129 24 Outhwaite,
577 792 87 21 Messrs.

77 820 117 25 Brandeth,
211 819 77 26 Reeve,
305 819 42 21 and
361 819 114 28 Burleigb;
497 820 43 20 and
554 821 26 19 18
594 820 23 20 in
629 820 35 21 the

76 850 103 23 steerage.

106 875 59 26 Sept.
175 875 22 24 8,
207 875 112 20 American
333 875 47 26 ship
395 875 107 24 America,
521 875 49 24 640,
585 874 79 25 Fisher,

75 902 35 21 for
119 902 36 20 the
165 902 89 26 whaling
263 903 94 25 grounds
364 910 5 17 ;
384 903 64 24 3,200
459 902 80 20 barrels
552 902 63 20 black
628 902 36 25 oil,

75 929 120 26 36,0001b5.
202 930 129 20 whalebone.

105 957 62 21 Same
182 957 46 26 day,
249 957 105 21 schooner
371 957 127 25 Harlequin,
519 956 97 26 Phillips,
632 957 32 19 for

77 984 74 27 Kapiti
161 992 15 16 ;.
192 984 83 26 general
300 990 70 19 cargo.
413 984 115 25 Passenger
536 993 30 6 —
576 983 88 26 Captain

76 1011 108 28 Mayhew.

300 1056 34 20 IN
349 1056 84 21 PORT.

133 1085 108 20 Schooner
249 1084 83 26 Bailey,
344 1083 98 20 Sinclair.

133 1112 108 21 Schooner
251 1112 71 23 Eliza,
334 1110 109 21 Sheridan.

133 1139 51 26 Brig
193 1140 59 24 Lucy
263 1139 89 25 Sharpe,
366 1138 80 21 M'Fie.

132 1167 52 25 Brig
194 1167 116 23 Ullrwater,
325 1165 88 21 Gibson.

195 1195 84 23 Arrow,
291 1193 75 20 Geare.

132 1221 82 27 Barque
223 1220 101 26 Matilda,
334 1220 99 20 Roberts.

133 1249 142 21 Government
283 1247 48 26 brig
342 1248 101 24 Victoria,
454 1246 113 22 Richards.

132 1277 107 20 Schooner
248 1276 103 24 Look-in,
362 1275 106 26 Canning.

132 1304 84 20 Chilian
224 1304 48 25 brig
284 1303 96 24 Theresa,
391 1301 57 21 Fish.

132 1331 83 26 Barque
227 1331 53 20 Will
291 1330 82 25 Watch,
383 1329 95 21 Walker.

133 1359 107 20 Schooner
251 1359 57 20 Gem,
320 1358 84 20 Pearce.

241 1386 88 24 ■Regina,
345 1385 91 21 Browse.

1957 1319 48 22 The
2015 1319 59 22 third
2084 1320 78 27 Report
2172 1319 24 22 of
2210 1318 38 23 the
2263 1319 56 21 New
2334 1317 100 23 Zealand
2447 1319 66 21 Com-

1930 1353 66 20 pany,
2008 1346 45 22 and
2063 1354 13 14 a
2086 1346 38 22 few
2136 1345 102 22 remarks
2253 1353 61 20 upon
2332 1345 36 22 the
2385 1352 68 19 same,
2469 1345 44 22 will

1931 1374 27 21 be
1968 1373 70 22 found
2048 1373 22 21 in
2082 1381 39 14 our
2126 1371 80 24 double
2217 1373 143 26 supplement
2369 1373 26 20 of
2401 1372 44 21 this
2454 1371 59 22 date.

1932 1400 22 21 It
1962 1400 20 21 is
1991 1400 55 22 such
2055 1407 29 14 an
2095 1400 42 21 able
2153 1398 129 27 document,
2299 1399 48 21 that
2361 1406 33 14 we
2403 1398 40 22 ask
2452 1398 35 22 for
2495 1399 18 21 it

1931 1434 14 15 a
1954 1427 84 22 careful
2046 1426 88 26 perusal.

103 1441 69 20 When
182 1441 36 20 the
230 1440 91 21 Thereto,
329 1440 40 20 left
376 1440 37 20 the
427 1439 46 26 Bay
478 1438 25 21 of
521 1438 91 25 Islands,
629 1439 37 20 the

77 1468 78 28 barque
164 1469 53 20 Jane
225 1468 43 20 had
278 1467 66 20 sailed
352 1467 55 20 from
423 1467 77 20 thence
517 1466 34 20 for
567 1467 84 25 Sydney
660 1473 5 18 ;

77 1496 37 21 the
133 1497 47 25 ship
196 1496 55 20 Earl
268 1494 28 26 of
310 1494 103 21 Lontdale
430 1494 42 21 had
488 1494 45 20 also
550 1493 67 21 sailed
632 1494 34 20 for

75 1524 131 25 Valparaiso.

723 1041 27 22 In
761 1041 122 27 reviewing
895 1041 38 22 the
949 1042 83 26 objects
1049 1042 46 21 and
1111 1042 137 28 advantages
1264 1042 24 22 of

695 1068 39 22 the
743 1068 57 22 New
809 1068 101 21 Zealand
920 1068 134 28 Company's
1064 1068 100 28 Charter,
1181 1069 37 22 the
1235 1071 51 20 New

695 1096 95 20 Zealand
801 1096 92 20 Journal
907 1095 78 22 makes
1001 1095 38 22 the
1053 1095 117 28 following
1184 1096 102 23 observa-

696 1123 54 25 tion,
771 1122 74 22 which
860 1129 82 19 proves
957 1129 39 14 our
1010 1122 85 22 friends
1112 1126 23 18 at
1150 1124 67 21 home
1233 1124 53 26 long

695 1150 61 21 since
766 1152 23 19 to
799 1148 57 23 have
869 1149 58 22 been
942 1148 57 22 alive
1016 1152 23 18 to
1058 1149 38 22 the
1113 1150 135 27 probability
1264 1150 24 21 of

695 1183 42 15 our
746 1176 115 28 requiring
872 1175 37 22 the
920 1175 170 22 establishment
1096 1176 27 21 of
1130 1183 13 14 a
1150 1176 64 22 Loan
1222 1177 64 22 Com-

695 1210 61 25 pany
766 1206 23 18 to
797 1202 35 22 aid
848 1209 25 14 in
888 1202 38 22 the
940 1202 64 28 rapid
1017 1209 104 20 progress
1135 1204 27 21 of
1178 1203 38 22 the
1231 1204 54 21 New

695 1229 102 22 Zealand
807 1229 136 26 Company's
954 1229 144 22 settlements.

745 1263 49 22 The
804 1263 94 22 Charter
906 1263 67 22 binds
982 1262 38 22 the
1030 1263 119 28 Company
1156 1266 24 20 to
1187 1264 98 22 increase

695 1290 29 22 its
734 1290 81 27 capital
824 1293 23 19 to
857 1291 119 26 £300,000,
987 1290 45 22 and
1041 1291 93 24 permits
1144 1291 18 21 it
1171 1294 23 18 to
1204 1291 81 22 extend

695 1317 19 21 it
723 1321 23 18 to
756 1317 145 27 £1,000,000;
917 1316 46 22 and
973 1316 80 23 should
1067 1317 49 21 that
1131 1320 24 19 at
1171 1325 46 20 any
1234 1318 51 22 time

695 1343 29 23 be
741 1343 93 23 deemed
850 1343 143 26 insufficient,
1014 1343 37 22 the
1071 1344 118 27 Company
1206 1345 19 21 is
1241 1352 44 14 em-

695 1371 104 26 powered
817 1374 22 18 to
858 1371 87 21 borrow
964 1370 117 27 £500,000.
1111 1371 45 21 But
1174 1374 18 19 it
1210 1371 19 22 is
1248 1375 37 18 not

695 1393 70 32 likely
774 1397 49 22 that
832 1397 39 22 the
879 1397 115 34 Company
1002 1397 45 21 will
1055 1397 94 23 become
1156 1398 128 27 borrowers,

695 1424 84 27 unless,
789 1424 90 27 indeed,
891 1427 21 19 to
924 1423 79 23 enable
1015 1423 62 23 them
1094 1428 23 18 to
1132 1425 100 21 exercise
1249 1425 35 21 the

695 1458 76 20 power
782 1451 25 21 of
817 1451 93 27 lending
920 1458 60 20 upon
988 1450 38 22 the
1034 1451 97 27 security
1140 1451 27 22 of
1173 1451 54 22 land
1234 1459 51 14 con-

695 1478 77 22 ferred
782 1484 61 20 upon
853 1477 63 23 them
926 1477 30 27 by
966 1477 37 22 the

724 1512 66 21 Some
806 1511 92 22 months
914 1511 61 22 since
989 1510 39 23 the
1043 1511 171 23 establishment
1230 1513 26 21 of
1274 1520 12 14 a

696 1538 63 22 Loan
769 1538 117 27 Company
893 1545 45 14 was
943 1538 70 27 urged
1020 1545 30 14 on
1055 1538 38 21 the
1100 1538 110 22 attention
1217 1539 26 21 of
1251 1539 34 21 the

695 1565 57 22 New
755 1564 100 23 Zealand
860 1566 123 26 Company;
991 1572 39 19 we,
1037 1565 119 27 therefore,
1163 1565 57 22 have
1225 1569 61 24 great

695 1592 58 28 hope
764 1592 49 21 that
820 1599 12 14 a
840 1591 43 22 few
889 1591 89 22 months
985 1591 42 22 will
1038 1591 48 22 find
1095 1599 67 20 every
1170 1592 116 22 cultivator

695 1620 27 21 of
733 1618 38 23 the
782 1618 40 23 soil
831 1618 25 22 in
867 1618 44 22 this
921 1621 51 25 part
980 1618 26 22 of
1017 1618 57 22 New
1083 1618 100 22 Zealand
1192 1620 94 21 enabled

695 1649 24 18 to
729 1646 76 21 obtain
815 1653 13 14 a
837 1645 117 22 moderate
963 1645 52 22 loan
1024 1653 62 20 upon
1095 1645 35 22 his
1145 1649 105 25 property
1264 1649 22 19 at

695 1672 38 22 the
743 1672 102 22 Colonial
854 1675 48 18 rate
912 1672 26 22 of
949 1672 100 26 interest,
1060 1672 35 21 for
1104 1679 14 15 a
1125 1675 58 19 term
1190 1673 27 21 of
1223 1680 63 20 years

695 1700 27 21 of
733 1699 112 22 sufficient
853 1698 87 28 length,
952 1703 22 18 to
983 1698 80 23 enable
1073 1698 48 23 him
1136 1702 23 19 to
1177 1703 60 18 meet
1253 1700 33 22 his

695 1729 160 23 engagements
865 1726 55 21 with
929 1726 84 26 perfect
1023 1733 58 14 ease.

1957 1479 48 22 The
2022 1478 214 29 Surveyor-General
2252 1486 45 14 was
2311 1481 24 18 at
2349 1477 115 27 Rangitiki
2484 1484 29 16 on

1932 1505 36 22 the
1979 1506 45 22 2nd
2034 1506 25 21 of
2065 1506 129 27 September,
2204 1505 46 22 and
2259 1505 110 27 expected
2379 1508 23 18 to
2409 1504 72 22 arrive
2490 1508 23 18 at

1933 1532 126 27 Wanganui
2072 1533 36 21 the
2119 1533 90 26 ensuing
2219 1532 51 26 day.
2302 1531 35 21 He
2346 1531 46 22 had
2403 1531 57 21 been
2477 1530 36 22 de-

1932 1559 65 28 layed
2005 1560 29 27 by
2041 1559 81 27 having
2128 1562 21 18 to
2159 1558 83 23 ascend
2252 1558 38 22 the
2300 1558 69 22 rivers
2379 1565 14 13 a
2402 1557 111 22 consider-

1932 1587 50 20 able
1991 1586 99 22 distance
2100 1585 69 23 before
2179 1585 27 22 he
2222 1585 67 22 could
2304 1592 60 14 cross
2378 1584 69 22 them.
2478 1584 35 22 He

1932 1613 116 28 prooosed,
2060 1620 14 14 a
2089 1613 37 27 day
2142 1620 25 14 or
2183 1616 44 18 two
2245 1611 57 22 after
2317 1611 34 21 his
2369 1609 88 28 arrival,
2476 1610 37 22 de-

1933 1639 117 28 spatching
2065 1647 14 14 a
2096 1646 128 20 messenger,
2245 1638 53 22 with
2316 1637 145 22 information
2481 1644 32 15 re-

1933 1667 100 27 specting
2042 1666 37 22 the
2088 1670 48 17 state
2145 1665 24 22 of
2177 1666 38 21 the
2224 1672 104 20 surveys;
2341 1671 32 15 we
2384 1671 51 20 may
2441 1663 72 23 there-

1933 1693 47 22 fore
1991 1697 80 24 expect
2081 1697 23 18 to
2112 1693 49 21 liear
2169 1693 58 21 from
2241 1692 48 22 him
2300 1698 30 15 on
2340 1691 44 21 this
2393 1691 120 28 important

1933 1721 87 25 subject
2029 1721 68 20 about
2106 1719 97 27 Tuesday
2212 1722 61 19 next.

1959 1771 40 21 We
2006 1778 35 14 are
2050 1771 69 27 happy
2126 1773 20 18 to
2156 1771 26 20 be
2191 1771 47 19 able
2256 1773 22 17 to
2292 1775 112 15 announce
2419 1769 47 19 that
2481 1769 34 21 hi*

1933 1799 126 26 Excellency
2077 1799 39 21 has
2130 1797 136 23 established
2283 1804 13 13 a
2312 1796 119 27 post-office
2455 1802 60 15 com-

1933 1826 138 22 munication
2086 1825 28 26 by
2125 1824 52 22 land
2196 1825 36 21 for
2252 1830 133 20 conveyance
2402 1823 24 21 of
2441 1823 73 20 letters

1933 1854 93 19 between
2043 1852 52 22 Port
2109 1851 118 23 Nicholson
2243 1853 40 19 and
2303 1852 126 25 Wanganui.
2438 1868 5 2 .
2472 1850 44 20 The

1933 1883 44 18 rate
1994 1881 24 20 of
2037 1883 84 24 postage
2136 1879 44 20 will
2196 1879 26 20 be
2245 1886 40 13 one
2306 1879 87 26 shilling
2412 1885 29 13 on
2465 1877 51 21 each

1933 1908 70 21 letter.
2043 1908 30 20 As
2092 1908 18 19 it
2123 1907 13 20 is
2154 1907 106 25 supposed
2276 1907 37 19 the
2330 1906 82 20 income
2432 1904 84 21 derived

1933 1936 55 19 from
2013 1936 35 19 the
2069 1935 65 19 letters
2154 1934 44 20 will
2220 1936 39 18 not
2274 1940 59 14 more
2349 1934 52 19 than
2423 1938 43 21 pay
2481 1931 35 21 the

1934 1965 46 17 cost
1999 1963 24 19 of
2044 1961 147 23 transmission,
2211 1967 132 20 newspapers
2361 1967 40 13 can
2420 1959 53 26 only
2490 1958 26 20 be

1935 1988 105 27 conveyed
2056 1988 29 27 by
2099 1995 34 16 sea,
2149 1988 71 20 unless
2236 1988 78 26 parties
2332 1987 42 20 will
2389 1988 91 19 consent
2493 1988 23 18 to

1934 2023 40 20 puy
1985 2017 35 19 the
2034 2022 47 14 sum
2091 2016 24 19 of
2124 2016 56 19 three
2186 2022 66 19 pence
2262 2015 34 20 for
2303 2015 52 20 each
2370 2020 71 21 paper.
2478 2013 40 21 We.

1935 2051 33 12 are
1985 2049 23 14 so
2032 2044 99 19 confident
2151 2042 46 20 that
2215 2049 13 13 a
2246 2042 51 20 land
2313 2042 51 20 mail
2379 2042 55 20 from
2444 2041 43 20 this
2493 2042 23 18 to

1935 2071 117 25 Wanganui
2061 2071 43 19 will
2113 2069 49 27 yield
2169 2070 63 19 much
2239 2074 60 15 more
2306 2070 50 19 than
2363 2069 38 20 the
2408 2067 110 21 estimated

1935 2100 80 22 return,
2023 2098 105 26 especially
2139 2097 20 20 if
2172 2098 35 19 the
2217 2096 89 21 benefits
2316 2096 24 20 of
2351 2096 36 20 the
2401 2095 117 20 communi-

1935 2126 70 19 cation
2024 2131 34 14 are
2074 2124 96 21 extended
2187 2126 24 18 to
2228 2124 36 19 the
2278 2124 70 25 larger
2360 2123 121 20 settlement
2495 2124 23 18 at

1935 2152 111 25 Taranaki,
2059 2153 45 20 that
2111 2159 22 13 we
2140 2153 53 19 have
2200 2152 55 19 little
2264 2152 67 19 doubt
2337 2151 23 20 in
2366 2158 13 13 a
2387 2150 40 20 few
2433 2150 85 20 months

1935 2187 131 19 newspapers
2077 2180 40 19 will
2124 2179 22 20 be
2156 2180 80 19 carried
2246 2179 53 20 free.
2328 2179 40 19 We
2377 2184 35 14 are
2422 2183 50 15 sure
2481 2177 37 20 the

1936 2208 102 20 residents
2050 2208 24 19 of
2081 2206 111 26 Wanganui
2201 2207 45 19 will
2255 2206 51 26 duly
2313 2206 96 20 estimate
2419 2206 36 19 the
2466 2211 50 14 con-

1936 2235 114 20 sideration
2060 2235 34 20 for
2103 2235 48 19 their
2158 2237 67 17 wants
2242 2232 107 21 exhibited
2364 2233 28 25 by
2408 2232 44 21 this
2470 2233 48 25 post

1936 2263 59 19 office
2005 2262 120 26 regulation,
2151 2261 39 21 We
2207 2261 44 20 will
2263 2261 68 20 thank
2340 2267 39 13 our
2389 2260 129 20 subscribers

1936 2290 92 26 residing
2037 2290 59 20 there
2106 2291 18 18 to
2131 2289 79 20 inform
2219 2295 26 14 us
2262 2288 94 20 whether
2365 2288 51 26 they
2431 2288 53 19 wish
2493 2293 25 14 us

1936 2320 22 18 to
1967 2317 52 20 send
2031 2317 54 20 their
2093 2322 68 21 papers
2172 2316 29 26 by
2210 2316 37 20 the
2263 2315 48 20 land
2329 2316 50 19 mail
2398 2314 81 26 subject
2495 2317 23 18 to

1936 2345 42 19 this
1993 2343 85 27 charge.
2107 2343 18 21 It
2137 2343 44 21 will
2193 2343 46 20 add
2258 2343 93 20 thirteen
2370 2342 97 26 shillings
2481 2348 37 20 per

1937 2378 78 15 annum
2024 2374 23 18 to
2058 2371 35 21 the
2104 2373 38 19 cost
2152 2371 25 19 of
2188 2371 44 20 this
2242 2376 72 19 paper.

1309 150 25 22 in
1343 151 53 22 such
1406 158 14 15 a
1427 154 57 20 state
1495 152 26 21 of
1531 151 154 28 forwardness,
1695 151 49 23 that
1761 152 19 22 it
1789 160 45 14 was
1847 160 52 20 sup-

1310 177 68 35 posed
1386 177 53 28 they
1446 178 75 22 would
1529 185 129 15 commence
1666 179 100 26 running
1772 179 57 21 from
1839 177 60 29 Eng-

1310 203 53 23 land
1373 207 20 19 to
1403 204 102 22 Jamaica
1513 205 24 21 in
1551 204 43 22 this
1604 205 87 26 month,
1703 205 45 21 and
1764 206 19 20 it
1798 212 44 15 was
1854 204 44 23 'ex-

1309 230 78 26 pected
1395 230 53 29 they
1458 231 74 21 would
1541 231 98 28 perform
1646 231 39 22 the
1690 238 87 21 voyage
1784 232 22 21 in
1815 237 84 22 twenty

1310 256 62 27 days.

1336 282 47 23 The
1392 284 100 21 distance
1502 284 57 22 from
1569 284 102 22 Jamaica
1686 287 23 19 to
1727 284 82 22 Puerto
1828 285 69 27 Bello,

1311 316 29 15 on
1350 309 37 22 the
1396 310 102 22 Atlantic
1508 313 61 19 coast
1576 310 25 22 of
1609 310 39 22 the
1655 311 95 21 isthmus
1758 310 27 22 of
1792 311 105 28 Panama,

1310 335 18 22 is
1337 337 40 21 580
1386 336 69 27 miles,
1467 337 45 21 and
1522 337 37 21 the
1569 344 62 14 same
1640 337 137 21 steam-boat
1783 337 116 28 Company

1305 361 49 23 .had
1364 363 117 27 expressed
1492 371 13 13 a
1515 363 135 27 willingness
1658 367 22 18 to
1691 364 84 21 extend
1782 364 57 22 their
1847 372 52 20 ope-

1310 390 83 21 rations
1404 393 21 18 to
1436 390 50 22 that
1494 393 57 24 port.

1337 416 70 22 There
1417 423 38 15 are
1465 416 86 22 several
1565 419 77 19 routes
1656 424 74 14 across
1743 416 38 22 the
1793 416 108 23 Isthmus.-

1310 441 48 23 The
1369 442 94 22 shortest
1476 443 19 21 is
1505 443 54 27 only
1569 442 69 28 thirty
1648 443 64 21 miles
1720 451 5 19 ;
1742 443 38 21 the
1792 448 63 17 route
1870 444 29 27 by

1313 468 78 23 Puerto
1402 469 63 22 Bello
1479 473 23 18 to
1520 470 106 25 Panama,
1638 477 29 14 on
1676 470 38 21 the
1729 470 82 21 Pacific
1824 470 73 26 Coast,

1305 494 24 22 -is
1339 496 111 27 forty-two
1460 496 71 22 miles.
1560 496 47 21 The
1618 496 66 22 roads
1698 503 37 15 are
1751 496 29 22 all
1792 496 49 27 bad,
1852 497 45 26 but,

1305 529 63 15 .even
1375 540 4 4 .
1386 522 93 22 without
1497 523 171 27 improvement,
1691 523 110 27 perfectly
1819 524 80 26 practi-

1312 548 68 20 cable.

1340 575 71 22 Steam
1426 575 19 21 is
1461 575 92 28 already
1567 575 135 22 established
1719 576 58 21 from
1793 576 105 25 Panama,

1312 604 23 17 at
1345 601 69 22 wlfich
1424 602 64 21 there
1502 609 38 15 are
1554 609 49 14 now
1617 602 79 21 eleven
1713 602 112 22 thousand
1837 602 62 22 inha-

1311 627 88 27 bitants,
1411 632 22 18 to
1444 628 72 28 Lima,
1525 628 43 22 and
1579 628 82 22 thence
1672 631 23 19 to
1705 628 138 28 Valparaiso.

1338 654 46 22 The
1401 655 103 27 question
1521 655 26 22 of
1561 654 49 22 how
1621 658 23 18 to
1660 655 111 27 complete
1780 655 37 21 the
1835 655 65 22 chain

1312 680 56 23 from
1386 680 132 29 Valparaiso
1537 685 22 18 to
1575 681 56 21 Port
1647 681 125 22 Nicholson
1787 681 40 22 has
1843 682 56 21 been

1312 706 117 28 discussed,
1450 708 47 22 and
1519 708 93 22 decided
1631 708 24 21 in
1676 708 80 21 favour
1776 708 25 21 of
1822 708 79 27 sailing

1311 734 96 27 packets,
1416 735 95 22 because
1518 734 38 23 the
1566 741 92 21 passage
1667 741 42 14 can
1720 734 69 28 easily
1798 734 26 21 be
1836 734 64 22 made

1312 760 53 22 both
1384 768 64 20 ways,
1466 761 46 22 and
1528 761 36 22 the
1584 760 131 28 population
1731 760 46 21 and
1796 760 62 22 trade
1878 760 27 22 of

1312 786 61 23 these
1382 787 82 22 islands
1479 795 38 14 are
1526 791 41 18 not
1582 791 39 23 yet
1631 787 24 21 in
1665 794 14 14 a
1689 786 115 23 condition
1816 790 23 19 to
1849 795 51 19 sup-

1312 817 49 23 port
1372 813 36 22 the
1418 821 98 21 expense
1524 814 26 21 of
1557 817 70 18 steam
1636 814 72 21 boats.

1339 840 46 22 The
1399 848 78 14 course
1497 840 17 22 it
1530 840 19 22 is
1561 839 104 22 believed
1679 840 38 21 the
1731 840 58 22 New
1802 840 100 22 Zealand

1313 866 112 28 Company
1435 867 82 22 intend
1526 871 22 17 to
1557 866 74 28 adopt,
1641 866 19 21 is
1671 870 22 17 to
1709 866 55 22 offer
1775 874 14 13 a
1798 873 102 16 remune-

1312 894 73 26 rating
1394 892 89 23 charter
1492 894 34 21 for
1543 901 13 14 a
1564 893 89 22 limited
1662 893 96 22 number
1772 893 26 21 of
1804 901 65 26 years
1878 897 23 18 to

1312 927 45 20 any
1380 920 147 27 enterprising
1547 920 144 22 commercial
1714 919 51 22 firm
1785 918 49 23 who
1857 920 43 21 will

1312 946 62 22 build
1389 947 50 21 four
1449 947 89 27 vessels,
1549 946 45 22 and
1604 953 43 14 run
1658 946 61 21 them
1733 946 104 27 monthly
1846 946 54 22 both

1312 973 58 22 from
1380 973 42 22 this
1431 973 46 22 and
1488 973 37 22 the
1542 973 71 22 South
1625 972 122 23 American
1765 973 73 21 Coast.
1868 973 34 27 By

1313 999 43 22 this
1375 1007 76 15 course
1470 1000 39 22 the
1531 1001 115 25 Company
1665 999 73 22 would
1758 999 66 22 know
1844 999 58 22 their

1312 1026 99 28 liability.
1441 1026 23 22 It
1477 1034 20 14 13
1513 1026 104 22 assumed
1631 1026 50 21 that
1697 1033 24 14 so
1738 1033 69 20 many
1827 1026 26 21 of
1864 1026 37 21 the

1313 1052 127 23 Australian
1461 1053 105 22 colonists
1580 1052 74 22 would
1668 1052 51 22 take
1737 1052 125 27 advantage
1879 1053 26 22 of

1315 1079 61 22 these
1388 1080 98 27 packets,
1507 1080 54 26 that,
1578 1084 22 17 at
1618 1079 37 22 the
1676 1079 125 27 expiration
1821 1080 26 21 of
1864 1079 37 22 the

1313 1110 105 23 contract,
1429 1106 18 22 it
1460 1106 75 22 would
1547 1107 28 21 be
1584 1106 72 22 found
1672 1106 48 21 that
1734 1106 38 21 the
1786 1106 116 28 Company

1314 1133 50 27 had,
1378 1133 28 27 by
1417 1133 43 22 this
1475 1133 55 22 bold
1544 1133 43 22 and
1605 1133 80 21 liberal
1700 1133 81 27 policy,
1792 1133 110 21 rendered

1314 1160 56 21 New
1382 1159 99 22 Zealand
1495 1167 29 14 an
1540 1160 110 21 immense
1667 1159 125 27 advantage
1808 1159 94 22 without

1314 1193 44 20 any
1368 1186 43 22 loss
1422 1190 22 18 to
1455 1186 142 22 themselves.

1451 1213 42 22 full
1509 1213 121 22 allowance
1648 1213 35 21 for
1703 1213 30 21 all
1753 1212 84 28 delays,
1857 1213 45 21 and

1314 1239 75 27 taking
1412 1247 95 19 average
1530 1247 104 20 passages
1659 1239 62 34 only,
1746 1239 18 21 it
1785 1239 19 22 is
1825 1239 77 22 shown

1314 1266 49 22 that
1368 1267 36 21 the
1415 1274 92 20 passage
1518 1266 70 28 might
1597 1265 28 23 be
1635 1265 125 22 calculated
1766 1273 61 20 upon
1836 1266 67 27 being

1314 1293 123 27 performed
1456 1293 59 22 from
1532 1293 43 22 this
1593 1296 24 18 to
1634 1292 106 28 England
1758 1292 24 22 in
1799 1296 104 24 seventy-

1314 1319 63 22 three
1385 1320 61 28 days.

1342 1346 26 22 In
1379 1346 135 28 conclusion,
1524 1346 37 22 the
1569 1347 53 21 New
1629 1346 96 21 Zealand
1730 1346 91 21 Journal
1827 1349 73 24 states,

1337 1373 47 22 that
1398 1373 37 22 the
1446 1377 190 23 encouragement
1646 1373 73 22 which
1735 1373 38 21 the
1787 1373 116 27 Company

1314 1407 51 20 may
1374 1400 26 21 be
1411 1400 104 28 disposed
1531 1404 22 18 to
1562 1400 51 28 give
1623 1404 23 18 to
1657 1400 44 22 this
1710 1399 162 28 grandobject,
1882 1400 19 21 is

1314 1427 92 27 entirely
1417 1427 91 22 distinct
1520 1427 58 22 from
1588 1427 39 22 the
1638 1434 49 15 sum
1702 1430 23 18 to
1739 1427 29 20 be
1786 1422 117 32 expended

1314 1454 35 21 for
1357 1454 36 21 the
1406 1454 85 21 benefit
1507 1454 26 21 of
1545 1457 71 19 steam
1633 1457 24 18 to
1672 1453 38 22 the
1726 1453 85 22 Nelson
1829 1453 75 22 settle-

1341 1507 41 21 We
1390 1514 51 20 may
1450 1507 43 22 add
1505 1510 23 19 to
1538 1507 50 27 this,
1600 1507 49 22 that
1659 1514 31 15 we
1705 1507 58 21 have
1777 1506 69 21 heard
1857 1505 48 22 that

1314 1533 38 22 the
1368 1534 113 27 Company
1491 1533 44 22 had
1545 1534 72 21 under
1626 1533 166 22 consideration
1802 1540 29 14 an
1848 1533 56 22 offer

1314 1563 23 19 to
1346 1560 60 22 build
1416 1560 50 22 four
1474 1560 44 22 fast
1528 1560 79 27 sailing
1616 1561 67 27 brigs,
1691 1561 27 20 of
1730 1562 42 19 250
1782 1564 50 17 tons
1841 1559 61 27 each,

1314 1587 45 22 and
1368 1590 21 19 to
1397 1594 41 15 run
1455 1587 62 22 them
1530 1587 102 27 monthly
1646 1595 25 14 as
1686 1587 174 27 contemplated,
1871 1587 34 20 for

1314 1614 63 22 three
1392 1621 71 20 years,
1474 1614 21 22 if
1508 1614 53 27 they
1578 1614 74 21 would
1667 1617 124 24 guarantee
1806 1613 19 22 £
1831 1613 73 26 12,000

1314 1648 40 20 per
1363 1647 81 15 annum
1454 1649 5 18 ;
1476 1641 46 22 and
1531 1648 32 14 we
1572 1641 88 22 believe
1669 1641 71 21 either
1747 1639 51 27 this,
1808 1647 26 14 or
1843 1647 61 14 some

1315 1670 98 19 contract
1423 1672 40 17 not
1471 1675 54 19 very
1535 1667 110 27 different,
1655 1667 45 22 will
1709 1668 28 21 be
1748 1667 114 27 accepted.

1344 1694 22 21 If
1377 1694 36 21 the
1427 1694 117 28 Company
1554 1702 63 20 carry
1628 1697 40 18 out
1685 1694 44 21 this
1744 1697 64 24 great
1824 1693 79 27 object,

1314 1720 54 28 they
1375 1721 43 21 will
1429 1721 78 22 confer
1516 1728 29 15 on
1556 1721 52 22 Port
1618 1721 124 22 Nicholson
1754 1727 29 14 an
1792 1721 111 20 immense

1314 1747 66 26 boon,
1390 1747 72 22 which
1471 1748 20 21 is
1500 1747 38 22 the
1554 1755 62 14 more
1626 1748 113 26 welcome,
1751 1755 26 14 as
1792 1747 17 21 it
1818 1747 20 21 is
1847 1746 58 27 good

1314 1774 66 27 proof
1391 1774 47 22 that
1447 1774 54 28 they
1509 1782 36 14 are
1556 1774 108 28 prepared
1681 1778 22 18 to
1713 1774 65 21 incur
1794 1773 111 22 liabilities

1316 1801 29 22 foi
1345 1799 4 15 1
1358 1801 218 26 ouivadvaucement,
1586 1806 24 17 to
1620 1801 74 22 which
1704 1808 33 14 we
1754 1808 70 13 never
1839 1800 66 21 could

1315 1827 63 22 have'
1385 1828 109 23 ventured
1509 1831 22 18 to
1546 1828 39 22 ask
1602 1828 63 22 them
1682 1832 23 17 to
1726 1827 88 27 subject
1834 1827 71 22 them-

1315 1855 77 22 selves.
1402 1867 3 3 ■
1432 1867 9 10 L

1343 1882 21 21 A
1374 1884 55 21 most
1431 1889 3 7 1
1439 1881 122 27 important
1566 1881 99 27 meeting
1674 1889 44 14 was
1725 1880 54 22 held
1785 1883 23 18 at
1814 1880 91 22 Willis's

1316 1908 88 27 Rooms,
1425 1915 28 14 on
1468 1908 65 27 April
1547 1910 33 25 27,
1599 1912 23 17 to
1639 1908 76 22 devise
1735 1907 37 22 the
1789 1915 78 14 means
1883 1907 25 22 of

1316 1935 142 26 establishing
1476 1935 127 27 Bishoprics
1628 1935 24 21 in
1671 1935 38 21 the
1729 1934 111 21 Colonies.
1883 1935 22 20 A

1316 1962 66 21 series
1390 1962 27 21 of
1425 1962 134 21 resolutions
1570 1962 124 21 consistent
1703 1960 53 24 with
1773 1961 37 21 the
1821 1961 86 26 subject

1314 1994 59 15 were
1382 1988 85 27 passed]
1476 1985 51 24 arid'
1531 1994 53 21 very
1592 1988 62 27 large
1665 1994 61 15 sums
1733 1987 45 21 had
1785 1987 57 21 been
1854 1995 53 13 con-

1316 2013 95 22 tributed
1429 2015 97 21 towards
1545 2014 37 22 the
1601 2014 203 28 accomplishment
1823 2014 26 21 of
1870 2013 36 22 the

1316 2041 72 27 object
1397 2041 23 21 in
1433 2041 64 22 view.
1509 2054 2 4 ■

1344 2068 20 21 A
1372 2067 89 27 general
1483 2068 100 27 meeting
1599 2067 27 22 of
1646 2067 140 28 Proprietors
1803 2067 28 21 of
1851 2067 56 21 New

1317 2094 99 22 Zealand
1424 2095 117 31 Company
1551 2094 62 22 stock
1627 2102 44 14 was
1682 2093 74 23 called
1763 2094 36 21 fur
1807 2094 56 27 May
1871 2095 24 20 31

1316 2124 23 19 to
1349 2121 55 22 elect
1413 2121 35 21 six
1458 2121 121 27 Directors,
1589 2122 24 21 in
1632 2128 127 20 pursuance
1772 2121 26 21 of
1808 2121 38 21 the
1858 2128 49 20 pro-

1316 2148 81 23 visions
1407 2147 25 22 of
1443 2147 39 22 the
1493 2148 99 22 Charter.
1622 2147 33 22 As
1666 2147 37 22 the
1712 2147 130 27 gentlemen
1858 2148 49 21 who

1316 2175 44 21 had
1370 2178 21 17 to
1401 2182 28 19 go
1439 2178 40 18 out
1489 2182 29 15 on
1533 2175 49 21 that
1596 2174 45 28 day
1652 2181 56 15 were
1719 2174 89 27 eligible
1825 2175 35 21 for
1874 2182 33 14 re-

1317 2201 101 25 election,
1434 2201 54 28 they
1505 2201 81 22 offered
1603 2201 135 22 themselves
1755 2201 151 27 accordingly.

1343 2228 46 22 The
1399 2229 117 27 Company
1528 2228 51 27 had,
1589 2228 24 23 in
1624 2228 137 21 accordance
1772 2228 53 21 with
1836 2236 12 13 a
1858 2235 50 20 pro-

1317 2255 68 22 vision
1397 2255 25 21 of
1429 2255 58 22 their
1498 2255 98 27 Charter,
1608 2255 90 21 created
1707 2255 54 21 8000
1774 2262 48 14 new
1833 2255 75 21 shares

1317 2282 27 21 of
1354 2282 45 22 £25
1411 2281 61 22 each.
1501 2282 48 22 The
1560 2282 139 27 Proprietors
1709 2288 59 15 were
1781 2281 95 22 entitled
1885 2284 23 19 to

1317 2309 51 21 take
1377 2309 36 21 the
1430 2316 50 14 new
1496 2309 75 21 shares
1585 2308 110 27 rateably,
1706 2308 23 22 in
1745 2309 129 27 proportion
1886 2312 22 17 to

1317 2335 39 22 the
1364 2335 94 22 number
1468 2335 27 22 of
1500 2335 76 22 shares
1587 2335 54 22 held
1651 2335 30 27 by
1690 2335 61 22 them
1761 2335 147 27 respectively

1317 2362 24 21 in
1351 2362 36 21 the
1396 2362 37 21 old
1443 2362 71 21 stock.
