2580 4050
1909 3907 74 17 Printed
1988 3908 35 17 and
2027 3909 97 20 published
2132 3913 53 16 every
2192 3909 89 20 Saturday
2288 3909 89 20 morning,
2384 3909 23 20 by
2414 3908 77 16 Samuel

1931 3928 88 19 Rdvaks,
2030 3931 20 14 at
2062 3930 31 16 the
2104 3931 55 15 Office
2170 3930 20 15 of
2201 3930 33 16 the
2244 3930 50 16 New
2301 3930 96 16 Zealand
2405 3929 86 16 Gazette

1930 3953 41 12 and
1980 3950 134 17 Wellington
2123 3952 120 17 Spectator,
2250 3950 153 21 Taranaki-place,
2411 3948 80 19 Welliiiß-

1929 3971 37 18 ton,
1976 3970 42 16 Port
2026 3971 106 19 Nicholson,
2141 3972 44 16 New
2193 3971 86 17 Zealand.

555 48 102 31 THE
674 48 111 32 NEW
805 50 228 32 ZEALAND
1051 51 227 31 GAZETTE
1296 51 103 31 AND
1417 51 331 33 WELLINGTON
1771 53 312 32 SPECTATOR.'

1319 135 54 47 G
1413 135 101 27 SCOTT,
1539 136 109 27 Cabinet,
1674 136 83 26 Chair,
1781 136 45 22 and
1850 136 59 21 Sofa

1376 172 11 10 •
1423 162 200 28 Manufacturer,
1648 162 145 30 respectfully
1814 163 96 22 informs

1317 187 38 22 the
1371 187 138 24 inhabitants
1524 189 26 21 of
1557 189 145 28 Wellington,
1713 188 49 22 that
1778 189 28 22 he
1820 190 42 21 has
1879 197 29 14 on

1317 213 61 22 hand
1387 222 27 14 an
1430 218 134 19 assortment
1573 216 26 21 of
1606 217 95 22 Cabinet
1708 216 127 27 Furniture,
1847 224 62 15 com-

1316 241 85 27 prising
1416 241 80 28 chairs,
1507 242 77 28 tables,
1594 244 48 21 sofa
1650 237 133 33 [bedsteads,
1797 243 74 22 chests
1885 244 27 21 of

1317 267 101 28 drawers,
1430 269 44 21 and
1484 275 13 15 a
1506 269 86 28 variety
1602 269 29 22 of
1635 270 65 21 other
1708 269 95 22 articles.

1343 300 29 22 G.
1383 302 22 21 S.
1415 302 90 27 having,
1514 303 81 27 during
1601 303 37 21 the
1642 303 45 22 last
1695 303 102 27 eighteen
1807 304 99 27 months,

1316 327 97 23 selected
1423 336 14 14 a
1453 329 62 22 stock
1525 330 27 21 of
1563 330 65 22 wood
1637 330 94 22 suitable
1740 331 36 21 for
1788 329 37 23 the
1836 331 71 21 above

1315 354 117 28 branches,
1446 356 127 26 gentlemen
1583 357 120 26 favouring
1711 357 48 21 him
1768 356 54 22 with
1830 357 78 23 orders

1315 388 42 14 can
1368 381 88 28 depend
1465 390 61 19 upon
1536 383 171 23 well-seasoned
1715 384 120 22 materials.

1341 414 159 23 Willis-street.

1314 459 48 47 E
1394 459 167 29 STAFFORD,
1581 462 98 26 Tailor,
1695 462 85 27 having
1797 463 109 22 removed

1369 490 12 10 •
1410 489 24 19 to
1443 486 35 23 his
1487 494 50 15 new
1546 488 77 27 house,
1632 496 55 14 near
1695 488 92 22 Messrs.
1794 489 26 22 T.
1828 489 46 22 and
1882 491 22 21 S.

1314 512 81 22 Cook's
1409 514 82 26 Stores,
1508 514 54 28 begs
1577 515 64 21 leave
1656 518 23 18 to
1693 519 78 17 return
1785 516 83 22 thanks
1882 520 23 18 to

1314 538 63 22 those
1395 540 129 26 gentlemen
1543 542 49 21 who
1609 542 58 21 have
1681 542 92 22 favored
1789 542 46 22 him
1851 543 54 22 with

1314 564 58 23 their
1381 570 98 24 support,
1489 568 46 21 and
1543 568 69 28 hopes
1626 569 32 27 by
1674 569 63 21 strict
1753 569 111 23 attention
1881 573 23 19 to

1312 591 102 24 business
1425 596 23 19 to
1457 594 67 22 merit
1533 602 14 14 a
1556 595 150 23 continuance
1716 596 26 22 of
1752 596 38 22 the
1800 604 69 15 same.

1340 625 58 23 N.B.
1400 637 28 4 —
1428 627 23 21 A
1461 627 105 23 first-rate
1578 631 37 19 cut
1624 629 46 22 and
1679 630 173 28 workmanship.

1312 670 51 47 A
1392 670 132 29 HEWITT,
1536 672 160 26 Fishmonger,
1708 674 112 22 Lambton
1828 675 74 27 Quay,

1368 707 10 10 •
1395 697 146 29 Wellington,
1548 702 88 19 returns
1645 700 36 21 his
1690 700 86 23 sincere
1787 701 83 22 thanks
1879 705 24 18 to

1312 723 38 21 the
1368 723 139 24 inhabitants
1526 726 26 21 of
1571 726 44 21 this
1634 726 87 28 Colony
1737 727 36 22 for
1790 728 39 21 the
1848 735 55 21 very

1310 749 80 23 liberal
1408 754 93 24 support
1516 752 29 21 he
1559 752 42 21 has
1615 752 99 23 hitherto
1727 754 112 26 received,
1858 755 45 22 and

1310 776 55 27 begs
1375 780 23 19 to
1407 778 82 21 inform
1500 778 61 22 them
1571 778 49 22 that
1634 779 28 22 he
1671 779 42 22 has
1721 780 66 21 made
1796 788 107 20 arrange-

1310 806 75 19 ments
1401 804 34 21 for
1454 811 14 14 a
1482 808 104 18 constant
1601 806 81 27 supply
1702 806 24 21 of
1747 806 38 23 the
1803 807 101 23 choicest

1310 830 103 22 varieties
1423 830 26 22 of
1460 830 48 28 fish,
1527 832 74 21 which
1616 832 28 21 he
1661 832 138 28 confidently
1815 841 88 15 recom-

1310 857 80 22 mends
1400 860 22 19 to
1432 857 38 22 the
1479 858 76 27 public
1564 866 24 14 as
1595 858 68 28 being
1671 859 27 22 of
1708 859 37 22 the
1752 860 50 21 best
1808 861 94 27 quality.

1338 890 83 22 Orders
1430 891 35 21 for
1475 891 105 28 shipping
1588 893 110 27 received,
1714 893 45 22 and
1769 895 134 28 punctually

1310 917 108 22 attended
1427 921 31 19 to.

1467 952 98 15 OYSTERS
1580 954 71 14 FRESH
1668 954 77 14 DAILY.

1336 977 65 27 Also,
1412 985 14 14 a
1435 979 80 27 supply
1526 980 26 21 of
1566 980 129 26 vegetables
1712 980 60 23 fresh
1787 981 58 22 from
1863 982 39 22 the

1308 1004 86 27 garden
1405 1004 67 28 daily.

1308 1049 37 48 J
1382 1050 154 27 CANNING,
1561 1051 101 27 Cabinet,
1687 1052 74 27 Chair,
1785 1053 45 21 and
1849 1054 53 21 Sofa

1348 1086 11 11 •
1391 1076 176 29 Manufacturer,
1584 1078 191 29 Lambton-quay,
1785 1079 118 29 adjoining

1308 1103 71 21 Durie
1390 1104 45 21 and
1445 1104 58 22 Co.'s
1517 1105 82 21 Stores.

1468 1145 130 15 FURNITURE
1617 1147 123 15 REPAIRED.

1310 1182 168 22 /CHARLES
1496 1183 138 27 HARVEY,
1646 1184 90 22 Tailor
1747 1185 21 22 &
1778 1185 122 23 Breeches

1310 1208 41 21 V/
1382 1209 96 27 Maker,
1490 1217 55 14 near
1555 1210 87 22 Messrs.
1655 1211 88 22 Waters
1753 1212 45 22 and
1809 1213 92 22 Smith's

1308 1235 70 27 Store,
1397 1235 145 28 Wellington,
1559 1237 53 26 begs
1628 1241 23 17 to
1667 1238 83 22 inform
1766 1239 37 21 the
1817 1243 84 24 gentry

1307 1262 46 21 and
1362 1262 138 23 inhabitants
1512 1264 26 21 of
1551 1264 137 26 Wellington
1700 1265 45 21 and
1759 1265 29 22 its
1797 1265 102 28 vicinity,

1307 1288 49 21 that
1365 1289 30 21 he
1405 1289 41 22 has
1456 1290 146 22 commenced
1610 1290 103 23 business
1722 1299 25 14 as
1761 1292 78 27 above,
1855 1293 46 22 and

1308 1318 67 19 trusts
1386 1316 48 21 that
1444 1316 80 22 twelve
1540 1318 72 26 years'
1624 1318 133 27 experience
1767 1319 24 21 in
1802 1319 98 23 London

1307 1349 24 14 as
1355 1350 14 14 a
1389 1343 107 27 practical
1522 1347 79 24 cutter,
1625 1345 118 21 combined
1762 1345 55 22 with
1839 1347 62 26 good

1307 1369 113 22 materials
1444 1370 45 21 and
1512 1370 173 29 workmanship,
1711 1372 46 21 and
1783 1372 117 23 moderate

1307 1395 100 28 charges,
1418 1396 45 22 will
1474 1397 79 22 enable
1562 1398 46 21 him
1620 1401 22 18 to
1660 1399 51 26 give
1721 1399 140 23 satisfaction
1876 1404 24 18 to

1307 1422 29 22 all
1346 1423 51 22 who
1407 1431 53 19 may
1469 1424 79 22 favour
1558 1424 47 22 him
1613 1425 54 21 with
1677 1425 58 22 their
1744 1429 131 24 patronage.

1491 1457 85 28 Terms,
1588 1458 52 22 cash
1652 1458 62 28 only.

1307 1502 54 47 G
1401 1502 114 27 BYRON,
1542 1503 87 22 DYER
1651 1504 69 21 AND
1749 1504 149 28 SCOURER,

1364 1539 11 10 •
1441 1535 40 16 KAI
1495 1537 82 14 WARRA
1592 1537 82 15 WARRA
1689 1539 67 13 ROAD.

1518 1575 31 22 H.
1565 1575 118 28 MEECH,

1373 1608 167 28 Shipwright
1554 1610 55 20 and
1623 1610 72 21 Boat
1708 1611 121 25 Builder,

1305 1640 107 48 BEGS
1427 1641 64 22 leave
1507 1645 24 19 to
1547 1645 76 19 return
1640 1643 81 22 thanks
1736 1644 35 22 for
1781 1644 37 22 the
1829 1653 70 20 many

1368 1667 90 23 favours
1468 1669 117 21 conferred
1592 1677 29 14 on
1631 1670 48 22 him
1688 1670 66 23 while
1763 1671 24 22 in
1795 1676 104 23 partner-

1304 1694 50 27 shiy
1364 1694 52 22 with
1427 1695 44 21 Mr.
1482 1695 21 22 J.
1515 1696 126 28 Oxenham,
1656 1697 46 22 and
1712 1700 22 19 to
1745 1701 56 18 state
1811 1699 49 22 that
1869 1700 29 21 he

1305 1721 39 22 has
1354 1722 108 21 removed
1471 1722 57 22 from
1538 1722 34 22 his
1581 1723 49 22 fir3t
1639 1724 170 22 establishment
1820 1733 29 14 on
1860 1726 38 22 the

1306 1748 64 27 Hutt,
1382 1752 22 18 to
1414 1748 146 28 Wellington,
1570 1750 101 22 between
1683 1751 92 27 Pipetea
1792 1752 47 22 Pah
1853 1754 46 21 and

1303 1775 38 22 the
1351 1775 116 22 residence
1477 1776 26 21 of
1514 1777 90 21 Messrs.
1620 1777 95 22 Hanson
1733 1779 45 21 and
1794 1779 103 29 Alzdorf,

1303 1802 74 22 where
1386 1803 28 21 he
1425 1803 89 21 intends
1522 1806 23 18 to
1554 1811 62 20 carry
1622 1812 27 14 on
1657 1805 38 21 the
1702 1805 69 22 above
1779 1805 117 29 branches,

1303 1829 45 22 and
1358 1829 70 27 hopes
1438 1833 23 17 to
1472 1830 65 21 merit
1546 1837 13 14 a
1569 1831 64 21 share
1644 1831 26 21 of
1682 1831 36 22 the
1724 1832 75 27 public
1806 1836 92 23 patron-

1303 1864 47 19 age,
1361 1857 31 26 by
1402 1856 114 22 moderate
1531 1857 92 28 charges
1639 1858 45 22 and
1700 1859 82 26 justice
1799 1859 59 23 done
1875 1865 22 18 to

1301 1883 35 21 his
1348 1883 133 27 employers.

1330 1916 112 28 Caulking
1451 1916 57 23 done
1515 1926 6 18 ;
1538 1925 68 20 spars,
1622 1926 57 20 oars,
1689 1920 40 20 &c.
1740 1920 74 22 made.

1330 1951 58 21 Boat
1397 1951 84 26 repairs
1491 1951 45 22 and
1545 1951 129 23 alterations
1685 1953 58 22 done
1754 1960 30 15 on
1794 1954 38 22 the
1838 1958 60 19 most

1301 1977 132 22 reasonable
1443 1980 74 19 terms.

1330 2010 30 21 H.
1378 2010 33 21 M.
1421 2010 20 22 is
1449 2010 68 27 ready
1528 2013 23 19 to
1562 2014 100 19 contract
1671 2012 36 21 for
1715 2013 37 21 the
1762 2013 104 28 building
1873 2015 27 21 of

1302 2036 66 21 small
1384 2037 62 25 craft,
1467 2045 22 13 as
1508 2037 53 27 they
1581 2045 37 14 are
1636 2039 68 21 much
1719 2040 89 21 wanted
1817 2048 29 13 on
1857 2041 38 22 the

1302 2067 68 23 coast,
1382 2064 57 21 from
1450 2064 36 21 the
1496 2064 100 27 growing
1606 2065 62 21 trade
1679 2066 26 21 of
1715 2066 38 21 the
1764 2066 94 27 Colony.

1301 2108 40 20 To
1363 2109 45 19 the
1430 2109 168 25 Merchants,
1621 2110 197 27 Ship-owners,
1839 2113 56 20 and

1399 2136 92 20 others
1512 2136 30 20 of
1555 2137 66 19 Port
1634 2137 161 21 Nicholson.

1303 2168 160 48 MESSRS.
1486 2169 101 22 PRATT
1606 2170 45 21 and
1671 2170 109 23 BEVAN
1800 2172 46 28 beg
1859 2180 36 14 re-

1395 2196 117 27 spectfully
1541 2200 22 18 to
1586 2197 82 22 inform
1693 2198 38 22 the
1754 2200 138 27 merchants,

1301 2221 155 28 ship-owners,
1475 2223 45 22 and
1537 2223 81 27 others,
1634 2224 50 22 that
1696 2224 54 28 they
1768 2225 57 23 have
1842 2234 51 14 now

1301 2249 147 22 commenced
1465 2250 37 21 the
1522 2250 157 23 manufacture
1703 2252 25 21 of
1743 2259 61 21 rope,
1825 2253 66 27 lines,

1301 2276 67 21 twine
1383 2276 25 21 of
1415 2276 31 21 all
1461 2276 152 28 descriptions,
1628 2281 58 19 mats
1700 2279 26 21 of
1739 2279 30 22 all
1786 2280 63 27 sizes,
1863 2281 28 21 oil

1300 2302 79 26 cloths,
1399 2303 39 22 &c.
1448 2311 5 17 ;
1470 2303 83 26 fishing
1568 2308 49 18 nets
1634 2306 66 21 made
1717 2306 45 21 and
1780 2307 110 28 repaired,

1300 2329 45 21 and
1362 2337 68 19 every
1441 2326 134 32 description
1596 2332 26 21 of
1637 2332 78 22 article
1729 2333 25 21 in
1772 2333 37 22 the
1820 2334 72 23 above

1299 2356 53 27 line,
1370 2356 31 21 all
1416 2357 59 22 from
1491 2358 56 21 New
1561 2358 101 23 Zealand
1679 2359 52 27 flax,
1748 2360 46 22 and
1808 2368 30 14 on
1854 2361 37 23 the

1298 2386 59 19 most
1366 2384 132 22 reasonable
1507 2384 101 28 charges.
1636 2386 78 28 Apply
1723 2390 24 18 to

1519 2419 90 22 Messrs.
1626 2419 79 22 Pratt
1720 2421 46 22 and
1780 2421 88 29 Bevan,

1298 2450 44 23 No.
1360 2452 20 26 1,
1406 2451 231 29 Molesworth-street,
1665 2453 146 29 Wellington,
1837 2455 55 23 Port

1286 2480 5 26 [
1528 2480 132 22 Nicholson.

1368 2523 117 21 ILLIAM
1526 2524 142 27 MURRAY,
1714 2526 88 22 Tailor
1845 2528 46 21 and

1395 2550 127 27 Clothier,
1533 2551 54 27 begs
1597 2555 23 18 to
1630 2552 42 22 call
1687 2552 37 22 the
1738 2554 111 22 attention
1867 2556 27 21 of

1296 2576 128 27 gentlemen
1436 2577 46 21 and
1491 2577 38 22 the
1540 2578 75 27 public
1632 2582 23 18 to
1671 2579 36 22 his
1715 2581 64 21 stock
1795 2582 27 20 of
1834 2589 56 20 very

1297 2604 101 26 superior
1414 2605 82 21 beaver
1512 2605 45 21 and
1573 2605 55 27 pilot
1647 2606 67 27 cloth,
1732 2607 73 22 which
1822 2607 29 22 he
1870 2609 19 22 is

1297 2630 97 22 enabled
1410 2634 23 18 to
1448 2631 66 21 make
1524 2639 31 20 up
1564 2632 49 21 into
1623 2632 127 28 Taglionas,
1761 2642 43 19 pea
1818 2638 69 24 coats,

1296 2660 110 24 trowsers,
1416 2657 49 27 &c,
1477 2661 23 18 at
1509 2659 121 26 unusually
1639 2659 44 22 low
1692 2661 79 26 prices,
1782 2661 35 21 for
1827 2662 61 22 cash.

1324 2690 33 22 As
1370 2690 31 22 all
1418 2690 38 22 the
1475 2692 62 21 work
1552 2692 19 22 is
1588 2695 38 19 cut
1641 2696 40 19 out
1695 2693 29 27 by
1735 2693 96 29 himself,
1843 2695 46 23 and

1295 2718 67 21 made
1371 2725 31 20 up
1411 2718 73 22 under
1498 2718 36 22 his
1550 2726 48 14 own
1611 2720 211 28 superintendance,
1833 2729 55 20 gen-

1296 2744 85 22 tlemen
1399 2752 53 20 may
1471 2745 88 27 depend
1583 2753 29 14 on
1637 2746 59 22 their
1719 2748 76 22 orders
1820 2749 69 28 being

1296 2771 113 27 elegantly
1420 2772 45 21 and
1475 2772 115 28 tastefully
1599 2776 39 24 got
1648 2781 37 20 up.

1296 2805 122 28 Repairing
1428 2807 110 21 executed
1545 2807 50 21 with
1607 2810 105 19 neatness
1719 2808 45 21 and
1771 2809 115 28 despatch.

1303 2850 137 22 TOSHUA
1450 2851 143 27 SCHOLES,
1602 2852 63 22 Boot
1672 2853 45 22 and
1721 2854 62 21 Shoe
1790 2854 96 28 Maker,

1295 2875 27 24 O
1361 2877 189 29 Lambton-quay,
1563 2879 53 27 begs
1632 2882 24 19 to
1671 2880 83 22 inform
1769 2880 38 22 the
1822 2881 66 22 inha-

1294 2904 84 22 bitants
1398 2904 26 22 of
1444 2905 138 28 Wellington
1607 2906 44 22 and
1670 2907 30 22 its
1721 2908 167 28 neighbouring

1295 2931 103 27 districts,
1411 2931 49 22 that
1469 2932 28 22 he
1506 2932 20 22 is
1536 2940 51 15 now
1595 2934 70 26 ready
1675 2937 23 18 to
1705 2934 88 22 receive
1801 2936 85 26 orders,

1294 2958 73 22 which
1378 2958 44 22 will
1431 2962 60 19 meet
1503 2960 54 21 with
1573 2960 109 28 punctual
1698 2961 106 27 despatch
1813 2970 5 19 ;
1841 2963 45 21 and

1294 2988 67 19 trusts
1370 2985 58 22 from
1438 2985 36 22 his
1484 2986 132 28 experience
1632 2987 26 22 in'
1672 2988 63 22 trade
1750 2991 24 19 to
1791 2989 67 22 merit
1873 2997 15 15 a

1293 3012 65 21 share
1369 3012 26 22 of
1406 3013 75 27 public
1489 3017 130 23 patronage.

1294 3056 160 36 rpHOMAS
1478 3057 95 28 YORK,
1596 3059 153 28 BUTCHER,
1773 3061 55 27 begs
1851 3069 35 14 re-

1301 3080 29 25 JL.
1369 3084 119 28 spectfully
1504 3088 23 18 to
1545 3085 83 23 inform
1647 3086 39 22 the
1704 3087 140 23 inhabitants
1863 3089 27 21 of

1293 3110 54 22 Port
1374 3108 132 30 Nicholson,
1537 3112 49 22 that
1612 3113 29 22 he
1670 3113 41 23 has
1739 3116 147 21 commenced

1291 3137 103 22 business
1409 3138 24 21 in
1444 3138 38 22 the
1491 3139 71 22 above
1571 3139 54 28 line,
1635 3141 47 21 and
1694 3141 77 32 hopes,
1782 3142 31 27 by
1823 3143 64 22 strict

1292 3165 111 21 attention
1417 3168 24 18 to
1451 3165 34 22 his
1495 3169 129 26 customers,
1636 3170 23 20 to
1676 3170 67 20 merit
1752 3176 14 14 a
1782 3169 104 22 continu-

1291 3198 56 15 ance
1359 3191 26 22 of
1394 3191 56 23 their
1456 3192 99 23 favours.

1465 3233 72 16 FRESH
1553 3235 62 14 MEAT
1630 3236 78 14 DAILY.

1319 3258 190 29 Lambton-quay,
1521 3261 60 22 June
1590 3263 35 26 22,
1637 3264 63 20 1841.

1290 3309 235 49 JM'GREGOR
1537 3311 55 29 begs
1607 3314 145 27 respectfully
1766 3318 23 18 to
1799 3315 85 22 inform

1331 3347 10 10 •
1359 3336 39 22 the
1407 3341 81 24 gentry
1497 3338 46 22 and
1551 3339 139 23 inhabitants
1697 3341 24 22 of
1729 3341 55 22 Port
1790 3342 95 22 Nichol-

1289 3370 41 15 son
1340 3363 50 22 that
1398 3363 29 23 lie
1437 3364 41 22 has
1488 3372 29 15 on
1528 3365 53 28 sale,
1596 3370 24 18 at
1635 3367 35 22 his
1686 3370 130 26 temporary
1829 3370 55 21 resi-

1289 3390 78 27 dence,
1387 3390 24 22 in
1429 3391 39 22 the
1486 3399 50 15 rear
1555 3393 26 23 of
1597 3393 41 23 Dr.
1656 3394 96 29 Knox's,
1772 3403 56 14 near
1845 3396 39 22 the

1289 3417 72 27 Bank,
1386 3424 28 15 an
1435 3422 135 19 assortment
1589 3420 26 22 of
1634 3421 50 22 best
1708 3422 175 23 London-made

1289 3444 105 27 watches,
1405 3445 77 22 Dutch
1492 3446 82 28 clocks,
1585 3447 40 23 &c.

1315 3478 180 28 Chronometers,
1506 3480 82 28 clocks,
1605 3481 105 22 watches,
1725 3482 47 22 and
1787 3483 96 23 musical

1288 3504 70 23 boxes
1368 3505 109 27 carefully
1488 3506 95 23 cleaned
1591 3508 46 22 and
1645 3509 110 27 repaired.

1428 3558 41 21 To
1484 3559 251 27 Agriculturalists.

1288 3591 90 49 FOR
1387 3591 86 27 SALE,
1482 3598 14 15 a
1503 3592 66 22 small
1575 3593 106 28 quantity
1686 3593 27 22 of
1718 3602 55 19 very
1780 3595 102 27 superior

1361 3618 53 22 seed
1425 3618 79 27 wheat,
1516 3619 47 22 also
1573 3626 14 15 a
1596 3619 66 23 small
1676 3621 104 31 quantity
1791 3621 26 23 of
1827 3623 55 21 seed

1286 3645 77 27 barley
1374 3644 95 22 without
1477 3645 65 27 husk,
1554 3646 54 22 both
1617 3654 79 17 grown
1712 3647 24 23 in
1754 3649 37 21 the
1806 3649 75 28 valley

1287 3674 23 20 of
1324 3671 38 22 the
1373 3671 66 27 Hutt,
1451 3671 45 23 and
1505 3673 126 22 warranted
1641 3674 26 21 of
1678 3673 37 23 the
1725 3675 50 22 first
1786 3675 93 28 quality,

1287 3699 45 21 jfor
1341 3699 140 27 particulars,
1494 3699 67 28 apply
1571 3703 23 19 to

1452 3732 25 22 C.
1488 3732 26 23 E.
1525 3732 52 23 Yon
1588 3733 119 29 Alzdorf,
1722 3734 88 23 Petoni.

1482 3781 58 25 £20
1557 3786 125 21 Reward.

1287 3818 93 34 npHE
1389 3818 152 27 undersigned
1550 3819 44 21 will
1604 3819 51 27 give
1665 3819 39 23 the
1715 3821 72 21 above
1794 3821 86 23 reward

1293 3841 30 25 JL
1361 3849 24 17 to
1395 3852 45 21 any
1453 3852 82 21 person
1551 3853 25 14 or
1591 3854 93 18 persons
1700 3847 50 22 who
1768 3847 45 23 will
1828 3849 51 26 give

1285 3871 55 22 such
1350 3872 146 22 information
1507 3880 24 14 as
1541 3873 45 21 will
1595 3872 51 23 lead
1660 3877 23 18 to
1699 3875 37 21 the
1751 3875 127 23 conviction

1286 3899 25 20 of
1322 3906 46 19 any
1378 3906 80 20 person
1471 3906 24 15 or
1503 3907 94 20 persons
1606 3900 136 28 feloniously
1749 3901 78 28 taking
1834 3903 45 21 and

1284 3925 82 28 killing
1376 3933 44 21 any
1430 3926 39 28 pig
1479 3934 24 14 or
1512 3927 51 28 pigs
1573 3927 101 23 branded
1686 3928 21 22 G
1717 3929 28 21 D.

1652 3962 97 23 George
1761 3962 90 23 Duppa.

700 131 188 47 BUILDING
912 131 82 23 LOTS.
1000 143 30 4 —
1035 132 33 22 To
1086 133 29 21 be
1135 132 50 27 Let,
1206 132 83 22 several

778 157 105 28 Building
893 158 54 22 Lots
955 159 25 21 in
990 159 154 21 Willis-street
1150 159 45 21 and
1203 159 86 22 Dixon-

700 187 75 19 street.

946 211 75 28 Hort,
1033 211 122 28 Mocatta,
1167 211 45 22 and
1222 212 39 22 Co.

726 244 193 28 Taranaki-place,
931 246 59 26 Sept.
1000 247 21 25 2,
1033 248 61 20 1841.

699 288 91 47 OIL.
800 300 28 4 —
837 288 47 22 The
903 289 151 28 undersigned
1072 290 46 22 will
1137 290 108 32 purchase
1263 298 25 14 or

776 315 66 21 make
854 315 79 22 liberal
949 316 109 22 advances
1074 324 29 14 on
1121 317 32 22 oil
1167 317 121 28 consigned

698 343 22 19 to
731 341 58 21 their
799 342 184 27 correspondents
992 343 24 21 in
1027 343 104 22 London.

1029 376 82 23 Waitt
1122 377 47 22 and
1176 378 83 22 Tyser.

726 401 144 28 Wellington,
880 402 91 27 August
978 404 34 26 20,
1024 405 60 20 1841.

698 446 90 47 OIL.
789 458 28 3 —
817 446 48 22 The
884 447 125 22 subscriber
1024 448 18 21 is
1060 449 111 26 prepared
1187 452 23 18 to
1233 457 53 20 pur-

776 473 66 22 chase
861 480 25 14 or
904 474 66 21 make
988 474 79 22 liberal
1090 475 112 22 advances
1225 483 60 20 upon

696 498 37 22 Oil
743 499 123 27 consigned
877 503 21 18 to
908 500 35 21 his
953 500 94 23 London
1064 503 193 26 correspondents.

1062 535 30 21 A.
1108 535 77 28 Hort,
1202 536 54 23 Jun.

721 559 144 28 Wellington,
877 560 55 27 July
941 562 20 25 2,
973 562 60 20 1841.

734 604 131 21 Woollen
881 605 121 25 Drapery
1016 606 226 26 Establishment,

721 638 104 20 Lambton
837 644 61 20 quay,
919 639 108 26 adjoining
1043 641 105 19 Lambton
1168 642 88 20 Tavern.

694 672 37 47 J
763 672 141 21 JACKSON
925 672 55 27 begs
1000 674 145 27 respectfully
1162 677 23 19 to
1201 675 82 22 inform

734 709 11 10 •
786 698 37 22 the
842 698 136 23 inhabitants
997 700 26 21 of
1038 700 138 27 Wellington
1196 702 45 21 and
1256 703 26 21 its

694 724 100 28 vicinity,
809 725 50 22 that
873 725 28 22 he
917 725 40 22 has
973 726 103 23 received
1094 727 60 32 frpm
1171 728 37 22 the
1221 730 62 21 West

694 751 85 27 Riding
798 752 26 21 of
846 752 121 22 Yorkshire
987 760 27 14 an
1035 754 115 22 extensive
1174 756 63 21 stock
1261 756 22 22 of

694 779 111 26 superfine
821 778 70 22 broad
907 778 78 28 cloths,
995 780 161 28 kerseymeres,
1171 782 110 28 doeskins,

694 804 89 28 tweeds,
801 804 69 28 drills,
886 805 68 27 fancy
967 809 115 25 cantoons,
1099 808 70 26 cords,
1180 808 101 28 fustians,

694 831 44 22 and
761 832 164 27 waistcoatings
935 841 6 19 ;
971 833 45 22 also
1040 841 30 14 an
1099 838 134 19 assortment
1260 837 26 21 of

693 858 106 22 merinos.

720 891 58 22 N.B.
781 903 26 4 —
807 891 137 29 Trimmings
954 893 26 21 of
987 900 66 21 every
1063 895 136 27 description
1210 896 26 21 of
1245 897 36 22 the

692 919 49 21 best
750 919 94 27 quality.

720 952 54 27 July
785 954 33 24 16,
830 954 61 21 1841.

787 998 92 21 Union
893 999 80 21 Bank
987 1000 30 20 of
1034 1002 151 21 Australia.

692 1031 96 21 London
807 1032 91 26 Office,
915 1032 44 22 No.
973 1034 36 25 38,
1028 1034 50 21 Old
1095 1035 184 25 Broad-street.

746 1065 94 27 Capital,
850 1065 122 28 £800,000;
993 1067 51 26 paid
1054 1075 37 20 up,

926 1104 109 13 DIRECTORS
1040 1106 5 4 '

797 1126 68 20 George
873 1126 39 16 Fife
919 1127 66 20 Angas,
993 1128 49 21 Esq.,

797 1147 68 16 Robert
872 1147 74 19 Brooks,
955 1149 49 19 Esq.,

797 1168 60 16 James
865 1168 48 16 John
922 1169 98 20 Cummins,
1030 1170 47 20 Esq.,

797 1189 67 15 Robert
872 1189 95 20 Gardener,
979 1191 49 19 Esq.,
1039 1191 125 20 Manchester,

796 1210 48 15 John
853 1210 45 15 Gore
915 1210 47 20 Esq.,

796 1230 48 16 John
851 1230 81 16 William
938 1231 75 19 Buckle,
1018 1232 49 21 Esq.,

795 1251 95 20 Benjamin
899 1251 20 16 E.
926 1252 63 19 Lindo,
997 1253 48 19 Esq.,

796 1272 72 16 Charles
879 1272 73 16 Edward
960 1273 87 20 Mangles,
1056 1274 49 21 Esq.,

795 1292 115 21 Christopher
918 1293 82 20 Rawson,
1010 1294 47 20 Esq.,
1070 1295 82 21 Halifax,

795 1313 78 17 Thomas
881 1314 64 19 Sands,
952 1314 48 21 Esq.,
1009 1314 99 22 Liverpool,

795 1334 61 17 James
864 1335 55 19 Bogle
926 1335 64 19 Smith,
997 1335 48 21 Esq.,

794 1355 61 17 James
863 1355 80 17 Ruddcll
949 1356 56 19 Todd,
1013 1356 42 21 Esq.

688 1382 96 16 Trustees:
800 1382 81 16 George
893 1383 56 16 Carr
960 1383 61 19 Glyn,
1033 1384 49 21 Esq.,
1093 1385 54 16 John
1159 1385 61 21 Gore,
1230 1387 47 21 Esq.,

836 1404 36 15 and
879 1404 66 16 James
952 1404 17 16 J.
976 1405 101 19 Cummins,
1086 1406 45 20 Esq.

715 1430 92 16 Bankers:
819 1431 75 16 Messrs.
901 1431 60 19 Glyn,
973 1431 114 21 Haliifax,
1098 1433 71 20 Mills,
1177 1434 36 16 and
1221 1435 30 17 Co.

808 1458 101 21 Secretary:
922 1459 82 17 Samuel
1011 1460 94 20 Jackson,
1114 1462 43 19 Esq.

779 1485 79 17 Colonial
865 1486 94 21 Inspector
964 1492 4 11 :
980 1487 17 16 J.
1006 1487 18 17 C.
1032 1488 104 20 M'Laren,
1144 1489 43 20 Esq.

809 1534 69 20 New
896 1535 122 20 Zealand
1037 1536 117 21 Branch.

686 1566 54 17 Local
747 1567 92 17 Directors
845 1573 4 11 :
865 1568 47 16 Geo.
923 1568 18 16 S.
952 1568 73 19 Evans,
1037 1570 49 20 Esq.,
1100 1570 70 20 D.C.L.,
1182 1572 36 16 and
1230 1573 46 16 Geo.

908 1589 91 20 Hunter,
1011 1591 43 19 Esq.

686 1615 97 21 Manager:
795 1615 48 17 John
851 1615 71 20 Smitii,
931 1617 48 19 Esq.,
988 1617 36 16 late
1032 1618 19 16 of
1060 1618 31 16 the
1100 1619 118 17 Commercial
1224 1620 53 17 Bank

854 1637 21 16 of
884 1637 88 20 England,
985 1638 122 17 Manchester.

796 1664 114 22 Branches
920 1668 24 18 at
959 1666 97 27 Sydney,

959 1692 88 23 Hobart
1055 1693 78 28 Town,

960 1719 9 21 1
977 1723 131 25 •aunceston,
1121 1721 47 22 and

959 1746 10 21 I
978 1750 35 18 ort
1023 1747 80 28 Philip.

685 1771 53 22 Port
747 1772 132 27 Nicholson,
891 1772 78 22 March
980 1775 34 25 24,
1027 1775 60 21 1840.

685 1825 92 35 npHE
794 1826 114 21 Directors
925 1826 26 22 of
966 1827 39 22 the
1021 1827 57 23 New
1095 1829 101 23 Zealand
1210 1831 65 22 Land

692 1849 29 24 JL
760 1853 116 27 Company
890 1853 79 28 herebj
990 1855 50 26 give
1058 1856 83 27 notice,
1159 1857 48 21 that
1223 1858 52 27 they

691 1885 49 15 lave
747 1886 114 15 EFFECTED
872 1888 29 13 AN
912 1888 172 16 ARRANGEMENT
1091 1883 56 22 with
1154 1884 37 21 tile
1199 1885 73 22 Ullioil

682 1905 65 21 Bank
764 1906 26 21 of
805 1907 120 26 Australia,
943 1907 43 23 No.
1003 1910 33 25 38,
1053 1909 45 22 Oltl
1101 1906 10 11 i
1114 1910 158 28 ßroad-street,

683 1932 103 28 London,
797 1933 34 21 for
841 1933 37 22 the
891 1935 168 22 establishment
1073 1937 27 21 of
1113 1944 14 14 a
1143 1937 131 24 BRANCH

682 1959 90 22 BANK
788 1960 33 21 IN
836 1960 72 22 NEW
922 1961 158 29 ZEALAND,
1095 1965 96 26 through
1202 1965 71 22 which

682 1986 38 21 the
730 1986 102 21 business
844 1987 27 21 of
883 1987 39 21 the
939 1989 56 20 New
1012 1989 101 21 Zealand
1126 1991 66 21 Land
1209 1993 65 20 Com-

682 2019 60 20 pany
751 2013 46 21 will
806 2013 27 21 be
844 2014 132 21 transacted.
1006 2015 48 21 The
1069 2015 116 23 Directors
1200 2017 74 23 there-

681 2040 48 20 tore
738 2040 146 21 recommend
893 2044 22 18 to
934 2041 109 22 Colonists
1059 2042 39 22 the
1117 2043 75 22 Union
1209 2045 65 21 Bank

682 2066 27 21 of
727 2066 114 22 Australia
858 2074 24 14 as
901 2074 28 14 an
955 2068 171 23 establishment
1148 2072 126 27 possessing

681 2092 57 21 their
755 2093 71 21 entire
849 2094 137 27 confidence,
1007 2095 44 22 and
1070 2096 50 22 able
1141 2100 22 18 to
1181 2099 92 25 provide

680 2119 127 28 effectually
824 2120 34 22 for
873 2121 39 21 the
926 2121 106 23 financial
1046 2126 71 19 wants
1135 2125 26 20 of
1173 2124 36 22 the
1225 2125 47 22 first

680 2146 136 22 settlement.

849 2174 35 27 By
894 2175 66 21 order
969 2175 26 21 of
1005 2175 37 23 the
1053 2176 81 28 Board,

926 2209 85 22 JOHN
1027 2210 104 28 WARD,
1148 2212 123 29 Secretary.

680 2233 56 22 New
745 2234 102 22 Zealand
857 2235 65 22 Land
932 2236 134 28 Company's
1077 2238 78 28 Office,

708 2262 19 23 1,
738 2261 160 28 Adam-street,
910 2262 104 28 Adelphi,
1026 2264 52 22 2^th
1088 2265 70 27 Aug.,
1169 2267 61 21 183!).

893 2308 162 21 Education.

680 2339 110 49 MRS.
809 2340 46 21 and
874 2341 72 22 MISS
969 2341 192 24 WAKEFIELD
1185 2346 86 21 receive

771 2367 74 26 pupils
855 2374 29 14 on
895 2367 38 22 the
943 2368 113 28 following
1065 2372 69 20 terms
1141 2378 5 14 :
1148 2382 29 4 —

708 2393 43 21 For
769 2393 77 28 board,
866 2394 54 21 with
938 2395 99 27 washing
1053 2397 46 21 and
1114 2397 35 22 in-

734 2421 109 21 struction
847 2421 24 21 in
875 2422 92 26 general
974 2422 93 27 English
1072 2423 76 22 litera-

733 2449 57 25 ture,
806 2448 95 26 writing,
917 2448 47 23 and.
973 2449 118 29 aritmetic,
1107 2458 42 20 per

733 2477 92 24 quarter
1148 2480 14 20 8
1188 2480 14 21 8
1229 2481 15 21 0

705 2500 80 22 Under
793 2501 13 22 7
815 2508 65 20 years
890 2502 27 21 of
927 2509 42 20 age
986 2504 53 19 ....'
1148 2505 14 22 7
1188 2506 15 22 7
1229 2509 14 19 o

706 2527 52 28 Day
767 2528 106 22 boarders
1147 2534 15 19 4
1188 2534 15 21 4
1229 2536 14 19 0

706 2554 53 27 Day
767 2555 73 27 pupils
1147 2560 15 21 2
1188 2561 14 20 2
1228 2563 14 19 0

705 2581 82 22 Junior
797 2582 55 21 ditto
1148 2588 11 19 1
1176 2588 23 20 n
1228 2589 14 20 6

677 2608 96 28 French,
790 2608 89 29 Italian,
894 2610 46 21 and
954 2610 114 28 Drawing,
1079 2612 32 22 £1
1129 2614 44 21 11s.
1183 2614 36 22 Gd.
1229 2622 40 20 per

923 2641 97 23 quarter.

705 2662 90 21 Private
804 2662 85 23 lessons
898 2663 24 22 in
933 2664 77 28 music,
1023 2672 24 14 or
1057 2672 46 21 any
1114 2666 27 21 of
1150 2666 38 23 the
1198 2668 70 22 above

675 2688 112 22 branches
798 2690 26 21 of
835 2690 125 28 education,
976 2699 43 14 one
1033 2692 76 22 hour's
1125 2694 140 29 instruction,

677 2716 52 21 four
736 2716 87 22 lessons
840 2717 35 21 for
885 2724 43 15 one
938 2718 89 27 guinea.

704 2742 136 23 References
849 2747 23 18 to
882 2744 38 22 the
928 2745 115 27 following
1049 2746 130 27 gentlemen
1189 2748 79 28 kindly

675 2769 122 27 permitted
805 2777 4 14 :
811 2781 29 4 —

705 2796 62 27 Capt.
778 2796 35 22 W.
825 2797 33 22 M.
870 2797 79 28 Smith,
960 2798 68 28 R.A.,
1036 2800 123 28 Surveyor-
1162 2802 104 26 General,

705 2823 26 21 T.
743 2823 32 22 M.
788 2823 122 29 Partridge,
922 2825 52 28 Esq.

705 2850 22 21 S.
737 2850 98 28 Revans,
847 2851 52 27 Esq.

675 2876 184 29 Tinakore-road,
871 2878 89 27 August
967 2880 35 26 24,
1013 2880 62 22 1841.

675 2922 78 20 West
773 2923 81 21 India
880 2924 68 20 Club
973 2925 93 21 House
1086 2928 57 20 and
1165 2929 102 21 British

676 2949 56 20 and
741 2949 120 28 Foreign
872 2951 125 21 Colonial
1012 2953 129 28 Reading
1154 2956 111 21 Rooms.

767 2984 150 28 South-street,
931 2986 124 25 Chichester,
1065 2988 108 26 England.

673 3017 96 48 PL.
778 3019 173 28 SIMMONDS,
960 3021 127 23 BRITISH
1096 3023 70 22 AND
1176 3024 90 23 COLO-

724 3056 9 10 .
750 3045 80 23 NIAL
838 3046 192 24 NEWSPAPER
1039 3049 47 22 and
1096 3050 169 25 ADVERTIS-

673 3071 60 22 ING
750 3072 116 28 AGENT,
886 3074 63 22 takes
955 3075 63 22 leave
1029 3078 23 19 to
1059 3077 108 27 acquaint
1173 3078 92 23 Officers

673 3099 26 21 of
717 3098 38 22 the
774 3100 78 27 Army,
865 3100 73 29 Navy,
954 3101 63 22 West
1035 3103 67 22 India
1118 3104 145 30 Proprietors,

672 3125 39 22 the
720 3126 134 23 Mercantile
864 3128 145 28 Community
1015 3132 23 19 at
1047 3129 69 28 large,
1124 3132 47 21 and
1180 3133 84 27 private

670 3151 137 24 individuals
817 3153 50 23 who
877 3154 58 22 have
951 3155 84 22 friends
1051 3156 46 23 and
1112 3158 108 23 relations
1234 3168 29 14 on

671 3179 97 28 Foreign
789 3181 104 28 Stations,
913 3181 49 22 that
979 3182 29 22 he
1030 3184 99 22 receives
1152 3186 113 28 regularly

670 3205 61 23 Files
737 3207 27 22 of
774 3207 146 28 Newspapers
926 3209 58 22 from
992 3209 29 22 all
1029 3210 37 22 the
1074 3210 83 23 British
1167 3212 94 30 Islands,

671 3233 112 28 Colonies,
802 3235 45 21 and
862 3232 140 25 Possessions
1018 3237 90 27 beyond
1124 3245 54 20 seas,
1190 3240 73 23 which

670 3266 39 16 are
722 3261 120 27 preserved
856 3262 35 21 for
900 3263 40 20 the
955 3263 84 27 facility
1049 3264 28 21 of
1086 3264 116 25 reference
1218 3268 45 22 and

669 3286 135 32 inspection,
814 3289 46 21 and
870 3292 56 24 sent,
937 3289 64 22 when
1011 3292 127 27 requested,
1149 3295 24 19 to
1180 3295 83 26 parties

668 3314 101 27 residing
778 3318 24 18 at
810 3322 14 14 a
833 3315 100 23 distance
943 3317 34 21 for
985 3318 95 26 perusal.

698 3347 38 22 All
746 3348 39 21 the
795 3348 148 29 Newspapers
948 3350 119 27 published
1073 3351 25 22 in
1103 3351 40 23 the
1148 3353 115 30 following

669 3374 98 28 Islands,
778 3375 83 22 British
878 3376 150 29 Settlements,
1045 3379 49 26 &c,
1105 3386 39 15 are
1158 3381 103 23 received

668 3400 32 28 by
717 3401 38 22 the
773 3402 57 22 Mail
849 3403 82 32 packet
950 3404 46 22 and
1015 3405 87 27 private
1123 3406 67 29 ships,
1207 3409 54 22 with

667 3431 86 18 utmost
759 3429 121 32 regularity
887 3438 5 13 :
893 3441 30 4 —
923 3430 107 29 Antigua,
1037 3431 97 29 Athens,
1142 3433 117 30 Bahamas,

668 3454 136 29 Barbadoes,
814 3456 102 28 Berbice,
924 3457 119 29 Bermuda,
1052 3459 110 29 Bombay,
1171 3461 89 24 Buenos

667 3480 81 28 Ayres,
770 3482 58 28 Cape
853 3484 91 27 Breton,
964 3484 61 28 Cape
1047 3485 26 22 of
1096 3486 67 23 Good
1185 3489 67 28 Hope

668 3508 99 28 Canada,
783 3509 108 28 Calcutta,
910 3511 129 28 Demerara,
1058 3512 129 30 Dominica,
1206 3516 55 22 Gib-

666 3535 77 27 raltar,
765 3535 113 29 Grenada,
900 3537 125 28 Guernsey,
1046 3539 102 29 Halifax,
1171 3541 89 24 Hobart

666 3562 77 27 Town,
757 3562 128 29 Honduras,
897 3564 46 22 Isle
951 3565 26 21 of
985 3565 62 26 Man,
1054 3565 87 29 Jersey,
1150 3568 108 29 Jamaica,

666 3588 101 28 Madras,
788 3590 78 28 Malta,
893 3591 120 27 Montreal,
1038 3593 58 22 New
1119 3593 131 26 Brunswick

665 3615 192 25 Newfoundland,
878 3617 58 22 New
960 3618 107 28 Zealand,
1091 3620 69 23 Nova
1178 3614 80 31 Scotia'

666 3642 80 22 Prince
753 3643 115 22 Edward's
875 3644 84 27 Island,
966 3645 99 28 Quebec,
1073 3647 43 21 Rio
1124 3647 28 23 de
1159 3648 91 24 Janeiro

665 3669 33 22 St.
715 3670 75 27 Kitt's,
802 3671 31 21 St.
853 3671 76 27 Lucia,
942 3672 31 21 St.
985 3672 104 28 Vincent,
1106 3675 99 29 Sydney,
1215 3677 45 22 To-

664 3696 66 28 bago,
741 3696 115 28 Trinidad,
868 3698 70 22 South
952 3699 121 28 Australia,
1085 3700 103 24 Western
1199 3703 60 24 Aus-

665 3723 71 27 tralia,
748 3724 49 27 &c,
808 3725 39 21 &c.

691 3757 55 22 Also
778 3758 88 22 various
903 3759 106 28 German,
1039 3760 95 29 French,
1168 3763 88 29 Italian,

664 3783 102 28 Spanish,
776 3785 130 27 American,
915 3786 45 21 and
967 3786 63 23 other
1038 3788 96 28 Foreign
1143 3789 113 25 Journals.

689 3816 48 22 The
748 3818 127 27 Proprietor
886 3822 104 20 ventures
997 3823 23 19 to
1030 3821 71 23 affirm
1109 3822 50 22 that
1166 3830 12 15 a
1184 3824 74 27 larger

662 3847 137 19 assortment
814 3845 26 21 of
852 3845 100 28 English,
966 3846 65 28 Irish,
1042 3848 45 22 and
1105 3849 83 23 Scotch
1203 3851 54 22 Pro-

662 3870 91 27 vincial,
767 3872 26 20 of
806 3872 94 22 London
912 3873 43 21 and
973 3873 95 26 Foreign
1079 3875 113 29 Journals,
1205 3878 18 21 is
1234 3882 22 19 to

661 3896 29 21 be
703 3900 45 18 met
759 3898 52 21 with
823 3903 23 17 at
856 3899 61 22 these
934 3896 184 28 old-established
1134 3903 44 22 and
1188 3906 68 21 much

661 3923 134 27 frequented
816 3925 66 22 News
902 3926 90 28 Rooms,
1014 3928 54 22 than
1087 3932 24 19 at
1131 3938 45 20 any
1192 3931 64 23 other

664 3950 169 23 establishment
844 3953 25 20 of
881 3952 36 22 the
927 3953 56 23 kind
992 3955 22 21 in
1027 3955 36 22 the
1073 3957 126 26 provinces.

1936 135 162 48 LONDON
2116 136 211 25 AGENCY.-The
2338 139 38 23 old
2392 141 132 28 established

1936 188 13 10 o
1976 188 6 6 •
2105 163 30 22 W
2135 180 6 5 '
2159 163 103 24 Hickson
2277 173 13 14 a
2291 166 31 31 pd
2338 168 63 26 Sons,
2411 170 34 27 20,
2462 171 62 24 West

1936 190 133 26 bmithneld,
2081 190 102 27 London,
2191 192 139 27 transacting
2338 201 14 14 a
2361 194 61 28 large
2432 203 92 19 amount

1936 215 27 35 °£
1969 215 96 27 Foreign
2081 216 108 27 business,
2203 217 44 22 will
2261 220 88 22 receive
2358 222 166 27 consignments

1936 242 27 20 of
1978 242 57 21 New
2053 242 101 23 Zealand
2171 244 106 28 produce,
2298 246 45 23 and
2359 248 124 24 undertake
2500 255 23 19 to

1936 268 66 21 effect
2010 269 59 22 sales
2077 277 61 19 upon
2149 270 37 22 the
2201 274 60 19 most
2275 272 167 29 advantageous
2457 278 67 22 terms

1936 293 49 22 that
1994 302 42 14 can
2051 295 29 22 be
2096 296 107 23 obtained
2211 297 24 22 in
2250 298 103 29 London,
2364 301 120 29 according
2499 307 24 19 to

1936 321 38 21 the
1992 324 56 19 state
2065 322 26 22 of
2103 323 38 22 the
2159 324 93 21 market.
2283 325 33 22 As
2333 326 151 25 land-owners
2498 331 24 22 in

1935 347 55 22 Port
1999 348 131 29 Nicholson,
2141 350 53 32 they
2203 350 59 23 have
2278 358 29 15 an
2323 352 94 24 interest
2432 354 24 22 in
2472 363 52 20 pro-

1935 374 87 27 moting
2034 375 39 22 the
2087 379 125 31 prosperity
2222 377 25 21 of
2259 377 39 22 the
2314 378 93 30 Colony,
2418 382 46 21 and
2479 383 45 23 will

1935 400 57 22 have
2001 405 64 22 great
2074 404 101 25 pleasure
2184 403 25 22 in
2219 403 144 29 discharging
2371 406 38 23 the
2419 408 72 22 duties
2501 411 26 21 of

1935 428 144 26 Consignees.

1961 453 63 28 They
2034 455 59 22 refer
2102 455 24 22 in
2143 456 57 22 New
2216 456 102 23 Zealand
2333 461 24 19 to
2372 459 43 22 Mr.
2433 460 90 25 Revans

1934 480 46 22 and
1990 480 44 22 Mr.
2045 482 31 21 St.
2088 482 55 22 Hill.
2178 483 28 21 In
2216 483 96 23 London
2319 488 24 19 to
2353 486 58 23 their
2419 487 95 24 bankers

1934 507 91 22 Messrs.
2036 508 107 28 Prescott,
2156 509 76 27 Grote,
2243 510 45 22 and
2298 512 39 21 Co.
2516 507 6 10 '

1933 565 221 27 WHOLESALE
2183 568 127 25 PRICES
2344 570 177 29 CURRENT.

2004 605 133 17 CORRECTED
2152 606 29 16 UP
2196 607 29 14 TO
2239 608 85 14 FRIDAY
2338 609 111 16 EVENING.

1940 644 5 4 .
2013 645 10 8 T
2049 646 7 7 ,
2098 646 7 7 ,
2273 627 17 17 £
2312 632 15 12 S.
2353 629 18 16 d.
2426 630 17 17 £
2465 635 15 12 8.
2505 632 19 16 d.

1932 646 64 21 Ale:
2012 646 28 21 In
2049 646 78 28 bottle,
2142 647 115 28 perdoz..
2276 650 14 19 0
2305 650 26 20 13
2359 651 15 20 0
2391 663 18 7 ..
2428 653 14 19 0
2469 653 14 20 0
2510 655 14 19 0

2033 672 88 23 Elliot's
2277 677 14 19 6
2318 677 14 20 0
2360 677 82 22 0..0
2469 679 14 21 0
2509 681 15 20 0

1933 698 97 22 Arrack
2040 707 5 13 :
2062 699 42 22 Per
2113 701 44 25 gal.
2168 700 23 22 in
2201 701 61 22 bond
2276 704 14 19 0
2317 703 14 20 2
2359 704 14 20 6
2390 717 5 6 .
2403 718 5 6 .
2427 705 14 21 0
2468 707 13 19 0
2509 711 14 19 o

1931 724 80 22 Bread
2020 733 5 13 :
2041 726 44 21 Per
2093 727 44 22 21b.
2150 727 49 22 loaf
2277 730 14 20 0
2318 731 14 20 0
2359 731 82 21 8..0
2468 733 14 20 0
2509 735 14 19 0

1931 751 74 22 Beep:
2021 752 77 28 Fresh,
2118 761 90 15 carcase
2223 761 40 21 per

2049 778 24 22 lb
2273 783 15 20 0
2314 784 13 19 0
2343 784 28 21 10
2388 797 18 7 ..
2425 785 14 21 0
2467 785 10 21 1
2507 787 14 20 0

2041 805 53 27 Salt,
2104 813 41 21 per
2158 806 69 23 tierce
2241 822 4 5 .
2253 822 5 5 .
2277 808 13 22 7
2317 811 15 20 0
2359 812 15 20 0
2391 824 5 6 .
2403 825 5 5 .
2428 813 15 19 0
2468 813 14 19 0
2510 815 14 19 0

2040 832 44 21 Do.
2094 840 41 25 per
2148 834 74 21 barrel
2239 848 5 6 .
2251 848 7 6 .
2276 836 14 20 5
2317 838 14 20 0
2359 838 15 20 0
2390 851 5 6 .
2402 851 6 6 .
2426 839 15 20 0
2467 840 14 20 0
2509 841 14 19 0

1932 857 93 23 Butter
2032 866 5 13 :
2053 858 66 28 Irish,
2130 867 40 21 per
2177 860 31 22 lb.
2241 875 3 6 .
2253 876 5 5 .
2277 864 14 19 0
2319 864 11 20 1
2359 864 15 20 9
2390 877 6 6 .
2403 878 6 6 .
2428 866 13 20 0
2468 866 14 20 2
2510 868 14 19 0

2053 885 69 23 Fresh
2277 890 15 20 0
2317 890 16 20 4
2360 891 14 20 6
2391 904 19 7 ..
2427 893 15 19 0
2469 893 13 20 0
2509 895 15 19 0

1931 910 98 24 Brandy
2036 919 5 14 :
2056 912 60 22 First
2123 913 92 28 quality,
2223 921 40 21 per

2081 940 76 26 gallon
2166 940 23 22 in
2201 941 61 22 bond
2276 944 14 20 0
2317 945 14 19 6
2359 945 14 21 0
2390 957 5 7 .
2402 958 6 6 .
2427 946 14 20 0
2467 946 14 20 9
2509 948 14 20 0

1931 964 87 23 Brown
2037 966 87 23 Stout:
2150 974 40 21 per
2204 967 54 22 hhd.
2273 970 13 20 5
2303 971 25 20 10
2356 973 14 19 0
2387 985 19 6 ..
2426 973 14 19 0
2467 973 14 20 0
2508 975 15 19 0

1931 992 100 23 Cigars:
2043 993 103 28 Manilla,
2155 1001 39 21 per
2200 996 61 26 1000,
2276 997 14 20 3
2305 997 26 21 10
2358 999 15 20 0
2389 1011 19 7 ..
2425 999 16 20 4
2467 1000 14 20 0
2508 1001 15 20 0

2040 1020 98 22 Inferior
2275 1024 14 20 2
2316 1025 14 20 0
2357 1026 82 20 0..0
2466 1027 14 19 0
2507 1029 15 19 0

2041 1046 136 28 Havannah,
2183 1055 40 19 per
2230 1048 30 22 lb.
2275 1051 15 20 0
2304 1051 26 20 12
2357 1053 14 19 0
2388 1065 18 6 ..
2425 1053 14 19 0
2467 1053 13 20 0
2507 1055 14 19 0

2040 1073 170 28 Chinsurahper
2216 1077 71 20 10001
2304 1077 25 20 15
2358 1079 14 20 0
2389 1091 18 7 ..
2425 1079 14 20 0
2466 1081 13 19 0
2506 1081 15 20 0

2039 1100 155 24 Alexandrian
2209 1116 45 7 ....
2274 1104 11 20 1
2302 1104 26 21 10
2356 1106 82 20 0..0
2465 1107 14 19 0
2507 1109 13 19 0

1931 1126 87 22 Coffee
2025 1134 5 14 :
2042 1127 64 27 Java,
2117 1136 41 24 per
2166 1128 23 23 lb
2274 1131 15 20 0
2316 1132 14 20 0
2357 1133 15 19 0
2389 1145 5 6 .
2401 1145 6 7 .
2425 1133 14 19 0
2467 1133 10 20 1
2507 1135 14 19 3

1930 1153 90 22 Cheese
2027 1161 6 14 :
2049 1154 107 23 Cheshire
2274 1158 14 20 0
2316 1159 10 19 1
2356 1159 83 21 6..0
2466 1161 14 19 0
2507 1162 14 19 0

2048 1181 55 22 Pine
2114 1181 73 29 Apple
2209 1185 79 19 ....0
2316 1186 13 20 0
2357 1186 82 20 0..0
2467 1187 9 20 1
2505 1189 14 19 3

2046 1208 77 22 Dutch
2274 1212 15 19 0
2316 1213 13 19 0
2357 1213 14 20 0
2388 1225 18 7 ..
2425 1214 14 20 0
2466 1215 14 19 0
2506 1215 14 19 9

1929 1234 107 22 Candles
2043 1242 5 13 :
2055 1234 95 28 English
2159 1243 55 20 wax,
2221 1244 41 19 per

2074 1261 22 22 lb
2274 1265 14 20 0
2314 1265 14 20 3
2356 1266 15 20 6
2388 1279 5 6 .
2400 1279 6 7 .
2425 1267 14 20 0
2466 1267 14 20 0
2507 1269 14 19 0

2060 1288 82 23 Mould
2273 1292 14 20 0
2316 1292 10 20 1
2356 1293 49 20 0..
2424 1294 14 20 0
2465 1295 14 19 0
2505 1296 14 19 0

2061 1314 56 28 Dips
2272 1319 14 19 0
2314 1319 13 21 0
2342 1319 28 21 10
2386 1333 18 6 ..
2424 1321 13 20 0
2465 1321 13 19 0
2505 1323 14 19 0

1931 1340 91 22 Flour:
2033 1342 131 28 lstquality,
2176 1346 83 24 perton

2053 1368 26 21 of
2089 1370 55 21 2000
2154 1370 33 21 lbs
2257 1372 29 20 30
2313 1373 14 20 0
2355 1373 14 21 0
2386 1387 18 5 ..
2424 1375 13 19 0
2464 1375 14 19 0
2505 1377 14 19 0

2028 1395 48 22 2nd
2085 1396 55 22 ditto
2259 1398 27 20 25
2314 1400 14 20 0
2356 1401 14 19 0
2387 1413 17 7 ..
2424 1401 13 20 0
2464 1402 13 19 0
2504 1403 14 20 0

1930 1420 60 22 Gin:
2011 1420 54 23 Pale
2083 1422 22 21 in
2116 1422 60 23 bond
2273 1426 15 19 0
2314 1426 14 20 4
2356 1428 14 19 0
2386 1440 18 6 ..
2423 1429 14 19 0
2464 1428 13 20 6
2505 1429 12 19 0

1980 1448 61 26 Case,
2050 1450 15 20 4
2072 1450 36 26 gal
2117 1452 38 19 4-5
2163 1450 24 22 in
2197 1450 61 22 bond
2274 1452 10 20 1
2314 1453 12 20 8
2355 1455 14 19 0
2386 1467 6 5 .
2398 1467 6 6 .
2423 1455 13 20 0
2464 1455 12 19 0
2504 1458 14 18 o

1929 1473 82 24 Hams:
2027 1475 130 29 Yorkshire,
2171 1478 86 26 perlb.
2273 1480 14 19 0
2314 1481 14 19 0
2356 1481 14 20 0
2386 1494 18 6 ..
2424 1483 13 19 0
2465 1482 10 20 1
2504 1484 15 20 2

1928 1501 116 22 Mustard
2051 1510 5 13 :
2073 1503 43 22 Per
2124 1504 71 22 dozen
2274 1506 10 20 1
2314 1507 13 19 2
2356 1509 81 19 0..0
2465 1509 13 20 0
2505 1512 14 19 0

1929 1528 115 23 Mutton:
2065 1530 94 22 Carcase
2168 1538 41 20 per
2217 1531 24 21 lb
2251 1548 6 5 .
2272 1533 14 20 0
2314 1535 13 19 0
2355 1535 14 19 9
2386 1548 18 6 ..
2424 1536 13 20 0
2464 1537 13 19 0
2493 1537 23 21 11

1928 1554 123 23 Muskets:
2067 1556 94 24 Walnut
2166 1558 94 22 stocked
2273 1561 14 19 0
2314 1561 13 19 0
2355 1562 14 20 0
2386 1575 18 6 ..
2424 1563 13 19 0
2453 1563 23 19 15
2504 1565 15 19 0

1928 1582 78 22 Milk:
2022 1583 45 22 Per
2072 1584 50 27 pint
2272 1587 14 20 0
2313 1588 14 19 0
2354 1588 14 20 5
2386 1601 18 7 ..
2423 1589 14 20 0
2464 1591 13 19 0
2504 1592 13 19 0

1928 1608 44 23 Oil
1980 1617 5 14 :
2001 1609 104 27 Linseed,
2116 1619 41 20 per
2164 1612 76 27 gallon
2250 1615 36 19 .0
2312 1613 13 21 5
2354 1616 15 19 0
2385 1629 7 5 .
2398 1629 6 5 .
2423 1617 13 19 0
2464 1615 13 22 7
2505 1619 14 19 0

2002 1636 78 28 Black,
2084 1638 24 21 in
2114 1639 173 27 cask,pertonl6
2314 1642 14 19 0
2356 1643 14 19 0
2387 1655 18 7 ..
2423 1643 14 19 0
2464 1644 13 20 0
2504 1645 13 19 0

2039 1664 79 25 Sperm
2257 1666 26 22 75
2312 1668 12 19 0
2353 1669 13 19 0
2384 1683 18 5 ..
2421 1669 13 19 0
2463 1670 12 19 0
2503 1672 13 18 0

1928 1689 76 22 Pork:
2020 1690 76 29 Fresh,
2114 1699 90 15 carcase
2218 1700 42 19 per

2022 1744 10 7 ThT
2045 1717 6 21 ]
2054 1718 15 21 h
2270 1721 15 20 0
2312 1722 14 20 0
2352 1723 16 20 4
2385 1736 18 6 ..
2422 1724 14 20 0
2463 1725 13 19 0
2502 1725 12 21 5

1928 1745 76 20 Pork:
2021 1745 67 26 Irish,
2098 1752 41 20 per
2147 1746 74 21 barrel
2234 1747 50 21 ..5
2312 1749 57 27 0,0
2385 1763 19 7 ..
2422 1751 13 20 5
2451 1751 25 21 10
2504 1754 13 19 0

1928 1770 132 23 Potatoes:
2080 1772 56 21 New
2150 1772 108 28 Zealand,

2103 1806 41 20 per
2154 1803 37 18 ton
2270 1802 14 20 6
2312 1804 14 19 0
2354 1804 14 20 0
2385 1817 5 7 .
2397 1817 6 6 .
2422 1805 13 20 8
2462 1806 14 20 0
2502 1807 14 19 0

1928 1824 93 22 Porter
2030 1831 6 14 :
2066 1825 102 28 Dunbar,
2178 1826 25 22 in
2210 1827 47 22 hot.

2095 1854 92 26 perdoz
2270 1856 14 20 0
2300 1856 25 20 13
2353 1858 82 21 0..0
2462 1860 13 19 0
2502 1860 15 19 0

2035 1878 87 28 Bryant
2132 1880 44 22 and
2187 1880 69 23 Davis
2270 1884 14 19 0
2300 1883 24 21 13
2353 1885 14 20 0
2384 1898 6 6 .
2397 1898 5 6 .
2421 1886 14 20 0
2462 1887 13 19 0
2502 1888 13 19 0

1926 1904 99 22 Pickles
2036 1913 6 13 :
2074 1906 115 27 Assorted,
2219 1916 41 19 per

2098 1933 59 27 doz.,
2181 1938 77 23 quarts
2273 1937 10 20 1
2314 1937 10 21 1
2354 1939 14 20 0
2385 1951 18 7 ..
2422 1940 14 20 0
2463 1940 13 20 0
2503 1941 13 19 0

1926 1958 74 22 Pitch
2012 1966 6 14 :
2049 1960 139 28 Stockholm,
2217 1969 41 20 per

2076 1987 71 22 barrel
2270 1991 14 19 0
2312 1992 13 20 0
2353 1993 14 20 0
2384 2006 18 6 ..
2422 1993 10 20 1
2450 1993 24 20 15
2502 1994 14 20 0

1926 2012 93 21 Plank:
2047 2012 53 22 Port
2123 2013 132 28 Nicholson,

2074 2047 40 19 per
2123 2042 40 20 100
2173 2040 46 22 feet
2232 2055 18 6 ..
2269 2044 14 19 0
2298 2044 26 20 19
2352 2045 13 19 0
2383 2058 18 6 ..
2420 2045 10 20 1
2461 2046 9 20 1
2500 2048 14 19 0

1924 2064 70 21 Rice:
2007 2064 110 24 Common
2126 2074 40 20 per
2172 2071 50 17 cwt.
2234 2082 17 6 ..
2270 2071 14 19 0
2312 2071 12 19 0
2352 2072 14 19 0
2384 2085 17 6 ..
2420 2073 14 19 0
2460 2073 14 19 0
2501 2075 13 18 0

2006 2091 66 22 Good
2270 2097 10 19 1
2309 2097 14 20 2
2351 2099 48 19 0..
2419 2099 11 20 1
2458 2099 13 20 5
2500 2101 13 19 0

1925 2117 53 22 Rum
1987 2125 5 14 :
2009 2118 25 22 P.
2044 2119 27 21 B.
2083 2120 33 26 P.,
2131 2128 40 20 per
2180 2121 76 26 gallon

2045 2146 23 21 in
2084 2146 61 23 bond
2268 2151 14 19 0
2309 2151 12 20 5
2351 2152 13 20 6
2382 2165 18 7 ..
2418 2153 14 20 0
2458 2153 14 20 9
2499 2154 13 20 0

1924 2170 87 23 Sugak:
2027 2172 121 24 Mauritius
2158 2182 39 21 per
2205 2179 48 18 cwt.
2269 2179 14 19 0
2310 2179 13 19 0
2351 2180 14 19 0
2382 2192 18 6 ..
2418 2180 14 20 0
2458 2180 14 20 0
2500 2181 13 20 0

2032 2200 81 22 Brown
2268 2205 54 21 117
2350 2207 49 19 0..
2418 2208 14 19 0
2458 2208 14 19 0
2499 2209 13 18 0

2032 2227 97 23 Refined
2144 2229 53 26 loaf,
2215 2237 40 20 per

2058 2254 23 22 lb
2267 2259 14 19 0
2309 2259 12 20 0
2350 2258 14 22 7
2382 2273 17 7 ..
2417 2261 15 20 0
2458 2261 14 20 0
2499 2262 13 19 0

2031 2280 97 24 Manilla
2265 2287 14 19 0
2307 2287 14 19 0
2349 2287 81 20 0..2
2457 2288 13 19 5
2498 2289 13 19 0

1922 2306 73 22 Salt:
2010 2307 128 30 Liverpool,
2148 2316 40 21 per
2198 2314 39 18 ton
2245 2327 5 5 .
2265 2313 14 19 3
2307 2314 13 20 0
2349 2314 14 20 0
2380 2327 18 7 ..
2416 2314 15 21 4
2457 2316 13 19 0
2498 2316 13 19 0

1922 2334 60 21 Soap
1990 2342 6 13 :
2022 2335 103 23 Hawes's
2149 2337 102 28 London,

2048 2370 40 19 per
2095 2365 40 20 ton
2251 2366 28 21 40
2307 2367 14 21 0
2349 2368 14 20 0
2380 2381 5 6 .
2392 2381 5 5 .
2403 2368 27 20 42
2458 2369 12 19 0
2498 2370 13 19 0

2039 2390 120 28 Liverpool
2251 2393 28 21 36
2308 2394 13 21 0
2349 2395 49 20 0..
2417 2396 13 19 0
2458 2395 12 19 0
2498 2397 13 20 0

1921 2414 90 22 Starch
2020 2423 5 14 :
2041 2416 43 22 Per
2092 2417 24 22 lb
2266 2421 14 20 0
2307 2422 14 19 0
2349 2422 14 19 9
2380 2435 5 6 .
2392 2434 6 7 .
2417 2423 13 20 0
2458 2423 10 20 1
2498 2424 13 19 0

1920 2441 131 23 Scantling
2059 2451 6 13 :
2081 2443 42 23 Per
2131 2447 39 21 100
2180 2445 54 22 feet.
2242 2461 4 5 .
2266 2447 55 22 017
2349 2449 14 20 0
2380 2462 5 6 .
2393 2462 5 6 .
2416 2450 53 20 018
2497 2451 13 19 0

1920 2468 128 24 Shingles:
2065 2471 42 22 Per
2114 2474 61 25 1000,
2185 2473 29 21 N.
2224 2473 24 22 Z.
2266 2474 10 21 1
2307 2474 13 22 7
2348 2476 14 20 0
2380 2489 17 6 ..
2416 2477 14 20 0
2457 2478 13 19 0
2496 2478 14 19 0

2050 2497 71 29 Ditto,
2143 2499 28 22 V.
2182 2499 30 22 D.
2223 2500 26 21 L.
2264 2502 14 19 2
2305 2502 13 20 5
2347 2503 15 20 0
2379 2516 5 6 .
2392 2516 4 6 .
2415 2504 14 19 0
2456 2505 13 19 0
2495 2504 14 20 0

1918 2522 51 22 Tar
1976 2531 6 14 :
1998 2523 54 23 Coal
2265 2529 9 19 1
2293 2529 25 20 15
2348 2530 14 20 0
2380 2543 17 6 ..
2416 2531 15 20 0
2457 2532 13 19 0
2497 2532 13 19 0

2001 2551 130 23 Stockholm
2267 2556 52 20 115
2349 2557 81 20 0..0
2457 2558 13 19 0
2497 2558 13 20 0

1928 2576 38 22 Tea
1975 2585 6 14 :
1999 2577 90 29 Hyson,
2098 2587 41 20 per
2149 2581 63 21 chest
2229 2595 5 6 .
2242 2595 4 7 .
2265 2583 15 20 0
2307 2584 14 20 0
2348 2584 15 20 0
2380 2597 5 6 .
2392 2596 5 7 .
2404 2584 26 21 12
2444 2584 26 21 12
2497 2586 13 19 0

1917 2603 120 24 Tobacco:
2051 2605 143 29 Negrohead,
2212 2615 41 20 per

2077 2633 24 21 lb
2265 2637 14 20 0
2307 2637 10 20 1
2347 2637 14 20 3
2379 2650 18 7 ..
2415 2639 15 20 0
2457 2638 12 19 0
2497 2639 13 20 0

1928 2658 155 23 Turpentine:
2098 2660 44 22 Per
2146 2661 99 27 gallon..
2264 2664 15 19 0
2306 2665 13 19 8
2348 2665 14 20 0
2379 2678 18 6 ..
2416 2666 14 19 0
2457 2666 12 20 0
2495 2667 14 19 0

1917 2683 164 25 Whalebone:
2096 2687 91 22 Perton
2249 2690 28 20 90
2305 2692 14 19 0
2347 2692 14 19 0
2378 2704 18 7 ..
2415 2693 14 20 0
2455 2693 14 20 0
2494 2694 14 19 0

1917 2709 83 24 Wine:
2016 2712 89 29 Sherry,
2116 2722 40 19 per
2164 2715 52 27 pipe
2227 2717 50 20 ..28
2305 2718 13 20 0
2347 2718 14 20 0
2378 2719 51 20 ..40
2455 2720 14 20 0
2494 2720 13 20 0

2026 2739 72 28 Ditto,
2114 2749 40 20 per
2168 2741 79 22 dozen.
2264 2744 10 20 1
2304 2745 14 20 4
2346 2745 14 20 0
2377 2758 19 7 ..
2414 2746 14 21 2
2456 2747 13 20 0
2494 2748 13 19 0

1917 2791 122 24 Poultry:
2055 2793 80 29 Fowls,
2142 2802 40 20 per
2188 2795 50 27 pair
2244 2812 4 5 .
2264 2798 15 20 0
2306 2798 13 21 8
2347 2798 14 21 0
2378 2812 18 6 ..
2415 2800 14 20 0
2443 2800 26 20 16
2495 2800 13 20 0

2052 2820 86 29 Ducks,
2150 2822 56 22 ditto
2227 2837 5 6 .
2239 2837 5 6 .
2265 2824 9 21 1
2305 2826 14 19 0
2347 2826 14 20 0
2378 2839 6 7 .
2390 2839 6 6 .
2416 2827 10 20 1
2443 2827 26 20 10
2495 2828 12 19 0

2055 2848 80 28 Geese,
2146 2849 56 22 ditto
2226 2864 6 6 .
2239 2864 5 6 .
2262 2851 15 20 2
2305 2853 13 20 0
2346 2853 14 20 0
2377 2866 6 6 .
2389 2866 6 6 .
2413 2854 14 20 0
2454 2854 13 20 0
2493 2855 14 19 0

2053 2875 103 28 Turkeys
2263 2878 14 21 2
2305 2880 14 20 0
2346 2880 82 21 0..0
2455 2881 13 20 0
2493 2882 13 19 0

2053 2901 105 29 Pigeons,
2168 2903 78 28 (wild,)

2079 2936 41 21 per
2129 2931 49 27 pair
2263 2933 14 20 0
2304 2933 14 20 2
2346 2933 82 22 0..0
2454 2935 13 20 0
2493 2935 13 20 0

2052 2955 86 29 Ducks,
2147 2958 35 21 do.
2193 2957 52 22 do..
2263 2960 14 20 0
2305 2960 13 20 5
2346 2960 15 21 0
2378 2974 18 7 ..
2413 2962 14 20 0
2454 2962 13 19 0
2493 2962 13 19 0

1916 2981 62 22 Eggs
1985 2989 7 14 :
2006 2982 45 22 Per
2062 2983 72 23 dozen
2264 2987 14 20 0
2305 2988 14 20 6
2347 2988 81 21 0..0
2454 2989 13 20 0
2493 2989 12 20 0

1916 3035 78 22 Cows:
2008 3036 73 23 Milch
2248 3040 29 21 20
2304 3042 14 20 0
2345 3042 14 20 0
2377 3042 50 21 ..30
2453 3042 13 21 0
2491 3042 13 20 0

1916 3062 96 23 Mares:
2028 3064 75 22 Brood
2246 3068 29 20 50
2303 3069 13 20 0
2344 3069 14 20 0
2376 3069 50 21 ..90
2452 3069 13 20 0
2491 3069 13 20 0

1916 3089 116 23 Working
2049 3091 133 24 Bullocks:
2206 3092 42 22 Per

1940 3116 52 27 pair
2247 3122 29 20 40
2303 3122 14 20 0
2345 3122 14 21 0
2376 3123 51 20 ..60
2453 3123 13 20 0
2491 3122 13 20 0

1915 3143 65 22 Hire
1991 3151 26 14 of
2027 3151 68 16 ditto
2103 3153 6 14 :
2124 3146 44 22 Per
2175 3145 52 28 day,
2236 3153 12 15 a

1941 3173 62 19 team
2012 3171 47 22 and
2065 3171 75 24 driver
2262 3175 11 20 1
2303 3176 14 20 0
2344 3176 82 21 0..2
2452 3177 13 19 0
2490 3176 14 20 0

1915 3196 88 23 Sheep:
2019 3198 62 22 Each
2260 3202 10 21 1
2301 3203 14 20 6
2343 3203 14 21 0
2374 3216 19 7 ..
2411 3203 11 21 1
2438 3202 25 22 15
2489 3203 13 20 0

1914 3224 64 22 Boat
1989 3224 75 23 Hire:
2079 3226 43 22 Per
2127 3227 50 33 day,
2183 3226 64 23 with-

2105 3257 42 19 out
2155 3254 73 22 hands
2238 3256 35 21 .0
2288 3256 27 21 10
2342 3257 15 21 0
2374 3270 6 7 .
2386 3270 6 7 .
2411 3257 10 21 1
2450 3257 14 21 0
2488 3257 14 20 0

1914 3304 87 24 Wages
2007 3313 6 14 :
2041 3306 141 30 Mechanics,
2208 3315 40 21 per

2068 3334 63 23 week
2260 3337 14 20 2
2289 3337 28 21 14
2343 3339 14 19 0
2375 3351 18 7 ..
2410 3338 14 20 3
2450 3338 14 20 6
2488 3337 12 20 0

2050 3360 127 24 Labourers
2194 3376 47 7 ....
2260 3364 11 21 1
2288 3365 27 21 10
2342 3366 14 20 0
2373 3379 19 5 ..
2410 3365 11 21 1
2436 3365 26 21 16
2486 3365 14 19 0

1933 3417 40 17 The
1983 3419 50 16 New
2043 3419 99 18 Zealand
2154 3422 92 16 Gazette
2256 3422 45 20 will,
2311 3422 28 17 for
2350 3423 32 16 the
2392 3423 76 21 present,

1911 3438 97 20 published
2014 3440 75 21 weekly,
2096 3445 56 17 every
2158 3442 87 21 Saturday
2253 3444 92 20 morning.
2366 3444 23 17 So
2393 3447 43 13 soon
2443 3447 19 12 as
2466 3442 20 17 iti

1911 3459 110 22 sufficiently
2027 3463 104 19 supported,
2141 3463 16 16 it
2163 3462 37 17 will
2211 3463 22 16 be
2239 3463 63 17 issued
2309 3464 127 21 semi-weekly.
2457 3463 41 17 Sub-

1909 3480 63 20 joined
1978 3485 31 12 are
2017 3482 31 16 the
2055 3484 66 15 terms:
2121 3491 24 4 —

1933 3501 63 17 Price
2003 3506 24 12 op
2034 3507 42 12 the
2083 3503 97 17 Paper.—
2180 3503 55 22 Forty
2241 3504 84 22 shillings
2331 3510 33 16 per
2374 3509 73 16 annum,
2457 3508 41 18 pay-

1910 3522 40 16 able
1957 3522 19 16 in
1983 3523 82 17 advance
2069 3529 5 14 ;
2085 3529 20 12 or
2112 3529 35 12 one
2154 3524 76 22 shilling
2236 3525 27 17 for
2269 3526 59 21 single
2335 3527 90 16 numbers.

1931 3543 212 19 Advertisements.—
2144 3546 32 17 Six
2185 3545 49 18 lines
2244 3547 37 17 and
2291 3548 65 18 under,
2367 3548 25 16 3s.
2399 3547 29 17 6d.
2434 3546 26 17 for
2466 3546 29 16 the

1910 3563 39 16 first
1960 3564 95 20 insertion,
2067 3566 36 16 and
2115 3571 34 12 one
2160 3566 77 22 shilling
2242 3567 27 17 for
2276 3569 44 15 each
2327 3568 109 20 subsequent
2441 3567 56 17 inser-

1910 3584 48 20 tion;
1970 3585 48 17 from
2023 3586 31 16 six
2062 3588 18 14 to
2087 3589 30 15 ten
2124 3587 54 19 lines,
2186 3587 36 17 five
2230 3588 84 21 shillings
2324 3589 30 16 for
2363 3589 31 16 the
2405 3588 43 19 first,
2460 3586 35 18 and

1910 3608 33 13 one
1954 3605 76 22 shilling
2041 3607 37 17 and
2089 3607 86 22 sixpence
2185 3608 29 17 for
2225 3609 44 17 each
2279 3611 112 19 subsequent
2400 3609 84 17 insertion
2489 3612 5 14 ;

1909 3626 57 16 above
1976 3628 31 15 ten
2018 3627 54 21 lines,
2083 3628 36 17 five
2130 3628 85 22 shillings
2227 3630 27 16 for
2265 3631 30 16 ths
2305 3631 40 16 first
2356 3632 31 15 ten
2397 3630 51 19 lines,
2459 3628 36 17 and

1909 3646 97 21 fourpence
2013 3652 32 16 per
2051 3649 38 17 line
2095 3650 29 16 for
2130 3651 32 16 the
2169 3654 64 13 excess
2240 3651 20 16 of
2268 3651 41 17 that
2315 3652 84 19 number;
2411 3651 36 16 and
2453 3651 41 15 two-

1909 3671 57 16 pence
1972 3673 32 16 per
2009 3668 39 17 line
2055 3670 28 16 for
2089 3671 46 16 each
2142 3672 111 20 subsequent
2259 3671 95 18 insertion.

1930 3689 157 19 Advertisements
2094 3692 37 16 will
2138 3694 32 15 not
2176 3696 67 17 appear
2251 3692 21 16 in
2283 3693 32 16 the
2325 3692 78 20 ensuing
2413 3691 80 18 number,

1909 3708 17 16 if
1933 3710 83 17 received
2022 3711 48 17 later
2076 3713 45 16 than
2132 3713 71 20 Friday,
2216 3714 20 15 10
2246 3713 73 19 o'clock,
2330 3717 43 13 a.m.
2394 3711 100 18 Advertise-

1909 3733 60 13 ments
1976 3731 37 17 will
2020 3732 22 16 be
2049 3733 100 17 continued
2156 3734 35 17 and
2198 3734 77 20 charged
2280 3734 48 16 until
2331 3732 160 19 counter-ordered;

1909 3751 45 16 such
1961 3752 52 17 order
2020 3755 51 15 must
2077 3755 21 16 be
2106 3756 42 15 sent
2154 3757 18 14 to
2180 3755 31 16 the
2216 3755 54 16 Office
2277 3755 51 16 three
2335 3756 45 20 days
2385 3754 59 17 before
2450 3753 43 21 pub-

1908 3772 81 19 lication,
1997 3774 36 16 and
2040 3777 51 14 must
2096 3776 23 16 be
2126 3776 20 16 in
2154 3775 78 21 writing.
2252 3776 155 17 Advertisements
2414 3773 77 18 received

1909 3792 52 18 after
1968 3795 21 16 10
1996 3793 67 19 o'clock
2070 3800 24 12 on
2105 3797 65 21 Friday
2181 3796 84 21 morning
2276 3797 37 15 will
2324 3797 22 16 be
2357 3796 76 20 charged
2443 3794 48 17 twice

1909 3812 30 18 the
1947 3815 54 16 usual
2008 3818 54 14 rates.

1930 3834 29 17 All
1966 3836 67 19 orders,
2045 3837 158 19 advertisements,
2214 3837 36 17 and
2262 3837 161 17 communications
2434 3837 19 15 to
2463 3835 29 16 tha

1909 3855 69 20 Editor,
1984 3861 31 12 are
2021 3859 97 19 requested
2124 3860 19 15 to
2150 3859 22 16 be
2178 3858 99 17 addressed
2283 3859 19 15 to
2308 3858 37 17 this
2352 3858 61 17 Office.

269 133 43 21 Ex

86 166 72 47 ON
174 166 85 28 SALE,
271 169 23 19 at
303 167 38 21 the
352 167 70 21 Office
434 167 27 21 of
468 166 43 22 this
521 166 117 27 Paper:—

163 193 89 22 Double
271 193 112 27 elephant,
397 193 153 28 antiquarian,
561 194 109 27 imperial,

84 218 45 21 and
138 220 64 26 royal
214 220 101 26 drawing
324 227 74 20 paper,

111 245 72 22 Black
202 246 57 28 edge
275 247 46 22 and
336 246 109 22 bordered
464 247 66 21 letter
553 246 47 22 and
618 249 52 20 note

80 278 78 21 paper,

110 296 72 25 Black
191 299 52 22 lead
252 299 87 28 pencils
350 300 65 26 (very
422 300 117 27 superior),

110 326 142 26 Carpenters'
263 327 61 26 ditto,

110 352 90 26 Oblong
209 352 91 32 clasped
311 353 170 22 memorandum
493 352 78 27 books,

109 378 89 22 French
208 383 87 23 tracing
304 387 68 20 paper
383 380 76 24 (black
468 380 44 21 and
523 379 84 27 white),

108 404 90 23 Ladies'
208 405 46 22 and
263 406 148 27 gentlemen's
420 406 55 21 card
489 413 68 19 cases,

108 431 64 22 Ditto
237 432 36 22 do.
329 433 73 21 tinted
412 434 46 21 and
468 432 118 23 embossed
595 432 71 27 cards,

106 458 70 22 Sheet
184 459 131 22 almanacks
320 460 35 21 for
360 461 60 26 1841,

107 484 93 23 Invoice
209 486 79 26 books,
299 486 53 21 with
361 486 102 28 indexes,
475 486 90 22 various
575 486 64 26 sizes,

105 512 59 21 Cash
175 512 77 27 books,
263 512 64 22 ruled
337 513 88 26 double,
437 513 89 21 various
536 512 65 26 sizes,

105 538 128 28 Envelopes
246 540 71 25 (note,
327 539 73 27 letter,
413 540 46 21 and
469 539 83 22 official
562 538 75 28 sizes),

105 564 74 28 Large
189 569 85 23 pewter
283 566 124 26 inkstands,
418 566 55 21 with
482 566 79 26 plates,

105 591 81 27 Ebony
196 592 126 27 inkstands,
335 592 53 21 with
397 593 105 25 drawers,

102 618 76 22 Broad
188 618 45 22 and
243 626 88 14 narrow
339 626 71 20 green
419 619 44 22 silk
474 619 88 26 ribbon,

103 644 66 22 Ditto
225 645 55 22 ditto
336 646 40 21 red
386 649 59 25 tape,

103 671 66 22 Brief
176 672 45 21 and
231 672 58 22 deed
298 679 75 20 paper,

103 697 76 22 Ruled
188 706 70 20 paper
268 699 34 21 for
311 699 41 21 bill
361 698 77 27 heads,

102 724 107 22 Nautical
219 726 131 21 almanacks
359 726 35 21 for
406 727 59 25 1842,

102 750 75 28 Royal
191 751 69 27 hand,
277 752 80 21 double
372 752 62 22 hand
447 752 84 26 brown,
547 750 45 23 and
601 750 63 28 royal

73 777 61 21 hand
146 778 77 22 brown
233 778 114 28 wrapping
355 786 77 20 paper,

102 804 100 27 Ledgers
211 806 46 21 and
265 810 94 17 account
366 806 77 26 books,
455 804 89 23 various
553 804 64 28 sizes,

102 830 86 23 Pocket
195 832 88 27 ledgers
293 832 45 21 and
347 832 171 22 memorandum
531 832 77 26 books,

101 857 109 28 Foolscap
221 859 46 21 and
276 859 88 27 writing
372 867 76 19 paper,
459 859 87 22 various
553 858 109 28 qualities,

100 884 123 28 Engraved
233 893 56 19 copy
299 886 52 27 slips
361 886 46 21 and
416 886 77 26 books,

99 910 56 22 Best
164 911 80 22 Welch
254 915 73 24 slates,
338 912 60 27 large
411 912 45 22 and
465 912 71 26 small,

100 938 97 26 Sponge,
209 939 79 21 wafers
296 940 24 20 in
329 940 14 20 2
353 947 34 14 oz.
402 940 78 25 boxes,
496 938 68 22 India
573 938 89 26 rubber,

72 964 85 22 Albata
167 965 151 27 pen-holders,
331 973 53 20 very
393 966 102 27 superior
505 966 86 26 sealing
606 973 56 19 wax,

71 991 100 27 blotting
180 999 76 20 paper,
266 993 39 21 &c.
317 993 39 21 &c.

215 1033 138 15 WHOLESALE
367 1034 47 14 AND
429 1034 91 16 RETAIL.

73 1069 165 49 PPINTED
262 1071 141 22 FORMS.—
404 1072 33 21 To
458 1073 29 21 be
509 1072 45 23 had
578 1077 24 18 at
625 1074 37 21 the

150 1098 87 20 Gazette
252 1098 79 26 Office,
341 1098 70 22 blank
426 1099 71 22 forms
510 1100 106 27 required
628 1101 35 22 for

73 1124 141 27 transacting
223 1124 102 23 business
336 1129 22 18 at
368 1125 37 22 the
416 1126 92 22 Custom
519 1127 87 27 House,

127 1158 57 21 Bills
194 1159 27 21 of
227 1158 84 27 lading,

126 1184 142 28 Promissory
277 1188 72 25 notes,

125 1211 57 22 Bills
191 1212 27 21 of
225 1212 130 27 Exchange,
367 1213 42 21 &c.
419 1213 41 22 &c.

78 1257 163 22 TOHNSON
256 1259 45 22 and
315 1259 110 22 MOORE
440 1260 58 23 have
510 1261 111 26 received,
633 1269 28 14 ex

70 1278 28 26 0
134 1285 95 20 Matilda
236 1293 35 14 :—

98 1317 67 23 Wme
176 1319 23 21 in
209 1323 92 24 quarter
311 1320 63 23 casks
383 1321 46 21 and
440 1329 68 20 cases,

98 1345 67 21 Cider
174 1346 23 22 in
209 1347 64 21 casks
283 1347 44 22 and
338 1355 69 19 cases,

97 1372 43 21 Tin
151 1372 23 21 in
186 1373 77 28 boxes,
275 1375 12 21 I
298 1375 17 21 C
324 1375 45 21 and
380 1375 11 21 I
402 1375 31 25 X,

97 1398 98 23 Refined
204 1408 73 19 sugar,
290 1402 178 28 confectionary,

98 1425 102 28 Oranges
209 1428 47 21 and
265 1428 92 27 lemons,

96 1452 65 22 Fruit
170 1456 60 19 trees
240 1455 26 21 of
272 1455 30 21 all
312 1458 62 25 sorts,

95 1478 83 26 Prints,
190 1482 39 23 10J
238 1481 111 29 blankets,

94 1505 146 29 Bandannas,
252 1508 87 28 shawls,

94 1532 114 23 Artificial
218 1534 94 29 flowers,
324 1536 42 22 silk
374 1537 131 28 umbrellas,

94 1559 103 23 Damask
208 1561 123 28 cloakings,
342 1563 88 27 calicos,

94 1585 72 23 Black
176 1587 46 22 and
231 1589 107 22 coloured
346 1590 43 22 silk
397 1591 56 21 boot
461 1591 66 26 laces,

95 1613 22 21 A
135 1614 88 27 variety
241 1615 27 21 of
280 1616 87 22 articles
386 1617 35 22 for
439 1618 39 21 the
496 1626 39 13 use
553 1619 27 21 of
593 1618 65 22 shoe-

66 1639 98 28 makers,
176 1641 61 27 lasts,
245 1642 95 27 bristles,
351 1644 41 22 &c.

93 1667 20 20 A
124 1669 104 26 quantity
238 1669 27 21 of
271 1669 112 23 excellent
392 1671 46 21 sole
447 1671 93 28 leather,

98 1694 19 21 A
127 1695 43 21 few
180 1695 104 23 hundred
294 1697 47 21 feet
354 1698 26 21 of
392 1698 83 27 capital
485 1700 23 20 11
520 1699 53 22 inch
584 1699 72 22 Baltic

64 1720 71 27 plank
143 1721 46 22 and
197 1722 54 22 inch
260 1723 87 28 boards,

93 1747 23 21 A
134 1749 106 26 quantity
258 1751 26 20 of
303 1751 121 27 hardware,
445 1752 138 28 comprising
607 1753 49 21 dish

64 1781 86 20 covers,
160 1775 129 28 perforated
296 1777 56 28 zinc,

91 1801 60 22 Wire
162 1809 71 19 gauze
244 1811 81 20 covers,
339 1805 92 28 cutlery,

91 1828 67 22 Brass
167 1829 51 22 butt
228 1829 86 29 hinges,
321 1832 50 21 iron
380 1833 45 20 and
436 1832 58 22 tin'd
503 1833 69 27 tacks,

92 1855 71 22 Hand
172 1856 63 27 bells,
246 1857 63 23 brass
318 1859 65 27 cap'd
391 1859 71 27 locks,

91 1881 144 23 Escutcheon
245 1885 58 28 pins,
315 1886 56 21 nails
381 1886 45 21 and
434 1893 86 20 screws,

91 1908 53 22 Hob
155 1910 65 27 nails,
231 1910 52 22 heel
292 1913 64 27 nails,

89 1935 116 23 Decanter
214 1938 73 27 corks,
297 1939 76 27 plated
383 1942 57 25 tops,

91 1963 55 21 And
156 1971 13 13 a
178 1963 63 28 large
251 1966 87 27 variety
347 1966 26 21 of
379 1966 65 22 other
452 1967 95 21 articles.

63 2007 156 48 SILLERY
230 2008 149 30 Champagne,
390 2011 47 22 and

129 2034 120 28 Sparkling
259 2036 101 23 Moselle.

358 2071 108 22 Johnson
477 2073 45 21 and
530 2073 95 22 Moore.

59 2114 105 48 FINE
175 2115 91 27 Sydney
276 2123 100 21 oranges,

120 2141 99 23 Lemons
229 2142 36 22 for
273 2143 79 27 ginger
360 2144 54 22 beer
423 2151 27 15 or
459 2145 64 22 wine.

357 2177 106 23 Johnson
475 2179 44 21 and
529 2179 94 22 Moore.

58 2221 128 47 LAND.
188 2232 27 4 —
216 2222 38 21 An
265 2222 62 27 early
337 2223 95 22 number
446 2224 25 21 in
481 2224 84 21 second
575 2225 74 27 series,

123 2249 46 21 and
179 2256 12 14 a
202 2249 98 22 number
310 2257 53 14 near
372 2251 40 21 200
422 2250 25 22 in
458 2250 62 28 ditto,
531 2251 36 22 for
576 2252 54 22 sale.

355 2283 108 23 Johnson
473 2285 44 21 and
527 2285 96 22 Moore.

130 2328 42 20 On
189 2328 70 25 Sale,
276 2328 42 20 Ex

57 2361 84 48 TIN
151 2368 60 14 ware
222 2361 27 21 of
254 2361 30 22 all
294 2362 154 28 descriptions,

132 2388 68 22 Brass
211 2388 36 22 do.
304 2388 36 22 do.

85 2415 54 21 Iron
209 2415 37 21 do.
303 2415 36 22 do.

84 2441 117 28 Blankets,

84 2468 71 27 Rugs,

84 2496 85 26 Calico,

83 2522 118 27 Shirtings,
220 2523 113 27 superfine
352 2524 79 28 cloths,
452 2525 47 22 and
521 2533 69 20 every
610 2526 39 22 de-

55 2549 108 27 scription
174 2550 26 21 of
207 2550 145 22 Manchester
360 2552 77 27 goods,

83 2577 85 26 Paints,
180 2577 81 27 starch,
272 2578 100 27 tobacco,
407 2591 2 4 ■

82 2603 92 22 Bottled
183 2603 42 28 ale,
235 2607 82 25 porter,
329 2607 45 19 and
383 2605 77 28 wines,

82 2630 56 22 Pine
148 2631 88 21 cheese.

213 2666 132 27 Ridgways,
363 2666 107 28 Guyton,
487 2668 45 21 and
546 2668 73 22 Earp.

55 2710 74 48 EX
152 2710 39 22 the
214 2712 60 25 Lucy
300 2712 89 26 Sharpe,
415 2712 27 21 of
462 2711 95 24 London
567 2721 5 14 :
574 2725 28 4 —

133 2738 38 21 An
183 2739 115 21 extensive
309 2739 44 21 and
367 2739 50 22 well
432 2739 97 23 selected
546 2741 64 21 stock
626 2741 22 22 of

80 2765 67 21 Brass
158 2765 82 26 sliding
250 2766 154 27 candlesticks,

81 2791 123 27 Japanned
216 2792 50 28 ship
274 2793 39 21 lan
315 2793 83 27 thorns,

80 2818 99 22 Bracket
188 2819 80 27 lamps,

80 2845 111 28 Hanging
198 2846 79 27 lamps,

80 2871 70 23 Table
159 2873 80 27 lamps,

80 2899 71 21 Cabin
162 2899 79 28 lamps,

79 2925 56 22 Hall
143 2926 80 27 lamps,

80 2952 57 22 Also
148 2960 14 14 a
169 2953 63 26 large
242 2953 63 22 stock
318 2953 26 23 of
355 2957 64 19 extra
434 2954 87 28 shades,
541 2955 105 29 chimney

51 2979 92 28 glasses,
154 2980 89 27 ground
252 2988 68 14 moon
330 2981 89 28 glasses,
431 2985 76 19 cotton
517 2983 75 27 wicks,
604 2984 41 21 &c.

198 3014 124 28 Wallace,
334 3016 91 27 White,
438 3016 46 22 and
493 3017 123 23 Wallace.

78 3047 92 27 August
178 3049 34 26 28,
230 3049 60 21 1841.

52 3092 74 47 EX
140 3092 39 21 the
188 3094 60 24 Lucy
259 3094 116 25 Sharpe.—
375 3094 48 22 The
437 3095 153 28 undersigned
603 3096 42 22 has

129 3119 109 32 received,
251 3120 45 22 and
306 3121 43 22 will
357 3121 57 22 land
421 3122 24 21 in
456 3130 14 14 a
480 3123 42 21 few
531 3123 62 28 days,
606 3123 38 23 the

50 3145 115 28 following
176 3151 166 23 consignments
349 3156 4 14 :
355 3160 29 3 —

79 3181 11 19 1
102 3187 50 14 case
163 3180 88 22 French
260 3181 98 28 ribbons,

78 3207 10 19 1
101 3213 50 15 case
162 3207 89 22 French
263 3209 104 27 merinos,

75 3233 16 20 4
100 3240 62 14 cases
171 3235 148 24 gentlemen's
327 3237 98 27 wearing
435 3237 96 27 apparel,

78 3260 10 20 1
101 3266 50 14 case
163 3260 136 28 Wellington
310 3262 69 28 boots,

79 3287 11 19 1
103 3293 49 14 case
160 3287 71 22 ladies
240 3289 46 21 and
294 3290 148 26 gentlemen's
452 3290 100 28 slippers,

77 3313 15 20 2
102 3320 61 14 cases
172 3317 77 24 strong
258 3315 64 22 boots
332 3317 44 21 and
386 3317 72 27 shoes,

78 3340 42 20 150
129 3339 75 27 pieces
214 3341 75 23 chintz
298 3343 77 27 prints,

77 3367 27 21 76
115 3366 56 27 kegs
181 3367 25 21 of
216 3368 65 27 nails,
292 3376 14 14 a
311 3369 44 22 fine
362 3374 141 24 assortment,

75 3394 15 20 2
100 3400 62 14 cases
171 3395 99 21 assorted
279 3397 134 27 perfumery,

75 3421 14 19 6
99 3427 61 14 cases
169 3420 86 22 bottled
264 3421 64 23 fruits
337 3424 44 21 and
391 3431 85 21 sauces,

77 3448 12 20 1
101 3454 50 14 case
162 3447 61 21 table
232 3447 79 28 lamps,

77 3475 10 19 1
100 3473 52 21 cask
162 3473 127 28 perforated
298 3475 56 28 zinc,
365 3477 94 22 suitable
469 3478 35 23 for
512 3478 92 24 larders.

442 3511 111 24 William
565 3513 73 23 Lyon.

49 3553 72 49 ON
146 3553 86 26 SALE,
253 3560 28 15 ex
299 3554 38 22 the
350 3557 82 26 Jewess,
450 3558 45 21 and
511 3558 65 23 other
593 3559 46 22 late

128 3580 93 21 arrivals
229 3587 4 14 :
235 3591 29 4 —

73 3614 88 21 Teas—
162 3613 73 27 hyson
244 3614 57 26 skin,
317 3622 97 22 ourange
428 3618 80 27 pekou,
526 3619 46 21 and
587 3627 52 15 sou-

46 3640 82 28 chong,
138 3641 23 21 in
173 3640 80 28 chests,
264 3640 51 23 half
320 3642 78 28 chests,
409 3644 43 22 and
459 3649 90 23 quarter
556 3646 81 23 chests.

74 3668 98 21 Manilla
181 3668 45 21 and
235 3668 77 21 brown
322 3675 83 20 sugars,

73 3694 59 22 Cork
141 3695 76 21 butter
226 3694 25 21 in
261 3694 71 22 whole
342 3696 44 21 and
394 3696 51 22 half
456 3697 85 28 firkins,

74 3721 93 27 Ginger,
179 3721 66 22 black
254 3721 45 22 and
309 3721 65 22 white
385 3730 89 21 pepper,

73 3748 51 21 Sole
135 3748 46 21 and
190 3748 39 28 kip
237 3748 94 28 leather,
342 3749 49 21 calf
398 3749 62 23 skins
471 3751 42 22 and
523 3752 77 28 bazils,

71 3775 40 21 An
122 3775 116 22 extensive
249 3778 134 19 assortment
392 3776 26 21 of
427 3777 34 21 tin
472 3785 64 20 ware,
546 3780 40 21 &c.
595 3781 40 21 &c.

315 3812 28 21 D.
360 3812 21 22 S.
396 3812 80 23 Durie
487 3814 44 22 and
541 3816 39 21 Co.

272 3857 53 20 For
341 3858 70 24 Sale,

43 3892 49 47 A
111 3890 87 22 GOOD
214 3890 206 23 weather-boarded
437 3892 85 26 House,
533 3894 102 22 contain-

123 3917 40 27 ing
174 3917 33 21 six
216 3924 82 14 rooms.
327 3918 44 21 For
379 3918 138 27 particulars,
534 3920 67 28 apply
611 3925 23 18 to

44 3945 21 20 J.
78 3943 84 28 Millar,
174 3951 56 14 near
238 3944 40 21 Dr.
287 3944 132 28 Fitzgerald,
430 3945 121 23 Tliovndon
565 3948 54 21 Flat.
