2580 4050
249 175 259 56 '■'.[..''■''"
535 174 85 56 I'"-.
666 177 117 53 ,'"",
813 175 47 49 -\
882 194 141 35 ,*./■•
1213 186 65 34 TO
1299 187 102 33 THE
1467 164 182 47 '"■•■'".:■'
1740 208 3 4 .
1910 172 159 45 ■'■'.''■.
2227 173 12 15 '"
2280 193 34 19 .•
2349 202 5 4 ■
2434 179 6 21 ;
2464 183 52 48 ./.

718 424 130 33 PORT
871 424 288 41 NICHOLSON,
1181 421 273 50 SATORjDAT,
1477 428 286 38 SEPTEMBER
1788 434 48 34 11,
1860 434 90 28 1841;

2088 433 340 43 [Non-Subscribers,
2451 442 43 29 Is.
2507 440 9 12 '*

231 516 127 28 THIRD.
382 517 150 25 REPORT
670 520 2 4 '

88 567 114 22 lfom\the
205 567 124 18 .Director*
342 567 22 17 to
383 567 36 17 the
424 567 166 19 -Shareholders
603 567 28 24 of
640 567 31 20 the

127 606 10 10 
214 593 19 22 ',-
240 591 54 21 New
302 591 96 21 Zealand
414 592 103 26 Company
518 606 7 6 .
539 593 9 24 \
594 610 3 4 .

96 441 8 15 z
110 423 133 31 Gratis
265 433 42 21 to
329 423 254 39 Subscribers.]

1931 525 43 23 the
1986 529 72 27 steps,
2063 527 53 24 that
2127 527 60 24 have
2207 528 59 25 been
2284 525 121 36 taken^&r.
2414 532 41 24 the
2465 533 49 23 for-

1931 558 90 24 mation
2034 559 27 23 of
2075 567 15 15 a
2102 561 86 23 second
2199 561 83 32 colony
2292 562 25 24 in
2328 563 62 24 New
2402 564 115 29 Zealand^

1929 591 118 31 referring
2058 600 48 23 you
2116 593 38 23 for
2165 601 76 16 more-
2249 595 271 30 explicit-information.,

1929 624 136 31 respecting
2077 619 66 30 that?'
2149 634 107 16 measure
2272 633 26 18 to
2317 628 42 24 the
2376 637 137 24 correspon-

1929 657 73 24 dence
2014 657 108 25 between
2133 651 184 39 thefgentlemen
2327 661 193 33 who-projected,

1929 689 52 24 that
1993 690 102 32 ColonyC
2098 692 47 23 arid
2157 691 40 24 the
2204 692 80 28 Court,
2295 694 47 24 and
2354 694 42 24 the
2408 695 112 31 •germs'

1928 722 27 23 of
1968 722 132 27 Purchase,
2107 723 26 24 of
2265 726 89 24 which,
2362 727 61 26 will;
2427 736 87 23 appear

1928 762 26 15 as
1966 755 61 24 Nos.
2041 756 15 23 2
2069 756 46 23 and
2129 757 53 24 3of
2196 757 41 24 the
2248 758 134 31 Appendix.
2392 764 7 21 ;
2419 764 55 22 -«,,;.

1962 788 39 22 10.
2018 788 52 24 The
2081 788 114 32 principal
2213 791 94 31 novelty
2318 791 25 24 in
2362 793 42 23 the
2416 793 104 24 scheme*

1928 820 26 23 of
1975 820 41 23 the
2034 821 89 24 second
2143 821 92 33 Colony
2253 823 28 27 is,
2294 823 49 25 ,the
2357 825 111 25 devotion
2488 827 28 23 of

1927 853 125 27 £50,000:
2060 854 28 23 of
2110 853 42 25 the
2174 856 115 30 purchase
2310 865 88 24 money
2418 859 28 23 of
2470 859 43 24 the

1926 885 63 27 land,
2002 886 124 30 together.
2130 887 58 24 with
2206 888 42 24 the
2264 890 93 30 surplus
2369 890 28 24 of
2410 892 101 24 another

1926 918 59 23 fund
2011 919 26 23 of
2059 919 69 31 equal
2150 924 106 25 amount,
2274 922 133 33 (primarily
2424 932 93 24 appro-

1926 949 91 32 priated
2028 956 24 19 to
2063 960 70 20 cover,
2166 953 41 24 the
2216 962 113 23 expenses
2341 956 171 33 irrecoverably

1953 984 109 24 incurred
2073 985 33 31 by
2116 985 42 25 the
2169 986 123 33 Company
2303 988 25 23 in
2344 988 115 33 selecting
2470 990 41 24 the

1956 1016 52 27 site,
2020 1017 48 24 and
2079 1018 126 24 otherwise
2213 1020 139 32 promoting,
2358 1022 42 24 the
2407 1023 49 23 safe
2463 1023 49 24 and

1950 1049 92 32 orderly
2055 1050 182 25 establishment
2255 1053 26 23 of
2293 1053 43 24 the
2485 1059 25 20 to

1925 1082 40 24 the
1976 1082 125 33 following
2109 1083 124 25 beneficial
2244 1093 112 24 purposes
2367 1096 6 15 :
2375 1100 33 5 —
2408 1089 102 31 namely,

1925 1116 112 27 £15,000
2067 1117 104 24 towards
2199 1117 110 32 religious
2338 1120 177 29 endowments,-

1925 1148 112 26 £15,000
2049 1150 105 23 towards
2161 1150 41 24 the
2208 1150 139 26 foundation
2360 1153 27 23 of
2396 1162 13 14 a
2420 1154 90 32 college

1924 1180 26 23 in
1969 1181 42 23 the
2028 1190 54 17 new
2103 1183 143 27 settlement,
2266 1185 48 23 aud
2335 1186 112 27 £20,000
2472 1188 38 23 for
2509 1202 5 15 t

1924 1213 84 32 giving
2023 1219 200 28 encouragement
2242 1220 23 20 to
2277 1220 76 22 steam
2371 1219 138 32 navigation

1924 1246 25 24 in
1967 1247 42 24 the
2028 1247 143 28 settlement,
2179 1266 2 5 ,
2189 1249 34 31 by
2234 1250 38 23 the
2293 1251 61 27 offer,
2369 1252 28 23 of
2410 1253 97 31 bounty.

1924 1279 40 24 On
1975 1280 41 23 the
2031 1280 147 31 importance
2197 1282 27 23 of
2239 1282 38 24 the
2289 1284 52 24 first
2361 1277 77 38 q^ject
2449 1294 62 23 ypur-

1923 1312 119 24 Directors
2054 1314 67 23 need,
2132 1317 49 20 not'
2193 1315 102 31 enlarge.
2330 1317 52 24 The
2394 1318 70 29 .value
2474 1337 5 5 ,
2482 1319 28 31 of

1923 1345 40 24 the
1980 1346 89 23 second
2086 1346 97 25 will-be
2203 1348 149 31 appreciated
2362 1350 33 32 by
2404 1350 32 25 all
2450 1351 59 24 who

1922 1386 40 16 are
1973 1379 128 30 cognisant
2110 1379 28 24 of
2146 1379 41 24 the
2196 1380 181 34 disadvantages
2383 1376 127 39 in'respect

1922 1411 28 23 of
1970 1411 126 24 education
2114 1412 76 24 under
2212 1413 78 25 which
2309 1415 41 24 the
2369 1416 95 24 settlers
2481 1417 26 23 in

1922 1451 53 16 new
1987 1444 104 24 colonies
2103 1445 59 24 have
2182 1445 134 34 commonly
2319 1445 188 32 .laboureidi-and.

1921 1477 78 24 which
2016 1478 103 31 nothing
2129 1477 4 7 '
2139 1478 67 25 short
2225 1480 28 23 of
2272 1480 60 24 such
2350 1489 15 15 a
2383 1482 124 26 combined

1921 1510 68 23 effort
2000 1518 26 16 as
2037 1510 21 24 is
2070 1518 55 16 now
2136 1512 172 32 contemplated
2326 1514 80 24 would
2425 1515 82 24 suffice

1919 1546 26 19 to
1956 1551 103 16 remove.
2094 1540 176 35 New'ZeaJand
2279 1546 50 24 will
2340 1547 30 24 be
2379 1541 128 40 peculiarly

1919 1576 129 24 benefitted
2060 1576 32 31 by
2104 1580 75 20 steam
2190 1578 145 31 navigation;
2352 1583 44 21 not
2407 1580 55 32 only'
2474 1584 33 21 oii

1919 1612 101 20 account
2031 1609 27 24 of
2067 1609 32 24 its
2110 1608 111 26 division^
2231 1611 48 24 into
2291 1609 56 26 two*
2350 1612 97 28 islands,
2460 1610 45 30 biit

1918 1642 100 23 because
2037 1642 42 24 the
2099 1643 114 30 principal
2230 1647 76 21 towns
2326 1645 49 24 will
2393 1646 113 32 certainly

1918 1671 31 27 be
1955 1675 150 26 .established
2115 1683 32 16 on
2159 1676 40 23 the
2208 1681 127 24 sea-coast,
2345 1679 49 24 and
2404 1679 100 24 because

1918 1713 72 26 many
2013 1715 68 24 years
2102 1712 73 20 must'
2188 1710 77 31 elapse
2284 1708 81 27 before
2392 1712 114 31 adequate

1918 1740 72 24 roads
1997 1764 4 3 .
2011 1749 44 15 can
2075 1741 31 24 be
2124 1742 99 30 opened,
2237 1751 58 15 even
2314 1743 106 26 between
2436 1744 70 25 those

1919 1773 148 24 settlements
2077 1774 51 27 the.
2131 1775 118 24 residents
2265 1779 26 19 at
2310 1776 79 24 which
2402 1778 49 26 will
2462 1781 43 21 not

1917 1806 87 32 always
2023 1807 51 23 find
2089 1807 72 24 inter-
2164 1809 195 24 communication
2382 1811 33 30 by
2433 1814 72 21 water

1917 1842 64 21 most
1992 1847 57 23 easy
2061 1840 49 23 and
2121 1841 157 29 expeditious.

1954 1873 38 24 11l
2011 1873 67 28 Xou'r
2089 1873 118 24 Directors
2220 1874 54 24 have
2281 1875 68 24 much
2361 1876 142 24 satisfaction

1917 1906 25 23 in
1954 1907 84 30 stating
2050 1906 50 23 that
2111 1906 38 24 the
2166 1907 149 32 preliminary
2322 1910 129 30 expedition
2469 1910 36 24 for

1917 1939 49 27 the,
1977 1938 94 33 choice,'.
2080 1939 55 23 and.
2138 1942 89 29 Jsurvey
2246 1941 23 23 of
2275 1943 7 18 ■'
2291 1941 106 31 the,_;site
2420 1943 25 24 of
2465 1943 40 24 the

1917 1971 88 24 Second'
2020 1965 188 38 col&nyr^wiiich
2228 1974 19 23 it
2263 1974 19 23 is
2300 1975 108 23 intended
2425 1980 24 19 to
2462 1976 43 24 call

1917 2004 96 29 Nelson,
2027 2005 73 24 sailed
2117 2005 59 24 from
2196 2006 133 25 Gravesend
2345 2016 30 14 on
2394 2009 38 23 the
2443 2009 60 26 27th

1917 2039 87 28 ultimo,
2018 2039 72 23 under
2103 2039 37 22 the
2152 2039 109 24 direction
2272 2040 25 23 of
2309 2040 95 32 Captain
2416 2042 88 26 Waker

1917 2071 59 28 field,
1989 2072 26 22 of
2029 2072 39 23 the
2080 2072 75 31 Royal
2173 2068 76 35 Navy,
2261 2073 23 23 hi
2303 2073 37 24 the
2355 2072 149 34 WftiibyariA

1921 2104 57 23 Will
1998 2104 92 25 Watch.
2126 2105 24 23 It
2161 2105 19 23 is
2189 2106 121 31 -proposed
2327 2107 49 23 that
2388 2107 37 24 the
2443 2108 62 24 colon-

1917 2138 57 22 ists
1987 2138 81 23 should
2080 2138 74 23 follow
2167 2139 24 23 in
2201 2139 93 31 August
2305 2140 43 24 and

1917 2176 62 19 next.
2015 2171 60 23 Less
2088 2171 54 23 than
2161 2171 52 24 four
2224 2173 100 24 hundred
2345 2174 26 23 of
2386 2174 37 23 the
2431 2174 72 25 .thou-

1917 2204 55 23 sand
1992 2204 130 24 allotments
2143 2206 47 22 into
2214 2206 72 22 which
2302 2206 38 24 the
2357 2207 146 32 preliminary

1916 2237 65 24 lands
1991 2237 25 24 of
2025 2238 50 23 that
2087 2238 80 31 colony
2176 2239 58 23 have
2246 2239 54 24 been
2310 2239 97 31 divided,
2416 2242 87 25 remain

1917 2275 23 19 to
1954 2272 26 22 be
1992 2271 108 30 disposed
2110 2271 32 23 of.

1952 2306 38 22 12.
2017 2305 39 22 An
2075 2310 159 26 arrangement
2251 2305 40 24 has
2310 2306 57 23 been
2385 2307 64 23 made
2467 2307 35 24 for

1916 2336 38 24 the
1974 2338 166 31 incorporation
2158 2338 55 23 with
2232 2338 43 24 this
2295 2338 118 33 Company
2425 2340 26 24 of
2464 2340 38 24 the

1917 2371 123 30 Plymouth
2060 2371 118 31 Company
2193 2372 27 23 of
2234 2371 55 24 New
2307 2373 109 24 Zealand.
2451 2373 51 24 The

1917 2408 68 19 terms
2004 2404 25 23 of
2042 2405 72 22 union
2131 2404 57 24 have
2206 2406 58 22 been
2282 2405 116 32 definitely
2412 2406 90 30 settled,

1917 2437 43 23 and
1971 2437 97 31 nothing
2079 2445 50 16 now
2146 2439 100 22 remains
2261 2438 44 28 but,
2312 2443 24 18 to
2347 2439 82 28 feduc.e
2439 2440 63 23 them

1917 2475 22 18 to
1952 2479 12 15 a
1975 2471 81 23 formal
2068 2470 73 32 shape'
2150 2472 24 22 in
2185 2471 66 24 order
2262 2476 22 19 to
2296 2472 89 24 obviate
2397 2473 37 23 the
2446 2480 54 16 con-

1916 2504 104 30 tingency
2033 2505 25 22 of
2073 2504 77 23 future
2161 2505 181 24 inconvenience.
2377 2506 65 23 Your
2453 2507 46 23 Di-

1915 2542 84 18 rectors
2010 2545 37 15 are
2058 2537 77 31 happy
2145 2542 22 18 to
2178 2542 77 27 report
2269 2538 50 23 that
2336 2538 39 24 the
2393 2547 107 24 arrange-

1915 2575 62 19 ment
1988 2571 20 23 is
2020 2571 95 30 entirely
2128 2571 141 31 satisfactory
2278 2581 6 19 ;
2304 2571 45 24 and
2362 2572 54 31 they
2428 2580 37 16 are
2477 2573 25 23 of

1915 2604 91 31 opinion
2018 2604 50 23 that
2079 2604 38 23 the
2136 2604 86 31 objects
2234 2604 42 23 and
2294 2605 124 31 principles
2430 2606 26 23 of
2469 2606 33 23 all

1915 2637 39 23 the
1961 2637 84 31 parties
2053 2641 23 19 to
2085 2637 37 23 the
2131 2637 105 24 coalition
2242 2638 68 30 being
2317 2639 62 29 quite
2386 2638 114 30 identical,

1915 2671 18 22 it
1947 2670 46 24 will
2011 2670 127 31 materially
2150 2670 99 24 conduce
2267 2675 24 19 to
2312 2670 132 33 strengthen
2462 2672 39 23 the

1914 2711 78 16 means
2004 2703 75 24 which
2100 2703 52 31 they
2164 2712 91 23 possess
2272 2703 30 25 of-
2314 2706 104 30 carrying
2436 2705 65 24 those

1914 2736 122 31 principles
2049 2738 50 22 into
2110 2737 74 26 effect.

1950 2772 38 22 13.
2008 2770 66 24 Your
2087 2770 118 24 Directors
2216 2769 56 25 have
2282 2770 37 24 the
2328 2771 141 24 satisfaction
2477 2776 24 19 to

1915 2808 77 27 report
2009 2803 49 24 that
2075 2803 38 24 the
2135 2808 106 19 accounts
2260 2804 102 23 received
2382 2804 58 24 from
2462 2804 38 24 the

1915 2837 129 23 settlement
2056 2841 25 19 at
2092 2837 58 23 Port
2161 2836 125 24 Nicholson
2293 2836 58 25 have
2362 2837 58 24 been
2431 2846 71 23 gene-

1915 2870 57 31 rally
1983 2870 139 29 favourable,
2132 2870 87 31 though
2231 2870 35 23 the
2267 2895 3 6 t
2278 2870 90 23 settlers
2375 2870 57 25 have
2442 2872 60 23 been

1915 2903 68 24 much
1992 2903 118 23 disturbed
2122 2903 29 32 by
2162 2903 141 31 uncertainty
2315 2903 45 24 and
2369 2903 49 25 fear
2428 2921 2 5 .
2439 2912 25 16 as
2477 2908 23 20 to

1915 2936 40 24 the
1965 2937 132 31 possession
2108 2936 25 23 of
2148 2936 37 23 the
2201 2936 54 24 land
2271 2937 78 30 assign
2352 2936 28 24 ed
2400 2941 22 20 to
2439 2938 63 23 them

1915 2969 30 32 by
1956 2970 38 23 the
2006 2969 139 32 Company's
2156 2969 92 32 Agent.,
2267 2969 71 24 Their
2350 2971 91 30 anxiety
2453 2971 45 23 and

1915 3003 111 24 irritation
2037 3011 30 15 on
2080 3003 45 23 this
2138 3003 63 31 point
2211 3002 38 24 led
2260 3007 22 19 at
2293 3011 43 15 one
2355 3004 55 23 time
2428 3009 22 18 to
2462 3004 39 23 the

1915 3037 129 30 suggestion
2058 3035 26 24 of
2100 3044 12 15 a
2124 3035 86 32 project
2221 3035 35 24 for
2266 3035 38 25 the
2315 3037 100 23 removal
2427 3037 25 23 of
2460 3037 39 23 the

1915 3070 89 23 settlers
2015 3070 24 22 in
2057 3077 15 15 a
2088 3068 61 32 body
2161 3073 22 18 to
2202 3076 62 16 some
2282 3073 51 27 part
2352 3069 26 24 of
2394 3069 106 29 Chili,,in

1914 3103 65 23 order
1990 3107 23 19 to
2025 3110 82 23 escape
2123 3102 60 23 from
2202 3102 39 23 the
2256 3102 146 31 jurisdiction
2420 3103 26 23 of
2462 3103 38 23 the

1914 3135 88 24 British
2021 3135 165 24 Government.
2229 3134 56 25 This
2305 3136 89 23 natural
2413 3136 86 24 excite-

1914 3173 69 25 ment,
2002 3169 111 28 however,
2133 3176 55 23 gave
2206 3175 50 24 way
2267 3172 22 19 to
2311 3169 123 29 reflection,
2454 3169 45 24 arid

1914 3201 38 24 the
1962 3202 91 23 scheme
2066 3209 46 16 was
2126 3201 132 24 abandoned
2275 3209 30 16 on
2322 3202 39 23 the
2369 3222 1 5 ,
2379 3206 78 20 return
2476 3203 27 23 of

1915 3236 94 23 Colonel
2020 3234 137 29 Wakefield,
2169 3235 24 22 in
2211 3234 75 24 whose
2304 3235 97 24 absence
2409 3238 4 5 '
2420 3236 17 24 it
2454 3236 46 23 had

1913 3269 57 23 been
1992 3268 96 28 formed,
2111 3268 46 23 and
2178 3267 51 24 who
2253 3267 43 24 had
2326 3269 87 30 quitted
2442 3269 58 24 Port

1914 3302 125 23 Nicholson
2051 3302 25 22 in
2088 3301 66 23 order
2171 3305 23 19 to
2209 3300 75 24 obtain
2303 3300 59 24 from
2382 3302 117 24 Governor

1914 3335 97 24 Hobson
2022 3342 64 16 some
2098 3342 123 15 assurance
2228 3333 47 24 that
2283 3334 45 26 the.
2333 3335 91 23 settlers
2436 3335 63 23 there

1911 3368 75 23 would
2007 3372 39 19 not
2068 3368 29 22 be
2119 3367 116 23 disturbed
2257 3368 24 22 in
2302 3367 60 23 their
2383 3373 115 27 property.

1913 3401 159 31 Immediately
2085 3401 57 23 after
2153 3400 36 23 his
2199 3405 92 24 return,,
2293 3408 14 15 a
2313 3401 79 30 public
2400 3402 100 30 meeting

1913 3435 25 23 of
1952 3435 38 23 the
2002 3434 91 24 settlers
2107 3441 45 15 was
2163 3433 60 29 held,
2236 3433 63 23 when
2312 3434 55 31 they
2378 3434 120 31 appointed

1912 3476 14 15 a
1937 3468 130 31 deputation
2080 3471 23 19 to
2113 3466 97 32 proceed
2222 3471 24 19 to
2256 3466 58 24 New
2326 3467 75 24 South
2411 3467 85 29 Wales,

1912 3501 45 23 and
1967 3505 118 27 represent
2103 3500 39 23 the
2161 3499 106 32 hardship
2286 3500 27 23 of
2328 3500 60 24 their
2396 3500 3 5 '
2406 3508 50 16 case
2475 3505 23 19 to

1912 3534 39 23 the
1974 3535 121 22 Governor
2114 3533 26 23 of
2166 3533 50 24 that
2239 3533 94 31 Colony.
2381 3533 117 24 Gbvernor

1913 3568 74 31 Gipps
1999 3566 104 24 received
2113 3566 63 24 them
2187 3566 56 23 with
2254 3570 63 27 great
2328 3566 116 29 kindness,
2453 3566 45 23 and

1912 3601 77 31 finally
2007 3599 67 24 made
2091 3607 29 16 an
2145 3604 157 26 arrangement
2315 3599 54 24 with
2387 3599 61 23 them
2467 3599 31 31 by

1912 3634 73 23 which
2003 3634 18 23 it
2039 3641 49 16 was
2108 3632 140 25 determined
2265 3632 53 23 that
2336 3632 37 23 the
2392 3632 106 24 colonists

1912 3667 82 24 should
2004 3666 55 24 hold
2071 3665 38 24 the
2130 3667 105 30 quantity
2246 3665 23 23 of
2283 3665 53 23 land
2354 3665 73 23 which
2444 3665 55 32 they

1912 3701 45 23 had
1968 3699 128 32 purchased
2107 3699 57 24 from
2176 3699 39 23 the
2224 3698 116 32 Company
2348 3698 25 23 in
2382 3698 114 32 England.

1948 3736 39 21 14.
2006 3733 66 24 Y6ur
2090 3733 118 23 Directors
2220 3731 55 24 have
2293 3731 99 32 thought
2408 3732 18 22 it
2436 3731 62 31 right

1912 3771 23 19 to
1955 3768 51 30 give
2021 3765 112 32 publicity
2152 3770 23 19 to
2193 3764 40 24 the
2251 3764 188 32 correspondence
2456 3764 41 24 be-

1912 3804 73 20 tween
1994 3799 37 23 his
2051 3799 140 30 Excellency
2202 3797 47 24 and
2263 3797 37 24 the
2312 3797 109 32 deputies.
2458 3797 38 23 On

1912 3834 38 23 the
1968 3837 78 19 return
2066 3832 25 23 of
2107 3832 38 22 the
2163 3830 68 23 latter
2249 3834 20 19 to
2289 3830 57 23 Port
2364 3830 132 28 Nicholson,

1912 3865 72 24 which
1996 3867 19 21 it
2026 3872 54 23 may
2086 3865 28 22 be
2135 3863 120 32 presumed
2270 3862 56 24 took
2337 3863 65 31 place
2411 3864 25 22 in
2448 3863 48 23 No-
2518 3881 2 5 ,

1911 3899 100 27 vember,
2024 3897 31 23 all
2074 3897 92 30 anxiety
2184 3896 70 23 about
2270 3895 39 24 the
2327 3896 132 30 possession
2475 3895 26 24 of
2517 3898 4 8 '

1911 3931 65 24 lands
1989 3935 60 19 must
2061 3930 57 22 have
2136 3929 81 23 ceased
2227 3938 7 19 ;
2242 3923 6 9 '
2253 3928 43 23 and
2313 3936 46 23 you
2376 3937 39 15 are
2426 3936 72 16 aware

1913 3964 48 24 that
1974 3963 142 31 intelligence
2129 3962 26 23 of
2171 3962 37 23 the
2221 3961 51 24 final
2284 3961 129 24 settlement
2425 3961 24 24 of
2459 3961 38 24 the

122 647 23 24 1.
162 646 82 25 When
260 654 62 24 your
332 646 122 25 Directors
465 647 50 24 laid
527 647 83 25 before
620 656 56 24 you,

87 687 33 17 on
130 679 41 24 the
181 680 62 24 14th
254 679 28 24 of
297 680 49 24 last
364 680 68 31 May,
445 680 65 24 their
519 681 55 23 first
585 681 91 31 Report

86 720 65 24 upon
162 713 42 24 the
215 712 79 24 affairs
304 713 30 24 of
339 713 42 24 the
390 713 132 32 Company,
531 713 20 24 it
562 713 114 25 devolved

87 753 33 17 on
137 745 66 25 them
221 749 26 20 to
265 745 174 25 communicate
456 747 61 23 with
536 747 73 24 much
624 747 52 25 that

87 784 50 19 m»S
145 778 29 24 of
181 786 17 17 a
202 778 138 25 favourable
350 776 48 27 and
409 779 165 33 encouraging
584 783 92 26 nature,

86 810 81 28 much,
186 810 59 29 also,
256 810 55 25 that
435 816 27 20 to
480 813 78 24 excite
577 813 99 25 anxious

86 843 168 33 anticipations
282 844 27 24 of
316 849 4 6 '
334 853 59 23 very
418 845 92 25 serious
522 852 5 7 *
534 845 141 30 difficulties,

86 874 92 35 arising
184 877 63 24 from
253 877 154 26 unfortunate
419 878 139 25 differences
567 879 60 24 with
634 880 42 24 her

87 909 129 34 Majesty's
227 910 173 26 Government.
419 906 5 7 *
433 911 58 25 You
497 911 62 25 have
569 912 62 24 been
640 910 35 26 in-

86 943 94 26 formed
202 943 32 32 by
250 943 43 25 the
313 944 204 31 correspondence
538 944 48 24 and
608 944 68 25 other

68 981 3 7 (
87 976 140 24 documents
237 976 81 24 which
327 977 64 23 have
398 977 63 23 been
471 976 126 31 published
614 977 62 24 from

86 1009 59 24 time
164 1012 27 21 to
209 1007 66 29 time,
297 1009 56 24 that
372 1009 72 24 those
463 1009 132 24 difficulties
614 1010 62 23 have

85 1044 66 22 most
171 1041 97 32 happily
287 1042 61 23 been
370 1042 155 24 surmounted
534 1050 5 19 ;
558 1042 54 24 that
634 1042 41 24 the

87 1073 177 33 incorporation
286 1074 28 24 of
334 1074 64 25 New
424 1074 107 25 Zealand
555 1075 58 24 with
635 1075 41 24 the

87 1107 93 24 British
207 1107 104 31 Empire,
341 1107 44 24 has
412 1108 62 24 been
496 1108 111 32 formally
633 1117 40 15 an-

86 1140 112 24 nounced
203 1150 7 18 ;
227 1140 55 24 that
298 1148 17 16 a
333 1140 79 32 Royal
430 1140 102 25 Charter
551 1141 44 24 has
615 1141 60 24 been

87 1173 116 25 accorded
221 1176 26 21 to
269 1173 43 24 the
334 1174 140 31 Company:
492 1174 48 24 and
560 1175 54 23 that
635 1174 40 25 the

87 1205 199 25 Administration
303 1206 62 24 have
385 1207 144 31 recognized
549 1215 61 24 your
631 1207 42 24 Di-

87 1242 91 22 rectors
196 1247 26 16 as
241 1239 42 24 the
302 1239 157 24 instruments
481 1240 34 32 by
531 1240 81 24 whom
634 1241 41 24 the

86 1271 95 25 noblest
193 1272 124 32 discovery
328 1272 28 24 of
368 1280 45 16 our
429 1276 69 28 great
517 1273 154 25 circumnavi-

85 1308 72 29 gator
173 1313 55 24 may
240 1309 63 20 most
320 1306 107 31 speedily
437 1306 49 24 and
496 1306 134 32 effectually
645 1307 30 24 be

86 1338 91 27 united,
189 1338 26 24 in
235 1338 43 24 the
390 1339 27 23 of
433 1339 130 31 reciprocal
576 1340 97 28 benefit,

86 1371 60 24 with
165 1371 42 24 the
205 1396 7 5 v
228 1375 102 28 country
340 1387 6 6 v
352 1372 81 23 before
451 1372 83 25 whose
555 1381 57 16 sons
634 1373 41 24 the

85 1405 87 24 forests
183 1404 28 24 of
219 1404 81 24 North
311 1405 112 24 America
431 1405 63 24 have
512 1405 161 32 disappeared,

83 1437 53 24 and
155 1437 79 24 which
256 1437 21 24 is
299 1445 56 16 now
381 1438 118 32 engaged,
522 1439 60 24 with
604 1439 69 31 equal

84 2204 64 24 upon
167 2196 78 23 sound
266 2197 129 31 principles
417 2197 49 24 and
493 2206 31 15 an
553 2199 115 23 extended

83 1478 100 27 energy,
201 1470 25 24 in
245 1470 143 32 converting
405 1475 25 19 to
449 1471 64 24 their
523 1472 149 31 appropriate

85 1511 45 19 use
140 1503 41 24 tiie
192 1506 54 21 vast
256 1507 97 27 pasture
364 1504 105 32 grounds
481 1504 28 24 of
517 1505 130 24 Australia.

114 1537 30 23 .2.
162 1536 31 24 In
204 1536 184 33 recapitulating
402 1538 68 23 these
482 1537 190 29 circumstances,

83 1574 4 14 :
85 1578 61 24 your
167 1569 122 24 Directors
311 1570 48 23 feel
380 1571 53 23 that
454 1570 60 32 they
536 1571 86 24 should
643 1572 30 23 be

84 1602 109 31 wanting
203 1605 25 21 to
241 1602 151 28 themselves,
409 1604 48 23 and
468 1607 25 20 to
504 1603 54 24 that
569 1612 69 16 sense
650 1605 25 23 of

84 1635 81 33 public
176 1635 59 32 duty
248 1635 81 24 which
344 1636 70 24 alone
424 1637 45 23 has
480 1637 61 23 been
557 1637 116 24 sufficient

80 1672 31 21 •to
122 1676 68 23 carry
200 1668 66 24 them
277 1668 107 33 through
395 1670 41 23 the
447 1670 115 23 arduous.
565 1671 108 31 struggle

82 1702 29 23 in
122 1701 80 24 which
212 1701 61 32 they
285 1702 60 23 have
363 1703 61 23 been
440 1703 118 31 engaged,
579 1703 20 24 if
616 1703 57 33 they

80 1734 80 25 -failed
167 1738 26 20 to
203 1734 63 24 bear'
271 1734 64 24 their
344 1735 99 25 humble
452 1736 132 32 testimony
593 1740 27 20 to
631 1737 41 23 the

85 1776 118 23 generous
213 1767 49 25 and
273 1768 155 32 enlightened
438 1769 70 31 spirit
517 1769 34 31 by
560 1769 80 24 which
640 1783 33 5 —

85 1801 66 24 since
162 1800 41 25 the
219 1802 148 30 assumption
386 1802 27 23 of
428 1802 42 24 the
485 1802 153 32 sovereignty
649 1803 26 23 of

83 1833 64 25 New
167 1833 106 25 Zealand
292 1834 32 32 by
336 1835 41 24 the
396 1835 172 31 proclamation
580 1836 27 23 of
621 1835 49 24 Go-

82 1874 87 17 vernor
191 1866 110 28 Hobson,
302 1880 35 5 —
337 1868 40 23 the
400 1868 157 31 proceedings
581 1869 26 23 of
613 1869 57 23 -her

80 1899 128 33 Majesty's
227 1899 164 25 Government
412 1901 106 24 towards
537 1901 43 24 the
597 1901 71 24 Com-

80 1941 65 23 pany
156 1933 61 24 have
237 1933 74 24 been;
315 1934 182 25 characterised.
532 1934 92 25 Whilst
640 1943 31 16 no

84 1965 86 33 partial
179 1966 85 25 favour
338 1967 62 23 been
419 1967 158 27 shewn-^the
596 1967 73 24 Com-

80 1998 168 31 ,paW/having
254 1999 65 22 Tieen
330 2002 51 28 put,
393 1999 27 23 in
430 1999 87 31 regard
533 2003 27 20 to
571 1998 98 33 its.pur-

75 2031 92 23 chase's
176 2030 27 24 of
211 2030 63 24 land;
279 2032 136 31 previously
426 2035 25 21 to
463 2032 42 25 the
517 2033 54 23 date
583 2033 27 23 of
618 2033 52 24 that

76 2072 124 18 ■measure,
211 2072 32 15 on
264 2065 116 31 precisely
399 2065 42 24 the
461 2073 65 16 same
537 2065 96 32 footing
644 2074 26 16 as

84 2105 48 24 any
150 2096 92 31 private
264 2097 138 28 individual,
403 2111 34 5 —
437 2106 15 16 a
470 2098 140 32 disposition
627 2099 43 24 has

83 2130 62 24 been
157 2129 140 25 manifested
308 2134 26 20 to
345 2131 124 31 recognise
482 2132 41 23 the
534 2132 102 32 identity
647 2132 26 24 of

85 2163 32 24 its
129 2163 118 27 interests,
259 2171 28 16 as
306 2164 42 24 the
366 2168 85 27 agents
468 2164 28 24 of
513 2165 157 24 colonization

85 2229 70 27 scale,
167 2229 59 25 with
237 2230 69 26 those
317 2230 28 24 of
353 2230 42 24 the
406 2231 147 31 community
562 2240 7 18 ;
588 2232 48 23 and
644 2235 25 20 to

74 2262 92 27 .admit,
190 2262 48 24 and
259 2266 26 20 to
311 2267 65 20 meet
397 2263 59 24 with
484 2265 186 31 corresponding

82 2295 126 24 frankness
219 2296 47 23 and
276 2296 126 32 liberality,
414 2297 40 23 the
475 2298 154 30 uprightness
646 2298 25 24 of

80 2328 42 24 the
134 2329 99 24 motives
245 2328 78 25 which
341 2329 61 24 have
413 2331 111 23 actuated
541 2331 32 23 its
585 2338 82 24 opera-

82 2362 71 27 tions,
165 2361 59 24 such
235 2370 28 15 as
274 2366 88 20 cannot
372 2363 45 24 but
428 2364 29 23 be
473 2363 86 32 highly
569 2364 99 32 gratify-

83 2395 46 31 ing
144 2398 26 21 to
189 2394 70 25 those
280 2395 56 25 who
355 2395 63 25 have
434 2397 116 24 laboured
564 2397 106 32 through

84 2428 64 32 good
159 2428 49 23 and
224 2428 49 25 evil
289 2432 82 28 report
387 2429 38 24 for
435 2429 43 24 the
489 2430 142 24 attainment
647 2430 26 24 of

83 2461 70 25 those
163 2465 69 28 great
238 2461 106 25 national
355 2463 99 31 object::,
464 2462 80 24 which
555 2471 56 23 may
616 2471 54 16 now

82 2502 94 24 -—your
195 2494 122 25 Directors
337 2498 71 24 trust,
408 2508 33 6 —
441 2496 30 24 be
489 2496 141 24 considered
645 2500 25 20 to

84 2527 31 25 be
126 2527 102 32 actually
238 2527 123 25 achieved.

116 2562 26 23 3.
160 2560 23 24 It
193 2560 21 25 is
224 2560 42 24 the
278 2561 58 31 duty
346 2561 28 24 of
383 2569 59 23 your
452 2562 115 24 directors
576 2565 25 21 to
609 2566 60 21 state

85 2596 26 22 to
128 2602 60 23 your
205 2594 73 31 body,
290 2594 49 24 and
359 2595 58 32 they
428 2597 61 22 have
508 2603 31 16 no
558 2595 78 25 desire
647 2599 24 21 to

68 2651 4 6 ,
83 2627 97 24 conceal
190 2627 20 24 it
226 2627 63 24 from
304 2627 43 24 the
364 2628 88 31 public,
464 2628 54 25 that
535 2628 42 25 the
588 2629 47 24 line
647 2628 26 25 of

82 2660 79 32 policy
168 2660 72 24 taken
250 2660 33 33 by
293 2661 43 23 the
347 2660 164 26 Government
520 2665 67 20 must
595 2665 75 21 mate-

83 2693 68 32 rially
162 2693 105 24 conduce
275 2697 26 21 to
313 2694 43 24 the
364 2694 134 32 advantage
509 2695 27 24 of
544 2694 42 25 the
597 2694 73 25 Com-

82 2733 73 24 pany.
188 2726 52 25 The
261 2731 180 28 arrangements
457 2728 56 24 that
531 2728 70 24 have'
612 2728 58 24 been

80 2759 71 24 made
172 2759 59 24 with
252 2764 96 27 respect
370 2764 27 21 to
416 2761 41 24 the
477 2764 153 29 re-payment
646 2761 24 24 in

82 2791 57 25 land
149 2792 28 24 of
196 2792 42 25 the
257 2792 147 33 Company's
423 2797 55 28 past
497 2794 89 32 outlay,
604 2794 66 31 place

83 2824 32 25 its
127 2825 78 24 affairs
216 2825 26 24 in
252 2834 16 15 a
285 2830 62 21 state
358 2827 28 24 of
400 2830 72 28 great
489 2831 97 28 present
601 2826 74 32 pros*

84 2859 78 31 perity
168 2867 7 19 ;
193 2858 49 24 and
258 2859 41 24 the
317 2860 121 24 readiness
449 2860 61 24 with
519 2860 80 24 which
614 2861 57 23 land

83 2889 83 26 orders
180 2891 25 24 in
221 2891 45 26 the
282 2893 122 31 projected
422 2892 95 33 Colony
532 2893 29 24 of
577 2893 93 24 Nelson

82 2923 71 25 have,
165 2924 61 24 been
247 2926 142 30 purchased,
410 2926 40 24 the
473 2926 138 24 favourable
631 2934 38 16 ac-

64 2980 4 5 .
83 2960 86 22 counts
176 2983 4 5 (
188 2957 108 25 received
315 2958 63 25 from
394 2958 159 32 Wellington,
565 2959 49 24 and
630 2959 40 24 the

64 3015 4 3 .
82 2990 98 32 general
197 2990 141 32 disposition
357 2991 142 25 manifested
515 2995 26 21 to
556 2992 114 32 emigrate

83 3026 27 22 to
120 3023 63 25 New
193 3022 113 29 Zealand,
326 3025 90 24 affords
426 3033 16 16 a
451 3026 122 23 confident
590 3033 79 16 assur-

80 3843 137 28 destitution
228 3848 48 23 and
286 3848 89 33 misery
386 3853 26 20 to
423 3858 46 18 one
479 3850 28 24 of
515 3854 69 27 great
600 3851 64 31 posi-

79 3878 49 23 tive
138 3879 107 28 comfort,
257 3880 26 24 in
294 3889 16 15 a
326 3885 102 29 country
437 3883 81 24 where
528 3883 43 24 the
586 3891 79 23 wages

79 3909 28 23 of
125 3910 83 25 labour
228 3916 73 24 must,
323 3914 39 23 for
380 3923 72 23 many
471 3923 78 23 years,
567 3916 30 23 be
608 3923 57 24 very

76 3940 60 33 high
144 3952 6 18 ;
167 3944 45 24 but
223 3945 41 24 the
274 3953 111 24 pressure
396 3948 25 23 of
431 3955 31 16 an
473 3955 58 16 over
547 3948 86 32 supply
644 3947 20 24 is

84 3056 59 25 since
152 3056 62 28 that,
228 3056 21 25 if
267 3057 47 25 due
333 3066 91 23 energy
433 3059 50 23 and
496 3059 130 31 judgment
640 3059 29 24 be

84 3089 128 28 exercised,
232 3090 41 24 the
289 3090 80 25 future
388 3091 166 32 development
571 3092 27 23 of
612 3100 57 24 your

83 3122 77 31 plans,
170 3131 65 24 upon
246 3131 16 16 a
271 3124 75 25 wider
362 3124 73 28 basis,
447 3125 50 24 will
514 3126 31 23 be
557 3125 112 24 attended

83 3154 59 25 with
172 3156 189 34 proportionally
390 3157 151 33 satisfactory
554 3174 3 4 •
573 3158 95 24 results.

63 3185 5 6 '
82 3187 50 25 But
141 3188 42 25 the
192 3189 58 32 gain
261 3190 28 24 of
297 3190 42 25 the
351 3190 125 33 Company
487 3192 21 23 is
523 3199 28 16 so
562 3191 36 24 far
609 3191 60 25 from

81 3220 123 35 involving
214 3230 48 25 any
271 3222 50 26 loss
341 3227 26 21 to
385 3223 42 25 the
443 3224 155 32 community,
617 3224 52 24 that

82 3253 22 26 it
123 3263 46 16 can
187 3256 32 27 be
234 3256 105 25 realized
348 3260 6 3 '
361 3256 56 32 only
432 3257 34 31 by
484 3257 43 24 the
545 3265 84 16 means
645 3258 24 23 of

82 3288 134 31 operations
226 3292 120 29 pregnant
355 3289 61 25 with
433 3289 43 25 the
487 3290 91 32 largest
590 3290 79 31 public

60 3343 3 5 .
82 3318 108 27 benefits.
218 3322 52 24 The
277 3322 59 25 land
343 3323 110 24 awarded
459 3326 27 21 to
493 3324 43 23 the
544 3323 125 32 Company

82 3351 21 25 is
114 3354 88 33 utterly
210 3355 136 28 worthless,
358 3356 80 24 unless
449 3356 61 32 they
524 3364 46 16 can
585 3356 83 32 people

82 3384 21 25 it
123 3386 58 25 with
198 3388 130 31 emigrants
338 3398 6 15 :
346 3402 34 5 —
380 3389 48 24 and
445 3389 70 24 these
525 3392 46 21 not
586 3389 28 24 of
618 3409 6 6 ,
628 3389 41 24 the

81 3416 124 37 labouring
221 3421 62 25 class
301 3422 65 31 only,
379 3423 45 24 but
434 3422 51 24 also
496 3422 28 24 of
538 3422 130 32 capitalists

81 3451 53 25 able
144 3455 25 22 to
181 3459 148 20 remunerate
340 3455 85 25 labour
441 3455 26 25 in
478 3455 156 32 anticipation
645 3455 24 25 of

81 3483 32 25 its
123 3493 65 17 more
198 3488 33 22 'or
248 3487 48 25 less
308 3488 91 25 distant
410 3492 105 25 returns,
532 3489 56 24 who
600 3489 69 24 alone

81 3523 45 18 can
136 3519 114 30 purchase
261 3520 64 29 land,
339 3522 48 24 and
398 3522 83 24 whose
491 3522 125 32 profitable
626 3530 43 17 use

81 3549 27 24 of
116 3550 20 25 it
144 3551 22 24 is
173 3552 131 33 absolutely
313 3554 134 32 dependent
455 3563 65 24 upon
529 3564 15 15 a
552 3556 117 24 sufficient

82 3583 83 33 supply
173 3585 28 23 of
216 3585 92 25 labour.
341 3587 52 25 The
412 3588 125 32 Company
547 3588 30 28 is,
588 3588 80 25 there-

80 3614 59 30 fore,
158 3617 110 33 impelled
285 3619 33 32 by
329 3620 41 24 the
388 3623 124 30 strongest
524 3622 103 24 motives
644 3622 25 24 of

81 3646 108 28 interest-
200 3653 25 21 to
242 3656 109 27 promote
369 3656 26 21 to
414 3653 42 24 the
473 3657 93 21 utmost
586 3658 82 21 extent

80 3687 186 20 commensurate
285 3684 61 25 with
365 3686 42 24 the
426 3687 103 24 demand
548 3687 39 24 for
605 3688 63 24 their

81 3714 107 29 services,
206 3716 41 25 the
266 3722 70 27 great
353 3719 106 25 national
479 3720 81 31 object
580 3720 26 24 of
626 3721 41 24 the

81 3748 140 30 emigration
231 3750 28 23 of
273 3750 43 24 the
327 3759 86 23 poorer
424 3752 88 25 classes
520 3762 6 18 ;
544 3753 34 33 by
588 3753 79 24 which

80 3785 80 19 means
179 3784 44 21 not
242 3783 57 31 only
316 3784 70 24 those
406 3785 104 32 actually
522 3786 145 31 emigrating

80 3818 40 18 are
138 3815 144 24 transferred
297 3815 64 25 from
381 3825 15 16 a
416 3821 62 20 state
496 3821 42 20 too
556 3818 66 24 often
642 3818 26 24 of

703 519 114 24 removed
826 520 61 24 from
906 520 43 24 the
965 520 189 26 labour-market
1171 525 25 21 at
1211 522 88 28 home,'

703 552 48 24 and
762 560 15 15 a
865 548 107 29 effective
983 553 104 25 demand
1106 555 38 24 for
1155 555 42 24 the
1207 562 84 17 manu-
1295 553 4 14 T

703 585 103 24 factures
819 586 48 23 and
884 586 69 24 other
971 586 112 31 product,
1101 588 27 23 of
1142 588 114 31 England
1263 588 29 24 'is

703 618 97 24 created
809 618 26 24 in
845 618 42 24 the
899 619 69 24 stead
981 619 29 23 of
1021 619 42 24 the
1082 620 125 25 miserable
1218 628 73 24 nega-

703 650 53 25 tion
778 650 27 25 of
824 655 77 20 wants
924 652 49 24 and
995 652 96 28 desires,
1110 653 80 24 which
1207 654 21 24 is
1252 653 40 29 the

705 683 176 26 characteristic
902 684 27 24 of
945 692 88 24 savage
1050 685 49 24 life.
1132 687 58 23 And
1206 694 27 17 as
1251 683 41 27 tfie

703 716 78 25 whole
802 717 145 33 Company's
967 718 57 24 land
1035 720 87 22 cannot
1138 719 33 24 be
1181 718 117 32 disposed'

703 749 27 25 of
739 753 25 21 at
775 758 67 20 once,
856 750 49 25 and
920 758 27 17 as
967 751 43 24 the
1026 759 87 24 money
1124 752 124 31 expended
1266 752 26 24 in

703 782 141 32 emigration
854 783 49 25 will
921 784 130 24 constitute
1061 793 16 16 a
1093 785 147 31 perpetually
1252 789 37 20 ac-

702 816 86 32 cruing
797 817 61 24 fund
868 816 37 25 for
915 817 42 24 the
969 817 116 32 purchase
1100 817 32 25 of
1141 826 66 16 more
1218 817 56 25 larid
1282 826 7 19 ;

702 849 21 24 it
732 849 49 24 will
791 849 136 33 manifestly
938 850 31 24 be
985 849 33 25 its
1029 850 106 28 interest,
1148 859 27 16 as
1193 851 61 27 well,
1266 851 28 24 of

702 890 92 19 course,
813 890 27 17 as
858 883 32 24 its
909 881 74 34 duty;
1008 886 26 21 to
1052 883 99 32 provide
1169 884 33 31 by
1221 891 70 24 every

701 915 104 31 possible
816 923 82 16 means
916 908 96 39 against
1027 916 43 23 the
1091 916 200 32 disappointment

702 948 27 23 of
742 948 43 23 the
795 948 140 24 reasonable
954 951 163 28 expectations
1129 949 28 24 of
1171 958 47 23 any
1229 949 60 25 class

702 980 28 23 of
738 980 130 31 emigrants
880 981 95 31 placing
985 981 137 25 confidence
1129 981 27 24 in
1166 982 32 24 its
1210 990 78 24 repre-

703 1013 146 28 aentatidns;
868 1013 49 24 ptill
931 1021 67 16 more
1015 1017 27 20 to
1060 1017 93 28 protect
1171 1016 75 27 them,
1258 1016 32 31 by

702 1045 41 25 the
762 1045 106 25 exercise
885 1046 28 24 of
936 1046 32 24 all
986 1046 42 24 the
1047 1048 103 30 prudent
1172 1048 117 32 foresight

701 1078 78 25 which
790 1078 41 25 the
849 1078 141 32 experience
1009 1080 28 23 of
1051 1080 31 24 its
1100 1080 187 26 administrators

701 1111 48 24 will
760 1115 108 28 suggest,
881 1112 62 24 from
952 1112 43 24 the
1005 1113 131 31 privations
1148 1114 46 23 and
1204 1115 82 24 suffer-

701 1144 60 32 ings,
766 1145 79 24 which
855 1144 62 25 have
927 1148 43 21 too
979 1145 134 33 frequently
1123 1147 62 23 been
1201 1147 41 24 the
1253 1143 39 29 lot'

701 1177 28 24 of
749 1177 80 25 those,
838 1178 55 24 who
910 1178 62 24 have
990 1179 132 31 emigrated
1141 1179 26 24 in
1187 1181 100 25 reliance

692 1210 91 33 'either^
785 1219 34 16 on
828 1211 63 24 their
909 1219 56 16 own
981 1212 161 31 independent
1156 1221 130 21 resources,

700 1237 187 46 o^n^the^care
898 1244 27 24 of
939 1244 172 25 Government.
1149 1264 9 3 -
1269 1264 11 11 

704 1270 18 37 V
722 1270 37 37 4t
758 1270 16 16 v
778 1277 66 24 Such
854 1277 73 32 being
939 1277 40 24 the
990 1278 149 27 coincidence
1156 1279 27 24 of
1197 1280 40 23 the
1249 1280 36 24 in-

700 1313 74 21 terest
784 1310 28 24 of
826 1310 41 24 the
888 1310 132 32 Company,
1032 1311 26 23 in
1077 1315 93 28 respect
1188 1315 25 21 to
1227 1313 58 24 emi-

700 1343 102 31 gration,
807 1343 66 24 %ith
884 1343 69 24 those
972 1343 27 24 of
1014 1344 41 24 the
1073 1345 87 30 public,
1171 1353 32 16 no
1215 1353 69 24 argu-

701 1379 66 21 ment
778 1376 49 24 will
837 1377 31 23 be
878 1374 92 27 needed
979 1380 26 20 to
1024 1377 113 24 convince
1153 1378 69 26 those
1232 1379 54 25 who

702 1409 61 24 have
772 1410 58 31 paid
840 1417 48 24 any
899 1409 117 25 attention
1035 1413 26 21 to
1073 1409 47 25 this
1131 1419 29 16 or
1171 1419 47 25 any
1228 1421 58 23 cog-
1289 1438 5 7 t

699 1445 56 21 hate
774 1443 101 29 subject,
896 1443 54 23 that
961 1443 49 27 .the
1028 1444 113 30 practical
1161 1444 83 26 details
1260 1446 26 24 of

700 1476 137 30 systematic
845 1480 180 27 arrangements
1036 1476 38 23 for
1084 1477 52 23 that
1144 1477 47 24 end
1197 1479 48 24 will
1255 1480 30 23 be

699 1508 72 24 much
780 1516 67 16 more
859 1508 99 32 cheaply
969 1509 47 24 and
1036 1509 126 32 efficiently
1172 1512 113 24 executed

698 1541 33 31 by
750 1541 42 24 the
811 1542 197 30 representatives
1028 1543 27 23 of
1070 1542 59 24 such
1150 1551 14 16 a
1183 1545 64 32 body
1258 1553 26 16 as

698 1574 57 26 this,
777 1574 60 24 than
858 1575 33 30 by
902 1575 41 23 the
948 1586 3 8 >
969 1575 121 24 executive
1113 1576 169 26 Government.

699 1607 52 23 The
772 1607 171 29 Government,
967 1608 94 27 indeed,
1081 1608 44 24 has
1143 1609 33 24 its
1197 1619 86 24 appro-

700 1640 76 31 priate
797 1640 128 28 functions,
948 1640 79 25 which
1049 1641 21 24 it
1091 1646 87 21 cannot
1200 1647 83 22 vacate

698 1673 113 25 without.
816 1674 49 29 the,
878 1673 107 26 absolute
1004 1674 54 25 ruin
1076 1675 28 24 of
1126 1675 41 24 the
1188 1677 96 31 general

698 1714 71 16 cause
778 1715 7 19 ;
797 1707 43 24 but
850 1707 96 32 beyond
957 1708 42 23 the
1009 1708 69 24 rtrict
1084 1708 78 24 limits
1170 1710 29 24 of
1205 1710 78 24 which

689 1741 2 21 I
698 1739 19 25 it
726 1743 89 21 cannot
825 1743 60 29 step,
898 1744 25 20 to
935 1741 155 24 intermeddle
1100 1741 60 24 with
1170 1743 41 24 the
1222 1743 60 24 free-

698 1780 93 24 agency
797 1773 47 24 and
851 1774 94 23 natural
953 1781 90 24 energy
1051 1774 27 24 of
1085 1774 93 31 private
1186 1776 97 24 interest

697 1805 101 25 without
818 1807 88 23 serious
926 1807 127 24 detriment
1072 1811 34 20 to.
1117 1808 42 24 the
1177 1809 105 24 effective

697 1838 109 32 working
824 1839 26 24 of
865 1839 41 25 the
924 1843 99 28 system.
1063 1840 51 25 The
1131 1841 61 32 duty
1201 1843 27 23 of
1241 1843 41 23 the

698 1871 164 25 Government
872 1873 20 23 is
904 1877 26 20 to
939 1873 77 31 guard
1023 1873 118 32 jealously
1152 1875 41 24 the
1202 1875 80 31 public

697 1905 96 24 domain
804 1906 62 23 from
885 1906 176 31 appropriation
1082 1906 24 25 in
1125 1915 49 24 any
1185 1917 98 15 manner

697 1938 53 23 that
761 1938 52 24 will
821 1943 43 19 not
884 1939 195 32 simultaneously
1096 1939 95 26 furnish
1200 1950 91 22 means,

695 1970 182 32 foiysupplying.
889 1971 42 24 the
938 1972 102 30 jGolonjt
1047 1972 92 25 ?witha
1160 1967 120 33 confine^
1286 1967 5 19 ;

695 2007 79 19 surate
794 2007 98 21 amount
910 2004 28 24 of
959 2004 98 28 labour;
1084 2007 26 21 to
1129 2005 97 32 provide
1244 2007 38 25 for

697 2035 42 24 the
749 2036 103 24 efficient
866 2037 190 24 administration
1076 2038 27 23 of
1113 2039 86 31 justice
1209 2049 9 19 ;
1233 2041 47 23 and

696 2072 26 20 to
732 2069 56 30 give
800 2069 40 25 the
850 2078 126 23 necessary
986 2070 122 33 authority
1117 2072 38 24 for
1166 2072 40 24 the
1218 2077 61 20 esta-

695 2101 130 25 blishment
838 2103 28 23 of
880 2103 134 31 municipal,
1027 2104 194 29 administrative,
1233 2106 47 25 and

696 2134 132 32 legislative
845 2136 91 28 bodies,
957 2139 26 21 at
1001 2137 43 23 the
1060 2138 66 27 time,
1138 2139 49 23 and
1203 2139 25 23 in
1239 2140 41 24 the

696 2167 113 29 manner,*
815 2169 77 24 which
903 2170 41 23 the
955 2170 137 24 necessities
1104 2171 26 24 of
1138 2171 42 24 the
1192 2174 88 23 several

695 2201 147 25 settlements
853 2211 55 22 may
917 2200 95 27 dictate.
1046 2204 49 24 But
1103 2204 19 24 it
1132 2204 21 24 is
1165 2209 42 20 not
1215 2214 64 16 com-

695 2238 81 27 petent
797 2238 26 22 to
841 2235 110 25 interfere
969 2236 59 24 with
1046 2237 133 32 advantage
1196 2238 26 24 in
1239 2239 41 24 the

696 2268 83 24 details
793 2268 27 24 of
833 2268 79 24 actual
931 2268 150 32 emigration,
1094 2271 24 23 in
1136 2270 43 24 the
1197 2272 81 24 subor-

694 2301 80 24 dinate
785 2301 122 25 allotment
918 2302 27 24 of
960 2303 103 24 sections
1075 2304 27 23 of
1115 2303 57 24 land
1182 2312 97 25 propor-

694 2334 81 24 tioned
786 2338 27 21 to
823 2334 41 25 the
874 2336 101 31 varying
985 2344 83 16 means
1089 2336 27 24 of
1130 2337 149 29 individuals,

695 2367 48 24 and
753 2367 30 24 in'
790 2367 40 25 the
842 2367 120 25 thousand
972 2369 100 28 minute,
1090 2370 43 23 but
1146 2374 42 28 yet
1197 2371 83 33 highly

695 2399 130 32 important
837 2406 187 27 arrangements,
1036 2402 41 25 the
1085 2403 117 31 judicious
1214 2413 64 15 com-

695 2433 107 25 bination
813 2433 47 25 and
871 2434 82 32 timely
969 2436 125 24 execution
1110 2436 26 24 of
1151 2436 79 25 which
1239 2446 40 15 are

696 2467 111 24 essential
818 2470 25 21 to
853 2467 42 24 the
906 2468 109 24 effectual
1025 2469 110 32 carrying
1144 2473 44 20 out
1197 2471 28 24 of
1238 2472 41 23 the

696 2503 98 28 system.
828 2500 41 24 On
880 2500 41 25 the
939 2501 69 25 other
1022 2501 72 28 hand,
1106 2502 20 24 it
1142 2503 22 23 is
1181 2505 56 31 only
1247 2505 32 31 by

696 2533 41 24 the
747 2533 108 24 absolute
866 2535 164 30 co-operation
1042 2534 26 25 of
1078 2543 14 16 a
1102 2539 69 27 great
1181 2538 98 24 number

696 2566 28 23 of
737 2566 150 28 individuals,
899 2567 59 24 such
969 2576 26 16 as
1011 2576 28 20 a,
1044 2568 94 31 regular
1153 2570 127 32 organized

697 2599 125 31 Company
840 2600 69 24 alone
927 2608 46 17 can
992 2601 71 31 bring
1082 2604 26 21 to
1122 2602 133 33 bear'upon
1265 2612 14 15 a

696 2640 109 16 common
818 2633 85 32 object,
913 2634 56 24 that
983 2634 67 31 unity
1069 2634 29 24 of
1111 2639 110 28 purpose*
1232 2637 48 24 and

696 2665 120 25 sufficient
822 2665 84 32 vigour
913 2667 28 23 of
949 2668 126 23 execution
1081 2675 45 17 can
1133 2668 31 24 be
1171 2670 106 34 ensured.

690 2722 3 4 ,
729 2700 25 22 5.
772 2699 34 23 At
818 2699 40 24 the
874 2707 66 17 same
950 2700 67 28 time,
1028 2700 118 28 however,
1159 2702 53 24 that
1221 2711 59 23 your

696 2731 122 25 Directors
828 2740 40 16 are
879 2733 133 31 persuaded
1028 2733 54 24 that
1096 2734 49 24 this
1157 2734 123 34 Company

694 2764 44 24 ha«
749 2765 78 32 partly
837 2765 85 31 placed
931 2766 71 28 itself,
1015 2767 48 23 and
1077 2767 43 24 has
1131 2768 79 33 partly
1220 2769 60 24 been

695 2797 83 31 placed
790 2798 33 32 by
831 2798 43 25 the
890 2807 121 16 measures
1028 2799 28 24 of
1072 2800 171 30 Government,
1256 2802 24 24 in

696 2839 14 15 a
729 2830 102 32 position
849 2832 61 24 alike
928 2832 179 31 advantageous
1126 2842 28 16 as
1176 2839 104 28 respects

695 2863 32 25 its
738 2872 55 16 own
809 2864 120 29 interests,
942 2866 48 23 and
1007 2869 66 20 most
1091 2866 136 27 favourable
1244 2868 38 25 for

696 2896 112 32 enabling
826 2897 20 24 it
863 2901 26 21 to
906 2906 70 24 carry
994 2898 52 24 into
1065 2900 70 24 effect
1152 2901 42 24 the
1213 2905 68 28 great

696 2929 105 26 national
812 2930 78 32 object
907 2931 28 24 of
948 2931 136 33 colonizing
1094 2933 64 24 New
1168 2934 111 28 Zealand,

694 2962 57 33 they
766 2971 40 16 are
818 2964 108 32 strongly
945 2964 132 32 impressed
1094 2966 60 24 with
1171 2967 41 25 the
1223 2976 56 16 con-

696 2995 88 25 viction
795 2996 52 25 that
858 2997 41 25 the
918 2997 183 26 circumstances
1117 2999 77 25 under
1203 3001 77 24 which

695 3028 20 25 it
727 3029 43 24 has
781 3029 113 26 obtained
905 3030 48 25 this
964 3030 113 32 position,
1084 3032 48 24 and
1139 3033 43 25 the
1193 3034 86 24 cordial

696 3062 136 25 confidence
842 3063 60 25 with
921 3064 86 28 which,
1018 3064 27 24 in
1054 3065 103 24 reliance
1170 3074 64 24 upon
1249 3068 30 23 its

695 3095 132 31 profession
846 3097 28 24 of
899 3097 79 31 public
1007 3097 76 32 spirit,
1113 3098 19 24 it
1154 3098 44 25 has
1221 3100 59 25 been

695 3129 92 24 treated
804 3129 33 32 by
846 3129 44 25 her
905 3130 127 32 Majesty's
1052 3130 171 31 Government,
1235 3133 44 24 im-

694 3169 58 23 pose
762 3169 65 25 upon
838 3162 20 24 it
868 3162 41 25 the
917 3163 132 31 obligation
1056 3164 28 23 of
1093 3164 187 33 demonstrating

694 3195 33 31 by
737 3194 32 24 its
779 3194 80 26 future
868 3203 122 17 measures
1000 3196 54 24 that
1064 3196 20 25 it
1098 3197 44 25 has
1154 3199 69 24 other
1233 3200 47 24 and

694 3227 86 32 higher
791 3228 100 24 motives
902 3229 59 24 than
972 3229 70 24 those
1059 3230 28 24 of
1100 3232 90 32 merely
1199 3233 81 23 selfish

694 3261 78 30 profit,
785 3261 48 24 and
843 3261 53 24 that
906 3262 80 24 whilst
995 3262 19 24 it
1025 3263 57 24 does
1091 3267 42 21 not
1143 3267 101 29 pretend
1254 3269 25 21 to

694 3293 108 24 disclaim
812 3302 15 16 a
838 3294 46 24 due
893 3295 88 31 regard
998 3295 38 24 for
1052 3295 31 25 its
1095 3305 56 16 own
1162 3297 117 30 interests,

694 3326 19 24 it
724 3326 20 24 is
756 3327 50 23 also
818 3328 137 32 powerfully
967 3329 110 24 actuated
1089 3329 33 32 by
1132 3338 33 17 an
1176 3332 102 32 enlight-

694 3359 61 24 ened
764 3359 50 25 and
824 3368 117 24 generous
959 3361 78 25 desire
1047 3365 26 20 to
1083 3365 109 29 promote
1201 3368 27 21 to
1239 3365 40 24 the

694 3396 128 21 uttermost
838 3389 42 28 the
896 3398 143 21 concurrent
1054 3396 91 25 benefit
1162 3397 28 25 of
1211 3398 68 24 those

694 3425 54 24 who
765 3425 62 25 have
845 3427 159 28 undertaken,
1021 3429 76 24 under
1110 3430 35 23 its
1164 3432 114 31 auspices,

694 3458 40 25 the
744 3459 58 24 bold
813 3460 129 31 enterprise
948 3461 28 24 of
983 3461 111 32 planting
1103 3463 99 25 another
1214 3465 63 24 scion

694 3492 28 24 of
734 3491 42 25 the
786 3493 177 31 Anglo-Saxon
974 3498 56 20 race'
1040 3495 25 24 in
1077 3503 14 16 a
1101 3500 91 21 remote
1202 3498 77 24 island

694 3525 28 24 of
734 3525 42 24 the
795 3525 120 25 Southern
930 3527 157 32 hemisphere,
1105 3530 48 23 and
1164 3530 27 24 of
1205 3530 74 25 Great

694 3558 103 25 Britain.

728 3592 23 23 6.
769 3592 68 25 Your
847 3592 121 25 Directors
977 3602 41 16 are
1028 3595 108 25 resolved
1147 3596 60 27 that,
1220 3596 58 24 with

694 3629 58 28 your
763 3625 109 25 sanction
891 3627 48 23 and
949 3627 53 24 that
1013 3627 28 24 of
1054 3629 42 23 the
1107 3629 170 27 Government,

694 3658 136 30 (whenever
847 3658 42 26 the
899 3662 75 22 terms
990 3660 28 24 of
1032 3669 61 23 your
1106 3662 101 24 Charter
1223 3670 56 25 may

692 3691 85 25 render
795 3692 58 24 such
873 3693 121 31 authority
1012 3693 194 32 indispensable,)
1229 3695 48 24 this

692 3723 114 33 principle
833 3725 61 24 shall
916 3734 91 23 govern
1028 3727 64 24 their
1112 3728 164 32 proceedings.

692 3757 50 24 The
759 3758 92 31 precise
868 3759 82 24 modes
971 3759 26 24 in
1014 3759 79 25 which
1107 3761 59 31 they
1183 3770 54 23 may
1248 3763 30 23 be

692 3790 52 25 able
747 3797 3 5 1
762 3794 26 20 to
805 3799 69 24 carry
892 3791 21 26 it
930 3791 51 24 into
997 3793 89 27 effect,-
1098 3798 65 19 must
1186 3794 92 31 depend

690 3830 65 23 .upon
765 3829 91 21 means,
869 3824 179 31 opportunities,
1060 3825 48 24 and
1119 3834 15 16 a
1152 3827 90 32 variety
1253 3828 27 24 of

692 3855 190 28 circumstances,
901 3856 80 25 which
999 3857 20 24 it
1035 3858 80 23 would
1125 3862 46 20 not
1179 3860 30 24 be
1220 3867 55 24 pos-

692 3887 58 24 sible
767 3890 27 21 to
809 3891 62 21 state
890 3886 34 34 by
941 3889 163 31 anticipation.
1136 3886 148 30 Two^mea-'

692 3927 75 19 sures,
779 3920 118 27 however,
914 3921 58 31 they
983 3921 69 24 deem
1063 3921 20 24 it
1093 3922 67 32 right
1162 3929 2 7 1
1166 3927 29 20 to
1199 3924 78 32 'bring

691 3952 158 33 prominently
860 3956 25 21 to
896 3961 60 24 your
973 3954 85 28 notice,
1072 3955 53 28 and,
1138 3959 26 21 to
1168 3954 5 14 3
1179 3978 3 8 ,
1180 3952 57 29 that
1253 3958 26 24 of

1317 522 49 25 the'
1370 523 88 31 public,
1468 531 26 16 as
1503 524 130 32 eminently
1639 524 130 24 calculated
1776 528 25 20 to
1813 525 91 24 further

1317 555 42 24 the
1369 556 57 24 best
1573 557 27 24 of
1616 556 40 25 the
1672 558 115 23 colonists
1798 558 27 23 of
1839 558 64 24 New

1319 588 122 27 Zealand,-^
1455 589 47 23 and
1523 592 26 21 to
1569 589 105 25 increase
1692 590 40 24 the
1879 591 25 24 of

1317 621 54 24 that
1394 621 147 25 attachment
1565 625 25 20 to
1613 622 62 25 their
1697 623 207 32 mother-country

1317 653 80 25 which
1417 654 32 24 all
1468 659 65 19 must
1552 655 66 23 unite
1627 655 29 30 ;in
1668 655 235 33 earnestlyjdesiring

1316 690 27 20 to
1353 690 146 28 perpetuate.
1532 687 68 31 They
1610 689 68 25 refer,
1700 689 61 26 first,
1773 692 24 19 to
1817 694 15 18 a
1846 689 58 31 plam

1315 718 34 33 by
1370 720 79 24 which
1477 720 281 27 inter-communication,
1784 720 58 24 both
1856 722 46 31 .by

1316 753 201 31 correspondence
1528 754 48 23 and
1581 754 39 30 -by
1637 754 40 23 the
1697 753 87 24 transit
1802 754 27 23 of
1842 762 57 23 pas-

1316 789 110 27 sengers,'
1441 786 107 24 between
1566 786 111 31 England
1694 787 48 23 and
1761 786 60 23 New
1840 787 60 24 Zea-

1315 817 65 28 land,
1403 818 62 24 shall
1492 819 29 23 be
1544 819 121 27 rendered,
1689 819 28 23 in
1736 819 49 24 'the
1811 822 90 21 utmost

1315 850 129 25 attainable
1464 852 93 30 degree,
1577 852 95 31 regular
1682 852 49 24 and
1745 852 82 31 rapid;
1845 854 59 26 and/

1316 884 119 31 secondly,
1465 888 26 20 to
1519 885 41 23 the
1588 885 181 24 establishment
1797 885 24 23 in
1853 886 47 23 this

1315 919 101 29 country
1426 917 28 24 of
1470 925 15 16 a
1502 918 118 30 seminary
1632 918 26 26 of.
1675 918 132 26 education,
1822 918 79 25 where

1314 949 88 30 youths
1413 949 81 25 whose
1512 955 96 26 parents
1626 958 27 16 or
1671 951 128 30 guardians
1817 951 83 24 intend

1314 981 67 24 them
1392 985 26 21 to
1429 988 67 19 enter
1506 991 63 23 upon
1581 991 16 16 a
1607 983 101 24 colonial
1719 991 78 16 career
1807 984 28 23 of
1849 984 55 28 life/

1314 1022 56 24 may
1381 1016 71 31 enjoy
1470 1016 40 23 the
1529 1015 90 25 benefit
1637 1017 27 23 of
1679 1025 16 15 a
1715 1019 87 29 system
1821 1017 27 23 of
1861 1017 36 23 in-

1314 1048 116 24 struction
1453 1049 120 31 expressly
1592 1049 85 24 suited,
1687 1052 27 21 to
1733 1050 29 23 fit
1780 1050 65 23 them
1862 1050 38 23 for

1314 1078 60 26 such
1394 1089 15 15 a
1426 1089 82 16 course
1519 1090 5 18 ;
1543 1082 87 27 whilst,
1651 1085 24 21 at
1687 1082 41 24 the
1749 1090 64 17 same
1833 1083 65 27 time,

1314 1112 59 32 they
1383 1122 41 16 are
1433 1115 127 30 preserved
1577 1115 62 23 from
1656 1115 43 24 the
1715 1115 87 24 hazard
1817 1116 30 34 of^
1858 1119 41 20 too

1315 1146 66 32 early
1392 1147 174 32 independence
1578 1148 27 23 of
1617 1148 100 28 control,
1728 1148 48 24 and
1793 1156 39 16 are
1842 1149 58 30 kept

1313 1179 86 24 within
1418 1180 40 23 the
1477 1181 115 23 influence
1612 1181 27 23 of
1655 1181 70 24 those
1743 1181 156 26 associations

1312 1211 80 25 which
1402 1221 41 16 are
1453 1214 53 23 best
1517 1214 130 24 culcalated
1658 1217 33 21 to,
1700 1214 100 31 impress
1816 1222 82 23 young

1312 1245 79 24 minds
1402 1245 59 25 with
1472 1254 30 16 an
1522 1247 134 31 intelligent
1670 1247 120 24 reference
1801 1247 38 24 for
1857 1247 41 24 the

1312 1277 115 33 religion;-
1443 1279 42 24 the
1506 1280 75 23 moral
1609 1280 148 27 sentiments,
1781 1280 48 24 and
1836 1299 6 4 .
1856 1280 42 24 the

1312 1310 80 33 happy
1402 1311 104 32 political
1524 1312 147 24 institutions
1691 1313 28 24 of
1735 1313 62 24 their
1816 1314 80 23 native

1316 1347 109 29 country.

1319 1393 5 3 -
1346 1377 30 24 7.-
1393 1377 68 25 Your
1477 1378 120 25 Directors
1620 1379 158 31 contemplate
1799 1378 41 24 the
1857 1382 37 21 at-

1310 1409 117 25 tainment
1437 1411 28 24 of
1473 1411 42 24 the
1526 1411 53 24 first
1595 1412 85 31 object,
1694 1419 26 17 as
1739 1419 60 16 soon
1809 1419 26 16 as
1847 1412 45 23 cir-

1310 1446 148 21 cumstances
1479 1444 61 24 shall
1550 1445 86 32 justify
1646 1445 41 24 the
1705 1452 127 24 necessary
1851 1452 40 16 ex-

1309 1475 132 32 penditure,
1450 1477 32 31 by
1490 1478 163 32 encouraging
1663 1478 42 23 the
1717 1478 179 23 establishment

1310 1508 27 24 of
1345 1517 15 15 a
1371 1509 116 25 sufficient
1497 1511 100 23 number
1607 1511 27 24 of
1635 1510 104 28 ixessels
1754 1515 26 19 to
1790 1511 59 30 keep
1860 1518 32 25 up

1309 1550 16 15 a
1329 1542 110 32 monthly
1449 1544 204 29 communication,
1662 1544 24 23 in
1700 1543 60 24 each
1771 1543 120 27 direction,

1308 1574 109 25 between
1428 1575 63 25 New
1500 1576 106 24 Zealand
1614 1578 47 23 and
1672 1577 42 24 the
1723 1581 58 19 west
1792 1580 66 20 coast
1868 1578 27 23 of

1308 1607 42 24 the
1369 1607 118 28 Isthmus.
1496 1609 26 24 of
1538 1609 97 28 Darien,
1655 1610 64 24 from
1738 1610 96 23 whence
1853 1610 41 23 the

1307 1648 102 23 passage
1416 1645 26 20 to
1451 1642 102 31 Chagre,
1562 1643 37 30 (in
1609 1643 68 24 order
1687 1645 25 21 to
1721 1643 169 23 communicate

1308 1673 59 25 with
1385 1673 41 25 the
1446 1675 135 24 Post-office
1602 1675 200 32 Steam-packets,
1814 1675 78 24 which

1307 1706 48 25 will
1366 1715 60 16 soon
1436 1715 136 17 commence
1581 1709 106 31 running
1702 1713 25 20 to
1741 1709 53 23 that
1804 1709 89 30 place,),

1306 1739 22 23 is
1339 1743 26 21 at
1375 1745 97 26 present
1482 1741 31 31 by
1524 1750 32 15 no
1564 1750 83 16 means
1658 1742 106 26 difficult,
1776 1742 47 23 and
1834 1742 54 27 will,

1308 1772 129 29 doubtless,
1453 1774 69 24 when
1542 1783 15 15 a
1576 1775 101 24 demand
1687 1775 39 23 for
1741 1775 106 23 facilities
1865 1774 27 24 of

1308 1808 122 29 transport
1438 1807 48 24 and
1496 1808 203 24 accommodation
1710 1808 80 26 arises,
1799 1809 29 23 be
1838 1816 53 16 ren-

1308 1838 73 25 dered
1387 1839 48 24 still
1447 1840 82 24 easier.
1564 1841 23 24 It
1595 1841 21 24 is
1624 1842 85 26 stated,
1720 1842 31 30 by
1760 1845 133 27 competent

1301 1872 155 27 .authorities,
1468 1873 52 25 that
1538 1875 198 23 communication
1747 1874 57 24 with
1825 1875 66 30 Eng-

1306 1901 58 28 land
1374 1906 33 31 by
1418 1906 48 24 this
1477 1910 68 21 route
1555 1915 56 24 may
1622 1908 34 25 be,
1661 1907 120 32 regularly
1792 1908 99 23 effected

1308 1937 23 23 in
1345 1943 99 28 seventy
1454 1939 67 33 days.
1555 1940 51 24 The
1621 1941 88 23 benefit
1720 1940 78 24 which
1814 1941 78 23 would

1308 1966 94 28 ac^rut^
1414 1968 106 41 tq^'New
1543 1972 104 25 Zealand
1663 1973 63 24 from
1748 1981 14 16 a
1787 1975 105 21 measure

1306 2002 77 25 which
1397 2004 78 24 would
1486 2006 83 23 render
1573 2005 33 28 >it,
1617 2006 24 23 in
1652 2006 76 27 effect,
1736 2007 43 23 the
1790 2009 101 24 nearest,

1306 2035 94 25 instead
1410 2037 27 24 of
1451 2037 42 24 the
1503 2042 63 20 most
1575 2039 95 27 distant,
1683 2039 28 23 of
1720 2039 41 24 the
1773 2039 117 24 Southern

1307 2068 113 26 Colonies
1437 2071 29 23 of
1478 2071 74 25 Great
1569 2072 99 27 Britain,
1681 2072 48 24 and
1744 2072 41 24 the
1795 2072 95 31 general

1306 2101 68 32 point
1381 2103 28 24 of
1414 2104 85 24 arrival
1505 2105 48 24 and
1560 2105 124 31 departure
1691 2106 37 22 for
1735 2113 15 16 a
1758 2113 56 23 very
1825 2105 66 31 large

1305 2136 139 30 proportion
1462 2138 27 22 of
1507 2138 41 24 the
1562 2145 141 24 passengers
1722 2138 106 24 between
1843 2138 47 23 this

1306 2172 101 31 couotry
1420 2171 47 23 and
1484 2171 40 23 the
1543 2171 91 24 several
1649 2175 67 27 ports
1731 2172 28 23 of
1773 2171 118 24 Australia

1306 2201 47 24 and
1365 2201 55 25 Van
1439 2203 122 25 Dieman's
1573 2204 76 28 Land,
1660 2205 20 23 is
1700 2205 103 30 scarcely
1818 2207 26 20 to
1861 2205 30 23 be

1305 2233 131 27 calculated
1458 2237 25 23 in
1505 2245 94 23 money,
1623 2237 47 24 and
1698 2237 21 24 is
1747 2237 144 31 abundantly

1306 2268 117 25 sufficient
1433 2273 27 20 to
1468 2270 84 31 justify
1564 2279 14 15 a
1586 2270 161 24 contribution
1759 2274 25 20 to
1793 2271 58 23 such
1860 2279 31 15 an

1308 2300 80 31 object
1399 2302 31 32 by
1441 2303 48 24 this
1501 2303 132 32 Company*
1759 2305 3 12 ;

1342 2335 24 22 8.
1383 2334 52 25 The
1446 2336 133 24 conviction
1590 2336 28 24 of
1628 2336 40 24 the
1679 2336 102 24 wisdom
1791 2336 26 24 of
1827 2340 61 20 esta-

1304 2367 107 32 blishing
1421 2368 25 24 in
1457 2368 48 24 this
1516 2373 98 27 country
1627 2378 15 15 a
1658 2370 120 31 seminary
1797 2378 26 15 or
1841 2371 47 22 col-

1305 2401 53 32 lege
1369 2402 38 23 for
1418 2402 41 24 the
1470 2402 124 25 education
1606 2402 28 25 of
1649 2403 70 24 those
1738 2404 54 23 who
1806 2404 84 23 intend

1304 2437 25 21 to
1342 2439 68 19 enter
1428 2443 65 24 upon
1510 2437 77 23 active
1597 2436 41 24 life
1648 2436 26 24 in
1693 2436 63 24 New
1776 2436 112 28 Zealand,

1304 2475 27 16 or
1350 2468 26 24 in
1396 2476 47 24 any
1453 2469 69 24 other
1532 2470 28 23 of
1576 2469 42 24 the
1628 2472 53 21 vast
1691 2470 69 23 fields
1771 2470 28 23 of
1811 2470 78 23 useful

1304 2501 48 23 and
1371 2501 147 25 honourable
1529 2503 155 31 'occupation,
1706 2510 55 16 now
1773 2511 69 23 ,open
1863 2507 26 19 to

1303 2534 67 24 them
1387 2534 26 24 in
1421 2536 6 7 v
1430 2534 54 26 the.
1488 2534 119 30 Colonies,
1626 2534 44 26 has
1680 2536 63 24 been
1759 2536 127 31 impressed

1303 2575 66 24 upon
1387 2576 62 25 your
1468 2569 129 28 Directors,
1617 2569 32 32 by
1659 2569 129 32 observing
1804 2569 54 24 that
1870 2569 19 24 it

1303 2601 45 24 has
1354 2624 3 3 .
1364 2599 62 27 been
1436 2601 75 26 found
1521 2611 126 23 necessary
1658 2607 24 20 to
1694 2603 98 31 provide
1802 2602 87 32 special

1304 2642 82 17 means
1397 2635 38 24 for
1454 2636 131 32 qualifying
1603 2637 74 30 youth
1688 2637 38 23 for
1737 2637 58 23 each
1806 2636 27 24 of
1847 2636 41 23 the

1304 2667 70 26 other
1387 2668 115 33 principal
1518 2670 104 31 pursuits
1639 2670 24 23 in
1680 2669 79 25 which
1775 2670 41 24 the
1832 2677 56 16 sons

1306 2701 26 24 of
1341 2701 42 25 the
1395 2701 85 32 higher
1500 2702 47 24 and
1557 2703 88 23 middle
1655 2702 88 24 classes
1755 2710 99 24 engage,
1855 2715 34 4 —

1303 2734 40 24 for
1352 2734 43 25 the
1406 2734 59 26 Law
1479 2736 48 24 and
1540 2736 102 26 Church,
1654 2736 40 25 for,
1703 2735 41 25 the
1755 2736 75 32 Army
1842 2735 47 24 and

1304 2766 81 32 Navy,
1401 2768 38 24 for
1449 2769 42 24 the
1502 2769 62 23 Civil
1576 2769 47 24 and
1634 2769 108 32 Military
1754 2769 94 24 Service
1865 2769 26 23 of

1306 2800 44 24 the
1360 2801 62 24 East
1437 2802 69 25 India
1518 2802 129 32 Company,
1659 2802 49 24 and
1719 2810 57 24 very
1786 2802 103 32 recently

1304 2832 38 25 for
1352 2834 66 24 Civil
1430 2835 162 32 Engineering
1602 2845 7 18 ;
1627 2836 48 24 and
1684 2835 55 25 that
1755 2836 42 24 the
1808 2837 79 30 dispo-

1305 2867 72 24 sition
1393 2868 28 23 of
1435 2868 42 25 the
1494 2873 64 20 most
1576 2869 134 31 intelligent
1728 2870 117 24 members
1864 2868 26 24 of

1305 2899 69 25 these
1380 2901 89 27 classes
1480 2905 25 21 to
1517 2903 86 23 choose
1614 2910 15 16 a
1640 2902 101 24 colonial
1760 2910 79 16 career
1852 2901 37 24 for

1305 2932 62 25 their
1377 2934 110 25 children
1498 2935 19 24 is
1536 2935 134 31 manifestly
1680 2936 49 24 and
1745 2936 91 32 rapidly
1849 2942 39 16 ac-

1305 2966 96 32 quiring
1574 2968 63 24 That
1662 2969 140 32 disposition
1830 2975 59 25 your

1305 2999 121 25 Directors
1446 3009 41 16 are
1507 3002 99 23 assured
1627 3002 22 23 is
1670 3002 114 26 checked,
1806 3002 21 24 if
1846 3004 43 21 not

1305 3032 133 32 altogether
1453 3035 130 31 repressed,
1602 3035 25 24 in
1638 3035 109 32 frequent
1760 3034 127 27 instances,

1305 3065 33 32 by
1352 3066 43 24 the
1411 3068 212 32 impracticability,
1635 3068 75 24 under
1722 3068 104 32 existing
1842 3067 44 24 cir-

1305 3103 158 26 cumstances,
1484 3101 26 24 of
1530 3102 126 30 providing
1675 3102 39 23 for
1729 3102 43 24 the
1788 3101 100 24 suitable

1305 3131 125 26 education
1448 3133 27 24 of
1493 3135 74 31 youth
1578 3134 108 25 destined
1696 3135 39 24 for
1747 3135 59 24 such
1815 3143 15 15 a
1840 3134 48 24 line

1305 3164 26 25 of
1343 3165 54 28 Jife,
1409 3167 107 24 between
1526 3167 42 24 the
1579 3175 45 24 age
1635 3171 25 21 at
1670 3168 80 24 which
1766 3175 120 24 persever-

1305 3205 58 17 ance
1382 3199 26 24 in
1425 3200 43 24 the
1484 3208 83 16 course
1578 3201 28 23 of
1620 3201 125 24 education
1761 3209 85 23 proper
1861 3204 26 20 to

1305 3231 89 32 qualify
1404 3232 38 24 for
1459 3241 15 16 a
1489 3233 132 31 profession
1637 3237 24 21 at
1675 3234 72 24 home
1762 3234 79 24 would
1857 3234 31 24 be

1304 3263 61 25 time
1373 3266 48 24 and
1431 3274 86 24 money
1528 3266 94 24 thrown
1633 3275 74 24 away,
1727 3268 49 23 and
1794 3268 54 23 that
1863 3271 25 21 at

1305 3296 78 26 which
1400 3307 16 15 a
1430 3307 82 24 young
1530 3307 56 16 man
1606 3300 68 24 could
1694 3301 77 32 safely
1786 3301 30 23 be
1832 3308 53 24 per-

1304 3329 86 26 mitted
1398 3334 26 22 to
1433 3333 98 23 embark
1543 3333 24 23 in
1578 3333 42 24 the
1630 3341 80 16 career
1718 3335 27 23 of
1754 3343 14 15 a
1779 3334 107 27 colonist,

1303 3363 38 24 far
1356 3365 114 24 removed
1486 3366 62 24 from
1569 3366 107 31 parental
1698 3368 49 23 and
1766 3367 31 24 all
1818 3367 69 24 other

1304 3397 100 28 control,
1417 3399 48 23 and
1474 3399 59 24 with
1544 3399 40 24 the
1592 3407 127 25 necessary
1726 3401 125 23 command
1863 3401 26 22 of

1303 3430 42 23 the
1355 3430 78 24 funds'
1438 3430 119 26 intended-
1562 3436 25 20 to
1597 3432 61 24 form
1669 3432 39 24 his
1720 3428 93 36 capital.
1840 3433 46 24 We

1303 3470 42 16 are
1360 3464 102 24 anxious
1479 3468 25 20 to
1524 3465 85 31 supply
1625 3465 48 25 this
1690 3466 128 32 deficiency
1828 3466 59 24 with

1303 3495 42 24 the
1363 3495 62 25 least
1446 3497 104 31 possible
1570 3498 76 32 delay,
1664 3500 48 23 and
1727 3500 48 23 feel
1790 3499 97 24 assured

1303 3526 52 27 that
1367 3530 61 24 after
1437 3530 43 24 the
1491 3538 102 24 expense
1606 3531 26 25 of
1642 3531 41 25 the
1694 3533 53 23 first
1762 3532 123 24 establish-

1303 3566 66 19 ment
1380 3562 45 24 has
1434 3564 63 23 been
1508 3563 119 33 defrayed,
1640 3564 18 25 it
1668 3572 58 25 may
1734 3566 32 23 be
1778 3568 107 28 support-

1303 3594 29 24 ed
1353 3596 32 31 by
1404 3596 31 23 its
1447 3604 54 16 own
1516 3596 102 25 income.
1652 3597 23 25 It
1693 3598 21 24 is
1729 3606 157 23 unnecessary

1302 3630 26 21 to
1348 3628 72 24 dilate
1442 3637 64 23 upon
1519 3649 5 8 v
1527 3629 42 24 the
1587 3630 101 25 benefits
1708 3631 80 24 which
1807 3630 80 25 would

1303 3668 83 17 accrue
1404 3664 26 22 to
1447 3662 63 24 New
1527 3662 105 25 Zealand
1642 3663 61 27 from
1721 3664 41 24 the
1779 3663 107 27 stimulus

1301 3693 80 25 which
1388 3695 60 24 such
1459 3703 32 16 an
1500 3695 136 25 institution
1652 3697 80 24 would
1743 3697 54 32 give
1807 3701 27 20 to
1846 3697 40 24 the
1893 3705 4 4 •

1303 3726 142 33 emigration
1456 3728 27 23 of
1491 3736 30 16 an
1533 3729 154 32 exceedingly
1705 3730 107 24 valuable
1823 3730 63 24 class

1302 3759 27 24 of
1347 3761 123 23 colonists.
1508 3761 52 24 The
1582 3762 171 24 Shareholders
1774 3761 47 26 will
1837 3763 50 24 find

1303 3792 60 25 both
1374 3793 42 24 the
1427 3794 104 30 subjects
1544 3795 27 23 of
1587 3795 43 23 the
1640 3795 126 32 foregoing
1776 3796 110 24 observa-

1303 3825 62 25 tions
1376 3827 94 23 treated
1479 3827 25 23 in
1519 3828 155 30 paragraphs,
1687 3829 33 22 24
1731 3829 49 23 and
1791 3830 30 22 25
1833 3829 28 24 of
1874 3837 14 16 a

1303 3858 109 31 dispatch
1430 3862 26 20 to
1479 3859 108 25 Colonel-
1600 3860 140 28 Wakefield,
1759 3862 70 24 dated
1846 3862 41 23 the

1303 3891 61 23 26th
1375 3891 92 28 ultimo,
1478 3892 79 24 which
1567 3892 49 24 will
1626 3893 29 23 be
1663 3893 103 31 printed,
1779 3893 36 24 for
1825 3894 62 23 their

1302 3923 161 28 information,
1475 3931 26 16 as
1509 3932 32 15 an
1552 3924 125 32 Appendix
1689 3929 27 20 to
1727 3926 48 23 this
1787 3926 97 31 Report.

1336 3956 24 24 9.
1378 3955 68 25 Your
1453 3956 120 25 Directors
1580 3965 55 23 pass
1645 3966 30 16 on
1683 3963 25 19 to
1719 3958 75 25 notice
1803 3959 82 29 briefly
1898 3956 2 20 !
