2580 4050
1301 134 72 21 acres,
1396 128 136 23 constitutes
1544 137 14 14 a
1569 133 108 27 property
1690 128 75 25 which
1777 134 84 19 cannot
1870 130 28 23 be

1301 160 123 36 estimated
1435 161 26 23 in
1471 160 105 24 ultimate
1588 169 83 23 money
1682 162 75 29 value,
1774 162 124 32 according

1302 198 23 18 to
1337 187 45 29 thV
1385 193 81 24 lowest
1475 195 62 31 price
1555 199 23 19 at
1597 195 75 23 which
1693 195 39 23 the
1751 195 84 24 Crown
1856 196 41 23 has

1301 225 144 25 determined
1459 231 22 28 Jo
1494 227 43 24 sell
1548 227 79 32 public
1636 228 67 24 lands
1722 229 25 23 in
1755 228 62 26 .New
1837 229 59 23 Zea-

1299 259 67 32 land^
1374 264 26 19 at
1407 259 47 24 less
1466 255 56 29 thati
1531 262 43 23 >£l
1584 267 42 25 per
1636 269 61 21 acre,
1710 269 26 16 or
1754 254 140 36 £800,600-.

1300 292 58 24 Tins
1370 300 51 16 sum
1434 292 38 24 the
1484 289 123 28 Directors'
1622 294 45 24 feel
1873 296 23 24 3t

1299 325 130 33 would/be
1457 327 25 24 in
1504 327 59 24 their
1596 335 77 24 power
1704 332 23 19 to
1756 329 83 23 realize
1871 330 25 23 in

1299 358 39 25 the
1375 366 81 17 course
1494 360 26 24 of
1564 360 55 24 time
1647 361 31 31 by
1701 362 96 31 gradual
1826 362 68 30 sales,

1299 393 45 23 and
1372 393 97 24 without
1496 394 88 23 further
1607 395 168 24 contributions
1784 414 4 3 .
1802 395 31 32 by
1857 396 37 24 the

1290 423 137 34 'Company,
1449 428 31 22 -in
1510 432 92 27 respect
1634 428 25 23 of
1685 428 65 24 these
1765 429 82 29 -lands,
1871 433 23 20 to

1300 459 38 24 the
1359 460 137 30 emigration
1517 461 26 23 of
1569 461 89 31 people.
1706 462 55 23 Still
1782 462 47 24 less
1853 471 41 15 can

1301 492 62 24 there
1395 493 29 23 be
1460 502 44 23 any
1536 494 79 29 doubt,
1642 495 50 23 that
1722 496 122 24 inasmuch
1868 504 25 16 as

1299 522 64 28 these
1374 525 67 25 lands
1453 535 37 15 are
1506 527 97 31 granted
1624 532 23 19 to
1664 529 39 24 the
1725 529 120 32 Company
1864 537 30 17 on

1300 559 38 24 the
1349 567 66 16 score
1428 560 23 24 of
1472 566 53 26 past
1541 561 149 32 expenditure
1708 562 37 24 for
1764 563 130 32 colonizing

1298 600 119 24 purposes,
1432 593 38 24 the
1483 594 120 32 Company
1620 595 74 24 would
1706 595 29 24 be
1753 592 104 36 justified
1868 597 24 24 in

1299 626 104 31 dividing
1412 627 38 23 the
1461 628 72 23 whole
1550 628 26 23 of
1598 629 38 23 the
1652 629 110 32 proceeds
1786 631 26 23 of
1835 631 57 24 such

1299 659 95 31 gradual
1405 660 59 23 sales
1476 669 85 23 among
1577 662 40 23 the
1634 662 168 26 shareholders.
1843 664 49 24 But

1299 693 63 24 there
1373 694 22 23 is
1405 701 14 16 a
1430 694 35 23 far
1482 703 63 15 more
1563 696 126 31 important
1709 697 105 30 question
1836 697 56 25 than

1299 727 37 23 the
1348 726 61 31 legal
1421 727 45 24 and
1476 729 73 22 moral
1560 728 63 31 right
1635 729 26 22 of
1675 729 39 24 the
1733 729 120 32 Company
1867 736 23 19 to

1299 755 45 35 sejl,
1352 760 64 24 these
1428 761 66 23 lands
1505 762 36 23 for
1553 756 38 28 the
1604 762 130 24 immediate
1747 763 44 23 and
1810 764 80 23 exclu-

1299 794 46 22 sive
1357 793 85 24 benefit
1450 795 26 22 of
1483 794 39 24 the
1532 795 168 29 shareholders,
1702 809 34 3 —
1737 796 35 23 for
1781 796 38 24 the
1828 805 62 16 mere

1299 834 104 23 purpose,
1417 828 49 23 that
1477 829 27 28 is,
1518 829 26 23 of
1559 829 118 31 replacing
1696 829 55 23 with
1767 830 69 31 profit
1852 831 44 23 the-

1299 860 82 32 capital
1393 861 75 24 which
1478 861 43 24 has
1530 862 60 23 been
1607 862 47 23 laid
1672 867 40 19 out
1727 864 24 22 in
1770 864 121 32 acquiring

1299 894 38 23 the
1347 894 66 23 lands
1423 903 6 15 :
1450 895 46 23 and
1515 895 46 23 this
1577 896 106 30 question
1702 897 29 27 is,
1751 896 101 25 whether
1873 899 17 22 it

1299 927 73 24 would
1382 928 28 23 be
1422 928 86 32 politic,
1522 929 54 23 with
1589 929 37 24 the
1638 930 57 23 view
1708 936 22 17 to
1740 930 37 23 the
1786 931 104 24 ultimate

1299 961 124 30 advantage
1447 962 25 23 of
1498 962 38 23 the
1560 962 167 29 shareholders,
1750 969 22 18 to
1796 965 58 23 such
1877 974 13 14 a

1299 1001 87 17 course.
1429 995 51 24 The
1494 995 72 24 Court
1577 1004 39 15 are
1627 997 118 31 decidedly
1757 998 25 23 of
1797 999 93 31 opinion

1298 1027 49 24 that
1356 1029 19 22 it
1384 1028 75 24 would
1471 1035 47 18 not.
1555 1030 61 23 lam
1628 1030 88 24 desired
1730 1035 22 19 to
1764 1036 59 19 state
1831 1031 59 25 their
1897 1036 2 24 ;

1297 1069 94 16 reasons
1404 1063 35 22 for
1452 1063 45 22 this
1511 1064 139 22 conclusion.
1897 1063 2 23 !

1330 1097 24 21 5.
1375 1096 37 29 By
1433 1096 38 23 the
1491 1096 97 24 Charter
1605 1098 73 22 which
1697 1099 18 22 it
1736 1098 41 24 has
1795 1099 94 32 pleased

1297 1128 40 24 her
1356 1129 103 31 Majesty
1480 1134 21 19 to
1523 1135 68 25 grant
1613 1136 21 18 to
1659 1132 37 23 the
1720 1132 167 30 shareholders,

1297 1162 52 30 they
1362 1171 40 15 are
1413 1164 166 30 incorporated,
1581 1177 34 3 —
1616 1165 117 23 extensive
1751 1174 88 23 powers
1850 1175 38 15 are

1297 1196 113 23 bestowed
1430 1204 62 24 upon
1516 1197 62 23 them
1600 1204 24 16 as
1646 1205 13 16 a
1681 1199 126 31 Company,
1809 1212 34 4 —
1844 1200 45 24 and

1298 1228 53 32 they
1362 1238 38 15 are
1412 1231 106 30 required
1529 1236 23 18 to
1565 1232 102 22 increase
1676 1232 60 23 their
1743 1233 83 30 capital
1833 1242 54 23 very

1297 1263 93 31 largely,
1413 1263 36 24 for
1472 1264 39 23 the
1531 1272 100 24 purpose
1654 1265 26 23 of
1706 1266 123 32 becoming
1849 1266 39 25 the

1296 1297 111 30 principal
1420 1298 138 23 instrument
1569 1298 25 23 of
1610 1298 16 24 StateS
1631 1303 45 19 tate
1685 1300 25 22 in
1722 1299 38 25 the
1772 1300 115 24 coloniza-

1297 1330 47 23 tion
1356 1331 26 22 of
1396 1330 58 24 New
1467 1331 109 25 Zealand.
1614 1331 25 24 If
1655 1332 37 23 the
1710 1332 75 32 object
1796 1334 26 23 of
1842 1334 45 24 this

1298 1363 96 24 Charter
1406 1364 82 24 should
1499 1365 28 23 be
1539 1365 105 29 fulfilled,
1667 1365 37 25 the
1722 1368 128 30 operations
1864 1369 25 23 of

1297 1396 37 25 the
1347 1398 119 32 Company
1478 1399 45 23 will
1535 1404 41 18 not
1587 1399 28 24 be
1628 1400 105 23 confined
1744 1405 23 19 to
1779 1401 39 24 the
1837 1402 48 23 dis-

1295 1431 64 31 posal
1377 1432 25 22 of
1425 1432 65 23 lands
1508 1433 107 30 acquired
1633 1433 32 31 by
1683 1442 79 16 means
1785 1435 25 23 of
1835 1440 53 26 past

1298 1465 148 30 expenditure
1459 1465 45 24 and
1514 1466 124 29 liabilities,
1652 1466 40 25 but
1704 1468 46 23 will
1762 1469 85 23 extend
1864 1473 23 19 to

1297 1498 89 24 further
1407 1499 124 31 purchases
1551 1499 61 24 from
1634 1500 39 24 the
1692 1501 91 30 Crown,
1802 1506 24 20 to
1849 1503 38 23 the

1297 1532 96 23 conduct
1404 1532 25 23 of
1449 1533 156 31 immigration
1616 1534 23 23 in
1651 1536 132 30 proportion
1796 1540 22 19 to
1831 1538 56 22 such

1295 1565 87 24 further
1403 1566 132 31 purchases,
1554 1568 46 23 and
1615 1571 23 20 to
1657 1568 40 24 the
1719 1569 123 24 formation
1864 1571 25 23 of

1296 1599 142 24 settlements
1449 1600 23 23 in
1487 1600 115 25 whatever
1621 1606 52 27 part
1692 1602 27 23 of
1737 1603 39 23 the
1795 1603 91 24 Islands

1295 1633 90 23 natural
1397 1634 177 24 circumstances
1586 1643 53 23 may
1651 1635 54 24 hold
1721 1641 39 19 out
1772 1637 39 23 the
1820 1646 65 22 pros-

1297 1671 51 25 pect
1365 1666 25 23 of
1410 1668 54 28 gain
1480 1667 30 31 by
1527 1668 58 23 such
1603 1669 175 32 undertakings.
1835 1671 50 24 The

1296 1699 126 30 Directors,
1452 1699 121 32 therefore,
1595 1702 46 24 feel
1663 1703 18 23 it
1703 1704 133 23 incumbent
1857 1713 29 16 on

1297 1733 60 23 them
1370 1738 22 19 to
1405 1734 97 29 consult,
1519 1740 41 19 not
1576 1736 87 31 merely
1679 1737 39 23 the
1734 1743 94 26 present
1845 1739 41 23 ad-

1296 1772 95 26 vantage
1409 1768 24 22 of
1456 1769 38 22 the
1511 1769 168 30 shareholders,
1699 1771 43 22 but
1760 1771 49 24 also
1828 1773 58 23 their

1295 1800 75 23 future
1382 1802 101 27 interest,
1497 1802 82 29 which,
1588 1803 55 23 with
1651 1804 60 31 good
1718 1811 167 24 management,

1297 1834 44 23 will
1353 1835 29 23 be
1393 1835 25 23 in
1429 1837 132 30 proportion
1581 1841 23 19 to
1614 1837 39 23 the
1663 1838 132 30 magnitude
1808 1839 25 23 of
1848 1840 37 23 the

1297 1867 138 33 Company's
1464 1870 77 23 future
1563 1870 175 33 undertakings.
1788 1872 36 24 As
1848 1873 38 24 the

1297 1901 118 32 Company
1426 1902 41 24 has
1479 1903 77 23 future
1568 1904 87 31 objects
1675 1905 25 23 of
1722 1905 57 24 such
1799 1907 86 31 impor-

1295 1938 65 22 tance
1387 1936 25 23 hi
1429 1937 65 28 view,
1515 1936 38 24 the
1573 1937 119 25 Directors
1714 1938 67 25 think
1800 1940 49 24 that
1868 1942 18 22 it

1287 1967 82 24 .would
1381 1969 27 23 be
1419 1977 15 15 a
1445 1977 88 15 narrow
1543 1971 46 22 and
1597 1971 170 30 short-sighted
1774 1974 75 30 policy
1856 1982 29 15 on

1294 2001 59 24 their
1365 2007 58 25 part,
1437 2007 22 18 to
1472 2002 91 31 dispose
1574 2004 27 23 of
1615 2004 39 23 the
1674 2004 140 33 Company's
1831 2014 53 23 pre-

1295 2040 51 18 sent
1358 2042 106 25 property
1476 2036 22 23 in
1512 2036 60 29 land,
1586 2037 34 23 for
1633 2037 38 24 the
1682 2046 62 15 mere
1755 2047 99 23 purpose
1862 2041 26 23 of

1295 2070 90 30 putting
1395 2077 81 23 money
1487 2070 155 31 immediately
1652 2072 47 22 into
1711 2072 38 24 the
1756 2073 96 30 pockets
1862 2074 26 23 of

1295 2101 38 24 the
1356 2103 166 23 shareholders.
1570 2103 25 24 It
1617 2112 96 24 appears
1736 2111 22 18 to
1779 2106 62 25 them
1862 2108 25 23 of

1295 2136 108 23 essential
1414 2137 138 30 importance
1565 2142 23 19 to
1598 2137 38 25 the
1648 2143 100 26 greatest
1763 2145 119 27 prosperty

1284 2175 2 21 I
1296 2169 23 23 of
1344 2169 38 24 the
1407 2170 118 32 Company
1548 2171 24 23 in
1593 2171 38 24 the
1649 2172 55 31 long
1720 2181 50 20 run,
1792 2174 50 24 that
1860 2175 24 23 in

1284 2204 2 25 j
1295 2202 37 23 the
1345 2203 100 31 disposal
1457 2204 24 23 of
1497 2212 68 23 every
1577 2213 52 15 acre
1646 2206 25 22 of
1690 2207 54 23 land
1762 2207 50 24 that
1831 2216 54 24 may

1295 2244 61 16 come
1382 2237 48 23 into
1447 2238 29 23 its
1500 2239 140 30 possession,
1662 2239 39 24 the
1722 2241 111 32 principle
1862 2243 25 23 of

1295 2270 148 24 colonization
1463 2280 29 14 on
1518 2272 74 23 which
1621 2274 39 22 the
1690 2274 120 33 Company
1837 2284 47 16 was

1294 2303 105 29 founded,
1412 2305 44 23 and
1468 2310 22 18 to
1501 2305 72 24 which
1584 2307 16 22 it
1609 2306 42 24 has
1661 2307 53 24 thus
1723 2308 35 23 far
1767 2309 117 32 faithfully

1294 2337 104 29 adhered,
1409 2338 82 24 should
1510 2339 29 23 be
1551 2348 25 14 as
1595 2341 89 30 strictiy
1696 2341 109 25 observed
1826 2352 24 14 as
1866 2344 23 24 if-

1294 2371 62 24 there
1369 2380 57 15 were
1445 2380 13 15 a
1475 2373 61 30 legal
1555 2373 124 31 obligation
1698 2379 22 19 to
1739 2375 49 24 that
1807 2377 75 24 effect.

1295 2404 24 24 If
1333 2405 38 23 the
1382 2405 120 24 Directors
1521 2414 58 16 were
1600 2415 51 16 now
1670 2412 24 20 to
1713 2409 42 23 sell
1773 2418 45 23 any
1829 2411 54 23 land

1292 2438 35 23 for
1338 2447 14 14 a
1363 2439 46 22 less
1419 2440 63 30 price
1493 2439 56 24 than
1561 2440 49 24 that
1619 2441 76 24 which
1706 2443 19 22 is
1735 2444 105 31 required
1852 2444 31 32 by

1293 2472 37 23 the
1345 2472 91 30 Crown,
1449 2481 25 15 or
1492 2474 96 24 without
1606 2476 122 31 providing
1748 2477 136 31 emigration

1292 2505 24 23 in
1327 2507 131 30 proportion
1469 2511 23 19 to
1504 2507 39 23 the
1563 2508 55 24 land
1638 2509 58 29 said,
1709 2510 49 23 that
1769 2512 113 31 principle

1293 2539 25 23 of
1327 2539 151 25 colonization
1489 2541 75 23 would
1574 2541 28 24 be
1610 2547 37 19 set
1653 2547 23 19 at
1682 2543 96 32 naught.
1816 2545 67 24 Evils

1293 2573 24 22 of
1344 2574 92 23 various
1463 2573 70 24 kinds
1558 2575 68 24 could
1649 2581 42 18 not
1726 2578 43 23 but
1803 2587 79 16 ensue.

1292 2606 52 24 The
1357 2607 83 23 Crown
1452 2608 74 24 would
1543 2608 29 24 be
1591 2609 124 25 undersold
1732 2611 23 23 in
1775 2611 39 24 the
1828 2613 56 23 land

1292 2640 97 29 market,
1400 2641 43 24 and
1454 2641 42 24 her
1506 2641 124 33 Majesty's
1640 2642 158 27 Government
1809 2646 75 24 would

1292 2673 57 24 have
1368 2674 51 31 just
1442 2682 67 16 cause
1531 2679 24 20 to
1578 2681 81 26 repent
1681 2677 27 23 of
1733 2678 39 24 the
1800 2679 82 24 liberal

1292 2712 158 26 arrangement
1469 2709 51 23 that
1535 2709 43 23 has
1602 2710 58 23 been
1678 2711 66 24 made
1769 2712 55 24 with
1843 2713 39 23 the

1292 2741 127 31 Company.
1455 2742 146 31 Emigration
1612 2747 40 20 not
1661 2743 71 33 being
1742 2747 105 31 supplied
1857 2747 25 23 in

1291 2775 131 31 proportion
1434 2780 23 19 to
1468 2776 88 32 private
1573 2782 109 27 property
1692 2778 25 24 in
1728 2778 62 30 land,
1801 2780 81 24 labour

1292 2808 73 24 would
1383 2808 28 24 be
1429 2817 63 16 more
1511 2818 76 16 scarce
1596 2820 6 19 ;
1623 2811 43 23 and
1679 2816 40 20 not
1736 2813 55 31 only
1809 2814 73 23 would

1292 2841 37 24 the
1342 2842 107 23 colonists
1459 2843 118 33 generally
1584 2844 57 24 have
1648 2853 82 16 reason
1737 2851 23 19 to
1769 2848 113 31 complain

1292 2875 26 23 of
1343 2883 14 15 a
1378 2876 78 31 public
1481 2877 85 32 injury,
1589 2878 42 24 but
1658 2879 65 24 those
1755 2881 51 23 who
1837 2881 45 24 had

1291 2909 78 24 before
1389 2910 87 30 bought
1497 2910 55 25 land
1575 2912 25 23 of
1626 2911 38 24 the
1689 2913 127 33 Company,
1838 2916 44 23 and

1291 2943 76 24 whose
1389 2943 112 32 purchase
1524 2952 84 24 money
1628 2945 46 25 had
1696 2947 120 24 furnished
1843 2949 39 24 the

1290 2984 80 17 means
1393 2978 25 23 of
1439 2978 136 32 emigration
1596 2980 25 23 in
1642 2982 135 29 proportion
1799 2986 24 20 to
1843 2982 39 24 the

1292 3015 77 20 extent
1398 3011 25 23 of
1449 3011 49 25 that
1525 3012 63 30 land,
1609 3014 76 23 would
1712 3015 29 23 be
1770 3016 112 32 seriously

1291 3044 111 32 damaged
1421 3045 31 31 by
1469 3046 89 31 finding
1577 3046 38 24 the
1633 3047 80 24 labour
1731 3048 77 24 which
1826 3050 56 31 they

1290 3077 45 25 had
1346 3078 118 32 imported,
1478 3079 70 24 taken
1560 3086 63 26 away
1635 3081 59 24 from
1706 3082 61 24 them
1779 3083 31 31 by
1817 3083 65 24 other

1290 3111 84 31 buyers
1386 3112 57 24 from
1456 3113 37 24 the
1514 3113 126 32 Company,
1652 3116 51 22 who
1720 3115 45 25 had
1775 3121 41 19 not
1828 3125 53 24 pro-

1290 3145 65 23 vided
1367 3145 36 24 for
1414 3154 44 23 any
1470 3147 144 31 emigration.
1651 3149 52 23 The
1720 3149 50 24 first
1781 3150 99 31 purcha-

1289 3186 49 16 sers
1351 3179 73 24 would
1435 3180 82 24 almost
1529 3181 57 23 have
1598 3190 14 15 a
1624 3182 62 31 right
1697 3187 23 19 to
1732 3184 114 31 complain
1858 3185 26 23 of

1289 3212 45 24 bad
1345 3212 57 24 faith
1414 3221 29 16 on
1456 3213 37 24 the
1506 3219 51 27 part
1570 3215 25 24 of
1610 3215 38 24 the
1665 3217 128 32 Company,
1806 3218 75 24 which

1289 3245 41 24 has
1342 3246 84 31 always
1437 3244 53 27 held
1503 3252 40 19 out
1553 3248 42 24 the
1603 3255 107 26 prospect
1722 3251 49 23 that
1782 3256 40 19 not
1833 3251 47 24 less

1288 3279 56 24 than
1358 3282 51 22 15s.
1421 3288 41 24 per
1472 3289 51 16 acre
1536 3282 74 24 would
1628 3283 28 24 be
1677 3283 95 26 devoted
1788 3290 22 19 to
1823 3286 57 23 emi-

1287 3313 99 31 gration.
1422 3314 30 24 In
1471 3315 46 23 this
1538 3323 50 24 way
1602 3316 38 24 the
1660 3319 130 30 prosperity
1802 3319 25 23 of
1842 3319 38 24 the

1288 3346 91 24 settlers
1388 3348 74 24 would
1473 3348 29 24 be
1513 3349 110 30 checked,
1633 3351 45 24 and
1689 3351 38 24 the
1741 3352 139 32 Company's

1288 3380 117 24 character
1428 3382 36 24 for
1483 3383 79 31 public
1580 3384 67 31 spirit
1666 3385 46 24 and
1729 3385 92 25 faithful
1839 3386 41 24 ad-

1288 3413 96 24 herence
1396 3418 22 20 to
1428 3416 30 23 its
1471 3422 163 26 engagements
1642 3418 75 24 would
1723 3418 28 24 be
1760 3420 118 31 damaged.

1288 3447 40 25 In'
1339 3447 38 24 the
1395 3448 52 29 end,
1459 3448 39 25 the
1518 3450 159 26 shareholders
1699 3453 76 24 would
1794 3453 29 23 be
1841 3454 38 23 the

1287 3484 101 28 greatest
1405 3482 115 25 sufferers.
1557 3483 52 25 The
1630 3484 120 26 Directors
1767 3486 58 25 have
1841 3495 37 15 re-

1287 3515 79 23 solved
1391 3516 154 32 accordingly,
1566 3518 50 23 that
1633 3519 79 24 unless
1730 3527 65 17 some
1814 3524 66 28 great

1288 3549 88 31 change
1386 3549 83 24 should
1489 3550 54 24 take
1562 3551 64 32 place
1646 3552 25 23 in
1690 3552 38 25 the
1744 3554 100 31 position
1856 3554 25 23 of

1288 3583 38 23 the
1339 3583 127 32 Company-,
1478 3584 58 24 such
1547 3592 25 16 as
1584 3593 96 24 appears
1696 3586 127 32 altogether
1834 3587 43 24 im-

1286 3616 116 32 probable,
1416 3624 58 16 none
1486 3618 27 23 of
1527 3617 38 24 the
1574 3618 54 23 land
1640 3620 106 30 acquired
1759 3620 30 31 by
1800 3628 78 16 means

1287 3650 26 24 of
1327 3654 52 27 past
1391 3650 148 31 expenditure
1547 3651 60 25 shall
1618 3652 27 24 be
1658 3652 95 25 sold.for
1763 3654 47 23 less
1823 3653 55 25 than

1287 3684 38 23 the
1337 3684 93 31 general
1447 3685 122 24 minimum
1588 3686 62 30 price
1669 3686 25 23 of
1710 3686 82 25 Crown
1803 3687 74 29 lands,

1287 3718 91 31 namely
1389 3719 54 23 20s.
1456 3726 41 23 per
1508 3726 61 21 acre,
1581 3719 45 23 and
1644 3719 50 23 that
1713 3725 41 19 not
1765 3721 46 23 less
1823 3720 55 25 than

1290 3754 28 21 15
1322 3759 19 16 s.
1354 3759 41 23 per
1416 3759 51 16 acre
1483 3750 26 25 of
1523 3752 40 23 the
1580 3752 110 32 proceeds
1703 3754 24 24 of
1743 3753 47 25 sale
1810 3754 67 30 shall,

1287 3792 26 16 as
1324 3784 136 30 heretofore,
1471 3785 29 24 be
1512 3785 97 25 devoted
1618 3790 23 20 to
1653 3787 144 30 emigration.

1322 3819 24 24 6.
1365 3818 51 25 The
1431 3818 122 25 Directors
1574 3827 38 16 are
1630 3827 118 18 moreover
1769 3821 108 30 satisfied,

1287 3852 50 24 that
1348 3853 25 23 in
1390 3852 53 24 thus
1460 3852 121 33 providing
1602 3854 90 31 against
1708 3854 77 32 injury
1796 3860 23 18 to
1839 3850 39 29 the'

1287 3885 92 25 settlers
1391 3886 45 24 and
1445 3891 23 20 to
1480 3886 38 25 the
1531 3887 117 24 character
1658 3888 26 23 of
1699 3888 38 24 the
1751 3888 127 33 Company,

1287 3919 55 31 they
1354 3919 75 25 make-
1440 3928 29 16 no
1488 3921 103 24 sacrifice
1612 3921 25 24 of
1652 3921 38 24 the
1711 3923 87 31 merely
1809 3930 69 26 pecu-

1287 3953 65 32 niary
1362 3954 95 23 interest
1468 3954 26 24 of
1504 3954 39 24 the
1551 3954 167 25 shareholders.
1755 3955 123 26 Whatever

1287 3985 92 31 maybe
1398 3986 40 24 the
1457 3991 96 19 amount
1571 3987 27 23 of
1613 3989 135 29 emigration
1758 3986 86 34 'outlay
1856 3991 22 22 in

294 35 323 43 SVPVLim&ET
638 40 63 33 TO
723 40 101 33 THE
848 40 64 33 NE
914 41 296 34 Wn^EAfckNB
1220 42 243 35 rGA&ETH'E
1471 58 8 17 *
1482 43 105 32 ANB
1965 46 294 35 SPECTATOR.

717 1060 37 23 19.
775 1059 63 23 Your
851 1058 127 30 Directors,
992 1060 76 31 acting
1078 1060 72 24 under
1163 1060 39 24 the
1214 1061 54 23 deed

680 1092 26 23 of
720 1092 137 30 settlement,
867 1092 58 25 have
938 1093 103 24 declared
1052 1102 14 15 a
1077 1093 106 24 dividend
1196 1095 26 22 of
1239 1096 29 22 10'

680 1134 40 23 per
732 1131 59 19 cent,
804 1134 61 23 upon
877 1126 38 24 the
928 1126 80 31 capital
1028 1127 65 23 stock
1106 1127 26 23 of
1148 1127 36 24 the
1199 1128 69 23 Com-

680 1167 69 23 pany.

681 125 126 23 handsome
817 126 68 30 profit
902 133 62 23 upon
975 125 31 24 its
1018 126 83 32 capital
1109 135 7 20 ;
1135 126 46 24 and
1198 126 74 24 would

680 157 90 24 besides
793 158 27 23 be
840 158 101 29 entitled,
961 158 72 24 under
1054 158 38 24 the
1113 165 159 25 arrangement

681 191 88 23 formed
781 191 54 24 with
847 191 40 24 her
900 191 123 31 Majesty's
1038 191 165 30 Government,
1208 184 46 33 Vo*
1259 201 13 15 a

683 223 61 24 fresh
763 224 118 24 allotment
902 225 26 23 of
937 224 70 30 .land,-
1023 226 22 23 in
1064 226 169 24 consideration
1250 226 22 24 of

680 254 294 35 ,th!elsums,fexpeO;ded'in
1144 266 32 19 tor
1188 266 30 16 on

683 297 81 23 survey
775 291 25 22 of
809 290 38 24 the
857 285 66 29 iands
937 291 57 24 sold.
1030 291 48 24 But
1088 292 19 23 it
1118 286 86 29 will'b'e
1218 300 53 16 seen

683 323 57 24 from
760 323 37 23 the
815 325 148 23 instructions
981 324 73 24 which
1073 325 52 31 they
1147 325 77 24 issued
1243 333 28 16 on

683 356 37 24 the
733 356 59 25 26th
804 357 53 24 inst.
869 361 22 19 to
905 356 58 25 their
974 358 111 31 principal
1098 363 69 26 agent
1177 360 25 23 in
1215 359 56 24 New

684 389 135 25 Zealand—
819 398 24 16 as
861 390 92 32 printed
972 392 25 22 in
1015 391 37 24 the
1059 403 5 4 ■
1074 392 198 32 appendix—^that

683 431 56 23 your
754 423 117 24 Directors
882 424 31 31 by
925 432 29 15 no
965 432 78 16 means
1064 426 151 31 contemplate
1235 426 36 23 the

681 457 115 30 necessity
819 457 25 23 of
866 457 110 32 adhering
1001 458 131 32 uniformly,
1162 466 25 17 or
1216 466 56 17 even

681 490 124 31 generally,
819 494 22 19 to
860 490 39 24 the
917 490 90 25 scheme
1024 492 25 23 of
1065 492 48 23 sale
1133 491 72 24 which
1219 492 52 31 they

681 523 58 24 have
761 523 99 24 hitherto
881 523 110 32 pursued.
1027 524 37 24 On
1094 525 39 23 the
1156 530 114 26 contrary,

683 555 52 33 they
753 556 80 25 intend
849 557 50 24 that
916 556 47 25 sale
981 557 31 31 by
1029 559 91 23 auction
1139 558 82 24 should
1243 559 28 24 be

683 589 101 25 resorted
796 595 24 19 to
831 590 120 24 whenever
966 591 176 24 circumstances
1154 600 53 23 may
1219 600 52 16 ren-

681 623 41 24 der
734 624 57 23 such
812 631 13 16 a
841 631 82 17 course
942 624 89 32 eligible
1040 634 6 20 ;
1066 626 45 23 and
1126 626 54 31 they
1191 626 30 23 do
1232 630 39 19 not

681 656 70 24 doubt
762 657 50 23 that
822 657 49 25 that
882 657 67 24 mode
961 658 26 24 of
995 659 46 23 sale
1053 659 75 23 would
1140 659 27 23 be
1179 659 90 24 attend-

681 690 28 24 ed
721 690 56 24 with
795 690 82 24 results
897 690 79 32 highly
994 692 123 23 beneficial'
1130 696 23 19 at
1171 700 57 16 once
1248 697 23 19 to

683 724 39 23 the
738 725 123 30 pecuniary
872 725 107 23 interests
992 725 25 23 of
1028 725 38 24 the
1085 725 127 32 Company,
1228 726 43 24 and

682 757 112 32 affording
802 758 19 23 it
836 757 38 24 the
886 766 79 15 means
978 759 25 23 of
1012 760 104 30 carrying
1128 760 47 23 into
1186 767 85 16 execu-

682 791 49 23 tion
742 791 65 23 those
819 795 64 27 great
895 791 100 32 objects-
995 796 3 12 I—some1
998 804 18 5 —
1017 800 61 16 some
1091 793 25 23 of
1126 792 74 24 which
1214 792 56 25 have

680 824 59 23 been
760 824 80 32 briefly
860 825 92 24 noticed
977 826 24 23 in
1021 825 46 25 this
1087 830 76 27 report
1163 838 34 5 —
1197 826 74 24 which

681 857 53 32 they
746 858 44 24 feel
802 857 48 24 that
861 858 38 24 the
909 858 107 24 relations
1029 859 25 23 of
1064 859 37 23 the
1114 859 121 32 Company
1247 864 21 20 to

681 891 37 23 the
730 892 67 23 brave
814 899 52 16 men
883 891 51 24 who
950 892 57 23 have
1023 892 38 24 led
1078 892 37 24 the
1135 901 49 23 way
1196 897 23 20 to
1233 893 38 25 the

681 925 150 23 colonization
842 925 26 23 of
876 925 59 23 New
947 925 108 30 Zealand,
1064 931 22 18 to
1099 927 41 23 her
1148 927 122 31 Majesty's

682 958 163 28 Government,
868 958 46 23 and
937 963 23 19 to
984 959 37 24 the
1043 959 79 31 public
1146 961 24 22 6f
1199 960 72 24 Great

683 991 97 30 Britain,
793 991 80 25 render
889 993 19 22 it
926 992 95 32 morally
1033 993 127 31 obligatory
1170 1002 64 22 upon
1252 995 19 23 it

681 1030 23 18 to
718 1025 134 23 undertake.

715 1195 40 22 20.
775 1193 67 24 Since
854 1193 39 24 the
906 1193 43 24 last
961 1195 83 23 annual
1055 1195 93 30 general
1160 1196 107 30 meeting,

681 1226 37 24 the
732 1227 117 31 Company
859 1227 44 24 has
915 1228 155 31 experienced,
1083 1228 24 23 in
1127 1228 37 24 the
1183 1229 86 24 demise

681 1261 25 23 of
720 1261 30 23 its
762 1261 44 23 late
819 1261 127 29 Governor,
958 1261 39 23 the
1014 1261 57 24 Earl
1083 1262 25 23 of
1123 1262 114 29 Durham,
1256 1272 14 15 a

680 1294 47 23 loss
746 1295 25 23 of
794 1294 38 23 the
853 1299 61 19 most
932 1295 136 30 irreparable
1085 1299 90 20 nature.
1219 1295 50 25 The

683 1327 47 24 zeal
741 1327 44 24 and
797 1336 83 23 energy
892 1328 55 24 with
958 1328 72 24 which
1042 1329 49 23 that
1102 1329 167 31 distinguished

681 1361 120 24 nobleman
814 1362 95 23 devoted
927 1361 35 24 his
982 1362 109 23 attention
1110 1367 23 19 to
1149 1363 39 23 the
1207 1364 61 22 colo-

682 1395 101 23 nization
814 1403 27 15 on
871 1395 39 23 the
944 1396 122 30 principles
1103 1396 74 23 which
1212 1397 57 24 have

681 1428 82 31 always
786 1429 114 30 governed
924 1429 37 23 the
989 1429 149 32 proceedings
1162 1430 26 23 of
1212 1439 57 22 your

681 1461 126 30 Directors,
821 1462 25 24 of
861 1462 39 23 the
911 1462 68 24 noble
998 1463 85 23 islands
1099 1464 26 22 of
1140 1463 57 24 New
1209 1465 60 23 Zea-

681 1495 60 29 land,
754 1496 38 23 the
809 1503 54 24 pure
882 1496 78 31 public
978 1497 65 30 spirit
1061 1497 73 23 which
1146 1497 123 32 uniformly

681 1529 163 24 characteirsed
855 1529 36 23 his
904 1530 103 29 conduct,
1021 1530 42 23 and
1080 1530 38 24 the
1131 1531 56 31 high
1199 1539 69 24 repu-

681 1564 72 22 tation
763 1563 55 23 with
831 1563 31 23 all
881 1563 84 23 classes
977 1564 26 22 of
1017 1564 35 23 his
1072 1564 196 31 fellow-country-

680 1604 61 21 men,
753 1596 72 23 which
836 1604 46 15 was
895 1601 24 19 at
930 1605 56 15 once
998 1597 37 23 the
1053 1606 121 23 necessary
1188 1606 79 17 conse-

681 1637 86 24 quence
777 1630 44 24 and
833 1630 38 24 the
883 1630 85 23 reward
979 1631 24 22 of
1011 1630 65 25 those
1084 1632 67 22 noble
1163 1632 105 31 qualities

681 1664 119 23 combined
811 1670 22 17 to
845 1664 54 30 give
911 1665 143 22 inestimable
1068 1666 66 22 value
1147 1670 22 19 to
1181 1665 38 24 his
1231 1674 37 16 co-

681 1698 124 31 operation.
840 1698 66 22 Your
921 1697 119 25 Directors
1057 1699 108 23 ventured
1179 1703 24 19 to
1215 1699 53 25 offer

682 1735 22 19 to
713 1731 39 23 the
765 1731 113 23 Countess
895 1731 25 23 of
935 1731 105 24 Durham
1061 1740 27 16 an
1102 1734 133 30 expression
1246 1734 25 23 of

681 1764 60 24 their
768 1765 129 31 respectful,
926 1766 42 22 but
995 1766 106 24 heartfelt
1123 1766 144 30 condolence,

681 1806 61 24 upon
754 1798 37 23 the
803 1798 142 31 melancholy
958 1800 102 23 occasion
1072 1800 25 23 of
1107 1800 41 23 her
1160 1800 106 25 bereave-

680 1837 69 23 ment,
763 1832 43 23 and
817 1833 18 22 it
853 1833 20 22 is
886 1832 124 31 extremely
1028 1833 124 32 gratifying
1164 1839 23 17 to
1207 1834 59 24 them

681 1865 48 24 that
742 1866 52 31 they
807 1874 36 15 are
855 1865 52 24 able
920 1871 22 18 to
954 1872 64 23 state,
1033 1867 48 23 that
1102 1872 40 19 not
1158 1867 53 31 only
1223 1875 44 16 was

670 1899 56 28 .this
754 1899 91 23 humble
868 1900 83 23 tribute
974 1900 101 24 received
1096 1902 24 22 in
1144 1901 38 23 the
1205 1908 61 17 same

680 1933 67 31 spirit
756 1934 25 22 in
792 1933 73 22 which
885 1934 19 21 it
916 1941 45 15 was
974 1933 112 29 tendered,
1100 1935 41 22 but
1153 1935 49 23 that
1215 1934 52 32 they

680 1965 57 23 have
749 1966 61 22 since
829 1966 103 23 received
951 1974 14 14 a
976 1972 151 25 spontaneous
1137 1968 129 24 intimation

680 1999 57 23 from
756 1999 40 23 her
814 1999 126 31 Ladyship,
961 2000 47 23 that
1029 2000 39 24 she
1095 2001 75 23 would
1191 2001 75 31 gladly

680 2032 71 24 afford
769 2040 43 23 any
824 2033 38 23 aid
880 2034 24 22 in
924 2032 40 24 her
983 2041 74 23 power
1078 2039 23 19 to
1113 2035 96 23 forward
1229 2035 38 23 the

680 2067 67 22 views
761 2067 24 22 of
794 2074 27 15 an
829 2067 136 23 association
977 2068 22 22 in
1011 2067 39 24 the
1061 2075 90 16 success
1159 2068 27 24 of
1195 2069 72 24 which

680 2100 38 23 the
735 2100 46 23 late
800 2100 56 23 Earl
874 2100 26 24 of
921 2100 105 24 Durham
1047 2101 40 23 felt
1108 2109 24 16 so
1154 2110 68 16 warm
1238 2111 28 15 an

680 2134 101 23 interest.

714 2169 40 22 21.
778 2166 65 25 Your
861 2167 118 24 Directors
997 2168 57 24 have
1070 2173 24 19 to
1115 2174 83 27 report,
1219 2169 47 24 that

680 2201 54 30 they
745 2201 84 23 elected
848 2201 104 24 William
968 2201 85 32 Taylor
1069 2202 126 32 Copeland,
1208 2202 56 33 Esq.

680 2233 130 30 Alderman,
833 2234 69 24 M.P.
916 2243 24 15 as
953 2243 13 15 a
985 2235 113 30 Director,
1111 2237 24 23 in
1148 2237 38 23 the
1203 2244 63 16 room

680 2268 25 23 of
732 2268 37 23 the
793 2268 44 23 late
861 2268 57 23 Earl
942 2269 25 22 of
989 2268 121 30 Durham;
1138 2270 45 23 and
1205 2270 61 24 Ross

680 2301 116 31 Donnelly
808 2301 115 32 Mangles,
935 2301 58 32 Esq.
1007 2303 23 23 in
1048 2303 39 24 the
1105 2304 63 30 place
1188 2304 25 23 of
1228 2305 38 23 Sir

680 2334 83 32 Henry
775 2335 82 29 Webb,
870 2336 65 23 Bart,
950 2336 48 24 who
1010 2337 106 31 resigned
1134 2337 36 24 his
1183 2342 48 19 seat
1242 2339 23 23 in

680 2369 37 23 the
730 2369 78 23 Court.

714 2404 40 22 22.
774 2402 50 24 The
843 2402 84 24 Crown
943 2402 85 33 having
1047 2405 112 31 required,
1180 2413 29 16 on
1227 2405 38 24 the

679 2441 67 26 grant
769 2437 25 23 of
819 2435 39 25 the
888 2436 96 30 charter,
1008 2437 49 24 that
1084 2446 30 16 an
1142 2439 124 24 additional

680 2470 81 32 capital
774 2470 24 23 of
812 2470 132 28 £200,000
959 2470 81 25 should
1051 2472 29 23 be
1092 2472 140 29 subscribed,
1243 2472 24 24 of

679 2504 74 24 which
775 2512 14 15 a
809 2505 86 30 moiety
916 2504 21 24 is
960 2508 22 20 to
1004 2505 28 24 be
1049 2506 55 31 paid
1122 2514 24 15 or
1163 2507 103 24 invested

679 2538 78 24 within
768 2538 79 24 twelve
861 2537 92 24 months
972 2538 59 24 from
1048 2540 30 22 its
1091 2540 58 29 date,
1163 2540 39 23 the
1219 2540 45 24 Di-

678 2576 86 19 Tectors
782 2571 57 24 have
864 2571 59 24 been
941 2573 125 30 compelled
1083 2578 24 19 to
1132 2581 99 16 convene
1252 2583 14 15 a

678 2606 84 29 special
781 2606 100 29 meeting
898 2604 24 25 of
937 2605 38 24 the
993 2606 166 31 shareholders,
1172 2608 35 22 for
1226 2608 39 24 the

678 2639 43 24 Bth
742 2640 92 27 instant,
859 2642 23 20 to
906 2639 115 24 authorize
1046 2640 50 24 that
1118 2641 102 24 increase
1243 2642 24 23 of

678 2673 95 31 capital;
793 2672 57 24 after
868 2672 74 24 which
960 2673 17 23 it
995 2673 46 24 will
1058 2675 29 23 be
1106 2682 120 24 necessary
1242 2680 23 19 to

679 2714 98 16 convene
800 2706 38 23 the
861 2706 50 23 first
934 2707 90 30 general
1052 2709 101 30 meeting
1175 2708 27 24 of
1226 2709 39 24 the

678 2740 156 24 shareholders
843 2740 74 23 under
925 2740 38 23 the
975 2741 96 29 charter,
1080 2741 73 25 which
1163 2742 101 33 requires

678 2774 57 23 such
759 2782 14 15 a
791 2774 103 30 meeting
916 2778 23 19 to
961 2773 28 24 be
1012 2774 52 24 held
1082 2776 25 23 in
1120 2775 39 24 the
1170 2782 94 26 present

678 2806 56 24 also.

710 2839 102 28 London,
827 2841 38 22 Ist
874 2838 68 33 May,
957 2841 72 24 1841.

822 2912 190 30 APPENDIX,
1031 2914 49 24 No.
1102 2916 20 23 1.

68 123 71 24 whole
155 124 104 31 question
269 124 30 31 by
311 123 40 25 her
364 123 120 32 Majesty's
497 124 157 25 Government

67 162 24 19 at
114 156 74 30 home,
212 156 46 24 will
280 156 81 25 almost
384 157 75 31 surely
481 156 58 25 have
558 158 96 24 reached

67 188 58 25 Port
137 189 125 25 Nicholson
274 198 37 16 ere
323 198 57 21 now,
393 198 26 16 as
429 191 18 23 it
459 198 45 16 was
523 190 131 32 dispatched

65 223 64 24 frorar
144 222 55 24 this'
209 229 94 24 country
313 224 27 23 in
349 223 122 32 -duplicate
487 224 30 31 by
533 224 39 26 the
591 224 63 32 ships

70 254 110 33 Qjtympvs
189 255 47 24 and
246 255 80 32 Bailey
335 257 23 22 in
528 256 52 25 The
587 257 67 26 latter

65 290 82 28 vessel,
160 289 69 31 being
241 297 13 15 a
271 289 87 31 veryfas
375 289 85 30 tsailer,
474 296 45 17 was
538 290 116 24 chartered

65 322 36 27 fo.r
112 322 47 24 this
170 330 99 23 purpose
287 322 31 31 by
329 330 57 24 your
404 322 126 31 Direptors,
544 325 24 22 in
587 323 67 25 order

67 354 56 24 that'
128 360 40 19 not
180 363 13 16 a
204 356 42 31 day
259 355 73 32 might
352 356 27 23 be
391 356 44 23 lost
453 357 23 22 in
496 358 126 30 conveying
633 362 21 19 to

67 389 39 22 the
118 388 90 24 settlers
221 389 141 31 intelligence
375 389 73 24 which
467 397 46 16 was
532 390 122 24 calculated

67 426 23 19 to
103 421 110 24 establish
225 430 13 16 a
246 422 84 32 feeling
342 423 26 23 of
382 424 85 30 perfect
483 424 100 30 security
594 431 26 17 as
633 428 21 19 to

68 454 59 24 their
139 460 106 27 property
256 456 22 22 in
288 455 60 30 land,
357 456 44 24 and
413 456 110 24 therefore
535 461 27 23 to,
571 462 83 18 restore

67 488 59 23 their
146 496 85 24 energy
248 488 44 24 and
307 489 114 31 industry.
457 490 123 25 Measures
598 490 56 23 have

65 521 58 23 been
142 521 71 25 taken
231 527 23 18 to
273 523 101 23 increase
392 523 39 23 the
443 523 117 32 efficiency
576 523 26 24 of
617 523 37 24 the

69 556 125 29 surveying
204 555 171 24 establishment
386 561 26 18 at
419 555 58 25 Port
489 555 136 26 Nicholson.

104 590 37 22 15.
163 588 50 24 The
233 596 69 24 paper
321 589 92 32 prhited
431 597 24 15 as
476 589 45 24 No.
535 592 18 22 4
573 590 26 24 of
615 589 39 25 the

68 621 131 32 Appendix,
200 633 34 5 —
236 622 68 32 being
325 623 38 22 the
392 623 148 24 instructions
564 623 25 24 of
615 623 39 24 the

69 654 85 30 Court,'
161 654 72 24 under
253 655 51 24 date
324 656 38 23 the
378 656 55 24 13th
446 657 25 23 of
487 656 100 24 October
600 656 53 29 last,

68 694 22 17 to
105 689 47 23 Mr.
166 688 108 24 Edmund
286 689 119 29 Halswell,
414 689 51 24 who
476 689 43 24 has
529 690 125 31 proceeded

67 726 23 18 to
114 722 57 23 New
191 722 99 24 Zealand
313 730 25 16 as
360 722 179 25 Commissioner
561 723 36 25 for
615 724 39 24 the

67 760 161 26 management
248 755 25 24 of
288 755 40 24 the
347 755 65 24 lands
431 757 106 23 reserved
556 757 37 24 for
615 758 38 23 the

69 790 88 21 natives
168 790 23 22 in
205 788 36 24 the
255 789 140 24 settlements
408 790 23 23 of
442 790 37 23 the
492 790 127 32 Company,
621 804 33 4 —

67 821 46 24 will
123 822 61 23 shew
197 822 49 23 that
256 830 57 23 your
332 823 118 24 Directors
462 823 57 24 have
537 828 40 19 not
596 824 58 24 been

67 854 130 24 unmindful
217 856 24 22 of
258 856 37 23 the
316 856 136 31 obligations
471 857 103 32 imposed
593 866 59 23 upon

68 889 69 28 tbem,
148 894 40 17 not
199 888 46 24 less
257 889 29 31 by
298 889 59 24 their
368 890 54 30 duty
435 891 96 22 towards
541 891 38 23 the
593 899 60 16 com-

67 922 125 31 paratively
210 922 63 24 ireak
283 931 52 15 race
353 923 106 31 brought,
471 924 24 24 in
510 932 63 15 some
591 932 61 16 mea-

65 963 54 15 sure
142 956 31 30 by
191 955 59 24 their
271 957 201 31 instrumentality,
495 957 49 24 into
562 963 89 18 contact

64 989 52 22 with
128 988 38 24 the
179 989 102 30 strength
294 989 25 23 of
328 990 144 29 civilization,
486 990 55 24 than
552 991 30 31 by
593 991 59 24 their

65 1023 97 30 positive
180 1022 100 31 pledges,
300 1022 54 24 than
373 1031 30 15 an
422 1028 103 26 attempt,
546 1028 24 19 at
587 1024 64 30 least,

67 1055 84 24 should
161 1056 28 23 be
201 1056 64 23 made
283 1056 30 31 by
324 1056 38 24 the
379 1058 142 30 assignment
539 1058 25 23 of
579 1058 73 29 lands,

67 1089 161 30 intermingled
248 1089 54 24 with
320 1089 64 24 those
404 1091 25 22 of
445 1091 37 23 the
500 1091 117 29 colonists,
631 1096 21 19 to

67 1122 39 23 the
126 1122 63 24 chief
205 1124 74 22 native
299 1123 105 29 families,
424 1129 22 18 to
466 1132 106 23 preserve
591 1125 61 23 them

65 1155 60 24 from
137 1155 50 24 that
198 1155 146 33 degradation
355 1157 45 23 and
411 1158 104 23 eventual
527 1160 125 22 extinction

68 1189 76 24 which
165 1190 42 22 has
231 1190 120 31 uniformly
373 1190 60 24 been
455 1191 38 24 the
517 1191 40 30 lot,
580 1192 72 24 under

68 1223 87 23 similar
168 1223 90 30 general
270 1224 183 30 circumstances,
470 1225 25 23 of
508 1225 39 24 the
560 1226 92 23 inferior

67 1263 61 17 race.
165 1256 58 24 This
243 1258 110 31 practical
373 1258 67 24 effect
459 1259 25 23 of
501 1258 39 24 the
559 1259 55 32 plan
631 1265 21 18 to

69 1297 82 16 ensure
164 1290 38 23 the
217 1290 135 25 benevolent
363 1291 44 24 end
425 1292 173 32 contemplated,
612 1301 41 16 can

68 1322 29 24 be
107 1324 73 23 tested
192 1324 53 31 only
256 1324 28 24 be
293 1324 39 24 the
341 1325 72 23 result
425 1326 25 23 of
457 1334 24 15 so
493 1326 67 24 novel
572 1334 29 16 an
613 1335 39 15 ex-

67 1357 128 30 periment;
220 1357 80 30 which,
322 1359 19 22 it
362 1363 62 20 must
442 1360 29 23 be
491 1360 161 29 remembered,

65 1390 93 24 devised
175 1394 24 19 at
215 1399 14 15 a
241 1391 54 24 time
313 1392 73 29 when,
406 1393 75 31 owing
497 1399 24 17 to
539 1393 38 24 the
596 1393 54 25 then

68 1423 102 31 existing
191 1424 183 30 circumstances,
399 1426 46 23 this
469 1427 119 31 Company
607 1435 45 16 was

68 1456 125 31 compelled
211 1462 23 19 to
252 1458 133 30 undertake,
398 1459 24 23 in
439 1461 30 21 its
488 1460 103 32 dealings
601 1461 52 23 with

67 1489 39 24 the
125 1491 87 23 natives
233 1491 24 23 of
275 1491 58 24 New
353 1492 109 30 Zealand,
481 1493 38 24 the
537 1494 115 24 functions

67 1524 106 31 properly
191 1524 125 32 belonging
337 1530 24 18 to
379 1526 38 24 the
435 1527 78 32 ruling
530 1535 82 24 power,
629 1529 24 23 in

67 1556 101 25 addition
180 1562 23 19 to
214 1558 30 23 its
254 1566 57 16 own.
349 1559 57 24 This
419 1564 58 20 state
488 1561 27 23 of
523 1562 78 31 things
612 1562 40 24 be-

67 1590 40 31 ing
129 1591 93 32 happily
244 1592 109 31 changed,
377 1593 38 24 the
438 1593 55 32 duty
522 1595 25 23 of
573 1595 81 31 taking

68 1623 105 25 effectual
191 1633 116 16 measures
326 1626 35 24 for
382 1626 37 25 the
436 1628 127 30 protection
577 1629 24 23 of
615 1628 37 25 the

67 1657 129 31 aborigines
214 1664 62 18 must
294 1659 118 32 primarily
424 1660 93 25 devolve
533 1670 63 23 upon
615 1662 38 24 the

66 1690 59 24 local
138 1691 154 25 Government
300 1701 6 20 ;
325 1693 42 24 but
377 1702 57 23 your
441 1694 120 24 Directors
573 1704 79 16 assure

65 1732 46 23 you
123 1724 49 24 that
184 1725 52 32 they
250 1726 45 24 will
314 1727 115 32 zealously
446 1733 131 27 co-operate
597 1729 55 24 with

65 1757 79 32 public
156 1759 132 24 authorities
300 1764 23 20 to
335 1766 94 26 prevent
443 1769 44 24 any
499 1762 154 33 disappropri-

67 1792 63 24 ation
142 1792 28 24 of-
182 1792 38 24 the
236 1793 54 24 land
307 1799 35 19 set
355 1799 65 27 apart
431 1795 34 24 for
533 1797 86 23 benefit
630 1797 25 23 of

67 1825 38 24 the
119 1826 87 23 natives
226 1827 78 24 within
323 1827 59 24 their
398 1829 86 24 several
502 1830 149 29 settlements,

66 1859 45 23 and
133 1860 115 31 generally
248 1873 35 4 —
283 1869 26 15 as
330 1861 36 24 far
388 1870 25 16 as
433 1870 52 24 may
503 1863 30 23 lie
553 1864 25 23 in
593 1865 59 22 their

65 1900 84 24 power,
151 1905 32 5 —
185 1898 22 19 to
229 1898 87 27 protect
339 1895 62 24 them
424 1896 58 23 from
508 1896 65 24 those
596 1898 55 23 evils

66 1925 74 24 which
159 1926 37 24 ihe
217 1929 132 29 experience
368 1929 27 23 of
409 1929 31 23 all
459 1929 87 32 hjstory
558 1931 94 23 demon-

67 1963 83 19 strates
162 1964 22 18 to
202 1959 29 24 be
248 1960 123 25 incidental
377 1968 2 5 '
389 1966 23 19 to
433 1962 58 24 their
511 1964 99 30 position
629 1964 24 23 in

67 1992 96 24 reiation
172 1997 22 19 to
208 1993 37 23 the
257 1995 115 29 colonists,
383 1995 41 24 but
435 1995 83 30 which,
527 1997 124 30 doubtless,

66 2025 55 32 they
137 2026 75 23 would
229 2027 57 24 have
305 2028 58 23 been
379 2030 100 30 exposed
489 2034 24 19 to
532 2031 23 22 in
567 2039 14 14 a
596 2031 56 31 high

67 2060 137 31 aggravated
222 2060 66 30 form,
300 2061 21 24 if
338 2061 38 25 the
394 2063 89 30 regular
502 2063 45 23 and
563 2064 89 24 lawless

66 2093 140 24 intercourse
224 2093 74 25 which
319 2096 115 30 prevailed
450 2104 31 23 up
500 2101 24 20 to
545 2106 13 15 a
575 2103 78 19 recent

67 2126 51 24 date
129 2127 44 23 had
186 2127 57 23 been
253 2127 95 25 allowed
359 2135 23 17 to
394 2130 114 23 continue.

102 2162 39 22 16.
161 2161 38 22 On
212 2161 37 23 the
262 2161 136 25 solicitation
415 2164 25 23 of
456 2164 37 23 the
514 2164 58 24 New
592 2166 59 22 Zea-

64 2192 55 25 land
128 2194 91 24 Church
232 2195 91 32 Society
324 2209 32 4 —
358 2196 38 24 the
403 2198 129 23 committee
542 2199 26 22 of
577 2199 75 23 which

65 2227 21 23 is
107 2228 120 31 composed
239 2229 26 22 of
278 2237 69 23 many
356 2237 54 23 very
421 2232 100 22 eminent
533 2232 119 24 noblemen

65 2260 44 24 and
122 2261 137 31 gentlemen,
273 2263 86 23 several
371 2264 25 23 of
404 2263 74 25 whom
490 2273 38 15 are
540 2266 112 23 members

67 2294 44 23 and
127 2294 91 25 zealous
237 2301 131 27 supporters
389 2298 26 23 of
429 2298 45 23 this
491 2299 125 32 Company,
618 2312 34 5 —

67 2328 45 22 and
130 2328 69 31 being
219 2329 80 32 deeply
316 2331 125 31 impressed
460 2332 54 23 with
533 2333 37 23 the
591 2334 60 23 truth

66 2362 25 22 of
100 2369 15 16 a
126 2362 91 24 remark
233 2364 64 23 made
315 2364 31 30 by
361 2364 37 23 the
411 2365 88 32 Bishop
513 2366 26 23 of
555 2366 97 24 London

66 2395 23 22 in
103 2395 35 23 his
150 2395 65 24 letter
227 2400 22 19 to
261 2395 38 25 the
309 2397 144 33 Archbishop
464 2399 25 23 of
499 2399 151 32 Canterbury,

68 2427 50 25 ihat
164 2437 13 15 a
194 2430 66 24 wiser
275 2431 116 31 provision
406 2432 67 24 could
490 2438 41 18 not
547 2434 28 23 be
586 2434 66 24 made

66 2461 36 24 for
114 2463 107 31 ensuring
238 2471 57 17 even
314 2464 39 24 the
363 2467 111 29 temporal
485 2467 133 31 well-being
629 2469 23 22 of

66 2503 14 14 a
90 2503 52 16 new
266 2498 55 23 than
328 2498 49 24 that
385 2500 74 22 which
470 2508 47 16 was
529 2502 123 30 suggested

65 2528 32 31 by
109 2529 38 23 the
159 2529 56 24 New
228 2531 99 24 Zealand
335 2533 145 24 Association
492 2533 25 24 of
527 2536 71 28 1837,
608 2535 44 24 and

66 2562 119 25 embodied
196 2564 23 23 in
231 2564 37 24 the
280 2564 46 25 Bill
339 2566 74 24 which
427 2567 53 31 they
493 2568 122 24 submitted
627 2574 23 18 to

67 2594 147 31 Parliament,
237 2606 57 22 your
316 2599 119 25 Directors
464 2601 57 23 have
549 2602 65 24 made
638 2611 13 16 a

66 2634 69 24 grant
152 2630 27 23 of
195 2633 65 23 2000
279 2640 63 16 acres
354 2634 26 22 of
395 2633 60 30 land,
458 2647 34 4 —
493 2642 28 16 on
539 2635 40 24 the
596 2644 54 16 con-

66 2662 71 24 dition
156 2663 49 24 that
226 2664 36 25 the
281 2666 92 31 Society
387 2667 82 25 should
487 2669 112 31 purchase
618 2678 30 16 an

65 2696 67 31 equal
144 2698 109 31 quantity,
256 2711 33 5 —
290 2700 96 24 towards
398 2700 38 24 the
450 2702 142 24 endowment
603 2704 25 23 of
638 2712 12 15 a

65 2729 139 32 Bishoprick
225 2732 23 23 in
272 2733 57 23 New
347 2734 109 25 Zealand.
493 2736 32 23 In
542 2736 66 25 order
627 2742 22 19 to

66 2762 89 25 obviate
173 2772 45 24 any
229 2766 167 32 inconsistency
407 2768 24 24 in
448 2769 65 31 point
525 2769 25 23 of
564 2771 85 30 princi-

65 2796 46 31 ple,
124 2797 18 23 it
153 2805 45 16 was
214 2799 102 24 resolved
328 2801 49 23 that
393 2809 24 16 as
430 2808 101 26 respects
544 2804 38 23 the
596 2804 53 24 land

63 2830 96 30 granted
171 2836 23 19 to
205 2831 37 24 the
262 2832 99 33 Society,
375 2834 38 24 the
433 2835 120 33 Company
568 2837 81 25 should

64 2863 80 24 devote
156 2869 23 18 to
191 2865 140 32 emigration,
344 2872 40 19 out
396 2869 24 22 of
429 2869 30 22 its
471 2870 90 31 capital,
574 2879 13 16 a
599 2879 51 16 sum

65 2897 68 31 equal
146 2902 20 19 to
180 2899 30 25 75
224 2906 40 24 per
275 2904 60 20 cent,
347 2901 25 24 of
381 2901 39 24 the
431 2903 66 24 value
513 2904 25 23 of
547 2904 38 24 the
597 2904 54 25 land

65 2935 24 19 at
101 2930 58 24 their
170 2932 98 25 uniform
279 2933 61 33 price
353 2935 25 23 of
391 2936 35 23 £1
445 2944 42 24 per
499 2945 59 21 acre,
571 2942 22 19 to
611 2938 39 25 the

64 2971 63 17 same
138 2964 65 25 effect
211 2967 111 32 precisely
334 2976 24 15 as
370 2968 19 24 if
403 2968 38 25 the
461 2970 55 24 land
533 2971 46 23 had
592 2972 58 24 been

63 2998 128 30 purchased
202 2999 24 23 in
237 2999 38 25 the
287 3001 106 32 ordinary
403 3010 57 25 way.

100 3032 40 25 17.
159 3031 65 25 Your
241 3033 120 25 Directors
377 3036 37 31 lay
426 3037 77 24 before
520 3046 45 23 you
579 3043 70 20 state-

64 3069 75 19 ments
159 3066 27 23 of
204 3067 96 31 receipts
324 3069 44 24 and
387 3076 120 25 payments
531 3072 62 25 since
611 3073 38 24 the

62 3097 120 26 formation
195 3100 25 23 of
234 3101 37 23 the
292 3102 125 33 Company,
429 3105 44 23 and
487 3105 25 23 of
522 3105 38 25 the
576 3111 73 20 assets

60 3131 47 23 and
124 3131 114 26 liabilities
257 3135 26 22 of
300 3135 38 24 the
360 3137 118 32 Company
495 3142 24 20 to
542 3140 38 23 the
604 3141 42 23 6th

65 3164 87 30 ultimo,
172 3174 24 16 as
214 3168 104 31 required
340 3170 30 30 by
386 3171 37 23 the
439 3171 67 24 Deed
524 3172 27 24 of
564 3173 84 24 Settle-

64 3203 71 19 ment.
172 3199 74 25 These
258 3206 133 21 statements
400 3204 46 24 will
457 3205 28 24 be
492 3205 71 25 found
575 3208 23 22 in
610 3208 38 23 the

64 3231 132 31 Appendix,
210 3233 56 25 Nos.
276 3237 14 22 5
300 3236 46 24 and
358 3238 22 22 6.
417 3237 50 25 The
480 3239 55 24 view
548 3240 100 32 display-

63 3264 28 23 ed
104 3265 24 23 in
137 3265 63 25 those
210 3267 130 26 documents
353 3270 25 23 of
386 3270 38 24 the
433 3272 106 25 financial
549 3274 99 31 position

63 3298 27 23 of
99 3297 38 24 the
151 3298 116 34 Company
279 3303 20 22 is
309 3302 80 33 highly
400 3304 139 31 favourable,
556 3308 41 23 but
607 3314 41 18 not

62 3338 64 17 more
138 3340 32 21 so,
183 3333 23 23 in
218 3342 44 23 any
273 3341 96 26 respect,
381 3338 55 23 than
448 3338 38 24 the
497 3340 59 24 facts
572 3341 25 24 of
608 3342 39 24 the

62 3371 53 17 case
127 3366 88 30 require
226 3375 57 22 your
294 3369 118 25 Directors
426 3377 22 18 to
462 3373 96 25 exhibit.

99 3400 39 22 18.
158 3398 50 25 The
220 3403 113 31 .quantity
352 3404 24 23 of
393 3404 54 25 land
467 3410 23 20 to
512 3407 74 25 which
607 3408 39 25 the

62 3431 121 33 Company
194 3433 45 24 will
255 3434 28 24 be
302 3437 94 24 entitled
415 3439 30 31 by
457 3439 40 25 the
517 3448 130 24 agreement

60 3465 56 23 with
138 3465 41 24 her
202 3466 121 32 Majesty's
353 3471 161 31 Government,
539 3475 44 23 and
607 3476 39 24 the

62 3498 75 24 award
155 3499 25 24 of
196 3499 37 24 the
253 3502 119 25 arbitrator
388 3505 72 25 under
476 3507 49 24 that
537 3511 108 28 contract,

52 3552 2 6 ,
62 3537 104 19 amounts
179 3538 22 18 to
214 3539 24 19 at
249 3534 58 24 least
319 3537 107 29 997,036
438 3547 71 23 acres,
521 3541 37 24 for
572 3543 74 24 which

60 3573 30 15 no
102 3566 87 23 further
201 3573 106 26 payment
319 3573 23 19 to
354 3571 37 23 the
403 3572 83 25 Crown
498 3575 46 24 will
561 3576 28 23 be
608 3585 37 15 re-

58 3599 86 30 quired.
184 3600 33 24 Of
226 3600 48 25 that
284 3608 99 25 amount,
396 3607 107 27 187,790
516 3617 63 15 acres
586 3610 59 24 have

60 3632 58 24 been
138 3633 92 24 allotted
250 3641 21 17 to
290 3636 141 31 purchasers,
452 3641 45 23 and
516 3642 63 24 there
594 3651 51 18 now

59 3668 118 29 appertain
198 3672 21 19 to
239 3669 37 23 the
300 3669 118 33 Company
441 3674 108 29 809,246
572 3685 71 17 acres.

60 3699 51 25 The
128 3701 64 24 value
205 3701 24 24 of
239 3702 44 24 this
295 3703 54 23 land
361 3704 40 24 has
416 3705 58 25 been
486 3709 119 25 estimated
621 3711 24 24 in

59 3733 39 23 the
111 3738 120 20 statement
243 3736 26 23 of
276 3742 87 23 assets,^
370 3742 23 19 at
406 3737 35 24 the
451 3745 48 19 rate
511 3743 52 30 only
573 3744 24 23 of
607 3746 36 23 ss.

58 3773 41 24 per
123 3775 58 21 acre,
202 3769 67 31 being
289 3770 49 24 that
358 3775 23 19 at
399 3772 73 24 which
490 3774 19 23 it
528 3775 41 24 has
587 3777 57 24 been

59 3800 102 24 awarded
173 3807 23 18 to
215 3802 37 23 the
266 3803 118 32 Company
396 3805 23 23 in
440 3808 164 26 consideration
622 3812 25 23 of

58 3833 31 24 its
100 3838 52 27 past
167 3836 84 31 outlay.
288 3836 26 24 If
323 3838 45 24 this
385 3838 53 24 land
450 3847 59 17 were
522 3842 50 23 sold
583 3851 62 25 upon
651 3832 2 20 !

59 3865 38 25 the
110 3875 61 16 same
184 3874 68 18 terms
264 3878 24 15 as
302 3870 43 28 the.
356 3872 53 23 land
430 3875 128 30 comprised
569 3878 23 22 in
606 3878 37 23 the

58 3901 130 24 settlement
200 3901 24 24 of
233 3902 150 33 Wellington,
396 3913 25 16 or
433 3905 50 26 that
493 3908 74 25 which
579 3911 19 22 is
607 3911 36 24 in-

59 3933 81 25 tended
152 3938 23 20 to
187 3936 120 24 constitute
319 3937 38 24 the
370 3939 132 25 settlement
513 3942 26 23 of
547 3942 94 31 Nelson,

57 3964 40 25 the
125 3966 118 32 Company
264 3970 74 23 would
360 3979 53 24 reap
437 3975 38 21 arf
495 3975 148 33 exceedingly

679 2972 70 25 Copt
762 2981 29 16 of
810 2973 124 24 Despach
952 2982 70 17 from
1043 2980 51 19 ntz
1115 2976 147 25 Directors

820 3015 32 16 to
871 3007 58 24 Col.
948 3008 173 26 Wakefield.

854 3041 58 24 New
923 3041 103 24 Zealand
1037 3043 90 30 House,

928 3076 161 24 Broad-street
1099 3076 128 32 Buildings.

678 3111 54 26 Sir,
1014 3111 58 22 26th
1080 3111 76 31 April,
1172 3113 71 24 1841.

713 3143 21 22 1.
754 3141 36 31 By
803 3142 38 23 the
853 3142 74 24 desire
939 3142 26 24 of
973 3142 37 24 the
1019 3143 73 25 Court
1102 3145 26 23 of
1141 3145 120 25 Directors

676 3175 14 24 I
702 3175 89 24 enclose
803 3176 35 23 for
850 3184 58 22 your
918 3176 153 30 information,
1085 3186 13 15 a
1109 3185 58 25 copy
1184 3180 25 22 of
1223 3180 38 23 the

676 3209 75 23 award
762 3209 64 23 made
838 3209 31 32 by
882 3210 48 24 Mr.
943 3210 154 32 Pennington,
1110 3212 26 23 of
1151 3211 39 25 the
1197 3220 63 16 sums

675 3243 24 22 in
711 3246 89 26 respect
812 3243 25 23 of
851 3243 75 24 which
936 3244 18 23 it
965 3243 42 25 has
1025 3244 58 25 been
1101 3246 111 31 arranged
1231 3248 30 29 by

675 3275 42 24 her
728 3276 122 31 Majesty's
862 3277 163 30 Government,
1038 3278 50 24 that
1095 3278 37 24 the
1141 3279 120 32 Company

674 3309 61 24 shall
744 3310 87 23 receive
842 3314 81 27 grants
934 3311 24 23 of
971 3311 55 24 land
1041 3312 60 24 from
1120 3312 40 25 the
1179 3314 82 24 Crown

674 3347 25 19 at
710 3342 38 24 the
760 3345 48 23 rate
820 3344 26 23 of
854 3344 44 24 five
910 3344 107 32 shillings
1028 3353 42 24 per
1081 3354 60 16 acre.

709 3378 25 22 2.
751 3376 54 25 You
815 3377 48 24 will
874 3378 94 24 observe
979 3379 50 24 that
1040 3379 47 24 this
1099 3380 83 30 award,
1194 3380 65 25 while

673 3410 20 23 it
703 3410 115 24 embraces
830 3411 39 23 the
883 3411 138 32 Company's
1038 3416 54 28 past
1109 3414 148 31 expenditure

674 3443 46 24 and
730 3443 116 24 liabilities
859 3444 35 24 for
904 3445 157 31 colonization,
1081 3455 25 15 so
1123 3447 37 24 far
1179 3456 24 15 as
1222 3449 38 23 the

673 3481 94 19 amount
779 3485 40 16 can
830 3481 26 20 at
866 3483 92 26 present
968 3479 29 24 be
1008 3481 149 29 ascertained,
1177 3489 82 25 recog-

673 3510 64 23 nizes
749 3511 78 24 claims
836 3519 30 16 on
878 3512 38 23 the
925 3519 63 18 score
1000 3514 25 23 of
1034 3514 173 25 unascertained
1217 3523 40 17 ex-

673 3543 125 32 penditure,
807 3545 46 23 and
860 3544 48 25 also
915 3546 71 24 under
995 3547 38 24 the
1038 3546 57 25 head
1103 3548 24 24 of
1134 3548 123 30 liabilities,

673 3577 31 31 by
715 3577 72 25 which
800 3578 38 24 the
849 3580 105 30 quantity
964 3580 25 24 of
1003 3580 54 25 land
1075 3585 21 20 to
1115 3582 29 24 be
1163 3583 97 30 granted

673 3615 22 19 to
716 3611 38 24 the
777 3611 119 32 Company
918 3613 94 25 without
1033 3614 89 25 further
1144 3622 114 26 payment,

672 3649 62 20 must
744 3645 29 24 be
783 3646 90 30 greatly
881 3646 126 25 increased.

707 3680 23 23 3.
750 3678 29 24 In
790 3680 133 32 estimating
931 3680 37 24 the
980 3682 104 31 quantity
1095 3683 27 23 of
1135 3682 55 25 land
1206 3683 53 25 thus

671 3711 80 31 placed
762 3717 23 20 at
796 3712 39 25 the
849 3713 137 33 Company's
1001 3715 131 25 immediate
1153 3716 105 33 disposal,

671 3745 21 27 it,
700 3746 21 22 is
732 3753 122 24 necessary
867 3751 21 19 to
908 3747 81 25 deduct
1008 3749 39 24 the
1066 3749 73 25 whole
1158 3751 26 23 of
1209 3751 49 24 that

671 3777 75 26 which
756 3779 37 24 the
807 3780 120 32 Company
937 3780 41 25 has
991 3783 103 31 engaged
1105 3788 22 18 to
1141 3784 88 24 deliver
1236 3789 22 19 to
1263 3801 2 6 ,

671 3812 143 31 purchasers,
827 3814 73 24 either
913 3815 29 30 by
951 3816 85 30 special
1045 3820 103 21 contract
1155 3825 26 16 or
1188 3818 76 23 under-

670 3845 121 31 published
803 3848 149 30 regulations.
988 3849 13 24 I
1014 3850 90 24 enclose
1116 3859 14 15 a
1139 3855 122 21 statement

671 3878 27 24 of
711 3879 38 23 the
762 3881 103 31 quantity
877 3883 90 30 coming
984 3883 73 24 under
1078 3883 46 25 this
1142 3885 46 23 last
1207 3885 53 24 des-

671 3912 106 32 cription.
1022 3918 2 6 '
1047 3930 3 3 •

705 3947 23 22 4.
732 3945 50 25 The
793 3947 135 30 remainder,
941 3951 135 31 amounting
1087 3954 23 21 at
1120 3951 68 29 least,
1197 3952 24 23 in
1233 3959 26 16 so

669 3977 36 24 far
716 3986 26 14 as
753 3979 121 23 tbeaward
882 3981 20 22 is
910 3984 24 19 at
940 3987 92 25 present
1037 3984 65 28 final,
1118 3987 24 20 to
1149 3984 110 29 800,000

1926 135 86 26 respect
2024 131 26 23 of
2063 130 68 25 lands
2151 132 93 31 already
2256 133 40 23 the
2315 139 108 26 property
2438 135 27 25 of
2480 137 40 25 the

1929 163 122 32 Company,
2070 163 50 25 that
2142 173 59 21 sum,
2214 167 52 29 paid
2287 167 59 24 from
2361 168 55 23 time
2428 173 23 19 to
2463 169 54 26 time

1925 196 24 23 in
1972 197 132 31 emigration
2129 198 125 24 conducted
2276 200 32 31 by
2329 200 39 24 the
2398 201 120 34 Company

1917 229 84 30 .under,
2015 230 265 32 the-,superiatendence
2302 234 27 23 of
2353 234 166 32 Government,

1917 262 58 28 >ill
1986 261 303 31 eonstHutev^in;effect^tKe
2306 267 210 33 p&rchase%i<sey

1925 296 26 23 of
1954 292 9 8 u
1965 297 58 23 niore
2034 295 55 25 lancl
2202 293 5 9 ''
2215 299 128 32 Company,
2355 299 87 26 whtcTT
2449 302 67 30 again

1924 337 52 23 may
1986 329 26 24 be
2033 330 89 24 re-sold
2134 331 56 24 with
2207 340 14 15 a
2240 333 89 23 similar
2346 335 116 30 provision
2479 336 36 24 for

1924 363 140 30 emigration.
2129 363 59 25 This
2209 366 84 23 second
2301 367 5 3 '
2311 367 136 31 emigration
2469 369 47 24 will

1924 396 63 30 again
1998 396 113 32 purchase
2123 405 64 16 more
2199 398 61 30 land,
2274 400 45 23 and
2331 408 25 15 so
2368 409 29 15 on
2409 402 106 23 continu-

1924 429 52 31 ally,
1994 430 59 24 until
2075 430 20 24 ft
2113 430 59 24 shall
2194 439 29 16 no
2237 432 85 32 longer
2339 434 32 23 be
2393 435 124 31 expedient

1918 463 73 33 jeither
2003 463 35 24 for
2049 463 39 24 the
2105 464 160 25 Government
2284 474 25 16 or
2327 467 39 23 the
2386 468 128 32 Company,

1922 495 48 25 that
1987 504 64 16 more
2066 497 120 24 labourers
2207 498 84 25 should
2310 499 28 24 be
2517 499 5 6 '

1922 529 55 24 New
1988 530 101 24 Zealand
2099 540 5 20 ;
2125 531 66 24 when
2203 531 39 24 the
2375 534 25 23 of
2416 535 38 23 the
2466 536 48 24 sale

1922 562 24 24 of
1962 563 28 23 all
2000 561 66 27 lands
2086 565 130 32 remaining
2238 570 23 19 to
2282 567 49 23 the'
2339 567 119 32 Company

1922 597 40 23 fall
1972 602 19 19 to
2005 598 37 23 the
2055 598 162 24 shareholders
2230 600 24 23 in
2267 599 38 24 the
2317 600 71 32 shape
2399 602 25 22 of
2432 602 82 31 profits

1921 630 43 25 and
1975 631 103 32 replaced
2089 632 92 31 capital.
2218 633 59 24 This
2285 634 58 23 view
2352 634 26 23 of
2387 634 38 23 the
2434 643 80 17 course

1921 663 25 24 of
1961 663 126 33 operations
2098 666 21 23 is
2131 666 130 24 illustrated
2273 667 30 31 by
2316 667 39 23 the
2366 668 54 31 plan
2432 669 27 23 of
2474 669 41 25 the

1920 697 80 24 second
2014 697 97 32 Colony.
2149 699 135 32 Supposing
2292 700 37 24 the
2339 701 65 24 lands
2412 701 103 34 forming

1920 729 45 24 this
1975 731 84 23 second
2070 732 132 24 settlement
2213 737 22 20 to
2248 734 29 23 be
2295 734 70 24 taken
2377 735 59 23 from
2448 735 66 25 those

1920 764 103 31 acquired
2040 765 31 30 by
2083 770 53 26 past
2154 766 157 31 expenditure,
2324 764 59 27 their
2400 769 48 24 sale
2467 767 48 27 will

1919 797 151 24 nevertheless
2096 798 95 32 provide
2211 808 14 15 a
2235 800 66 28 ,fund
2317 800 36 24 for
2378 802 137 31 emigration

1920 831 130 32 amounting
2070 836 22 18 to
2112 832 151 31 £150,000;
2282 833 43 24 and
2343 833 45 25 this
2400 844 60 21 sum,
2473 845 40 16 ac-

1920 864 91 31 cording
2021 869 24 19 to
2057 865 65 24 Lord
2141 866 61 24 John
2222 867 117 24 Russell's
2352 876 161 24 arrangement

1918 897 53 23 with
1977 897 38 25 the
2023 898 130 32 Company,
2161 900 47 23 will
2218 902 123 23 constitute
2351 901 38 24 the
2397 903 116 31 purchase

1918 938 80 24 money
2018 932 26 23 of
2059 932 65 24 other
2143 933 76 24 lands.
2265 934 78 24 Those
2363 935 65 25 other
2447 935 67 26 lands

1918 964 66 31 being
1996 966 88 23 treated
2098 967 26 22 in
2137 966 38 24 the
2195 975 63 16 same
2269 975 58 24 way,
2329 981 33 3 —
2364 976 52 17 care
2428 970 85 32 always

1918 998 66 31 being
2002 998 71 25 taken
2091 1000 51 23 that
2170 1000 39 24 the
2230 1002 150 31 expenditure
2397 1003 36 23 for
2455 1005 58 23 emi-

1917 1033 87 29 gration
2016 1033 61 23 shall
2089 1038 41 19 not
2148 1034 28 23 be
2195 1035 47 23 less
2263 1044 42 22 per
2325 1044 53 15 acre
2397 1036 57 25 than
2472 1038 39 24 the

1917 1066 59 30 price
1987 1066 54 31 paid
2053 1071 23 19 to
2092 1067 40 24 the
2146 1067 82 24 Crown
2238 1068 37 24 for
2287 1069 73 30 lands,
2362 1082 35 5 —
2397 1070 40 23 the
2449 1071 62 24 colo-

1917 1099 76 31 nizing
2004 1101 131 30 operations
2148 1102 26 22 of
2190 1102 38 23 the
2241 1102 121 32 Company
2373 1104 74 30 might
2457 1113 53 23 pro-

1917 1132 52 24 ceed
1980 1134 96 23 without
2096 1134 40 24 the
2157 1136 156 31 employment
2325 1138 26 22 of
2366 1145 45 23 any
2421 1137 90 26 further

1917 1167 87 30 capital.
2041 1167 24 24 It
2077 1169 20 22 is
2116 1173 46 24 not,
2177 1169 112 30 however,
2302 1171 109 23 intended,
2428 1171 32 31 by
2472 1172 38 24 the

1918 1199 75 31 Court,
2016 1209 25 16 as
2059 1209 46 23 you
2125 1203 48 22 will
2191 1211 39 15 see
2247 1204 126 31 presently,
2393 1209 23 19 to
2439 1205 70 25 make

1917 1240 167 25 arrangements
2096 1235 36 23 for
2144 1237 93 30 sparing
2250 1237 39 23 the
2298 1245 41 15 use
2351 1237 26 23 of
2386 1238 38 23 the
2438 1238 70 25 Com-

1916 1268 77 30 pany's
2012 1268 84 31 capital
2108 1270 25 22 in
2154 1270 152 23 colonization
2315 1279 6 15 :
2342 1271 13 23 I
2367 1279 37 15 am
2420 1272 91 24 desired

1916 1305 23 17 to
1951 1301 59 23 show
2022 1302 50 23 how
2083 1303 18 22 it
2113 1303 75 30 might
2205 1303 28 24 be
2255 1304 89 30 spared,
2358 1305 53 30 only
2423 1305 35 24 for
2470 1306 40 25 the

1915 1341 96 24 purpose
2023 1335 26 24 of
2064 1336 134 31 explaining
2217 1337 50 23 that
2287 1338 19 22 it
2325 1338 46 23 will
2391 1339 28 23 be
2432 1339 78 25 rather

1916 1368 166 31 advantageous
2094 1369 56 24 than
2167 1371 112 31 injurious
2298 1376 24 18 to
2333 1372 38 23 the
2381 1372 93 25 holders
2487 1375 25 23 of

1917 1400 37 24 the
1965 1402 139 32 Company's
2117 1403 75 29 stock,
2208 1409 22 18 to
2243 1404 69 24 make
2325 1405 38 23 the
2376 1405 47 24 sale
2436 1407 24 23 of
2471 1407 41 24 the

1915 1435 64 24 lands
1991 1436 98 30 granted
2108 1440 23 20 to
2148 1437 38 23 the
2208 1438 119 32 Company
2339 1440 25 21 in
2384 1445 91 26 respect
2486 1445 22 20 to

1915 1473 49 26 past
1976 1470 158 30 expenditure,
2144 1472 94 30 provide
2247 1472 35 23 for
2292 1473 135 30 emigration
2435 1478 23 19 at
2470 1474 38 24 the

1916 1510 58 16 same
1986 1508 49 19 rate
2046 1511 41 23 per
2109 1512 51 15 acre
2172 1513 25 14 as
2218 1505 39 23 the
2277 1506 112 30 purchase
2402 1507 26 23 of
2443 1508 64 24 other

1915 1536 62 23 lands
1986 1536 59 24 from
2059 1538 38 22 the
2111 1538 91 23 Crown.

1950 1572 19 23 7.
1990 1570 66 24 Thus
2068 1572 35 23 far
2115 1572 18 23 it
2144 1571 42 24 has
2201 1572 58 23 been
2271 1574 122 30 supposed,
2407 1574 49 23 that
2468 1575 38 24 the

1915 1604 59 29 price
1986 1609 23 18 at
2030 1604 75 24 which
2126 1606 39 23 the
2186 1606 66 24 lands
2271 1607 107 23 obtained
2398 1608 30 31 by
2440 1615 66 24 grant

1915 1637 79 24 should
2015 1638 27 23 be
2062 1638 58 29 sold,
2143 1640 74 31 might
2237 1645 41 18 not
2298 1640 85 24 exceed
2395 1643 53 22 2Os.
2468 1650 38 23 per

1915 1679 55 20 acre,
1986 1673 51 22 15s.
2051 1680 41 23 per
2104 1680 51 16 acre
2175 1673 70 31 being
2256 1673 96 24 devoted
2372 1679 23 19 to
2408 1676 98 31 emigra-

1915 1705 52 28 tion,
1980 1705 46 23 and
2037 1708 36 21 ss.
2088 1714 40 23 per
2149 1714 53 15 acre
2220 1708 107 23 reserved
2339 1708 35 23 for
2386 1708 38 24 the
2436 1709 69 24 Com-

1913 1739 79 30 pany's
2005 1746 114 24 expenses
2132 1740 44 23 and
2188 1740 89 31 profits.
2313 1741 49 24 But
2372 1742 39 24 the
2424 1743 82 24 Direc-

1916 1776 42 19 tors
1971 1780 38 15 are
2021 1773 25 22 of
2062 1774 95 30 opinion
2168 1774 49 23 that
2228 1782 15 15 a
2263 1774 69 23 much
2350 1775 82 31 higher
2443 1778 63 30 price

1915 1813 48 23 may
1974 1806 29 23 be
2023 1807 114 28 obtained,
2150 1807 45 23 and
2214 1807 56 24 with
2288 1809 126 31 advantage
2434 1815 22 18 to
2475 1811 30 24 all

1915 1839 36 23 the
1965 1840 86 30 parties
2070 1841 134 23 concerned.
2243 1841 64 24 Here
2327 1844 66 29 again
2412 1843 14 24 I
2443 1850 61 18 must

1914 1878 55 18 state
1983 1873 59 23 their
2053 1875 71 22 views
2136 1879 24 19 at
2171 1882 63 16 some
2245 1875 89 30 length.

1948 1908 21 21 8.
1988 1907 77 23 When
2084 1908 47 23 this
2151 1908 120 32 Company
2289 1909 45 24 and
2357 1911 29 22 its
2407 1910 54 31 plan
2480 1913 23 23 of

1913 1939 89 32 dealing
2016 1941 54 23 with
2083 1941 67 24 lands
2162 1950 57 15 were
2231 1942 96 29 formed,
2340 1943 38 23 thp
2389 1944 114 25 functions

1913 1973 70 23 which
2002 1974 18 22 it
2029 1974 131 24 undertook
2172 1983 66 21 were,
2252 1976 24 23 in
2295 1984 25 15 so
2339 1983 65 24 great
2416 1986 14 15 a
2441 1986 62 16 mea-

1913 2013 57 21 sure,
1988 2006 65 24 those
2066 2007 73 23 which
2154 2007 83 32 belong
2249 2013 22 18 to
2284 2008 40 24 the
2336 2010 163 30 Government,

1912 2039 46 23 that
1981 2040 38 23 the
2042 2040 122 24 Directors
2193 2042 115 30 naturally
2335 2042 97 32 adopted
2454 2044 49 24 that

1911 2073 109 31 principle
2038 2074 25 22 in
2079 2074 39 23 the
2137 2075 101 31 disposal
2251 2076 24 22 of
2289 2075 73 29 lands,
2377 2077 73 23 which
2463 2086 39 23 ap-

1912 2114 64 22 pears
1990 2107 38 23 the
2039 2112 63 18 most
2120 2108 98 23 suitable
2227 2109 37 22 for
2275 2110 86 30 merely
2373 2110 77 31 public
2462 2112 39 22 ob-

1910 2140 64 31 jects.
2011 2140 132 33 Reserving
2164 2142 25 23 of
2205 2143 115 30 necessity
2332 2151 63 16 some
2412 2147 90 28 portion

1913 2174 24 22 of
1950 2174 39 23 the
2007 2174 110 31 proceeds
2136 2176 24 22 of
2177 2176 54 23 land
2250 2176 68 29 sales,
2335 2181 23 18 to
2379 2185 65 17 cover
2464 2179 37 23 the

1913 2214 108 24 expences
2034 2209 25 22 of
2068 2208 40 24 the
2117 2209 120 32 Company
2246 2209 45 23 and
2301 2211 94 30 provide
2407 2212 92 24 interest

1913 2241 31 23 for
1966 2242 29 23 its
2016 2242 92 31 capital,
2133 2242 54 32 they
2205 2244 141 23 determined
2364 2249 23 19 to
2410 2246 41 22 sell
2473 2247 28 23 ail

1911 2274 63 24 lands
1987 2280 23 18 at
2021 2283 30 15 an
2063 2276 101 24 uniform
2174 2277 63 31 price
2249 2285 40 23 per
2301 2286 58 20 acre,
2371 2279 44 23 and
2428 2284 23 18 to
2461 2280 40 23 de-

1912 2314 48 18 vote
1977 2314 22 18 to
2020 2310 136 30 emigration
2169 2311 166 23 three-fourths
2348 2312 25 22 of
2390 2313 38 23 the
2447 2321 51 24 pro-

1911 2343 63 23 ceeds
1983 2342 24 24 of
2016 2343 69 24 sales.
2123 2343 51 24 The
2184 2345 100 30 position
2297 2345 25 23 of
2332 2345 38 24 the
2381 2345 117 34 Company

1911 2376 19 23 is
1942 2384 48 15 now
2002 2376 97 32 entirely
2111 2377 110 31 changed,
2233 2378 69 31 being
2314 2378 48 24 that
2374 2380 25 22 of
2409 2388 13 15 a
2434 2380 64 24 Land

1912 2409 116 32 Company
2040 2418 25 16 or
2077 2410 125 24 individual
2214 2412 85 30 having
2317 2413 128 30 purchased
2457 2415 42 23 and

1910 2444 117 31 intending
2038 2449 23 18 to
2075 2444 112 32 purchase
2199 2446 60 22 from
2271 2446 38 23 the
2322 2446 92 25 Crown.
2451 2448 48 24 The

1912 2476 79 25 Crown
2003 2477 42 24 has
2057 2479 99 31 adopted
2168 2479 37 23 the
2217 2479 132 33 principles,
2366 2481 59 29 first,
2437 2482 26 23 df
2472 2491 26 14 an

1910 2511 97 24 uniform
2019 2512 71 31 price,
2099 2512 46 24 and
2157 2514 115 30 secondly,
2286 2521 25 15 so
2324 2514 33 22 far
2369 2522 25 15 as
2409 2516 90 30 regards

1910 2550 106 25 payment
2028 2545 30 31 by
2071 2546 39 23 the
2124 2546 125 32 Company,
2264 2547 25 23 of
2298 2547 38 23 the
2348 2548 154 32 employment

1911 2578 24 24 of
1942 2578 37 23 the
1991 2578 73 24 whole
2077 2580 26 22 of
2118 2579 39 24 the
2175 2581 109 30 proceeds
2297 2582 24 22 of
2336 2582 59 23 sales
2407 2583 91 23 inemi-

1910 2613 95 29 gration.
2041 2613 37 23 As
2097 2618 101 27 respects
2220 2614 31 23 all
2268 2615 125 31 purchases
2411 2616 31 31 by
2461 2616 39 25 the-

1912 2645 116 31 Company
2045 2646 61 24 from
2130 2647 39 23 the
2193 2648 91 29 Crown,
2303 2648 39 24 the
2359 2648 54 32 plan
2432 2650 26 23 of
2471 2658 28 16 aiv

1910 2679 97 23 uniform
2015 2681 71 29 price,
2100 2680 45 23 and
2157 2681 25 23 of
2187 2681 123 31 providing
2320 2682 35 23 for
2365 2684 134 30 emigration,

1911 2712 21 23 in
1941 2713 133 30 proportion
2085 2718 22 18 to
2120 2714 38 22 the
2167 2714 54 24 land
2233 2715 51 23 sold
2293 2716 46 22 will
2350 2716 28 22 be
2385 2717 111 24 followed.

1910 2746 31 23 As
1954 2754 13 15 a
1977 2746 74 31 buyer
2062 2747 26 22 of
2096 2747 55 24 land
2163 2747 37 24 the
2211 2748 121 32 Company
2343 2749 21 22 is
2376 2750 90 31 obliged
2475 2755 22 20 to

1910 2787 80 23 pursue
2003 2780 39 23 the
2054 2788 82 16 course
2147 2781 74 23 which
2232 2789 46 16 was
2298 2787 23 18 at
2338 2782 50 24 first
2405 2784 95 24 markei

1911 2817 35 19 out
1957 2813 36 24 for
2005 2813 18 24 it
2035 2822 28 15 as
2073 2822 15 15 a
2105 2814 76 25 seller.
2218 2815 48 24 But
2286 2815 46 24 this
2343 2816 74 31 grand
2436 2818 62 30 point

1909 2846 66 31 being
1997 2848 104 28 secured,
2122 2848 40 23 the
2183 2848 119 33 Company
2324 2851 19 22 is
2364 2858 58 21 now,
2442 2860 24 15 as
2483 2861 13 15 a

1911 2880 70 29 seller,
2004 2886 24 18 at
2047 2881 84 31 liberty
2143 2887 23 18 to
2188 2883 77 24 obtain
2284 2884 36 23 for
2338 2883 31 24 its
2390 2884 54 24 land
2461 2885 37 24 the

1910 2914 88 31 highest
2008 2915 64 31 price
2092 2915 51 24 that
2160 2916 78 24 others
2256 2924 54 24 may
2324 2917 29 23 be
2371 2918 87 32 willing
2475 2924 21 19 to

1910 2956 49 23 pay.
1995 2948 52 24 The
2059 2949 61 24 sales
2132 2949 46 24 will
2186 2949 134 25 henceforth
2329 2950 67 31 (with
2409 2952 37 23 the
2458 2961 41 15 ex-

1911 2982 87 31 ception
2018 2990 26 15 as
2064 2985 25 21 to
2113 2984 138 30 emigration
2269 2989 27 19 to
2313 2984 75 24 which
2408 2985 13 24 I
2439 2985 57 25 have

1910 3015 73 24 before
2004 3015 115 30 adverted,
2134 3017 44 24 and
2195 3017 76 24 which
2290 3018 72 24 arises
2379 3018 60 25 from
2459 3019 37 25 the

1910 3053 62 27 great
1989 3053 81 20 extent
2087 3051 26 23 of
2128 3050 55 24 land
2200 3055 24 19 at
2241 3051 39 23 the
2297 3051 100 32 disposal
2416 3053 25 23 of
2452 3055 2 6 '
2461 3053 37 24 the

1911 3081 129 33 Company)
2051 3083 29 24 be
2091 3083 49 24 like
2152 3083 65 25 those
2227 3084 25 24 of
2261 3093 45 23 any
2314 3085 126 25 individual
2449 3085 47 25 who

1910 3116 38 24 has
1966 3116 130 32 purchased
2113 3117 59 24 from
2191 3118 40 24 the
2251 3119 90 24 Crown.
2378 3116 31 27 In

1909 3149 44 24 like
1965 3150 65 24 other
2042 3152 89 30 private
2147 3151 81 24 sellers
2240 3152 26 23 of
2280 3152 61 30 land,
2355 3150 87 27 tb'talce
2457 3154 40 23 ad-

1909 3188 94 27 vantage
2011 3184 26 23 of
2045 3185 155 32 competition,
2212 3184 39 24 the
2261 3183 55 34 plan
2324 3186 30 23 of
2358 3193 30 17 an
2399 3188 96 23 uniform

1910 3218 57 31 price
1986 3222 63 19 must
2061 3217 28 24 be
2106 3218 133 25 abandoned
2257 3220 24 23 in
2300 3220 80 23 favour
2398 3221 26 23 of
2440 3220 56 24 sales

1910 3251 26 31 by
1948 3252 99 29 auction,
2061 3252 55 24 with
2136 3252 74 32 ample
2230 3253 83 24 notice.
2337 3255 4 3 '
2350 3253 59 24 This
2427 3255 20 22 is
2461 3254 35 24 the

1908 3284 90 25 method
2010 3285 27 24 of
2044 3286 140 31 proceeding
2195 3294 31 16 on
2242 3286 76 24 which
2329 3286 39 25 the
2379 3287 116 25 Director*

1910 3317 53 25 have
1977 3319 114 24 resolved.

1939 3354 25 23 9.
1983 3352 52 24 The
2045 3352 91 32 change
2148 3353 26 24 of
2181 3353 55 32 plan
2247 3354 110 29 involves.
2358 3363 70 24 many
2435 3354 61 25 other

1909 3385 131 25 alterations
2059 3387 26 23 in
2103 3387 40 23 the
2164 3395 81 16 course
2261 3387 26 24 of
2360 3389 134 32 Company's

1909 3420 134 31 operations.
2066 3420 30 23 In
2103 3420 65 23 order
2176 3420 50 24 that
2233 3421 101 24 Auction
2343 3422 66 24 Sales
2417 3422 77 24 should

1907 3453 96 31 produce
2012 3454 156 31 competition,
2181 3455 18 23 it
2211 3455 20 23 is
2244 3455 127 32 absolutely
2378 3464 116 22 necessary

1908 3486 45 24 that
1974 3487 38 23 the
2032 3488 106 30 quantity
2150 3487 25 24 of
2193 3488 56 24 land
2264 3493 44 27 put
2324 3497 32 24 up
2367 3490 35 23 for
2416 3489 45 23 sale
2472 3493 22 19 at

1907 3528 42 23 any
1961 3528 43 16 one
2016 3521 55 23 time
2084 3521 45 23 and
2139 3520 73 32 place,
2221 3519 83 27 should
2314 3523 41 24 riot
2364 3523 83 24 exceed
2457 3521 36 25 the

1907 3553 94 24 demand
2012 3558 25 19 at
2048 3554 51 23 that
2108 3554 66 32 place
2186 3556 45 23 and
2244 3557 62 23 time.
2343 3555 36 25 In'
2390 3555 38 25 the
2445 3564 49 16 case

1907 3587 22 24 of
1938 3596 13 15 a
1964 3587 160 24 Government
2135 3589 135 32 possessing
2287 3585 45 29 the'
2339 3589 72 24 whole
2423 3589 25 24 of
2456 3589 36 24 the

1906 3625 66 20 waste
1990 3620 67 25 lands
2076 3622 27 23 of
2116 3630 14 15 a
2148 3630 49 16 new
2216 3627 104 28 country,
2338 3624 38 22 the
2385 3638 3 3 •
2394 3624 60 30 price
2470 3627 22 19 at

1906 3653 71 25 which
1995 3654 55 24 land
2062 3655 76 24 would
2155 3656 43 23 sell
2210 3655 30 33 by
2254 3658 92 23 auction
2363 3656 74 23 would
2453 3654 37 25 de-

1906 3688 56 31 pend
1974 3688 97 31 entirely
2082 3686 91 33 (within
2182 3690 38 23 the
2224 3690 78 24 -limits'
2311 3690 25 24 of
2345 3698 13 15 a
2369 3688 121 33 maximum

1906 3721 87 31 beyond
2014 3722 77 23 which
2109 3723 20 23 it
2148 3723 76 24 would
2244 3724 27 23 be
2293 3723 71 24 worth
2385 3723 104 30 nobody's

1906 3755 63 24 while
1988 3759 23 20 to
2030 3755 59 32 buy)
2101 3765 31 15 on
2150 3757 37 23 the
2207 3758 104 30 quantity
2322 3757 58 23 from
2399 3755 52 25 time
2467 3761 22 18 to

1907 3789 51 24 time
1969 3789 51 24 laid'
2030 3798 59 23 open
2101 3795 23 18 to
2143 3791 135 30 purchasers
2285 3800 7 20 ;
2311 3791 41 23 but
2363 3789 46 24 this
2426 3787 63 26 abso-

1906 3822 45 24 lute
1959 3831 77 22 power
2054 3831 53 16 over
2120 3824 38 23 the
2171 3822 83 33 selling
2265 3823 60 34 price
2342 3824 20 23 is
2381 3827 41 19 not
2438 3831 50 25 pos-

1907 3857 75 22 sessed
2004 3857 31 31 by
2054 3864 14 16 a
2092 3857 119 33 Company
2229 3857 119 33 re-selling
2371 3856 60 23 what
2451 3855 39 24 has

1906 3890 56 24 been
1972 3890 131 32 purchased
2114 3890 60 24 from
2192 3891 39 23 the
2251 3891 156 23 Government
2424 3893 26 19 at
2458 3896 32 16 -an

1907 3924 97 23 uniform
2022 3924 72 30 price.
2131 3923 31 24 In
2180 3923 39 24 the
2242 3924 67 23 latter
2328 3931 60 23 case,
2397 3923 41 30 .by
2455 3926 34 26 $00

1906 3956 67 24 Much
1983 3956 103 33 limiting
2096 3956 39 24 the
2147 3958 104 31 quantity
2252 3975 11 12 ,,
2271 3956 141 33 purchasers,
2418 3954 73 32 -woyld

1906 3986 118 28 fre'driven
2045 3998 64 24 away
2121 3991 58 23 from
2197 3990 38 25 the
2258 3990 139 31 Company's
2411 3986 80 27 Sfettle-
