2580 4050
687 121 32 31 by
714 147 8 8 r
727 146 3 3 .
737 120 50 37 the^
794 121 142 25 arbitrators.
943 144 5 14 f
969 138 3 5 .
978 119 52 27 The
1055 121 73 25 Court
1150 122 83 25 wishes
1255 127 24 20 t»

688 147 61 30 3raw
760 162 57 23 your
829 155 99 31 especial
934 148 158 30 'aftientioh^fo
1102 152 44 27 'the
1165 156 114 24 condition

689 194 30 15 on
729 181 141 39 yrhiclfijt'he*
877 194 100 24 expense
996 187 27 24 of
1043 188 125 33 surveying
1168 183 3 11 1
1184 188 48 25 will
1244 182 35 31 'fee

688 212 310 41 rep'aidtbtlie^Company.
1045 220 25 24 It
1089 220 66 25 is'bf
1173 213 54 36 'tile.
1230 221 49 25 last

689 253 140 31 importance
846 253 51 24 that
914 254 38 23 the
971 254 121 33 Company
1110 253 80 25 should
1211 255 68 27 adopt

689 284 38 26 the
739 285 108 32 cheapest
868 286 65 24 mode
951 284 25 26 of
994 288 129 31 surveying
1142 293 39 18 not
1199 288 79 24 incon-

688 319 82 23 sistent
782 320 55 22 with
849 327 108 23 accuracy
965 328 25 18 or
997 317 113 34 dispatch.
1147 321 132 32 Supposing

688 351 50 24 that
749 352 39 24 the
798 360 97 23 surveys
906 348 46 29 Will
962 352 29 24 be
1001 353 54 27 thus
1068 354 85 22 carried
1166 361 36 22 on,
1215 354 64 24 there

688 392 138 26 appears.no
839 394 63 15 more
912 385 127 31 legitimate
1050 387 67 22 mode
1125 387 25 23 of
1164 387 115 31 investing

688 416 38 26 the
747 416 141 33 Company's
912 419 89 31 capital,
1026 420 71 28 since,
1121 420 24 22 in
1164 415 39 28 the
1227 428 52 17 case

688 449 121 33 supposed,
823 451 46 23 the'
873 451 74 24 whole
962 453 81 30 outlay,
1058 452 47 24 will
1122 452 29 25 be
1171 448 108 38 virtually

687 481 39 26 the
736 484 211 31 purchase-money
959 486 26 22 of
999 493 51 16 new
1060 486 63 24 land.
1168 486 52 24 The
1241 495 37 15 ar-

686 522 136 26 rangement
832 517 67 24 made
915 518 30 30 by
962 517 63 25 Lord
1043 519 62 23 John
1124 519 95 24 Russell
1237 528 41 24 ap-

686 558 68 25 pears
762 550 93 32 equally
870 551 171 31 advantageous
1062 557 24 18 to
1105 552 38 24 the
1160 552 119 33 Corripaiiy

687 582 74 25 wKic'K
772 585 75 23 never'
855 584 65 24 could
933 583 57 25 have
1009 585 129 31 ultimately
1154 587 72 22 borne
1229 597 2 4 1
1241 588 38 23 the

688 624 99 25 expense
797 617 26 24 of
839 618 123 31 surveying
973 618 25 23 in
1004 616 83 31 'detail,
1107 616 45 26 and
1169 620 38 22 the
1229 618 50 26 Go-

686 648 120 26 v'efhnient
817 646 75 28 which
912 653 19 21 is
949 651 54 24 thus
1021 651 96 24 enabled
1135 657 22 19 to
1176 650 103 34 promote

686 679 40 28 the
829 684 151 24 colonization
1000 685 25 24 of
1048 682 57 27 New
1128 686 100 24 Zealand
1248 685 31 33 by

687 719 84 23 mean's'
778 717 25 25 of
818 716 113 26 advances
949 719 26 23 of
995 717 39 25 the
1052 717 140 33 Company's
1206 720 72 23 'funds

685 750 36 24 for
731 750 39 25 the
782 758 100 25 purpose
891 752 25 23 of
931 753 131 30 surveying.

723 783 39 25 13.
782 782 52 27 The
845 786 102 23 increase
956 785 25 24 of
990 785 37 24 the
1036 785 140 33 Company's
1185 786 92 32 capital,

686 816 75 26 which
771 817 43 25 has
809 816 3 10 1
822 818 59 25 be'en
893 819 106 31 required
1009 818 32 32 by
1057 819 38 24 the
1113 819 163 30 Government,

685 852 106 31 provides
802 853 94 30 against
907 860 45 23 any
960 852 44 24 evil
1016 853 60 23 from
1093 852 38 24 the
1151 853 85 23 second
1256 853 23 23 of

686 885 39 24 the
732 885 101 31 changes
839 890 22 19 to
866 886 74 23 which
946 886 13 23 I
964 886 58 23 have
1024 885 52 31 just
1081 885 76 24 before
1163 886 114 24 adverted.

685 918 123 31 Although
817 919 59 23 sales
888 919 31 31 by
931 919 148 30 anticipation
1089 919 25 23 in
1124 919 46 23 this
1180 925 96 26 country

685 950 46 24 will
743 959 30 16 no
785 951 80 31 longer
879 951 93 31 provide
983 951 153 24 before-hand
1156 951 68 24 funds
1243 954 36 22 for

686 984 144 30 emigration,
842 984 65 24 there
919 985 19 22 is
951 992 29 15 no
993 992 83 16 reason
1090 985 52 31 why
1155 985 37 23 the
1206 985 72 25 Com-

682 1017 84 30 pany's
779 1018 136 30 emigration
924 1018 152 31 proceedings
1086 1017 84 24 should
1181 1020 53 22 wait
1243 1020 35 23 for

685 1050 60 23 sales
762 1050 26 23 of
812 1050 54 24 land
884 1051 24 23 in
926 1050 38 24 the
983 1050 90 32 colony.
1117 1051 77 25 When
1215 1052 63 24 Lord

685 1083 61 23 John
758 1083 97 24 Russell
866 1084 92 23 advised
974 1084 42 23 her
1035 1084 103 31 Majesty
1157 1089 22 19 to
1200 1086 78 23 confer

685 1117 125 31 important
817 1117 122 32 privileges
947 1124 61 25 upon
1016 1117 39 24 the
1062 1118 125 31 Company,
1194 1119 29 23 he
1229 1119 48 24 also

686 1150 92 31 obliged
790 1152 19 22 it
819 1156 23 19 to
853 1152 60 23 raise
922 1159 63 16 more
993 1152 83 31 capital
1084 1152 37 23 for
1130 1150 38 25 the
1175 1153 101 30 implied,

685 1188 41 19 not
747 1188 23 20 to
794 1192 42 24 say
858 1192 94 24 express
974 1192 101 24 purpose
1098 1185 25 24 of
1148 1187 131 31 promoting

686 1218 144 31 emigration.
875 1218 27 24 If
916 1218 38 25 the
973 1219 121 31 Company
1104 1226 59 16 were
1178 1224 24 19 to
1219 1220 58 23 have

685 1250 64 33 large
761 1259 96 24 powers,
869 1253 20 23 it
899 1260 46 16 was
957 1252 49 24 also
1018 1253 106 30 enjoined
1136 1257 23 19 to
1171 1260 66 24 carry
1248 1262 29 15 on

685 1286 131 30 operatious
828 1293 29 16 on
877 1295 14 14 a
910 1286 63 31 large
992 1286 70 24 scale.
1098 1286 32 24 It.
1139 1294 95 23 appears
1253 1292 24 18 to

685 1317 58 25 have
754 1319 59 23 been
825 1327 29 16 an
865 1319 96 32 especial
975 1319 76 32 object
1059 1320 55 23 with
1123 1319 38 24 the
1171 1319 106 25 Govern-

685 1356 72 25 ment,
768 1352 51 24 that
829 1352 69 24 funds
907 1353 35 24 for
950 1354 138 30 emigration
1096 1352 82 25 should
1185 1354 29 23 be
1223 1361 54 23 pro-

686 1385 74 30 vided,
773 1394 57 16 even
844 1387 75 23 before
931 1386 68 24 much
1010 1387 56 23 land
1086 1387 80 23 should
1178 1387 28 23 be
1217 1387 59 23 sold.

684 1419 58 24 And
754 1419 64 24 there
830 1427 41 16 can
882 1420 30 23 be
923 1427 29 16 no
964 1420 78 29 doubt,
1056 1420 50 23 that
1125 1421 35 22 for
1172 1420 38 24 the
1221 1429 56 22 pur-

686 1461 56 23 pose
753 1453 26 24 of
793 1453 39 23 the
851 1453 165 30 Government,
1029 1454 75 23 which
1123 1455 20 22 is
1164 1453 38 24 the
1213 1454 65 32 rapid

687 1487 151 23 colonization
851 1487 25 23 of
886 1486 37 24 the
936 1487 100 29 Islands,
1047 1495 25 16 a<?
1083 1488 51 23 well
1145 1496 25 15 as
1181 1488 35 23 for
1229 1488 49 23 that

687 1520 25 23 of
727 1520 39 24 the
786 1520 120 31 Company
925 1528 24 16 as
969 1529 13 15 a
998 1521 58 31 body
1070 1521 25 23 of
1110 1521 167 30 shareholders,

686 1554 75 23 which
770 1554 19 22 is
807 1554 69 30 profit
887 1554 30 30 by
929 1554 38 23 the
978 1563 80 15 means
1077 1555 25 23 of
1117 1555 46 23 sale
1175 1554 26 23 of
1215 1555 61 29 land,

686 1587 18 23 it
715 1588 21 22 is
749 1591 61 19 most
830 1587 123 31 expedient
973 1588 50 23 that
1043 1589 135 30 emigaation
1199 1593 23 18 to
1240 1589 38 23 the

687 1620 140 32 Company's
850 1621 142 24 settlements
1016 1622 83 23 should
1126 1622 26 23 be
1181 1622 96 31 steadily

686 1654 88 24 carried
789 1662 31 15 on
840 1654 30 31 by
889 1662 78 16 means
987 1655 26 23 of
1032 1656 111 23 advances
1159 1656 60 23 from
1240 1656 37 23 the

687 1688 140 31 Company's
853 1688 82 31 capital
959 1689 25 23 in
1003 1690 149 30 anticipation
1177 1689 27 23 of
1223 1689 55 24 land

686 1722 67 23 sales.
802 1721 27 24 If
853 1721 40 24 the
914 1721 53 24 land
990 1730 59 15 were
1069 1723 83 23 offered
1171 1723 36 22 for
1230 1723 47 23 sale

685 1755 77 23 before
783 1754 40 24 the
842 1756 134 30 emigration
994 1757 25 22 in
1041 1761 89 26 respect
1150 1756 24 23 of
1198 1757 18 22 it
1233 1756 45 24 had

686 1788 71 24 taken
768 1789 73 31 place,
854 1789 146 31 competition
1011 1789 36 24 for
1059 1789 39 24 the
1110 1789 54 24 land
1177 1789 45 24 anl
1239 1791 38 22 the

684 1823 64 30 price
768 1822 107 24 obtained
885 1822 32 31 by
928 1824 99 28 auction,
1039 1823 75 24 would
1129 1824 28 22 be
1176 1824 36 22 far
1232 1824 46 23 less

687 1856 55 23 than
754 1856 21 23 if
783 1856 39 23 the
832 1856 50 23 first
894 1860 49 28 step
952 1864 59 15 were
1019 1862 23 18 to
1053 1865 85 23 convey
1147 1858 132 30 population

686 1894 22 18 to
721 1890 38 23 the
771 1890 63 28 land,
846 1889 45 23 and
903 1890 37 23 the
953 1890 84 23 second
1059 1895 22 18 to
1095 1890 54 24 offer
1168 1891 38 23 the
1223 1891 56 23 land

685 1923 35 23 for
738 1923 57 24 sale.
833 1923 36 31 By
887 1923 53 23 thus
961 1924 151 30 anticipating
1130 1924 28 23 its
1179 1924 59 23 sales
1255 1925 24 23 of

685 1956 61 29 land,
757 1956 39 24 the
810 1956 118 31 Company
936 1965 53 22 may
1001 1957 78 23 obtain
1091 1966 14 14 a
1116 1958 67 22 much
1196 1958 81 30 higher

685 1991 62 28 price
758 1989 56 23 than
826 1989 41 23 has
879 1996 52 16 ever
938 1989 78 23 before
1029 1989 58 24 been
1098 1990 53 30 paid
1163 1991 34 22 for
1209 1996 70 19 waste

684 2022 66 24 lands
762 2024 25 22 in
799 2031 14 14 a
824 2030 50 15 new
886 2027 103 26 country.
1027 2022 51 24 The
1090 2023 55 31 high
1156 2024 76 31 prices
1241 2032 37 15 re-

686 2055 75 32 cently
771 2057 70 30 given
852 2057 35 22 for
896 2061 70 18 waste
978 2056 54 23 land
1041 2060 23 19 at
1073 2057 38 22 the
1122 2057 157 24 Government

686 2090 90 23 auction
798 2090 59 23 sales
882 2095 23 18 at
922 2090 59 24 Port
999 2090 89 31 Phillip
1107 2090 43 23 and
1167 2091 112 23 Portland

685 2123 58 31 Bay,
754 2131 59 16 were
825 2123 54 31 paid
889 2125 23 22 in
931 2124 149 31 anticipation
1097 2124 26 23 of
1137 2124 38 23 the
1197 2125 82 23 arrival

685 2158 24 22 of
726 2158 80 30 people
818 2161 23 19 to
860 2158 51 30 give
924 2165 13 15 a
957 2158 48 22 real
1025 2158 66 23 value
1112 2162 22 19 to
1153 2158 39 24 the
1206 2158 54 24 land
1271 2168 6 14 :

684 2191 19 22 if
719 2191 38 23 the
769 2191 80 31 people
862 2191 45 23 had
919 2191 89 24 arrived
1026 2191 77 24 before
1116 2192 37 23 the
1166 2191 54 24 land
1231 2199 46 17 was

684 2224 85 24 offered
789 2225 36 23 for
844 2224 56 29 sale,
902 2238 33 3 —
936 2224 20 24 if
971 2233 13 15 a
1004 2233 53 15 sum
1077 2225 67 31 equal
1163 2230 23 18 to
1199 2234 13 14 a
1223 2233 55 16 con-

684 2258 112 24 siderable
808 2259 89 31 portion
917 2259 26 23 of
957 2259 39 22 the
1013 2258 209 32 purchase-money
1233 2259 46 24 had

683 2292 59 24 been
752 2292 47 23 laid
811 2297 39 18 out
862 2291 151 25 before-hand
1029 2293 24 22 in
1065 2293 127 30 conveying
1203 2301 74 24 popu-

683 2326 71 23 lation
767 2330 23 19 to
802 2326 66 23 those
880 2326 150 28 settlements,
1033 2339 34 3 —
1067 2326 18 23 it
1098 2326 18 23 is
1128 2326 82 32 hardly
1217 2332 22 18 to
1249 2327 29 23 be

684 2359 99 24 doubted
802 2360 49 23 that
871 2360 46 22 still
935 2360 84 31 higher
1036 2360 74 31 prices
1128 2360 75 24 would
1221 2360 57 24 have

684 2393 58 24 been
753 2393 108 24 realized.
898 2393 51 24 The
968 2393 137 24 calculation
1116 2393 75 24 which
1203 2394 73 23 shews

684 2427 39 23 the
735 2427 126 30 advantage
874 2427 25 23 of
914 2426 97 32 sending
1023 2427 39 23 the
1083 2428 124 30 emigrants
1218 2428 58 29 first,

684 2460 44 24 and
740 2460 85 32 selling
835 2460 41 24 the
886 2460 54 24 land
952 2461 57 23 after
1022 2460 59 23 their
1100 2462 90 28 arrival,
1202 2462 21 23 is
1236 2469 41 16 ex-

684 2495 96 30 tremely
792 2495 82 31 simple
884 2503 6 15 :
909 2495 19 22 it
938 2495 99 23 consists
1050 2494 26 24 of
1091 2502 12 16 a
1122 2496 155 31 computation

684 2528 25 24 of
724 2528 38 24 the
774 2528 122 24 difference
908 2528 103 24 between
1027 2529 96 23 interest
1134 2537 29 16 on
1175 2528 38 24 the
1226 2537 51 16 sum

684 2562 120 31 employed
815 2561 76 25 before
896 2561 71 24 -hand
977 2562 37 23 for
1023 2563 142 30 emigration,
1179 2562 44 24 and
1239 2562 38 24 the

683 2596 103 23 increase
799 2596 26 23 of
839 2596 39 23 the
898 2596 61 31 price
971 2600 23 19 at
1013 2595 40 24 the
1072 2596 59 23 sales
1143 2596 135 23 occasioned

683 2629 31 32 by
736 2630 37 25 the
793 2631 108 30 previous
912 2629 164 32 immigration.
1121 2629 35 25 To
1176 2629 31 24 all
1227 2629 50 25 who

683 2663 59 24 have
764 2671 47 23 any
830 2663 110 32 practical
962 2663 164 31 acquaintance
1149 2662 55 25 with
1231 2663 46 24 this

684 2697 97 31 subject,
795 2697 37 24 the
844 2697 94 23 balance
950 2697 25 23 in
991 2697 66 23 favor
1073 2697 25 24 of
1113 2696 112 25 advances
1242 2697 36 24 for

684 2732 138 31 emigration
843 2730 47 24 will
910 2738 84 24 appear
1015 2738 55 23 very
1092 2730 71 31 large.
1211 2730 24 24 It
1257 2732 20 22 is

684 2765 146 31 accordingly
841 2764 40 24 the
896 2765 114 23 intention
1022 2765 26 23 of
1063 2763 39 25 the
1113 2764 128 29 Directors,
1253 2768 24 20 to

684 2799 91 31 employ
787 2798 39 24 the
838 2798 142 31 Company's
992 2798 84 31 capital
1087 2798 25 23 in
1130 2798 113 31 affording
1254 2802 23 20 to

683 2833 31 22 its
726 2831 89 24 several
824 2832 150 29 settlements,
987 2832 123 31 according
1121 2836 22 19 to
1158 2832 39 23 the
1208 2831 69 24 funds

684 2871 24 17 at
719 2865 39 23 the
767 2865 102 32 disposal
881 2866 25 22 of
921 2866 38 23 the
978 2865 74 24 Court
1072 2865 46 24 and
1130 2865 37 24 the
1179 2865 98 25 demand

684 2899 36 24 for
730 2899 82 24 labour
823 2903 23 19 at
863 2899 56 23 each
933 2898 74 32 place,
1020 2907 14 15 a
1047 2900 135 23 continuous
1194 2899 84 33 supply

686 2933 25 23 of
724 2932 123 31 labouring
865 2933 132 31 emigrants,
1011 2932 134 32 consisting,
1157 2941 27 16 as
1199 2933 35 24 far
1252 2941 26 15 as

684 2966 110 30 possible,
807 2967 25 22 of
846 2974 77 22 young
933 2966 101 23 married
1046 2966 100 30 couples.

721 3002 38 22 14.
780 3000 14 24 I
815 3000 57 23 have
892 3000 49 23 said
960 2999 87 29 before,
1066 3000 50 23 that
1136 3000 40 24 the
1204 2999 72 25 Court

685 3033 77 24 deems
771 3033 65 24 itself
844 3033 105 32 pledged,
961 3033 36 24 for
1015 3033 40 23 the
1065 3038 93 27 present
1176 3038 25 20 at
1210 3034 66 28 least,

685 3071 23 19 to
720 3067 80 23 devote
812 3071 41 19 not
869 3067 47 23 less
931 3066 56 24 than
1001 3069 52 22 15s.
1070 3075 42 24 per
1128 3075 52 16 acre
1199 3068 24 24 of
1238 3068 38 24 the

684 3101 111 31 proceeds
815 3101 25 23 of
863 3100 55 24 land
940 3100 60 24 sales
1019 3101 140 31 exclusively
1178 3105 23 20 to
1220 3102 56 23 emi-

684 3135 99 30 gration.
808 3134 59 24 This
879 3140 151 25 engagement
1043 3134 85 30 settles,
1139 3143 25 15 as
1175 3139 101 28 respects

684 3169 39 23 the
744 3167 142 33 Company's
902 3167 75 29 lands,
994 3167 40 24 the
1051 3169 122 23 minimum
1190 3169 26 23 of
1239 3169 37 24 the

684 3203 134 31 proportion
837 3202 25 22 in
877 3201 74 24 which
973 3209 70 23 every
1054 3202 49 23 sale
1119 3202 26 23 of
1159 3200 56 26 land
1231 3200 45 26 will

684 3235 101 24 conduce
806 3239 23 21 to
848 3235 145 31 emigration.
1037 3235 48 24 But
1101 3235 20 24 it
1137 3243 98 25 appears
1254 3240 22 19 to

685 3269 39 24 the
735 3269 130 29 Directors,
879 3276 28 16 on
924 3269 38 23 the
982 3269 134 24 reasonable
1135 3269 141 32 supposition

685 3302 50 25 that
746 3311 30 16 an
787 3310 96 24 average
893 3303 66 31 -price
980 3302 27 24 of
1022 3302 88 24 several
1128 3303 90 32 pounds
1236 3310 40 24 per

685 3344 51 17 acre
761 3344 55 23 may
833 3336 30 24 be
884 3335 106 25 obtained
1009 3336 37 24 for
1072 3336 38 24 the
1136 3336 140 33 Company's

684 3370 73 30 lands,
770 3370 51 24 that
830 3377 64 17 more
905 3370 57 24 than
976 3371 54 24 15s.
1043 3377 41 25 per
1096 3378 51 16 acre
1163 3370 75 32 might
1248 3370 28 24 be

684 3409 68 27 spent
773 3412 29 16 on
823 3404 136 31 emigration
978 3403 58 24 with
1051 3403 125 33 advantage
1195 3409 22 19 to
1238 3403 38 24 the'

684 3436 160 26 shareholders
854 3445 25 16 as
890 3438 52 24 well
957 3445 26 16 as
1003 3441 22 20 to
1041 3437 38 24 the
1099 3437 90 32 colony.
1225 3436 51 25 The

683 3471 109 25 interests
804 3471 25 24 of
838 3471 39 23 the
888 3471 87 32 colony,
985 3470 91 30 indeed,
1088 3473 53 29 may
1150 3471 30 24 be
1192 3470 50 25 said
1254 3475 22 20 to

682 3505 29 25 be
728 3504 116 25 identical'
855 3504 55 25 with
928 3505 65 24 those
1010 3504 27 24 of
1051 3504 39 25 the
1108 3504 166 25 shareholders.

683 3539 27 24 If
724 3539 39 24 the
782 3538 159 25 shareholders
960 3546 56 24 reap
1025 3543 3 5 '
1035 3538 63 31 large
1115 3538 89 32 profits,
1222 3537 54 32 they

682 3573 47 24 will
740 3574 29 23 be
781 3572 107 32 dispbsed
899 3572 47 24 still
963 3572 90 24 further
1074 3576 23 20 to
1118 3575 109 28 augment
1237 3571 38 24 the

683 3607 142 32 Company's
843 3606 95 32 capital,'
945 3605 46 25 and
1006 3610 24 20 to
1049 3614 85 23 pursue
1146 3605 128 31 colonizing

683 3642 131 31 operations
827 3648 31 16 on
868 3649 15 15 a
894 3640 48 23 still
950 3640 77 31 larger
1038 3639 68 29 scale,
1116 3638 75 25 which
1203 3638 73 24 would

682 3682 63 17 more
757 3675 58 24 than
825 3674 112 31 anything
958 3673 55 29 else,
1027 3673 99 24 conduce
1145 3677 23 20 to
1185 3673 38 23 the
1236 3670 39 26 ad-

682 3712 100 27 vantage
792 3709 26 24 of
833 3708 39 23 the
884 3708 90 23 settlers
985 3715 7 15 :
1005 3707 21 23 if
1040 3706 39 24 the
1091 3706 90 24 settlers
1194 3704 82 25 should

681 3743 91 30 greatly
783 3750 103 24 prosper,
898 3741 38 24 the
948 3744 95 29 present
1054 3740 71 24 active
1141 3739 135 31 disposition

677 3776 32 30 ;of
724 3776 126 32 capitalists
866 3779 24 20 to
910 3774 66 24 settle
996 3775 25 23 in
1037 3774 59 24 New
1112 3772 102 25 Zealand
1230 3772 46 23 will

682 3817 86 25 appear
778 3809 96 32 languid
885 3809 24 23 in
921 3808 145 31 comparison
1077 3806 54 24 with
1139 3807 38 23 the
1184 3806 77 24 future
1267 3814 7 20 ;

683 3844 38 23 the
740 3842 141 33 Company's
895 3849 83 23 money
989 3840 48 24 will
1053 3840 30 24 be
1099 3838 83 25 turned
1194 3840 24 22 in
1230 3838 46 24 less

682 3877 56 23 time
748 3885 7 20 ;
775 3876 45 23 and
831 3875 81 32 higher
929 3876 78 30 prices
1018 3873 53 24 -will
1081 3868 36 28 be'
1123 3870 107 26 obtained
1240 3871 36 25 for

682 3906 105 27 ifs'land.
823 3909 59 23 Now
891 3910 22 22 it
923 3914 97 25 appears
1032 3911 23 19 to
1076 3906 38 24 the
1132 3904 82 30 Court,
1227 3904 49 26 that

676 3943 50 24 'tlie'
739 3942 130 32 prosperity
880 3941 25 24 of
919 3940 59 24 New
985 3936 114 28 -'Zealand
1117 3946 25 17 as
1160 3946 14 16 a
1183 3938 92 32 colony,

681 3976 102 30 depends
793 3978 31 21 ftn
837 3975 38 24 the
885 3973 135 33 proportion
1033 3980 43 25 per
1088 3980 49 17 acre
1159 3972 24 24 in
1203 3972 71 24 which

324 27 430 52 SUPPI/ElVlEffi;^
1627 40 324 39 WELLINGTON
1975 42 290 35 SPECTATOR,

1929 124 172 26 determination
2114 125 26 25 of
2215 126 81 29 Court,
2312 127 207 34 whicbTWay'glve

1928 166 45 22 you
1996 167 63 16 some
2081 153 153 37 employment
2253 161 56 23 with
2329 166 90 26 respect
2427 167 33 19 •to
2479 161 40 26 the

1929 190 88 25 Nelson
2036 192 136 29 settlement,
2184 200 57 16 even
2259 193 78 24 before
2348 193 38 25 the
2403 195 47 23 site-
2459 195 60 25 shall

1929 223 26 24 be
1980 225 92 23 chosen.
2120 225 51 24 The
2195 226 119 23 Directors
2336 226 57 25 have
2414 228 105 25 received

1928 256 147 25 information,
2102 258 59 24 fiom
2190 259 58 23 New
2282 259 75 24 South
2385 257 78 27 Walea
2493 270 26 16 as

1917 289 2 37 [
1928 290 50 24 tfell
1996 289 31 25 as'
2045 290 62 24 New'
2122 291 109 29 Zealand,
2252 292 74 23 which
2346 293 92 24 induces
2456 294 63 25 them

1928 326 22 20 to
1975 322 80 30 'think,
2079 324 48 23 that
2151 332 62 16 some
2239 326 93 30 portion
2355 326 25 23 of
2398 326 43 24 'the
2463 335 53 23 pre*

1926 352 25 27 lu
1947 380 4 14 ;
1951 355 83 32 rnn'ary
2046 357 65 23 lands
2123 359 24 21 in
2159 358 38 23 the
2208 358 52 23 first
2272 359 129 23 settlement
2414 359 70 31 ought
2496 364 23 19 to

1926 387 58 25 have
1997 389 58 24 been
2067 391 104 22 reserved
2184 391 34 23 for
2231 392 46 22 sale
2287 395 23 19 to
2322 392 84 30 parties
2415 393 104 31 residing

1927 422 31 30 in,
1968 421 45 25 and
2023 423 23 22 in
2057 422 36 23 the
2105 423 187 30 neighbourhood
2300 425 30 28 of,
2342 425 57 23 New
2408 425 109 24 Zealand.

1925 453 54 25 The
1987 455 135 24 'settlement
2133 456 73 23 which
2219 456 41 24 has
2271 458 63 23 since
2342 457 70 24 taken
2423 459 64 30 place
2495 463 24 19 at

1928 488 57 24 Port
2005 488 134 29 Nicholson,
2159 488 54 24 adds
2226 493 22 19 to
2260 489 39 24 the
2317 491 95 23 number
2424 491 26 23 of
2464 500 54 22 per-

1926 523 57 21 son^
1993 521 51 24 who
2062 522 73 30 might
2148 522 28 23 be
2187 526 40 28 apt
2238 527 24 19 to
2272 523 45 23 feel
2330 524 103 31 annoyed
2444 529 22 18 at
2478 530 41 18 not

1925 554 70 31 being
2003 554 93 24 allowed
2105 562 29 16 an
2144 556 146 31 opportunity
2306 556 26 23 of
2353 557 162 32 participating

1925 587 23 24 in
1959 587 39 24 the
2006 587 111 33 purchase
2130 588 24 23 of
2177 588 148 32 preliminary
2335 589 66 24 lands
2412 590 24 23 in
2445 597 13 16 a
2467 597 51 17 new

1925 620 139 29 settlement,
2074 621 75 24 where
2159 622 38 23 the
2207 622 66 23 value
2285 622 26 23 of
2326 622 53 24 land
2396 623 21 23 is
2424 638 3 4 -
2435 623 84 24 almost

1925 661 53 16 sure
1989 658 22 19 to
2022 655 101 23 increase
2133 655 55 22 with
2197 658 66 28 great
2271 655 106 31 rapidity.
2413 656 47 23 But
2471 656 47 24 this

1925 688 125 22 sentiment
2071 688 23 23 of
2118 688 85 24 ill-will
2223 688 97 24 towards
2342 689 38 22 the
2399 689 120 32 Company

1925 720 45 23 and
1994 720 105 32 jealousy
2117 721 96 23 towards
2231 722 38 23 the
2286 722 135 30 purchasers
2438 723 26 23 of
2488 723 30 23 its

1919 752 154 32 -preliminary
2083 754 73 28 lands,
2168 762 54 23 may
2229 754 30 24 be
2269 755 73 30 easily
2351 756 99 24 averted.
2488 755 30 25 In

1925 786 67 23 order
2008 787 49 22 that
2074 795 69 23 many
2158 792 24 18 at
2199 788 57 23 least
2275 789 25 22 of
2325 788 38 23 the
2382 789 91 24 settlers
2494 790 25 23 in

1926 818 59 25 New
1994 818 99 25 Zealand
2105 820 43 23 and
2165 820 38 23 the
2222 821 169 31 neighbouring
2408 822 109 29 colonies,

1925 851 50 25 who
1985 860 54 26 may
2046 853 28 23 be
2086 853 105 31 disposed
2203 858 23 18 to
2236 853 54 24 take
2300 862 29 15 an
2338 855 95 24 interest
2440 856 24 23 in
2477 855 40 24 the

1925 884 90 25 Nelson
2033 886 137 29 settlement,
2183 886 83 23 should
2283 887 28 23 be
2330 887 96 24 enabled
2443 892 23 20 to
2479 896 39 16 ac-

1925 919 113 33 complish
2055 919 60 23 their
2133 919 82 24 wishes
2232 927 30 16 on
2282 920 66 30 equal
2366 925 71 19 terms
2462 921 56 24 with

1925 952 137 31 purchasers
2079 954 25 21 in
2117 952 115 31 England,
2252 952 39 24 the
2308 952 73 24 Court
2398 953 76 32 places
2495 959 23 20 at

1924 992 59 24 your
2002 985 106 32 disposal,
2120 987 36 23 for
2168 987 47 23 sale
2234 987 25 22 in
2280 985 57 25 New
2356 987 107 29 Zealand,
2474 992 44 19 two

1926 1017 105 25 hundred
2048 1019 26 23 of
2088 1018 38 25 the
2145 1019 114 24 thousand
2281 1019 138 25 allotments.
2466 1020 52 24 The

1992 1060 30 16 on
2040 1052 73 24 which
2132 1061 44 23 you
2194 1057 61 19 must
2275 1053 91 31 dispose
2378 1053 26 23 of
2419 1053 62 24 them
2498 1055 20 22 is

1925 1084 59 32 fully
1994 1085 117 24 described
2119 1086 31 30 by
2159 1086 39 23 the
2208 1086 117 31 following
2334 1086 183 30 advertisement,

1926 1118 75 24 which
2012 1126 45 23 you
2069 1119 45 23 will
2125 1120 72 22 insert
2215 1120 23 22 in
2253 1119 40 24 the
2304 1127 142 23 newspapers
2458 1120 60 31 pub-

1925 1151 75 24 lished
2012 1153 25 22 in
2046 1151 56 25 New
2112 1152 108 29 Zealand,
2231 1153 45 23 and
2293 1153 74 22 which
2384 1153 38 24 the
2434 1153 84 24 Direc-

1926 1190 47 18 tors
1985 1183 47 25 will
2044 1187 105 22 transmit
2165 1189 22 20 to
2200 1186 57 23 New
2276 1186 75 23 South
2366 1185 87 30 Wales,
2464 1185 54 25 Vau

1925 1218 123 24 Dieman's
2076 1217 74 31 Land|
2172 1218 58 25 Port
2260 1219 95 32 Phillip,
2379 1219 47 24 and'
2444 1220 75 23 South

1925 1251 127 30 Australia,
2072 1253 35 23 for
2135 1253 110 23 insertion
2264 1253 26 23 in
2309 1253 38 23 the
2366 1252 58 24 local
2443 1260 75 17 news-

1924 1292 84 23 papers
2021 1286 25 23 of
2062 1286 54 23 each
2130 1285 87 30 colony.

1970 1323 65 22 THE
2064 1323 102 23 COURT
2201 1323 39 23 OF
2273 1323 173 24 DIRECTORS
2479 1324 40 23 OP

1926 1350 65 22 THE
2008 1351 70 22 NEW
2098 1351 151 22 ZEALAND
2266 1351 152 22 COMPANY
2434 1351 86 28 hereby

1926 1378 52 26 give
1989 1378 82 26 notice,
2081 1378 51 21 that
2140 1379 54 25 they
2205 1378 57 22 have
2273 1378 104 22 reserved
2386 1378 34 22 for
2434 1378 46 23 sale
2495 1382 23 21 to

1926 1411 94 21 persons
2031 1405 97 22 resident
2137 1405 23 22 in
2172 1406 55 21 New
2245 1404 101 23 Zealand
2364 1413 25 14 or
2403 1404 37 23 the
2452 1406 66 21 -Aus-

1928 1432 107 21 tralasian
2045 1432 111 27 Colonies,
2168 1436 44 18 two
2217 1432 103 22 hundred
2328 1432 26 21 of
2361 1432 37 21 the
2406 1432 112 22 thousand

1927 1458 130 22 allotments
2071 1459 130 22 mentioned
2217 1459 24 22 in
2257 1458 38 23 the
2312 1459 89 27 printed
2440 1459 78 22 Terms

1927 1485 35 22 for
1987 1486 111 21 Purchase
2118 1486 26 21 of
2284 1486 24 22 in
2328 1486 37 21 the
2382 1486 136 27 Company's

1928 1513 84 21 second
2024 1512 134 28 settlement,
2172 1514 94 26 bearing
2276 1513 51 22 date
2344 1513 56 22 New
2417 1513 102 22 Zealand

1928 1540 87 26 House,
2031 1540 50 21 15th
2099 1540 114 28 February
2230 1542 62 24 1841,
2306 1540 74 27 copies
2401 1540 25 21 of
2445 1540 75 21 which

1928 1573 53 20 may
1997 1567 28 21 be
2045 1566 105 23 obtained
2173 1573 23 16 at
2215 1568 37 21 the
2274 1566 242 28 Surveyor-General's

1929 1593 73 27 office,
2015 1592 144 28 Wellington.

1956 1620 72 22 These
2038 1622 40 20 200
2088 1621 137 22 allotments
2235 1620 60 23 have
2309 1620 58 23 been
2387 1620 92 23 entered
2493 1620 25 22 in

1928 1646 38 22 the
1977 1648 92 26 registry
2081 1648 24 21 of
2118 1648 148 31 applications
2276 1648 72 21 under
2358 1648 37 21 the
2412 1648 108 21 numbers

1927 1676 40 19 401
1980 1679 23 16 to
2020 1676 39 20 600
2079 1674 54 22 both
2147 1675 116 27 inclusive,
2285 1675 45 22 and
2349 1674 38 22 the
2405 1674 71 27 rights
2495 1674 27 21 of

1928 1701 77 22 choice
2015 1701 22 22 in
2047 1705 86 24 respect
2142 1702 26 21 of
2182 1702 36 22 the
2238 1702 48 22 said
2304 1702 106 23 numbers
2428 1701 44 22 will
2491 1702 28 24 be

1929 1728 139 22 determined
2078 1729 28 27 by
2115 1728 34 22 lot
2159 1730 24 21 in
2198 1728 104 28 England
2313 1736 24 15 as
2346 1729 24 21 in
2382 1728 38 22 the
2429 1735 51 15 case
2497 1728 25 22 of

1928 1755 30 21 all
1970 1755 36 21 the
2017 1756 62 20 other
2090 1756 135 20 allotments.

1968 1782 124 28 Intending
2114 1782 132 28 purchasers
2266 1782 26 22 of
2311 1782 61 22 these
2392 1782 128 22 allotments

1929 1812 62 19 must
2001 1809 132 27 deposit.the
2144 1810 72 22 whole
2233 1809 200 28 purchase-money
2449 1810 71 26 (.£3OO

1929 1837 35 20 for
1975 1836 63 27 each)
2052 1837 46 22 into
2108 1844 44 20 any
2163 1838 26 20 of
2202 1837 37 22 the
2249 1837 60 21 local
2318 1836 117 22 branches,
2445 1837 26 22 of
2482 1836 36 22 the

1930 1863 76 22 Union
2019 1864 64 21 Bank
2093 1864 25 21 of
2138 1864 115 21 Australia
2260 1872 6 19 ;
2283 1864 45 21 and
2345 1871 28 14 on
2391 1863 129 28 presenting

1929 1898 25 13 or
1966 1891 151 27 transmitting
2128 1893 21 19 to
2165 1890 37 22 the
2219 1891 135 27 Company's
2369 1890 75 26 acting
2456 1890 64 31 -prin-

1930 1918 58 27 cipal
1999 1921 66 23 agent
2074 1919 24 20 in
2110 1918 55 21 New
2176 1918 107 26 Zealand,
2295 1921 23 18 at
2328 1918 52 21 Port
2389 1917 131 26 Nicholson,

1930 1952 29 14 an
1973 1944 192 28 acknowlegment
2171 1945 26 21 of
2205 1945 38 21 the
2250 1945 84 27 receipt
2340 1944 25 24 of
2371 1945 55 23 such
2434 1944 86 28 deposit

1928 1972 31 26 by
1971 1971 36 21 the
2017 1972 73 26 JBank,
2109 1972 37 21 the
2161 1971 120 28 depositor,
2297 1979 25 15 or
2336 1972 34 21 his
2385 1975 74 23 agent,
2476 1970 44 23 will

1929 1998 89 22 receive
2029 1999 56 21 from
2097 1998 37 22 the
2141 1999 136 27 Company's
2283 1998 48 22 said
2341 1997 105 29 principal
2455 2000 65 24 agent

1930 2032 14 14 a
1964 2026 88 20 written
2072 2025 135 22 declaration
2227 2025 26 21 of
2272 2025 38 21 the
2328 2025 96 21 number
2438 2024 24 21 in
2483 2023 37 23 the

1931 2052 95 27 registry
2036 2052 26 22 of
2072 2052 147 27 applications
2229 2052 104 22 awarded
2340 2056 25 17 to
2381 2051 139 28 such-.depo-

1929 2079 60 26 sitor,
2002 2079 53 21 with
2062 2086 31 14 an
2101 2079 152 27 undertaking
2260 2083 23 17 to
2290 2079 83 22 deliver
2381 2079 37 22 the
2426 2078 94 23 sections

1930 2105 73 22 which
2013 2106 54 22 such
2078 2106 111 27 depositor
2199 2113 24 14 or
2233 2106 35 21 his
2278 2109 67 24 agent
2356 2113 51 20 may
2418 2104 102 23 selectin

1928 2137 89 22 respect
2027 2133 25 21 of
2064 2133 36 21 the
2111 2133 60 26 right
2181 2133 25 21 of
2219 2133 76 21 choice
2307 2132 79 27 falling
2401 2132 30 28 by
2448 2132 33 22 lot
2497 2136 23 18 to

1930 2159 54 23 such
1996 2160 94 22 number
2099 2160 24 22 in
2133 2161 37 21 the
2180 2161 102 26 registry.

1956 2187 49 21 The
2016 2188 104 21 numbers
2130 2187 22 22 in
2164 2187 37 21 the
2210 2188 97 26 registry
2321 2186 42 22 will
2375 2187 28 21 be
2417 2185 103 24 awarded

1930 2214 86 27 strictly
2027 2215 22 21 in
2060 2214 37 22 the
2108 2215 66 21 order
2184 2214 26 21 of
2221 2214 38 22 the
2269 2214 153 27 presentation
2433 2213 25 23 of
2465 2213 55 22 such

1930 2241 87 27 deposit
2026 2241 94 28 receipts
2132 2245 22 18 to
2165 2241 37 22 the
2213 2241 136 28 Company's
2357 2241 48 22 said
2412 2241 108 27 principal

1929 2273 76 19 agent.

1958 2295 27 21 In
1996 2303 50 14 case
2057 2295 97 28 deposits
2163 2295 82 22 shonld
2254 2295 29 21 be
2293 2295 65 22 made
2368 2295 34 21 for
2412 2302 13 14 a
2434 2297 85 24 greater

1929 2323 96 21 number
2036 2323 24 21 of
2076 2323 128 21 allotments
2219 2322 55 22 than
2291 2322 37 22 the
2346 2324 40 20 200
2403 2321 79 28 placed
2499 2325 20 18 at

1930 2349 36 22 the
1977 2349 95 28 disposal
2091 2351 26 21 of
2135 2351 37 20 the
2189 2350 136 27 Company's
2342 2353 68 23 agent
2424 2349 24 21 in
2463 2348 56 22 New

1929 2376 107 27 Zealand,
2055 2377 38 21 the
2104 2377 88 27 deposit
2200 2377 97 27 receipts
2307 2377 23 21 in
2340 2379 87 24 respect
2438 2375 26 22 of
2476 2382 43 20 any

1930 2403 54 23 such
1995 2408 64 17 extra
2068 2404 128 22 allotments
2207 2403 45 23 will
2263 2408 41 18 not
2313 2404 27 21 be
2350 2403 114 28 accepted,
2475 2402 44 22 and

1929 2430 37 22 the
1977 2431 72 21 whole
2059 2436 93 16 amount
2163 2431 26 21 of
2200 2431 37 21 the
2246 2431 87 27 deposit
2343 2430 44 22 will
2398 2430 26 22 be
2433 2433 86 19 return-

1928 2457 28 22 ed
1967 2462 22 18 to
2001 2457 37 22 the
2049 2457 119 28 depositor,
2184 2458 52 22 with
2246 2458 94 22 interest
2350 2461 22 18 at
2382 2457 38 22 the
2430 2460 89 19 current

1928 2488 48 18 rate
1996 2485 26 21 of
2042 2485 93 21 interest
2154 2492 29 14 on
2202 2485 98 27 deposits
2319 2484 95 22 allowed
2431 2485 32 26 by
2483 2484 36 22 the

1930 2511 76 23 Union
2018 2512 63 22 Bank
2091 2513 27 21 of
2129 2512 124 22 Australia,

1958 2539 35 21 No
2004 2539 86 28 deposit
2099 2540 95 26 receipts
2203 2539 46 21 will
2259 2539 27 21 be
2297 2537 105 28 accepted
2412 2537 60 23 after
2482 2537 37 23 the

1928 2566 136 27 Company's
2088 2566 108 27 principal
2215 2569 69 23 agent
2302 2566 23 21 in
2346 2565 54 22 New
2420 2565 101 22 Zealand

1928 2593 57 22 shall
1995 2593 55 21 have
2059 2593 93 22 learned
2163 2593 49 21 that
2221 2593 39 21 the
2270 2593 101 26 drawing
2388 2592 26 22 of
2424 2592 45 22 lots
2485 2593 35 22 for

1926 2621 94 27 priority
2030 2620 25 21 of
2065 2621 85 27 choice,
2161 2620 45 21 has'
2211 2620 68 21 taken
2293 2620 63 27 place
2372 2619 22 21 in
2406 2619 112 27 England.

1956 2647 22 22 It
1987 2647 19 22 is
2022 2647 115 27 expressly
2156 2647 127 27 stipulated,
2304 2646 49 23 that
2372 2645 29 22 all
2414 2645 105 28 .deposits

1927 2674 45 22 and
1982 2674 146 27 applications
2133 2673 61 23 shall
2199 2674 29 21 be
2239 2673 67 22 made
2322 2673 87 27 subject
2424 2676 22 19 to
2464 2673 56 22 such

1926 2701 136 27 regulations
2073 2709 23 14 as
2107 2701 56 22 have
2174 2702 64 26 been,
2253 2708 26 14 or
2293 2708 52 20 may
2358 2700 113 22 hereafter
2483 2700 34 27 be,

1926 2728 66 24 made
2003 2728 30 26 by
2043 2728 36 22 the
2101 2729 123 26 Company,
2245 2728 36 22 for
2300 2727 37 22 the
2358 2727 96 26 disposal
2474 2727 44 22 and

1926 2755 55 22 final
1991 2754 98 29 delivery
2097 2756 26 21 of
2129 2755 147 27 preliminary
2285 2754 94 22 landsin
2389 2754 37 22 the
2434 2754 84 22 second

1914 2779 2 34 j
1926 2782 136 23 settlement.

1914 2815 2 34 [
2039 2817 33 27 By
2083 2816 64 22 order
2157 2816 26 22 of
2194 2815 38 23 the
2243 2816 75 25 Court,

1914 2857 2 11 1
2175 2843 24 23 F.
2215 2843 92 23 Dillon
2321 2842 71 29 Beil,

2260 2871 117 26 Secretary
2387 2876 40 21 pro
2437 2872 55 19 tern.

1927 2898 57 22 New
1999 2897 99 23 Zealand
2110 2897 84 28 House,

1982 2925 103 28 London,
2097 2925 60 22 22nd
2166 2924 73 29 April,
2252 2924 62 22 1841.

1962 2963 40 23 18.
2021 2961 51 24 The
2089 2961 91 31 printed
2330 2960 25 24 of

1926 2995 105 31 together
2050 2995 55 23 with
2126 2995 39 22 the
2184 2995 70 23 above
2276 2995 82 27 notice,
2380 2993 140 31 sufficiently

1926 3028 105 32 explains
2046 3028 40 24 the
2099 3036 80 15 course
2197 3028 25 23 of
2237 3027 138 31 proceeding
2391 3026 74 24 under
2481 3026 38 24 the

1914 3055 2 40 [
1926 3061 174 24 determination
2110 3061 26 24 of
2151 3061 38 24 the
2201 3061 73 24 Court
2286 3065 23 19 to
2327 3064 36 19 set
2379 3064 64 27 apart
2455 3060 64 23 these

1914 3099 2 33 j
1926 3099 44 19 two
1984 3094 102 24 hundred
2105 3094 131 24 allotments
2252 3094 36 24 for
2300 3094 58 22 local
2367 3094 55 22 sale.
2460 3092 25 24 It
2496 3094 21 22 is

1914 3118 2 39 I
1925 3136 130 24 necessary,
2066 3129 113 27 however,
2189 3132 23 19 to
2222 3127 72 24 direct
2305 3134 57 24 your
2374 3127 112 23 attention
2495 3131 23 19 to

1914 3169 2 15 !
1925 3162 51 24 that
1985 3167 53 27 part
2048 3162 25 23 of
2088 3162 38 23 the
2137 3162 75 24 notice
2220 3160 75 24 which
2306 3160 102 24 declares:
2416 3160 51 23 that
2478 3160 40 24 de-

1925 3196 62 32 posit
2002 3196 97 31 receipts
2114 3195 46 23 will
2172 3199 40 19 not
2227 3195 29 23 be
2277 3193 115 33 accepted,
2480 3193 38 24 the

1926 3228 139 33 Company's
2075 3228 118 31 Principal
2212 3228 80 31 Agent
2300 3228 25 23 in
2340 3228 59 23 New
2415 3226 103 26 Zealand

1926 3262 124 25 shallhave
2061 3262 94 23 learned
2165 3261 50 24 that
2229 3261 39 24 the
2289 3261 74 30 rights
2373 3261 27 22 of
2420 3261 98 31 priority

1926 3297 26 23 of
1961 3296 76 24 choice
2054 3296 57 23 have
2126 3296 59 23 been
2201 3294 141 24 determined
2359 3294 63 24 here.
2467 3293 51 25 The

1925 3330 102 30 drawing
2035 3329 25 24 of
2074 3329 44 24 lots
2127 3329 36 24 for
2172 3329 95 31 priority
2279 3329 26 22 of
2320 3327 77 24 choice
2406 3327 47 24 will
2464 3335 64 24 pro-

1921 3363 72 32 ,bably
2001 3367 40 20 not
2053 3362 53 24 take
2115 3362 65 32 place
2191 3362 35 23 till
2239 3362 39 22 the
2290 3360 78 26 month
2388 3361 25 23 of
2428 3361 55 30 July
2492 3369 26 16 or

1925 3405 57 16 even
1993 3396 102 32 August.
2118 3395 36 25 At
2161 3395 38 24 the
2208 3400 109 24 moment,
2326 3395 113 28 however,
2450 3395 66 23 when

1925 3429 38 25 the
1976 3429 140 32 Company's
2132 3430 91 29 Agents
2234 3429 26 23 in
2272 3428 58 24 New
2344 3428 103 24 Zealand
2459 3428 58 23 shall

1925 3464 62 24 learn
2007 3463 71 24 either
2098 3463 30 31 by
2144 3461 105 33 dispatch
2266 3462 59 23 from
2344 3461 39 24 the
2402 3461 74 24 Court
2491 3470 25 15 or

1925 3497 126 28 otherwise,
2064 3496 50 24 that
2125 3497 38 23 the
2182 3496 46 23 lots
2245 3496 59 22 have
2320 3496 59 23 been
2394 3495 84 28 drawn,
2497 3496 19 22 it

1924 3530 48 25 will
1987 3531 29 23 be
2028 3529 168 33 indispensable
2209 3534 22 19 to
2241 3534 43 27 put
2300 3537 14 14 a
2323 3534 52 26 atop
2387 3532 22 19 to
2427 3529 37 22 the
2476 3536 38 15 ac-

1925 3569 107 27 ceptance
2043 3563 27 24 of
2078 3563 89 32 deposit
2177 3563 107 32 receipts.
2309 3562 26 24 If
2350 3569 44 24 any
2405 3561 109 23 numbers

1925 3597 81 24 should
2014 3601 41 20 not
2066 3601 23 19 at
2099 3597 49 23 that
2159 3597 55 23 time
2226 3596 59 23 have
2295 3596 59 23 been
2372 3594 90 32 applied
2469 3594 44 29 for,

1924 3631 38 24 the
1972 3631 128 23 allotments
2110 3630 23 23 in
2144 3634 90 27 respect
2246 3630 26 24 of
2286 3629 61 24 them
2363 3628 47 24 will
2426 3628 87 23 remain

1925 3664 38 24 the
1972 3668 106 28 property
2088 3664 25 23 of
2123 3664 38 23 the
2172 3663 127 31 Company,
2311 3661 101 24 andwill
2420 3660 32 23 he
2464 3660 48 24 dis-

1923 3698 72 32 posed
2013 3697 25 25 of
2060 3697 114 24 hereafter
2194 3697 25 23 in
2237 3697 38 23 the
2292 3703 61 15 same
2366 3702 47 23 way
2429 3701 25 16 as
2474 3693 38 24 the

1923 3731 103 24 hundred
2052 3730 129 25 allotments
2206 3729 121 32 originally
2347 3727 106 24 reserved
2476 3727 37 24 fcr

1923 3762 61 34 the'
1984 3762 107 34 Company
2099 3764 30 31 by
2137 3764 38 23 the
2182 3762 92 33 printed
2282 3767 69 17 terms
2359 3760 25 24 of
2390 3760 121 32 purchase.

1923 3798 55 25 You
1989 3798 45 24 will
2045 3798 104 32 perceive
2169 3797 49 24 that
2228 3796 47 23 this
2292 3795 131 31 precaution
2436 3794 21 23 is
2473 3801 38 16 re-

1923 3832 87 31 quired,
2029 3832 24 23 in
2073 3831 66 23 order
2149 3835 23 19 to
2182 3833 96 29 prevent
2300 3835 43 23 any
2351 3833 3 7 v
2363 3826 108 25 selection
2488 3826 26 25 of

1922 3866 108 23 numbers
2041 3864 30 32 by
2081 3864 110 24 collusion
2201 3869 84 27 among
2292 3861 125 31 applicants
2424 3859 88 32 having

1922 3907 15 15 a
1952 3898 133 31 knowledge
2101 3897 27 23 of
2151 3895 38 25 the
2206 3895 75 32 rights
2299 3894 26 24 of
2337 3894 79 23 choice
2436 3893 75 24 deter-

1921 3932 78 25 mined
2011 3936 21 19 to
2046 3929 124 33 particular
2186 3929 110 23 numbers
2313 3927 32 31 by
2356 3927 33 24 lot
2406 3928 25 22 in
2436 3926 76 32 'Eng-

1921 3965 63 25 land.
2015 3965 29 24 'It
2062 3967 23 21 at
2096 3970 56 18 one*
2165 3963 101 32 imposes
2286 3960 17 26 a'
2309 3960 73 32 heavy
2393 3967 96 25 respont

1307 122 38 25 the
1354 124 172 31 appropriation
1537 126 22 26 of,
1572 119 59 31 land
1648 132 25 16 as
1692 125 88 32 private

1307 153 63 27 shall'
1378 152 117 37 cpndjicie"'*
1500 162 24 19 to
1529 148 168 41 ''erajgiatiott';
1711 151 58 36 'arid,
1782 157 116 33 secondly,

1307 184 49 29 ihat
1373 183 46 30 thY
1431 190 111 35 umform^
1551 190 61 32 price
1632 191 26 22 of
1674 192 113 30 'SOs.'per
1806 193 54 21 acre'
1872 190 28 26 'at
1906 184 2 37 j

1525 217 79 38 by,'ftie
1624 222 91 31 Ciowu,
1726 224 21 23 is
1761 228 37 19 too
1810 224 42 23 lovr
1864 225 34 24 for

1308 262 13 16 a
1330 254 187 32 due^proportion
1533 250 51 30 bet
1584 250 52 30 Wen
1653 254 54 26 land
1719 254 60 26 sales
1798 257 44 24 and
1860 258 38 23 the

1307 285 154 34 immigration
1472 283 26 29 6t
1507 289 87 32 people.
1619 288 5 4 '
1631 289 50 24 The
1693 289 45 23 evil
1751 291 22 22 to
1783 290 29 24 be
1820 290 78 24 feared

1307 320 59 24 from
1375 321 45 24 this
1429 321 44 24 low
1481 322 63 32 price
1557 322 25 23 of
1589 322 77 32 public
1678 322 53 24 land
1743 324 21 22 is
1776 331 13 15 a
1801 324 97 30 scarcity

1347 351 122 35 labouring
1490 355 81 25 hands.
1606 354 52 24 The
1677 355 98 24 lowness
1797 356 25 24 of
1836 357 62 30 price

1308 385 102 34 operates
1422 388 24 25 in,
1458 387 47 24 this
1515 388 108 24 direction
1632 388 31 31 by
1672 393 44 19 two
1726 388 106 25 different
1842 396 56 24 pro-

1307 423 90 28 fcesses;
1416 421 25 23 in
1453 421 38 23 the
1503 421 51 23 first
1568 420 71 33 place,
1651 420 24 25 it'
1681 418 92 28 enables
1785 423 113 30 emigrant

1307 450 152 27 kbourefs'to
1476 455 48 31 buy
1533 454 54 24 land
1604 455 45 23 and
1667 458 35 21 set
1719 460 33 27 Up
1769 455 36 23 for
1823 455 74 24 them-

1307 485 73 25 selves
1387 488 57 29 Very
1455 495 56 16 soon
1523 488 62 23 after'
1591 486 57 25 ilieir
1660 488 91 29 arrival,
1763 495 26 17 so
1798 488 52 24 that
1859 488 38 24 the

1307 524 93 19 amount
1408 521 27 22 of
1448 521 81 23 labour
1538 521 25 23 in
1574 520 38 24 the
1628 518 91 27 market
1727 522 21 23 is
1760 520 137 25 diminished

1306 550 78 26 before
1395 561 29 15 an
1436 554 111 31 adequate
1557 553 84 32 supply
1650 554 24 23 of
1689 553 64 25 fresh
1764 554 72 24 hands
1855 554 42 24 has

1306 585 58 24 been
1501 587 31 31 by
1536 586 176 32 'immigration';
1718 585 130 34 ''secondly,
1858 587 39 24 the

1307 626 78 16 means
1405 618 26 24 of
1448 621 87 31 paying
1562 613 35 30 tot
1618 620 155 31 immigration
1790 622 25 21 in
1841 627 54 26 pro;

1306 653 91 30 portion
1422 657 23 20 to
1462 653 57 23 land
1538 661 37 15 are
1595 653 67 23 small
1678 654 123 30 according
1817 658 23 19 to
1858 653 39 24 the
1906 672 1 9 ,

1306 685 96 24 lowness
1420 684 26 26 of
1460 686 39 24 the
1515 687 70 30 price.
1629 686 36 31 By
1677 683 39 27 the
1737 688 42 22 6he
1793 690 102 28 process',

1306 717 39 24 the
1364 718 97 25 number
1477 719 27 24 of
1518 719 73 24 hands
1608 719 99 31 brought
1724 719 49 24 into
1791 719 38 24 the
1849 724 46 19 set-

1307 751 93 25 tlement
1418 753 21 23 is
1460 756 37 20 too
1518 752 66 24 small
1595 762 6 20 ;
1629 752 35 31 by'
1679 752 39 23 the
1740 752 72 29 other,
1831 750 66 26 those

1305 784 73 24 hand's
1398 794 65 15 cease
1486 790 37 19 too
1552 794 57 15 soon
1634 787 24 22 'to
1684 785 65 24 work
1777 785 35 23 for
1837 785 58 24 hire.

1306 815 51 26 The
1378 819 71 23 result
1476 819 21 23 is
1520 828 14 15 a
1553 819 97 31 scarcity
1679 818 26 24 of
1728 815 88 33 labour,
1842 819 55 24 than,

1307 851 72 23 which
1405 851 64 25 there
1493 860 41 16 can
1559 853 30 23 be
1610 849 95 34 nothing
1724 860 64 16 more
1818 849 78 27 disad-

1306 888 138 28 vantageous
1456 889 23 20 to
1492 886 30 23 all
1544 886 83 23 classes
1647 881 24 28 of
1689 885 38 24 the
1745 885 80 31 people
1842 886 24 23 in
1884 894 14 15 a

1305 925 50 16 new
1378 919 89 31 colony.
1504 919 51 23 The
1573 926 78 16 means
1670 918 25 23 of
1714 917 117 33 obviating
1851 919 46 23 this

1306 950 44 24 evil
1369 959 37 16 are
1425 959 26 16 so
1470 951 136 32 completely
1623 952 80 24 within
1726 952 39 23 the
1784 952 67 23 reach
1876 953 24 22 of

1306 983 164 31 Government,
1483 986 50 22 that
1552 987 18 22 it
1588 987 20 22 is
1623 991 23 18 to
1657 985 29 23 be
1698 985 75 31 hoped
1785 985 54 31 they
1851 986 46 23 will

1305 1017 28 24 be
1345 1025 37 16 ere
1394 1018 54 31 long
1460 1018 105 32 adopted.
1601 1022 23 20 A
1643 1018 87 32 perfect
1749 1020 99 30 security
1862 1018 35 24 for

1306 1058 27 16 an
1347 1051 110 32 adequate
1469 1052 82 31 supply
1559 1052 26 23 of
1594 1051 79 25 labour
1683 1051 75 25 would
1769 1051 29 24 be
1810 1058 22 17 at
1842 1060 55 16 once

1306 1084 107 30 afforded,
1427 1085 20 23 if
1457 1085 37 24 the
1507 1086 155 23 Government
1679 1085 83 24 should
1775 1085 71 24 either
1857 1085 40 24 de-

1307 1119 94 23 termine
1413 1123 23 19 to
1443 1119 43 23 sell
1498 1119 30 23 all
1540 1119 38 23 the
1589 1119 76 31 public
1677 1118 66 24 lands
1752 1119 33 30 by
1798 1120 98 28 auction,

1305 1150 100 33 limiting
1417 1152 38 23 the
1469 1153 104 30 quantity
1585 1152 84 24 offered
1688 1152 34 23 for
1733 1152 48 23 sale
1795 1160 24 15 so
1837 1160 25 15 as
1874 1157 23 18 to

1307 1184 67 24 make
1381 1193 52 16 sure
1443 1186 24 23 of
1476 1186 57 31 high
1545 1187 73 30 prices
1627 1185 100 32 through
1735 1186 146 31 competition
1889 1195 6 19 ;

1307 1225 24 16 or
1342 1218 21 23 if
1372 1218 38 24 the
1422 1220 100 23 uniform
1534 1220 60 30 price
1607 1220 25 23 of
1648 1219 78 31 public
1737 1219 66 23 lands
1815 1219 83 23 should

1305 1251 29 23 be
1345 1252 75 24 raised
1432 1253 137 31 sufficiently
1580 1253 34 23 for
1625 1253 39 23 the
1677 1252 44 24 end
1735 1254 24 22 in
1771 1253 65 23 view.
1874 1252 24 24 It

1305 1285 20 23 is
1337 1289 23 19 to
1372 1286 28 23 be
1418 1285 75 32 hoped
1513 1286 50 24 that
1578 1295 25 15 as
1618 1286 46 23 this
1684 1286 90 31 subject
1792 1286 105 23 becomes

1305 1318 74 24 better
1390 1319 145 30 understood,
1554 1318 49 26 the*
1610 1319 158 25 Government
1780 1319 56 24 will'
1843 1327 54 23 pro-

1307 1351 50 24 vide
1370 1352 29 31 by
1411 1361 42 15 one
1470 1361 27 16 or
1514 1353 64 24 other
1591 1353 25 23 of
1632 1353 64 24 these
1708 1360 87 20 means,
1808 1354 90 30 against

1307 1393 12 15 a
1332 1387 97 30 scarcity
1441 1386 25 24 of
1483 1387 79 23 labour
1581 1388 24 22 in
1622 1387 59 23 New
1698 1386 111 24 Zealand.
1847 1385 51 25 The

1306 1418 119 25 Directors
1440 1420 59 24 have
1517 1420 114 31 supposed
1649 1420 50 23 that
1718 1420 18 23 it
1753 1420 53 28 will,
1818 1427 80 16 mean-

1307 1452 73 29 while,
1399 1453 29 23 be
1445 1454 25 23 in
1488 1453 38 24 the
1542 1462 75 23 power
1636 1453 24 23 of
1681 1453 38 24 the
1740 1453 119 31 Company
1875 1457 23 19 to

1307 1493 79 16 secure
1404 1495 30 15 an
1453 1487 109 31 adequate
1581 1487 82 32 supply
1681 1487 25 24 of
1724 1486 80 25 labour
1815 1487 36 23 for
1869 1487 29 22 its

1307 1527 50 15 own
1369 1520 150 24 settlements.
1556 1521 132 31 Supposing
1700 1521 38 23 the
1750 1521 54 30 plan
1816 1520 26 24 of
1851 1519 47 24 sale

1305 1552 32 32 by
1349 1554 89 23 auction
1451 1558 21 20 to
1485 1554 98 31 produce
1600 1563 29 14 an
1648 1562 96 22 average
1763 1554 62 31 price
1844 1561 54 15 con-

1307 1587 114 31 siderably
1433 1587 71 24 above
1523 1590 52 21 20s.
1597 1596 40 23 per
1656 1596 59 20 acre,
1735 1587 57 30 (and
1813 1587 25 23 of
1853 1586 45 24 this

1307 1620 63 24 there
1383 1628 42 16 can
1441 1621 29 23 be
1483 1629 28 16 no
1523 1621 132 24 reasonable
1668 1621 71 23 doubt
1749 1620 19 23 if
1785 1620 37 23 the
1832 1620 66 24 lands

1306 1661 39 16 are
1357 1654 50 23 well
1427 1654 99 24 selected
1537 1655 44 23 and
1597 1654 141 32 judiciously
1756 1653 101 32 brought
1878 1658 21 20 to

1307 1686 70 32 sale,)
1390 1688 38 23 the
1441 1688 139 31 Company's
1593 1688 134 31 emigration
1739 1687 57 24 fund
1807 1695 53 23 may
1871 1687 28 24 be
1906 1700 2 23 j

1305 1721 194 31 advantageously
1518 1723 123 22 increased.
1683 1721 52 24 The
1758 1725 94 19 amount
1878 1721 24 23 of

1307 1754 40 24 the
1366 1756 102 22 increase
1487 1759 62 19 must
1566 1756 25 22 of
1609 1763 79 15 course
1707 1755 89 30 depend
1814 1763 30 15 on
1862 1754 38 24 the

1309 1788 140 31 Company's
1466 1790 107 30 receipts,
1592 1789 44 23 and
1654 1789 18 23 it
1690 1789 21 23 is
1731 1788 112 24 therefore
1856 1789 43 22 im-

1306 1822 101 30 possible
1429 1827 21 18 to
1470 1831 67 15 name
1556 1831 43 22 any
1620 1827 49 19 rate
1691 1830 40 23 per
1754 1829 59 17 acre.
1850 1822 50 23 Nor

1307 1855 74 23 would
1392 1857 18 21 it
1422 1855 28 24 be
1463 1857 135 22 convenient
1610 1860 22 19 to
1649 1856 124 23 determine
1792 1863 48 15 now
1857 1863 42 23 any

1306 1895 149 26 per-centage
1474 1897 30 15 on
1523 1889 38 23 the
1580 1889 70 23 whole
1669 1888 109 32 proceeds
1801 1890 26 22 of
1843 1888 55 24 sale.

1308 1921 51 24 The
1368 1928 149 25 per-centage
1529 1923 91 30 already
1632 1923 60 23 fixed
1704 1931 26 15 as
1744 1927 21 18 to
1778 1922 39 23 the
1829 1922 68 23 mini-

1307 1963 63 16 mum
1382 1957 61 30 price
1455 1957 26 23 of
1491 1958 52 22 20s.
1557 1956 74 23 would
1649 1956 28 23 be
1690 1961 37 18 too
1745 1956 56 30 high
1821 1956 20 23 if
1859 1963 40 23 ap-

1297 1987 71 33 •plied
1381 1994 21 18 to
1414 1989 39 23 the
1465 1989 72 23 whole
1556 1990 97 30 receipts
1664 1999 5 19 ;
1690 1989 45 23 and
1753 1997 14 15 a
1786 1989 33 23 far
1831 1988 69 24 lower

1306 2027 149 26 per-centage
1469 2030 28 15 on
1510 2022 37 23 the
1559 2022 72 24 whole
1646 2023 97 30 receipts
1756 2023 74 30 might
1850 2023 49 30 give

1307 2064 14 15 a
1331 2055 75 31 larger
1416 2057 136 30 emigration
1564 2056 56 23 fund
1631 2055 55 24 than
1702 2057 31 24 75
1747 2064 40 22 per
1798 2062 59 17 cent,
1871 2064 28 14 on

1307 2089 38 23 the
1357 2090 129 23 minimum.
1523 2089 26 24 If
1556 2090 144 31 competition
1711 2089 85 24 should
1808 2094 91 26 operate

1307 2131 24 15 as
1343 2123 20 23 is
1383 2122 117 32 expected,
1515 2125 30 22 30
1563 2131 40 23 per
1615 2128 59 18 cent,
1686 2130 30 16 on
1728 2123 37 23 the
1779 2123 72 23 whole
1863 2131 35 15 re-

1307 2157 71 30 ceipts
1389 2165 53 22 may
1453 2156 99 31 produce
1564 2165 63 15 more
1639 2156 55 24 than
1707 2159 31 23 75
1747 2165 40 22 per
1798 2161 59 19 cent,
1872 2164 27 15 on

1307 2190 38 23 the
1357 2195 67 26 upset
1434 2191 72 31 price,
1515 2190 44 23 and
1570 2198 14 15 a
1594 2194 90 26 greater
1696 2191 135 30 emigration
1846 2190 53 23 fund

1306 2231 41 24 per
1359 2232 58 16 acre.
1455 2224 52 23 The
1519 2224 113 23 confident
1650 2224 59 31 hope
1721 2224 25 22 of
1765 2224 38 22 the
1817 2224 82 22 Direc-

1307 2262 47 19 tors
1366 2258 27 28 is,
1414 2258 49 23 that
1476 2262 22 19 at
1511 2257 29 24 all
1557 2263 78 17 evervts
1648 2258 38 22 the
1704 2259 76 29 prices
1794 2257 104 23 obtained

1295 2290 2 29 I
1307 2291 45 23 will
1363 2291 29 23 be
1404 2291 58 24 such
1475 2299 24 15 as
1512 2296 22 18 to
1554 2292 71 22 afford
1637 2299 54 22 very
1703 2291 64 30 large
1780 2290 80 31 profits

1295 2320 2 29 !
1307 2325 38 23 the
1366 2325 166 28 shareholders,
1542 2325 45 23 and
1597 2333 14 14 a
1622 2325 75 31 larger
1704 2329 49 18 rate
1765 2325 26 22 of
1799 2325 99 30 emigra-

1307 2359 48 23 tion
1365 2358 58 24 fund
1435 2358 56 24 than
1505 2361 51 21 15s.
1570 2367 41 22 per
1624 2367 58 15 acre.

1342 2394 38 22 15.
1401 2392 23 23 It
1443 2392 75 23 would
1533 2397 41 19 not
1585 2393 27 22 be
1624 2392 109 31 possible,
1745 2400 42 15 nor
1799 2392 21 22 is
1832 2392 19 22 it
1861 2400 37 15 re-

1306 2426 90 31 quisite,
1417 2430 22 20 to
1459 2426 104 23 describe
1581 2434 53 23 very
1645 2425 148 32 particularly
1812 2433 28 15 on
1853 2424 45 24 this

1306 2460 112 28 occasion,
1431 2459 39 24 the
1490 2464 170 26 arrangements
1683 2459 168 31 contemplated
1869 2458 29 31 by

1306 2493 38 23 the
1364 2493 128 28 Directors,
1505 2494 35 23 for
1551 2493 93 32 placing
1656 2494 23 22 in
1692 2493 48 23 safe
1753 2492 96 32 custody
1861 2491 37 24 the

1305 2527 64 31 large
1381 2535 63 16 sums
1465 2527 26 24 of
1506 2535 81 23 money
1600 2527 48 23 that
1660 2527 45 23 will
1724 2526 133 23 henceforth
1871 2525 27 24 be

1305 2560 103 24 received
1430 2561 25 23 in
1478 2560 39 24 the
1540 2560 89 31 colony.
1666 2560 52 23 The
1740 2559 112 32 principle
1863 2559 38 24 -of

1305 2594 58 24 such
1374 2598 172 28 arrangements
1563 2602 52 23 may
1627 2594 104 23 however
1742 2594 31 22 be.
1783 2594 114 22 mention-

1306 2627 29 24 ed
1356 2627 63 25 here.
1464 2627 51 25 The
1537 2627 81 24 Union
1641 2627 70 24 Bank
1734 2627 25 23 of
1780 2626 118 24 Australia

1305 2661 84 24 affords
1401 2670 14 15 a
1433 2666 65 26 great
1516 2661 86 31 facility
1621 2666 22 19 to
1665 2661 47 23 this
1731 2659 128 32 Company,
1872 2668 25 15 as

1305 2700 100 27 respects
1418 2695 38 24 the
1469 2695 48 24 safe
1528 2695 100 31 keeping
1636 2695 25 23 of
1670 2695 30 23 its
1711 2694 97 23 colonial
1818 2693 77 24 funds.

1305 2728 51 24 The
1375 2729 121 24 Directors
1513 2728 140 24 understand
1672 2727 52 24 that
1738 2735 14 16 a
1770 2727 87 24 branch
1875 2727 25 24 of

1305 2761 45 25 this
1362 2762 69 25 Bank
1442 2763 47 23 will
1507 2762 28 24 be
1556 2760 139 26 established
1705 2765 25 20 at
1749 2761 54 23 each
1816 2761 26 23 of
1858 2760 39 24 the

1306 2796 139 32 Company's
1457 2796 149 28 settlements,
1616 2803 23 16 as
1650 2803 57 16 soon
1716 2803 25 15 as
1752 2794 37 24 the
1801 2794 96 24 number

1305 2829 25 24 of
1346 2830 80 32 people
1438 2829 64 25 there
1521 2829 59 24 shall
1601 2829 27 24 be
1642 2829 57 23 such
1712 2836 25 16 as
1756 2833 24 19 to
1794 2829 54 31 give
1860 2836 37 16 as-

1306 2871 94 16 surance
1419 2864 25 23 of
1466 2864 67 31 profit
1551 2864 59 23 from
1628 2862 106 32 banking
1752 2862 128 32 operations
1888 2870 7 20 ;

1306 2897 44 23 and
1368 2897 55 31 they
1434 2905 96 24 propose
1552 2901 23 19 to
1598 2896 68 25 make
1688 2904 30 16 an
1735 2899 163 28 arrangement

1306 2931 53 24 with
1371 2931 39 23 the
1422 2931 120 24 Directors
1551 2931 25 23 of
1586 2930 38 25 the
1637 2930 70 25 Bank
1716 2929 62 29 here,
1785 2930 32 30 by
1824 2929 73 24 which

1305 2964 38 24 the
1354 2964 209 32 purchase-money
1575 2964 24 24 of
1616 2964 38 24 the
1672 2963 140 32 Company's
1832 2962 65 24 lands

1305 3006 51 24 may
1367 2998 29 24 be
1408 2998 54 33 paid
1474 2999 47 23 into
1533 2998 39 23 the
1585 2996 105 25 Colonial
1709 2996 89 25 Banks.
1836 2996 60 32 Sup-

1304 3033 83 30 posing
1406 3040 28 15 an
1455 3031 120 31 intending
1596 3031 125 35 purchaser
1742 3034 23 20 to
1785 3038 46 23 pay
1850 3038 46 23 any

1305 3066 68 31 given
1391 3074 52 16 sum
1464 3066 48 23 into
1523 3065 39 24 the
1580 3064 69 25 Bank
1667 3073 30 15 on
1709 3069 97 18 account
1818 3063 26 24 of
1858 3063 38 24 the

1307 3099 126 31 Company,
1455 3108 14 15 a
1486 3099 90 24 written
1594 3097 214 32 acknowledgment
1827 3097 26 23 of
1867 3097 29 23 its

1305 3133 85 31 receipt
1401 3133 31 32 by
1442 3132 39 24 ihe
1495 3132 66 24 Bank
1573 3132 74 24 would
1658 3132 28 23 be
1699 3131 70 24 taken
1777 3139 26 15 as
1813 3137 84 24 money

1305 3170 24 19 at
1340 3166 38 24 the
1399 3166 139 33 Company's
1550 3166 59 23 sales
1620 3175 5 17 ;
1647 3174 24 15 or
1690 3165 21 23 if
1724 3164 39 24 the
1775 3163 122 32 intending

1305 3200 70 31 buyer
1387 3200 83 24 should
1489 3200 86 31 change
1587 3200 35 23 his
1634 3198 73 29 mind,
1721 3198 30 23 he
1765 3197 78 24 would
1860 3205 35 15 re-

1305 3235 144 31 appropriate
1466 3233 38 24 his
1521 3233 89 31 .deposit
1624 3232 32 32 by
1667 3232 119 30 returning
1798 3231 40 23 the
1858 3238 38 16 ac-

1305 3267 185 32 knowledgment
1507 3268 26 23 of
1550 3267 94 31 receipt.
1679 3264 56 25 You
1749 3272 54 24 may
1816 3268 81 28 expect

1305 3305 23 18 to
1337 3300 62 30 hear,
1411 3302 32 31 by
1455 3309 28 16 an
1495 3301 62 31 early
1567 3301 111 27 occasion,
1686 3298 51 24 that
1745 3306 30 16 an
1787 3305 95 23 arrange
1885 3312 10 14 r

1305 3339 62 19 ment
1379 3335 25 23 of
1420 3335 47 23 this
1479 3335 115 23 character
1605 3333 42 24 has
1662 3332 61 24 been
1734 3331 127 32 completed
1870 3332 25 23 in

1305 3368 77 24 detail.
1525 3391 4 10 ;

1400 3402 51 24 The
1472 3402 120 24 Directors'
1611 3409 38 15 are
1664 3400 78 31 happy
1754 3403 23 20 to
1789 3398 106 31 acquaint

1305 3443 44 23 you
1361 3435 49 24 that
1421 3436 39 24 the
1469 3436 47 23 sale
1528 3436 26 23 of
1563 3435 72 24 lands,
1643 3435 55 23 here
1713 3433 36 24 for
1761 3432 39 24 the
1811 3431 84 25 second

1305 3469 129 24 settlement
1469 3469 42 23 has
1538 3469 58 23 been
1629 3466 84 33 highly
1723 3489 2 3 .
1742 3466 158 32 satisfactory

1305 3502 66 24 Even
1382 3503 79 24 before
1473 3502 38 24 the
1528 3503 119 31 departure
1664 3499 26 26 of
1699 3499 43 35 the,
1747 3494 148 45 preliminary

1305 3536 138 32 expedition,
1453 3536 39 24 the
1504 3536 88 31 deposit
1603 3531 42 27 has
1655 3534 61 24 been
1726 3532 54 33 paid
1791 3540 29 16 on
1833 3532 62 24 three

1304 3569 104 24 hundred
1420 3574 41 19 out
1480 3569 26 24 of
1520 3569 39 24 the
1571 3567 114 25 thousand
1700 3566 138 30 allotments,
1852 3565 43 24 ahd

1303 3603 32 32 by
1345 3603 85 32 parties
1443 3603 26 24 of
1486 3602 76 24 whose
1580 3598 80 35 ability
1676 3600 45 25 and
1740 3600 113 23 intention
1862 3603 4 15 «'
1872 3603 23 19 to

1305 3637 110 32 complete
1427 3636 40 25 the
1476 3636 112 32 purchase
1601 3635 62 24 there
1675 3635 20 23 is
1707 3641 30 16 no
1745 3632 70 25 doubt
1822 3631 72 25 what-

1305 3678 59 16 ever.
1400 3670 53 24 The
1464 3670 96 24 number
1571 3669 44 23 and
1634 3666 169 34 respectability
1815 3666 26 23 of
1857 3666 38 23 the

1304 3711 95 25 persons
1411 3703 51 24 who
1481 3703 91 31 already
1590 3701 152 31 contemplate
1755 3698 140 32 emigrating

1305 3742 23 19 to
1343 3737 88 25 Nelson
1443 3737 25 23 in
1476 3737 39 23 the
1526 3741 102 23 autumn,
1641 3735 64 31 gives
1718 3733 38 24 the
1774 3730 120 39 pirectors

1304 3778 33 21 an,
1345 3778 130 22 assurance,
1487 3770 50 24 that
1545 3769 39 24 the
1596 3767 83 25 second
1691 3767 81 31 colony
1779 3765 48 25 will
1838 3772 57 18 even

1305 3812 93 24 surpass
1399 3814 3 4 1
1410 3804 39 24 the
1467 3804 50 23 first
1538 3804 26 22 in
1575 3803 140 31 importance
1727 3808 25 15 as
1769 3808 13 15 a
1799 3799 63 33 body
1872 3799 25 24 of

1305 3838 98 25 settlers.
1438 3837 67 24 Your
1525 3836 147 24 instructions
1691 3833 56 24 with
1763 3837 99 27 respect'
1871 3837 23 19 to

1304 3871 38 25 the
1354 3871 110 25 selection
1475 3871 25 23 of
1516 3870 38 23 the
1566 3870 43 23 site
1620 3868 25 24 of
1653 3868 39 23 the
1707 3866 89 25 Nelson
1809 3866 84 25 Settle-

1303 3909 63 20 ment
1376 3904 47 24 will
1440 3904 30 23 be
1482 3902 143 25 transmitted
1637 3907 21 18 to
1671 3908 46 25 you
1729 3901 25 23 in
1765 3909 13 15 a
1791 3903 102 28 separate

1304 3937 112 34 dispatch.
1626 3960 4 3 .
1733 3962 3 5 ,
1857 3953 3 6 .

1308 3992 2 4 ,
1339 3973 38 23 17.
1397 3971 49 24 But
1463 3971 18 22 it
1498 3971 19 22 is
1537 3967 109 26 desirable
1663 3972 21 23 to
1697 3967 102 24 mention
1805 3965 63 25 'tare
1879 3974 14 16 a

71 124 85 24 meats,
160 134 6 8 i
173 124 27 20 tor
214 120 47 31 buy
277 120 61 24 from
354 119 40 24 the
406 119 158 24 Government
581 124 25 19 at
622 119 40 25 the

72 154 99 29 uniform;
181 154 72 32 price.
287 153 48 24 For
346 152 39 24 the
402 152 94 31 general
508 160 110 24 purposes
618 161 9 15 i
639 154 25 22 of

72 187 39 24 the
129 186 119 32 Company
267 195 13 15 a
299 185 100 24 medium
411 179 82 30 should
509 185 31 24 be
551 185 111 24 observed

72 221 24 23 in
108 220 37 23 the
157 224 79 23 extent
247 218 26 24 of
281 218 55 24 land
348 213 101 36 brought
461 223 24 18 to
503 218 56 30 sale,
571 218 89 24 neither

72 251 29 26 oh
119 252 38 23 the
168 256 43 19 one
222 251 69 30 hand,
304 251 95 32 offering
418 260 27 15 so
455 251 70 24 much
533 249 33 26 'as
586 252 75 23 would

70 279 101 40 Scarcely
178 282 66 31 allow;
255 285 26 23 of
290 285 146 32 competition
436 281 4 12 1
439 302 5 12 ,
453 281 42 27 n'4r
498 282 3 11 l
503 281 80 27 bVthe'
583 283 5 10 J
596 286 64 22 other

71 315 131 35 restricting
218 319 40 22 the
276 318 104 30 quantity
387 319 36 22 'So
442 322 31 19 as'
484 321 24 21 to
522 317 138 31 discourage

68 345 145 40 "purdiase'rs.
261 351 134 31 Unceasing
416 352 119 23 'attention
561 355 22 20 to
609 347 49 28 this

69 385 111 33 principle
191 386 20 22 is
230 393 14 15 a
254 390 49 18 new
314 383 57 32 duty
377 384 110 32 'imposed
491 383 36 25 'on
538 384 39 24 the
590 384 70 24 Com-

69 419 81 32 pany's
162 422 79 26 agents
253 418 24 23 in
289 418 38 23 the
340 418 89 31 Coloriy
440 418 30 30 by
482 418 39 23 the
533 418 125 23 determin-

68 453 63 22 atidn
149 451 26 26 of
187 451 38 23 the
242 451 73 24 Court
333 454 23 20 to
369 451 42 23 sell
428 451 32 31 by
472 451 99 24 auction.
606 451 52 23 An-

69 485 64 24 other
151 490 157 25 consequence
326 484 26 24 of
368 484 46 23 this
430 484 128 24 resolution,
571 484 27 28 is,
610 484 50 23 that

69 518 58 24 sales
140 526 43 16 can
194 525 29 15 no
241 519 80 29 longer
339 518 28 23 be
385 517 174 31 accomplished,
571 518 25 22 in
613 517 46 23 this

68 555 104 28 country,
182 573 3 4 ,
192 551 49 24 and-
258 551 48 24 still
328 550 46 24 less
394 550 60 24 sales
473 550 25 23 of
519 550 140 32 unspecified

67 585 73 29 lands,
154 593 25 15 as
188 592 53 24 may
252 584 29 24 be
292 583 72 31 easily
375 583 113 32 managed
498 583 56 23 with
565 591 30 15 an
605 584 53 22 uni-

67 618 58 24 form
136 618 63 31 price
216 617 66 24 when
300 617 96 32 priority
408 616 27 32 ojf
450 616 77 23 choice
545 616 21 23 is
582 616 75 24 deter-
665 620 2 24 [

67 651 76 24 mined
161 649 33 33 by
210 650 43 25 lot.
287 650 89 30 Money
397 658 54 23 may
573 649 29 23 be
610 646 48 27 ''re-

67 684 78 25 ceived
166 682 55 26 heife
241 689 29 18 on
286 681 95 26 a6cbunt
387 686 4 6 '
399 682 25 24 of
439 682 77 24 future
532 676 126 38 purchases

67 717 138 32 byauction;
207 717 6 12 ;
216 716 92 26 andthe
319 723 96 25 persons
427 717 85 30 paying
519 717 47 23 this
575 724 84 23 money

67 756 36 19 oil'
109 756 95 19 account
213 758 54 24 may
270 760 3 6 1
277 750 95 24 become
386 749 96 24 entitled
500 754 24 19 to
542 750 116 24 nominate
665 754 2 8 1

66 785 37 24 his
114 792 50 16 own
176 785 125 28 labourers,
313 783 21 24 if
347 783 109 32 properly
474 783 106 30 selected,
597 783 37 24 for
645 791 14 16 a

66 820 47 23 frbe
122 826 105 23 passage<
234 822 38 19 out
281 817 27 24 of
315 816 39 25 the
362 816 141 33 Company's
512 816 146 32 Emigration
665 826 2 17 i

67 853 16 24 i
89 852 45 24 und
143 861 8 20 ;
170 851 43 25 but
221 851 91 25 further
323 851 56 24 than
390 851 47 24 this
449 851 31 23 all
490 855 121 27 payments
622 851 36 23 for
665 855 2 27 \

64 885 55 25 land
129 890 64 19 must
204 885 54 24 take
272 884 66 33 place
356 892 30 17 on
404 884 39 24 the
461 888 60 28 spot.
559 884 59 25 This
635 889 23 18 at

65 919 59 24 least
134 924 63 19 must
206 919 29 23 be
247 919 38 23 the
293 919 57 28 rule,
358 919 107 31 allowing
472 918 36 23 for
515 917 143 32 exceptional
665 929 2 29 j

67 960 70 22 cases,
150 954 26 22 in
185 952 74 24 which
268 952 39 24 the
322 951 120 32 Company
460 950 83 24 should
560 950 96 28 resolve,

66 987 24 23 in
102 986 65 24 order
179 990 23 20 to
213 987 59 23 form
286 993 15 15 a
318 992 50 16 new
385 984 139 28 settlement,
541 987 24 19 to
644 992 14 14 a

66 1025 58 18 tract
134 1020 26 28 0/
174 1019 55 24 land
240 1023 23 19 at
274 1025 63 16 some
348 1018 101 23 uniform
464 1016 62 31 price
545 1023 42 24 per
606 1023 50 16 acre

67 1053 53 24 with
131 1051 106 32 alottery
249 1051 35 25 for
295 1051 97 31 priority
403 1051 26 23 of
444 1049 87 30 choice,
546 1057 25 15 as
582 1050 25 22 in
618 1046 38 26 the

67 1095 50 15 case
129 1086 26 24 of
164 1086 38 23 the
214 1086 51 23 first
277 1084 45 24 and
333 1084 84 24 second
428 1083 108 29 colonies,
549 1083 24 23 in
583 1083 74 22 which

66 1121 39 23 the
115 1119 136 33 purchasers
260 1119 59 23 from
331 1117 38 24 the
380 1117 121 32 Company
512 1124 54 24 reap
578 1114 30 25 all
620 1116 37 23 the

67 1154 125 30 advantage
207 1153 26 23 of
248 1152 77 24 future
336 1151 147 31 competition
495 1150 36 23 for
548 1150 39 23 the
603 1150 55 23 land

68 1187 106 32 acquired
190 1187 32 30 by
239 1185 70 25 them.
345 1185 26 23 It
388 1185 89 23 follows
495 1183 50 24 that
563 1191 14 15 a
594 1183 63 31 large

68 1221 131 32 proportion
212 1220 25 23 of
253 1220 37 23 the
301 1222 120 29 payments
432 1217 36 24 for
479 1217 55 24 land
545 1216 46 25 will
603 1217 55 23 take

68 1255 62 32 place
141 1255 26 22 in
178 1253 38 24 the
228 1253 89 31 colony.
352 1251 52 25 The
417 1255 171 28 arrangements
601 1258 55 16 con-

69 1291 94 28 sequent
186 1295 29 15 on
238 1286 45 24 this
306 1293 49 16 new
377 1284 173 33 responsibility
573 1283 25 24 of
619 1283 38 24 the

69 1321 138 32 Company's
225 1319 98 25 colonial
340 1324 105 19 servants
456 1318 46 24 will
515 1318 30 23 be
555 1318 102 31 particu-

69 1355 81 25 larised
161 1354 88 24 further
261 1361 38 16 on.

103 1391 39 22 10.
162 1388 30 23 In
210 1387 39 24 the
260 1391 57 19 next
327 1386 72 32 place,
416 1387 19 22 it
446 1387 21 22 is
478 1394 13 14 a
501 1392 156 24 consequence

69 1423 25 25 of
108 1422 109 31 adopting
234 1421 38 23 the
291 1420 54 31 plan
362 1420 26 24 of
402 1419 49 24 sale
463 1427 30 16 on
508 1418 39 24 the
559 1423 52 27 spot
627 1418 31 31 by

70 1457 96 27 auction,
179 1455 48 23 that
245 1453 65 25 lands
331 1454 26 23 of
372 1454 91 22 various
481 1453 106 31 qualities
604 1452 54 23 with

70 1493 87 28 respect
165 1493 22 19 to
196 1488 96 31 fertility
300 1487 24 24 of
330 1488 107 30 position,
448 1486 81 24 should
537 1486 29 23 be
575 1486 83 23 offered

70 1525 33 23 for
114 1523 47 24 sale
173 1526 24 19 at
207 1522 91 23 various
309 1526 67 26 upset
393 1521 83 30 prices.
513 1519 51 24 The
583 1519 75 23 deter-

70 1558 108 24 mination
183 1556 25 23 of
214 1556 63 22 these
282 1556 90 22 various
380 1559 69 26 upset
454 1554 74 31 prices
537 1554 19 21 is
564 1552 94 24 another

70 1599 48 16 new
133 1591 55 29 duty
199 1589 104 31 imposed
315 1596 28 15 on
355 1588 39 23 the
408 1587 140 31 Company's
561 1585 97 24 colonial

70 1629 87 27 agents.
192 1623 49 23 But
250 1622 64 24 there
326 1629 37 16 are
379 1629 63 15 some
457 1621 62 22 rules
532 1620 44 23 and
595 1627 62 16 some

70 1659 71 32 prices
147 1656 74 24 which
230 1664 51 23 may
289 1655 26 24 be
323 1655 46 24 laid
377 1655 65 23 down
453 1655 31 30 by
492 1654 38 23 the
538 1653 119 23 Directors

69 1693 33 23 for
114 1691 58 24 their
186 1690 121 31 guidance.
345 1688 82 24 Under
439 1695 28 16 110
480 1688 176 23 circumstances

70 1725 79 24 should
174 1732 45 23 any
247 1723 53 24 land
321 1723 28 22 be
373 1721 85 24 offered
475 1721 37 23 for
534 1720 48 24 sale
601 1724 22 20 at
644 1728 13 15 a

70 1759 66 24 lower
157 1763 67 26 upset
245 1758 62 31 price
333 1756 55 23 than
414 1754 39 24 the
473 1755 100 23 uniform
595 1754 62 31 price

70 1792 101 32 required
181 1792 31 30 by
232 1791 39 23 the
289 1791 157 22 Government
465 1787 35 25 for
518 1796 51 16 new
585 1787 56 25 land
649 1797 6 19 ;

70 1827 41 23 and
124 1826 18 24 it
152 1834 53 22 may
216 1825 28 23 be
255 1824 123 31 presumed
396 1823 50 23 that
461 1823 23 22 in
505 1826 62 19 most
585 1829 71 21 cases,

70 1860 91 30 bearing
173 1860 24 22 in
209 1859 64 23 mind
284 1858 38 23 the
334 1860 163 28 engagements
506 1856 24 23 of
540 1855 38 23 the
587 1855 70 24 Com-

70 1902 57 23 pany
138 1893 55 23 with
204 1896 90 27 respect
312 1895 22 19 to
354 1890 136 31 emigration
504 1893 22 19 to
545 1889 39 23 the
604 1888 53 24 land

71 1927 54 28 sold,
138 1926 49 25 that
198 1926 39 23 the
255 1929 67 27 upset
341 1925 64 31 price
425 1923 24 23 of
475 1931 58 16 even
552 1922 105 30 ordinary

70 1961 69 28 lands,
162 1960 125 31 supposing
308 1958 83 31 always
420 1957 48 23 that
491 1956 39 23 the
554 1956 103 30 quantity

70 1994 82 23 offered
158 1993 34 22 for
200 1993 46 22 sale
255 1999 46 15 was
310 1995 40 18 not
359 1991 123 27 excessive,
492 1989 74 30 might
573 1988 84 24 exceed

70 2027 36 23 the
117 2026 98 24 uniform
227 2026 62 30 price
308 2024 25 23 of
348 2024 37 22 the
408 2023 165 23 Government.
621 2022 35 23 As

71 2065 96 27 respects
179 2059 68 24 much
258 2058 55 23 land
324 2058 38 23 the
374 2061 69 26 upset
453 2057 62 30 price
535 2055 74 31 might
627 2055 29 23 be

71 2093 152 30 considerably
234 2092 90 31 higher.
365 2090 126 24 Wherever
502 2090 102 31 peculiar
616 2088 40 24 ad-

72 2132 104 27 vantages
188 2126 25 23 of
228 2126 109 23 situation
347 2125 45 23 and
404 2124 37 23 the
449 2131 80 16 course
538 2123 26 23 of
578 2121 78 25 settle-

72 2166 59 18 ment
141 2159 113 25 indicated
263 2159 49 24 that
324 2167 13 15 a
347 2163 61 19 town
419 2165 25 15 or
456 2157 83 31 village
547 2156 73 31 might
628 2156 27 23 be

73 2194 140 29 established,
225 2201 24 16 or
261 2201 56 15 even
328 2192 75 23 where
416 2191 63 24 there
491 2198 47 15 was
549 2190 72 30 likely
633 2194 22 19 to

73 2229 54 23 arise
144 2237 13 15 a
174 2236 63 16 more
254 2227 56 23 than
331 2226 106 29 ordinary
456 2224 146 31 competition
620 2223 36 23 for

72 2262 50 23 land
133 2262 34 23 for
173 2262 38 23 the
223 2268 110 24 purposes
343 2260 26 22 of
383 2258 146 32 agriculture,
550 2258 18 22 it
581 2257 75 23 would

73 2295 25 24 be
109 2295 60 31 right
180 2300 22 19 to
218 2295 33 23 fix
270 2294 38 24 the
327 2293 93 31 highest
437 2296 67 27 upset
522 2292 63 31 price
608 2290 48 24 that

72 2330 69 23 would
154 2333 38 20 not
204 2328 27 24 be
243 2337 26 14 so
282 2327 56 32 high
350 2335 24 15 as
392 2331 24 18 to
434 2326 74 23 defeat
526 2325 39 23 the
581 2324 75 31 object

73 2363 22 23 of
110 2363 37 23 the
155 2363 54 23 sale.
246 2362 73 23 Town
331 2360 44 24 and
392 2360 116 24 suburban
526 2358 129 24 allotments

73 2396 68 31 might
153 2397 59 23 often
224 2396 28 23 be
264 2400 43 27 put
317 2402 31 24 up
368 2398 24 19 at
409 2394 75 31 prices
501 2393 98 30 varying
617 2400 38 15 ac-

73 2430 89 31 cording
172 2435 23 18 to
207 2429 109 24 situation
338 2428 45 24 and
402 2427 95 31 quality,
514 2426 59 24 from
585 2430 38 19 ten
632 2430 23 18 to

73 2464 82 23 several
166 2464 102 23 hundred
274 2462 90 32 pounds
371 2469 42 24 per
420 2468 60 17 acre.
516 2459 55 24 And
578 2459 76 31 lastly,

73 2498 16 22 it
100 2499 18 22 is
130 2496 166 33 indispensable
303 2495 50 25 that
359 2496 75 23 notice
441 2495 31 30 by
479 2494 177 23 advertisement

73 2530 77 24 should
160 2531 28 23 be
199 2532 68 30 given
279 2530 24 24 of
324 2529 30 24 all
362 2528 68 29 sales,
445 2528 107 30 allowing
559 2527 54 23 time
621 2527 34 22 for

72 2565 113 31 intending
196 2564 135 32 purchasers
342 2568 24 18 to
378 2561 68 25 reach
457 2561 39 24 the
506 2566 52 26 spot
568 2560 31 31 by
617 2560 38 24 the

73 2598 40 31 day
124 2600 26 22 of
163 2599 46 23 sale
218 2608 7 19 ;
244 2598 46 24 and
305 2597 50 24 that
374 2604 27 16 as
418 2600 103 27 respects
538 2594 39 23 the
593 2602 62 15 more

73 2633 118 31 important
199 2631 66 30 sales,
279 2631 57 24 such
347 2638 25 16 as
384 2630 39 24 the
434 2630 56 23 sites
500 2629 27 23 of
541 2633 79 23 towns,
631 2635 24 16 or

72 2673 42 24 any
124 2666 61 24 rural
195 2666 53 24 land
260 2665 108 32 enjoying
385 2663 102 32 peculiar
506 2662 148 30 advantages,

72 2699 95 31 peculiar
178 2700 144 30 advantages,
335 2698 38 23 the
385 2697 178 24 advertisement
574 2696 26 23 of
608 2695 47 23 sale

74 2732 77 24 should
160 2733 28 24 be
198 2732 112 25 extended
322 2737 21 19 to
356 2732 38 23 the
404 2730 170 32 neighbouring
594 2729 61 24 colo-

72 2767 47 23 nies
129 2767 25 24 of
167 2767 127 24 Australia.

105 2801 38 23 11.
161 2800 52 24 The
225 2801 73 23 Court
307 2799 58 23 have
376 2802 42 20 not
427 2798 47 24 lost
484 2798 63 31 sight
565 2797 26 24 of
611 2800 44 20 two

73 2834 60 24 other
142 2834 77 24 effects
230 2834 25 23 of
270 2832 150 30 substituting
431 2832 39 23 the
488 2831 54 31 plan
561 2830 26 24 of
608 2830 47 24 sale

75 2868 21 23 in
112 2868 38 24 the
174 2868 81 31 colony
274 2871 22 19 to
319 2866 50 24 that
390 2865 101 23 hitherto
511 2863 101 34 pursued
634 2864 26 23 of

74 2901 79 31 selling
162 2901 65 25 here.
262 2900 109 23 Hitherto
384 2899 39 23 the
438 2897 113 33 purchase
568 2898 88 23 monies

73 2935 98 24 received
181 2935 32 31 by
221 2935 39 23 the
272 2934 120 31 Company
402 2932 58 23 have
471 2932 60 23 been
541 2930 115 25 advanced

73 2967 28 32 by
112 2968 36 25 the
163 2968 80 32 buyer,
260 2968 24 23 in
301 2967 149 31 anticipation
467 2965 26 23 of
515 2965 118 31 obtaining
644 2972 13 16 a

74 3008 135 26 conveyance
221 3010 26 16 as
256 3008 57 17 soon
324 3009 25 15 as
369 3000 40 24 the
427 3006 84 23 survey
531 2997 82 25 should
628 2998 28 23 be

75 3036 133 32 completed;
238 3035 46 24 and
309 3035 55 23 thus
392 3033 39 24 the
460 3032 120 32 Company
601 3039 55 22 was,

73 3069 163 32 irrespectively
249 3069 25 24 of
289 3069 30 23 its
332 3067 90 32 capital,
439 3066 111 33 provided
565 3065 91 24 before-

73 3101 56 26 hand
145 3111 24 16 as
187 3104 19 23 it
223 3110 59 17 were
300 3102 56 24 with
373 3100 71 24 funds
458 3100 36 23 for
512 3099 143 31 emigration.

73 3135 125 34 According
209 3141 23 20 to
244 3137 39 24 the
294 3139 94 29 present
399 3139 94 26 system,
504 3133 54 32 only
566 3134 90 30 specific

72 3170 96 30 portions
180 3170 26 25 of
218 3170 56 25 land
284 3170 48 24 will
341 3169 30 24 be
387 3168 59 29 sold,
462 3167 74 24 which
554 3166 102 24 involves

73 3202 36 24 the
120 3205 110 31 necessity
241 3204 27 24 of
289 3202 125 32 surveying
432 3202 80 23 before
530 3200 39 24 the
592 3200 62 29 sale;

73 3236 42 25 arid
125 3245 29 16 no
165 3238 135 31 emigration
310 3236 58 25 fund
383 3235 47 25 will
441 3242 82 17 accrue
541 3235 60 22 from
619 3233 37 24 the

73 3269 44 25 aale
126 3271 24 24 of
162 3271 54 25 land
227 3271 59 25 until
297 3271 102 30 delivery
410 3269 26 24 of
444 3268 40 24 the
494 3268 56 24 land
559 3266 66 25 itself
633 3272 23 20 to

73 3303 36 25 the
114 3306 134 30 'purchaser.

105 3339 40 24 12.
162 3339 30 24 In
207 3339 67 24 order
291 3343 24 20 to
334 3341 63 21 meet
416 3336 38 24 the
472 3336 52 24 first
543 3335 26 24 of
592 3334 64 25 these

74 3370 102 33 changed,
194 3377 20 20 it
229 3372 48 25 will
291 3373 30 23 be
331 3379 64 17 more
404 3370 57 24 than
472 3377 53 16 ever
535 3376 121 24 necessary

73 3403 47 25 that
131 3405 36 25 the
179 3414 94 24 surveys
285 3405 81 25 should
376 3405 30 23 be
418 3403 57 33 kept
486 3403 25 24 in
522 3403 100 24 advance
634 3403 24 24 of

73 3436 37 26 the
120 3439 94 25 demand
223 3440 37 24 for
266 3439 61 25 land.
362 3438 57 25 You
426 3438 48 24 will
481 3437 57 24 have
545 3436 111 25 observed

73 3470 47 25 that
131 3473 28 31 by
174 3474 39 23 the
228 3476 161 28 arrangement
406 3471 55 25 with
479 3471 42 25 her
532 3470 123 32 Majesty's

73 3504 152 27 Government
232 3507 45 25 and
288 3507 48 24 Mr.
351 3504 169 33 Pennington's
535 3504 83 30 award,
637 3504 19 24 it

72 3536 41 26 has
123 3539 57 25 been
191 3541 81 24 settled
283 3541 50 24 that
350 3540 40 24 the
408 3543 49 20 cost
475 3539 25 23 of
516 3545 95 24 surveys
630 3539 25 23 in

72 3577 85 27 respect
170 3574 25 24 of
218 3574 56 25 land
289 3574 50 24 sold
362 3573 65 24 down
448 3577 25 20 to
496 3572 39 24 the
555 3572 56 25 31s£
633 3572 26 24 of

73 3603 123 28 December
206 3608 52 29 last,
270 3607 60 24 shall
343 3607 31 23 be
387 3606 80 32 repaid
484 3610 24 20 to
526 3605 39 25 the
585 3605 70 25 Com-

73 3643 58 27 pany
138 3641 24 23 in
172 3641 37 24 the
221 3641 70 32 shape
310 3641 24 23 of
353 3640 55 24 land
418 3643 24 20 at
460 3639 40 24 the
517 3643 49 20 rate
578 3639 25 24 of
618 3642 35 22 ss.

74 3678 39 24 per
126 3681 49 16 acre
183 3683 7 20 ;
203 3675 44 24 and
259 3675 49 24 that
324 3675 25 22 in
357 3677 89 27 respect
454 3673 25 23 of
488 3672 78 32 outlay
572 3673 36 23 for
617 3673 38 23 the
663 3693 2 3 .

75 3712 78 25 survey
164 3708 24 23 of
203 3708 64 24 other
277 3707 75 29 lands,
364 3706 40 24 the
417 3706 119 31 Company
554 3704 101 35 (subject

74 3741 23 21 to
107 3747 13 15 a
130 3742 83 23 certain
223 3741 66 24 mode
301 3741 26 23 of
341 3739 135 25 arbitration
493 3739 36 23 for
548 3739 107 26 determi-

74 3772 53 32 ning
137 3773 37 25 the
185 3774 104 32 amount)
301 3774 60 25 shall
377 3773 88 24 receive
483 3772 55 25 land
548 3772 60 24 from
617 3773 38 24 the

76 3805 78 26 Crown
168 3812 23 19 at
205 3808 39 24 the
254 3812 49 20 rate
313 3807 60 24 from
390 3807 54 23 time
456 3810 23 20 to
491 3806 56 24 time
561 3807 30 23 'of
606 3813 3 6 •
617 3807 38 23 the

75 3840 70 23 actual
156 3842 61 31 price
235 3842 26 24 of
281 3849 74 16 crown
371 3839 75 25 lands.
501 3839 30 24 In
548 3838 39 25 the
602 3840 51 29 end,

74 3871 114 32 therefore,
200 3875 38 24 the
250 3875 119 31 Company
381 3873 47 24 will
434 3880 92 16 recover
533 3872 38 24 the
583 3873 72 24 whole

66 3904 3 7 '
75 3906 46 26 co§t
129 3907 25 24 of
175 3909 129 30 surveying,
320 3906 117 34 provided,
449 3905 51 25 that
517 3906 28 29 is,
557 3913 51 17 care
625 3906 29 24 be
662 3908 3 8 '

73 3938 68 25 taken
157 3944 23 21 to
199 3941 59 33 keep
275 3942 66 23 down
359 3940 41 24 the
418 3947 99 24 expense
530 3943 28 20 -to
573 3939 57 27 such
641 3948 19 17 a,

75 3976 45 19 tate
130 3981 39 23 per
181 3982 57 22 acre,
288 3974 58 24 shall
363 3974 28 24 5c
410 3972 94 25 deemed
521 3973 135 24 reasonable
