4201 6067
168 2529 220 58 Lyell
432 2529 263 58 Times.

169 2641 207 35 SATURDAY,
397 2643 132 30 MARCH
552 2646 42 30 27,
615 2631 80 44 1886.

150 2722 57 28 The
238 2727 107 24 returns
376 2724 29 28 of
433 2725 135 35 amalgam
598 2727 70 28 from
700 2728 46 29 the

118 2760 103 29 United
244 2761 98 33 Alpine
364 2761 41 29 for
425 2763 46 28 the
491 2768 59 32 past
572 2765 84 33 week,
679 2766 68 28 from

116 2800 97 36 plates,
226 2800 99 38 ripples
341 2800 55 29 and
416 2800 125 37 berdans,
563 2812 56 20 was
640 2805 106 29 4530z5.

116 2839 72 27 from
201 2840 48 27 19G
261 2842 63 25 tons
334 2841 30 26 of
369 2845 76 24 stone
457 2846 48 31 put
517 2842 128 34 through.
680 2845 67 27 This

117 2880 93 24 return
236 2878 22 25 is
280 2886 35 18 an
337 2877 200 36 improvement
555 2880 29 27 of
601 2881 88 28 13ozs.
711 2891 36 18 on

116 2913 53 30 last
182 2914 75 30 week
268 2914 69 30 from
346 2915 61 30 four
414 2919 62 27 tons
485 2916 53 30 less
547 2921 76 26 stone
634 2920 112 35 treated,

116 2954 54 27 and
189 2954 46 27 the
252 2954 106 36 battery
376 2955 99 36 during
485 2956 48 28 the
546 2958 75 27 week
634 2967 56 19 was
702 2960 28 27 de-

114 2990 80 36 layed
207 2999 80 20 seven
303 2991 83 30 hours
404 2993 114 37 making
540 2994 158 30 alterations
720 3000 27 26 to

117 3028 45 28 the
176 3038 83 19 cams.

149 3072 56 28 The
219 3073 129 29 tributors
364 3075 29 28 in
416 3076 47 29 the
484 3077 103 29 United
606 3080 74 37 Italy
700 3091 46 19 are

112 3109 113 39 making
245 3112 68 36 good
336 3113 134 38 headway
488 3114 30 30 in
541 3116 116 32 Potter's
677 3120 68 29 level

110 3149 92 29 south.
256 3150 57 31 The
343 3162 139 29 company
514 3154 70 31 have
623 3158 38 30 all
699 3159 47 30 the

110 3196 143 28 necessary
268 3190 97 28 timber
377 3201 34 18 on
426 3193 46 28 the
484 3196 106 33 ground
604 3196 41 28 for
658 3199 87 27 winze

110 3225 27 27 in
152 3226 72 28 their
237 3228 104 33 portion
355 3229 31 28 of
397 3229 44 30 the
455 3231 84 35 mine,
554 3233 55 29 and
621 3243 45 21 are
682 3243 63 22 now

107 3263 114 39 making
228 3265 47 29 the
282 3268 106 34 ground
398 3269 112 37 already
517 3271 71 30 sunk
596 3282 35 19 on
640 3283 102 26 secure,

106 3311 146 31 prepatory
264 3308 28 26 to
304 3307 83 34 going
400 3307 80 30 down
493 3318 35 19 on
544 3310 46 29 the
603 3311 65 30 reef.

141 3351 59 30 The
230 3360 65 22 next
325 3356 108 34 sittings
463 3358 30 28 of
528 3359 47 29 the
612 3360 131 31 Resident

107 3389 183 38 Magistrate's
315 3394 54 27 and
393 3395 143 29 Warden's
557 3398 108 36 Courts,
688 3400 55 29 will

106 3428 32 29 be
165 3429 63 31 held
251 3436 29 25 at
305 3433 88 38 Lyell,
419 3445 36 19 on
480 3436 172 40 Wednesday
682 3440 61 29 31st

107 3468 105 29 March.

139 3516 58 31 The
210 3518 157 38 operations
381 3519 27 31 in
424 3520 46 32 the
484 3522 97 39 Alpine
593 3534 45 21 are
661 3524 81 39 being

106 3557 103 27 carried
225 3567 35 17 on
273 3560 82 26 about
369 3560 45 26 the
429 3570 76 18 same
518 3572 30 17 as
561 3565 88 26 usual.
695 3567 45 25 All

106 3592 46 29 the
172 3598 91 34 stopes
285 3605 45 20 are
355 3596 111 37 looking
489 3599 69 36 well,
584 3600 65 30 with
673 3611 68 29 very

104 3631 70 29 little
188 3634 145 34 variation,
346 3636 54 27 and
414 3646 16 18 a
439 3638 70 33 good
518 3640 98 36 supply
625 3641 31 27 of
661 3645 78 24 stone

103 3669 23 29 is
139 3671 111 38 coming
263 3678 27 23 to
312 3673 81 29 hand.
438 3675 43 30 No
503 3677 16 28 6
539 3676 69 32 level
629 3678 24 30 is
677 3688 62 21 now

104 3710 93 34 going,
208 3711 117 35 through
347 3713 100 30 harder
468 3720 125 33 country,
616 3718 55 29 and
692 3719 47 29 the

104 3748 80 28 small
199 3749 103 28 leaders
316 3751 69 29 have
398 3761 70 26 gone
487 3756 49 26 out
557 3755 30 28 of
605 3755 47 29 the
670 3756 68 29 face.

104 3785 58 29 The
177 3791 109 32 present
297 3788 146 31 formation
464 3789 23 30 is
506 3791 106 32 similar
631 3797 28 26 to
678 3794 61 30 that

104 3828 58 25 met
174 3826 65 28 with
254 3826 28 28 in
295 3828 47 28 the
355 3828 82 30 lower
448 3835 121 25 crosscut
577 3833 60 37 just
649 3833 89 30 before

103 3863 48 28 the
163 3864 58 28 reef
230 3874 55 18 was
298 3866 100 27 struck.

139 3912 58 28 One
222 3912 30 28 of
274 3912 46 30 the
345 3914 96 29 claims
464 3926 63 19 now
548 3918 107 38 coming
679 3920 57 28 into

104 3951 177 33 prominence
293 3960 34 18 on
342 3953 46 28 the
402 3954 75 28 West
490 3956 82 29 Coast
583 3957 24 28 is
616 3958 48 29 the
675 3958 61 29 Nile

105 3987 102 35 Quartz
239 3988 107 39 Mining
375 3992 153 38 Company,
562 3995 118 30 situated
709 4001 29 26 at

104 4025 98 36 Hough
216 4028 55 28 and
282 4029 125 36 Tumble,
420 4032 163 29 Mokihinui.
621 4035 79 29 Some
711 4037 29 28 of

104 4064 47 28 the
176 4065 131 30 directors
329 4069 97 28 visited
448 4070 46 28 the
513 4072 105 33 ground
642 4073 94 37 lately,

105 4102 54 29 and
173 4103 71 29 their
256 4111 90 32 report
354 4107 23 27 is
387 4116 64 28 very
461 4108 166 31 favourable.
664 4112 73 29 Four

105 4150 64 19 men
194 4152 45 18 are
263 4146 119 33 engaged
409 4146 117 37 sinking,
557 4150 54 26 and
635 4154 29 24 at
690 4152 46 26 the

103 4185 109 31 present
235 4181 67 28 time
327 4192 46 19 are
397 4185 82 35 going
503 4185 117 36 through
641 4197 15 19 a
681 4188 56 30 belt

104 4220 27 26 ot
143 4218 68 29 slate
230 4221 54 28 and
306 4222 119 29 mullock
444 4223 95 30 within
559 4225 88 30 which
670 4237 66 19 runs

103 4266 76 20 some
203 4262 104 34 twenty
332 4260 112 36 leaders,
469 4263 35 28 all
529 4273 75 21 more
629 4275 31 19 or
683 4267 52 29 less

103 4296 64 31 gold
180 4296 120 36 bearing,
313 4308 75 18 some
402 4301 30 26 of
451 4301 88 28 which
561 4312 45 18 are
627 4306 91 26 exceed-

103 4332 76 37 ingly
202 4333 67 29 rich.
306 4335 58 29 The
383 4336 104 30 leaders
507 4347 67 29 vary
592 4340 71 30 from
683 4352 51 19 one

103 4371 63 29 inch
198 4376 28 25 to
258 4383 51 20 one
340 4375 59 29 foot
427 4376 29 29 in
493 4377 148 31 thickness.
678 4381 57 30 The

103 4409 129 29 directors
245 4421 44 18 a,re
304 4414 150 28 convinced
467 4416 60 28 that
538 4417 34 36 by
583 4418 94 35 taking
688 4423 47 25 out

103 4448 54 29 and
171 4449 129 37 cruslrng
313 4451 46 30 the
372 4453 86 30 entire
480 4454 63 36 belt,
562 4456 172 39 irrespective

104 4489 29 26 of
143 4489 119 28 mullock
276 4500 31 18 or
318 4491 77 32 slate,
406 4493 60 28 thnt
479 4503 16 19 a
508 4496 176 33 magnificent
695 4507 25 19 re-

105 4526 55 28 sult
183 4528 89 27 would
293 4529 32 27 be
344 4529 137 30 obtained.
517 4533 58 28 The
596 4535 66 36 only
684 4545 33 19 un-

104 4564 143 38 certainty,
280 4572 28 24 to
346 4568 31 29 be
415 4574 47 32 yet
501 4572 103 34 solved,
635 4575 22 27 is
688 4575 45 29 the

320 4609 30 25 of
372 4608 46 28 the
449 4610 56 27 find
530 4620 30 18 or
583 4616 93 25 extent
705 4615 27 26 in

101 4641 94 35 length
209 4651 31 18 or
253 4642 91 38 depth.
380 4646 35 28 In
428 4647 46 28 the
484 4648 100 29 former
592 4651 140 34 direction,

104 4689 30 17 or
147 4679 103 33 length,
265 4682 45 27 the
324 4682 61 33 gold
399 4684 50 29 has
472 4686 63 29 been
557 4689 89 28 traced
665 4695 40 24 tor
717 4701 16 18 a

102 4717 184 31 considerable
309 4719 132 37 distance,
465 4725 54 29 and
543 4726 29 28 in
597 4728 78 28 order
705 4733 27 24 to

103 4761 54 23 test
171 4756 43 28 the
229 4757 88 35 latter,
339 4761 44 28 the
405 4761 128 31 directors
553 4764 69 30 have
635 4768 97 33 agreed

104 4795 64 27 with
183 4795 71 28 their
265 4806 131 26 manager
408 4804 27 24 to
448 4806 28 23 at
495 4812 66 20 once
575 4809 67 23 start
660 4806 57 28 sink-

103 4833 55 36 ing.
195 4834 80 30 Some
294 4839 152 35 specimens
465 4841 31 29 of
514 4841 46 30 the
573 4848 78 25 stone
663 4844 70 30 have

103 4872 84 36 lately
212 4874 65 28 been
298 4877 137 28 exhibited
458 4884 28 22 at
507 4881 87 35 Lyell,
615 4883 52 27 and
693 4884 42 27 for

103 4909 120 31 richness
237 4912 40 28 far
294 4922 138 30 surpasses
444 4918 136 38 anything
603 4929 38 21 we
662 4921 71 30 have

103 4955 46 31 yet
180 4960 63 20 seen
268 4962 33 19 on
329 4954 45 29 the
400 4956 89 30 Coast.
526 4959 58 30 The
609 4966 77 25 stone
711 4962 22 28 is

103 4989 80 35 fairly
195 4990 115 28 studded
324 4994 64 26 with
402 5004 92 19 coarse
515 4998 72 32 gold,
601 5000 54 27 and
669 5009 64 19 runs

103 5025 104 39 plainly
232 5028 57 28 into
314 5030 46 29 the
385 5032 77 36 slate,
487 5035 54 28 and
571 5036 71 31 have
666 5037 65 31 been

103 5065 79 29 Inken
198 5067 67 28 from
280 5079 51 18 one
344 5071 30 27 of
380 5072 46 28 the
438 5074 170 30 twelve-inch
620 5077 112 29 leaders.

103 5104 66 28 This
181 5105 80 28 cl'iim
277 5107 22 28 is
312 5109 116 30 situated
441 5112 27 28 in
484 5123 14 17 a
512 5114 221 41 north-westerly

103 5144 131 29 direction
247 5147 69 27 from
332 5148 76 36 Lyell
421 5150 82 30 about
522 5157 103 30 twenty
644 5156 87 34 miles,

103 5182 54 27 iind
183 5183 45 27 the
253 5184 161 34 Eight-mile
438 5190 74 33 road,
537 5192 86 29 which
646 5194 22 28 is
692 5196 25 27 in-

101 5220 100 30 tended
221 5229 26 21 to
268 5227 46 33 tap
334 5225 59 29 that
406 5232 123 32 country,
543 5230 23 28 is
579 5241 62 19 now
659 5243 54 19 com-

101 5260 89 31 peted
220 5260 82 31 about
326 5272 80 21 seven
430 5267 79 29 miles
533 5269 29 29 of
589 5270 60 30 that
679 5272 39 29 dis-

100 5300 13 26 t
121 5307 67 19 mce.

137 5347 57 27 The
230 5349 196 36 quinquennial
465 5364 97 19 census
601 5358 30 27 of
666 5359 67 28 New

103 5383 118 30 Zealand
244 5387 54 28 will
321 5387 31 30 be
375 5390 80 30 taken
476 5397 157 27 to-morrow
655 5397 36 28 ni<
694 5407 8 12 r
704 5397 29 29 ht

103 5422 132 37 (S'tnday)
250 5426 63 28 28th
334 5427 114 36 instant,
470 5431 35 36 by
526 5433 87 29 which
634 5435 61 29 date
717 5448 16 16 a

100 5469 83 28 paper
195 5462 45 28 wil
252 5462 33 29 be
298 5464 50 29 left
361 5469 27 24 at
401 5476 81 29 every
495 5469 140 31 inhabited
648 5472 83 30 house

102 5509 27 19 m
144 5500 46 29 the
202 5502 106 38 colony.
347 5504 76 31 Each
437 5508 30 29 of
476 5507 76 30 these
566 5520 96 27 papers
675 5512 23 30 is
707 5519 26 23 to

103 5538 31 27 be
148 5539 73 28 filled
234 5540 27 28 in
276 5543 65 27 with
355 5544 46 27 the
422 5555 95 18 names
538 5549 30 26 of
583 5549 37 28 all
639 5553 94 35 people

103 5576 121 37 sleeping
235 5578 28 29 in
277 5580 45 29 the
336 5580 84 31 house
433 5593 32 18 on
482 5585 60 28 that
554 5585 86 37 night.
676 5590 58 28 The

103 5624 84 27 paper
198 5617 96 29 should
309 5619 31 28 be
362 5621 74 29 filled
458 5623 26 27 in
508 5632 48 20 not
576 5625 69 29 later
667 5629 66 28 than

105 5653 120 39 Monday
240 5658 136 36 morning,
389 5670 30 18 as
430 5660 45 30 the
488 5662 245 37 sub-enumerator,

104 5693 289 35 Mounted-Constable
407 5700 119 30 Bowdeu
542 5704 55 28 will
610 5704 79 36 begin
707 5711 27 25 to

102 5733 97 28 collect
211 5734 76 29 shein
307 5736 195 39 immediately.

137 5780 22 28 A
173 5780 113 40 robbery
308 5785 30 28 of
355 5796 16 17 a
393 5787 119 29 tail-race
533 5796 127 28 occurred
682 5799 52 28 last

103 5819 111 38 Sunday
227 5822 76 33 night
314 5829 27 21 at
354 5824 171 34 Mutakitaki,
535 5827 27 28 in
574 5830 157 41 Thompson

101 5857 54 29 hiul
173 5858 123 32 Hewitt's
310 5862 89 30 cUim.
436 5864 57 30 The
506 5874 61 22 race
588 5876 144 28 contained

796 213 45 28 the
854 213 85 28 result
952 214 29 27 of
990 214 75 28 three
1079 214 121 28 month's
1218 216 132 33 Washing,
1370 217 53 28 and

795 251 23 30 is
830 252 142 29 estimated
994 258 29 24 at
1042 253 75 29 ibmt
1129 255 32 27 25
1183 264 101 19 ounces
1302 255 30 28 of
1352 255 70 29 *ol<l.

795 291 57 28 The
879 296 100 24 matter
1000 301 55 19 was
1077 295 122 31 reported
1226 297 28 24 at
1277 295 45 27 the
1349 296 54 34 Lye
1407 296 17 27 11

796 328 89 27 Police
899 330 105 27 Station
1019 329 35 35 by
1077 331 138 34 telegraph
1236 341 34 17 on
1294 333 128 34 Monday,

795 366 53 29 and
865 366 289 31 Mounted-Constable
1176 369 121 29 Bowden
1320 369 47 30 left
1388 380 35 19 on

795 407 125 37 Tuesday
944 413 27 22 to
995 408 79 28 make
1099 410 145 36 enquiries,
1266 410 98 34 which,
1384 421 40 18 we

795 445 111 28 believe,
922 446 67 27 from
1004 456 15 17 a
1032 447 87 31 police
1139 448 77 34 point
1234 449 29 25 of
1283 448 76 34 view,
1379 459 44 17 are

795 482 179 37 satisfactory.
1025 485 86 28 When
1150 495 15 19 a
1195 486 83 28 crime
1308 496 16 19 o
1371 487 53 28 tins

795 522 139 28 character
966 524 21 26 is
1017 525 170 32 committed,
1225 526 20 26 it
1275 527 22 25 is
1328 524 96 37 highly

796 569 150 27 necessary,
973 562 26 27 in
1025 562 78 28 order
1130 566 28 24 to
1188 564 159 32 strengthen
1377 564 46 28 the

796 598 86 31 hauls
894 602 24 26 o'
932 599 47 31 the
993 601 93 37 police,
1100 601 60 30 that
1181 602 46 29 the
1247 603 175 31 information

795 639 97 27 should
907 646 46 20 not
973 640 31 27 be
1018 647 59 20 sent
1098 641 141 28 broadcast
1257 643 164 33 throughout

795 676 45 27 the
854 681 115 29 country
982 687 29 16 as
1032 677 49 28 has
1103 677 67 29 been
1190 679 45 28 the
1248 689 60 18 case
1327 680 28 27 in
1376 681 47 27 the

796 721 107 29 present
912 715 132 28 iustaiiCe.

829 761 88 27 There
940 771 53 17 was
1007 771 14 18 a
1036 763 121 33 meeting
1178 764 28 26 of
1226 764 45 28 the
1287 765 134 36 Westport

797 797 111 30 District
922 799 125 37 Hospital
1063 800 88 29 Board
1175 802 52 28 last
1251 803 129 36 Monday,
1393 808 28 24 at

795 836 87 27 which
898 838 19 26 it
931 846 55 18 was
999 838 110 27 decided
1124 844 47 23 not
1185 846 26 21 to
1228 841 133 28 entertain
1376 842 45 27 the

794 879 109 32 request
923 875 30 28 of
971 875 46 28 the
1033 876 55 35 Lye
1093 876 15 28 11
1128 876 165 31 Committee
1312 879 41 28 for
1376 880 45 28 the

793 913 208 28 establishment
1014 915 30 27 of
1053 924 36 18 an
1103 916 76 35 IIosp
1183 913 3 38 :
1190 917 47 27 tal.
1273 918 67 27 This
1359 928 47 17 con-

793 950 103 28 clusion
910 952 22 25 is
945 951 65 36 only
1023 952 201 30 characteristic
1236 955 30 27 of
1276 955 144 37 Westport,

793 990 53 29 and
869 990 46 30 the
937 997 90 31 report
1039 990 29 31 of
1084 992 45 30 the
1150 995 118 31 meeting
1291 995 63 28 does
1375 1006 43 18 no*

793 1029 112 27 disclose
936 1030 59 26 that
1019 1040 16 17 a
1061 1032 46 25 full
1133 1034 161 26 attendance
1319 1035 30 25 of
1375 1035 46 25 the

793 1065 89 30 Board
902 1066 104 29 arrived
1021 1072 26 24 at
1061 1067 60 30 that
1142 1069 165 35 conclusion,
1329 1070 92 35 seeing

793 1105 59 28 that
866 1106 44 27 Mr
922 1106 73 27 John
1012 1107 121 33 Fennell,
1152 1117 51 19 one
1221 1110 31 27 of
1270 1110 45 27 the
1338 1119 62 19 mem-

792 1142 69 35 bers,
875 1144 119 29 received
1007 1152 37 20 no
1056 1145 157 30 intimation
1226 1147 30 28 of
1272 1147 46 28 the
1337 1154 66 23 meet-

792 1183 55 30 ing.
856 1183 53 28 and
924 1194 38 17 we
976 1183 56 28 also
1044 1184 64 29 miss
1116 1185 46 28 the
1175 1196 95 18 names
1280 1187 31 28 of
1323 1187 98 28 Messrs

792 1220 123 28 O'Conor
927 1220 54 28 and
995 1222 108 34 Munro,
1124 1224 59 26 who
1203 1224 53 27 had
1277 1225 116 35 promise
1401 1225 20 31 !,

792 1260 78 28 when
892 1260 28 28 in
943 1259 87 38 Lyell,
1051 1271 82 27 every
1155 1273 30 18 as
1200 1262 102 29 istance
1324 1263 27 28 in
1374 1263 46 29 the

793 1302 106 23 matter.
936 1298 57 27 The
1004 1300 87 26 Board
1104 1301 67 27 have
1182 1305 48 23 not
1239 1302 77 26 acted
1325 1302 95 33 wisely

791 1345 31 20 or
834 1345 67 20 even
914 1336 79 38 fairly
1006 1337 26 28 in
1048 1338 119 37 arriving
1188 1342 28 25 at
1237 1348 29 18 so
1287 1338 133 37 arbitrary

791 1386 16 16 a
819 1377 166 31 conclusion,
1007 1387 30 17 as
1058 1378 66 34 thej'
1139 1378 53 26 will
1212 1378 56 26 find
1291 1378 61 28 that
1373 1380 47 26 the

791 1412 163 31 subscribers
967 1413 63 31 here
1044 1423 44 20 are
1108 1415 67 38 fully
1197 1415 170 30 determined
1392 1422 26 23 to

792 1464 45 17 use
850 1455 79 27 other
950 1464 104 25 powers
1067 1457 79 30 given
1166 1456 76 27 them
1264 1455 87 28 under
1372 1456 46 28 the

791 1491 49 26 Act
865 1490 41 28 for
924 1491 47 27 the
990 1491 174 28 furtherance
1187 1493 31 26 of
1233 1493 72 26 their
1324 1492 94 36 object.

790 1528 57 31 The
872 1528 67 32 time
963 1529 49 30 has
1037 1540 61 21 now
1127 1531 106 30 arrived
1263 1531 79 30 when
1373 1530 46 31 the

792 1569 75 34 Lye'l
882 1570 94 35 people
990 1570 55 26 will
1059 1576 48 22 not
1119 1571 32 27 be
1165 1571 117 27 dictated
1303 1577 26 21 to
1349 1571 35 34 by
1402 1581 16 17 a

791 1606 101 37 packed
914 1606 120 39 meeting
1055 1608 29 29 in
1112 1608 142 37 Westport.
1292 1608 49 29 We
1363 1608 54 29 will

790 1646 69 27 refer
871 1650 27 24 to
911 1647 55 27 this
979 1652 100 24 matter
1091 1657 75 19 more
1179 1648 68 37 fully
1261 1648 29 28 in
1303 1658 16 18 a
1330 1648 90 28 future

788 1683 81 29 issue.

824 1733 42 37 By
880 1733 79 29 letter
978 1733 80 30 dated
1079 1734 64 29 18th
1162 1735 113 33 instant,
1297 1735 122 29 received

790 1772 68 29 from
873 1772 46 28 the
932 1773 68 28 Rev.
1012 1773 30 28 T.
1055 1773 32 28 B.
1099 1773 134 34 Maclean,
1244 1774 46 28 the
1298 1774 102 28 Church-

790 1811 130 33 wardens,
936 1812 31 28 of
986 1813 30 27 St
1039 1812 155 29 Matthew's
1214 1812 109 29 Clmreh
1343 1813 76 36 Lyell

788 1858 45 18 are
858 1849 135 28 informed
1020 1850 60 28 that
1101 1854 54 24 two
1176 1852 116 27 services
1313 1852 54 27 will
1388 1852 31 27 be

790 1887 59 29 held
863 1891 28 26 at
905 1888 77 37 Lyell
1004 1899 80 26 every
1104 1888 59 30 first
1185 1889 113 37 Sunday
1316 1890 30 28 in
1367 1890 46 29 the

789 1926 105 29 month,
917 1928 190 32 commencing
1127 1928 47 26 4th
1195 1928 76 34 April
1293 1928 123 34 (Sunday

789 1963 83 31 week)
899 1963 46 30 the
969 1964 147 37 beginning
1134 1965 30 29 of
1183 1973 16 21 a
1218 1974 61 20 new
1300 1969 117 34 quarter.

787 2003 58 28 The
870 2004 67 28 Rev.
962 2005 31 27 T.
1020 2005 31 27 B.
1078 2005 125 28 Maclean
1227 2005 124 28 deserves
1372 2005 46 28 the

787 2041 99 28 thanks
899 2046 26 23 ot
939 2042 46 28 the
999 2042 135 29 members
1146 2043 31 28 of
1186 2043 46 28 the
1251 2043 102 28 church
1376 2043 42 28 for

786 2079 47 30 the
863 2080 113 31 interest
1014 2080 34 30 he
1087 2080 51 32 lias
1176 2081 82 30 taken
1296 2082 29 29 in
1363 2081 55 31 this

785 2123 109 23 matter.

819 2166 58 29 The
890 2165 77 38 Lyell
982 2166 113 31 District
1107 2166 129 40 Hospital
1249 2167 166 31 Committee

785 2209 58 25 met
854 2216 36 18 on
905 2206 121 37 Monday
1045 2208 53 28 last
1119 2213 27 23 to
1168 2208 123 28 consider
1310 2218 16 18 a
1338 2208 79 28 letter

785 2243 122 29 received
936 2244 70 29 from
1042 2245 32 27 E.
1105 2245 27 29 J.
1169 2245 132 33 O'Conor,
1339 2246 77 37 Esq.,

935 2284 28 27 in
983 2283 76 36 reply
1082 2288 28 24 to
1132 2294 16 18 a
1169 2288 108 33 request
1300 2284 61 29 that
1382 2285 34 28 he

784 2321 90 28 would
903 2323 113 26 interest
1046 2322 111 28 himself
1181 2322 30 28 in
1242 2323 46 28 the
1319 2327 97 24 matter

785 2358 78 31 while
872 2359 27 30 in
913 2358 167 39 Wellington
1091 2361 128 38 recently.
1245 2361 58 30 The
1314 2361 87 31 follow-

785 2399 46 32 ing
852 2399 23 27 is
896 2409 16 17 a
932 2409 70 25 copy
1020 2401 31 26 of
1065 2401 47 26 the
1131 2401 233 27 communication
1385 2402 29 26 in

784 2434 124 40 question

949 2476 147 37 Westport,
1110 2476 96 31 March
1219 2477 73 34 18th,
1303 2478 76 29 1886.

811 2513 96 28 James
920 2513 80 34 Peck,
1013 2514 78 36 Esq.,

927 2560 141 37 Secretary
1082 2561 77 37 Lyell
1174 2561 126 39 Hospital

1026 2600 174 27 Committee.

845 2645 81 29 Dear
939 2645 109 36 Sir,-I
1059 2645 70 29 have
1136 2649 29 26 to
1173 2646 136 38 apologise
1317 2646 42 30 for
1366 2650 50 26 not

783 2686 153 35 answering
959 2695 82 26 yours
1065 2686 31 28 of
1117 2686 54 29 last
1188 2686 96 29 month
1308 2696 106 24 sooner,

783 2721 58 33 but,
854 2732 30 19 as
895 2732 55 27 you
963 2724 151 36 suggested,
1129 2724 14 28 I
1153 2724 70 28 have
1233 2725 71 28 done
1313 2725 75 28 what
1400 2726 14 27 I

783 2760 80 29 could
886 2761 29 28 in
941 2761 176 37 Wellington,
1144 2762 55 29 and
1227 2762 86 29 found
1343 2763 69 32 that,

783 2801 167 36 consequent
971 2809 36 20 on
1028 2800 47 29 the
1095 2801 111 37 passing
1219 2800 30 29 of
1257 2801 48 28 the
1319 2801 51 29 Act
1388 2802 29 28 of

783 2838 54 29 last
844 2840 112 32 session,
964 2849 16 18 a
990 2844 75 29 great
1073 2840 118 28 number
1200 2840 30 28 of
1234 2840 180 36 applications

783 2876 70 28 have
875 2876 68 28 been
964 2876 80 28 made
1065 2877 41 27 for
1128 2881 123 32 separate
1272 2878 141 36 hospitals,

783 2913 55 31 and
858 2913 61 31 that
939 2914 47 32 the
1010 2914 188 31 Government
1220 2914 70 32 have
1312 2916 102 30 viewed

783 2954 56 28 this
858 2954 66 28 with
944 2963 76 19 some
1045 2954 96 33 alarm,
1166 2954 68 33 and'
1244 2956 169 28 determined

782 2990 30 29 in
836 3000 36 19 no
896 3000 61 20 ease
981 2995 28 25 to
1033 2996 80 31 grant
1136 3001 55 26 any
1211 2993 142 33 subsidies,
1383 3003 31 18 or

783 3030 123 28 sanction
915 3030 44 28 the
966 3029 208 30 establishment
1182 3030 31 28 of
1216 3040 59 19 new
1282 3031 132 36 hospitals

782 3066 93 29 unless
898 3067 48 28 the
967 3067 115 28 District
1104 3067 91 29 Board
1218 3077 121 24 concurs,
1359 3069 54 28 and

782 3104 92 30 unless
900 3114 17 20 a
946 3105 134 29 sufficient
1110 3105 160 37 population
1298 3115 51 19 can
1378 3106 33 29 be

782 3142 95 30 shown
885 3146 30 26 to
922 3144 105 37 require
1035 3144 55 29 and
1098 3147 111 35 support
1217 3144 46 30 the
1275 3145 136 37 Hospital.

781 3180 58 30 The
863 3182 80 36 Lyell
965 3183 97 36 people
1086 3183 70 29 have
1186 3184 96 28 shown
1306 3194 16 18 a
1346 3194 65 27 very

780 3219 208 29 commendable
1017 3222 78 36 spirit
1124 3222 29 26 in
1183 3221 169 36 subscribing
1381 3232 30 18 so

779 3257 167 38 handsomly
975 3258 41 30 for
1048 3269 17 19 a
1093 3259 71 30 local
1196 3259 137 39 Hospital,
1364 3261 49 29 but

780 3296 76 29 there
868 3297 25 28 is
905 3297 69 29 little
992 3298 72 36 hope
1083 3299 30 28 of
1127 3300 106 34 getting
1255 3309 51 19 one
1324 3301 89 27 under

779 3335 47 30 the
838 3335 60 35 Act,
912 3335 92 32 unless
1016 3337 46 30 the
1076 3336 114 32 District
1209 3337 91 31 Board
1318 3348 94 28 agrees

778 3377 29 26 to
819 3375 30 28 it.
886 3375 58 29 The
965 3379 74 26 town
1060 3376 31 28 of
1110 3377 141 36 Westport
1268 3387 63 19 now
1348 3388 48 19 con-

779 3412 114 31 tributes
915 3422 16 21 a
944 3414 133 38 principal
1091 3418 61 34 part
1173 3415 31 30 of
1218 3415 47 30 the
1284 3425 127 27 revenue,

778 3452 55 29 and
845 3453 15 28 I
873 3453 58 29 fear
943 3453 46 29 the
1002 3454 137 29 members
1154 3455 55 28 will
1222 3459 48 24 not
1289 3466 80 24 agree
1383 3461 28 23 to

777 3490 63 28 take
865 3499 56 28 any
945 3494 62 34 part
1030 3492 31 27 of
1081 3492 60 28 that
1166 3501 78 29 away
1267 3494 71 28 from
1364 3494 47 28 the

777 3529 130 38 Hospital
928 3540 62 20 now
1012 3529 73 32 here.
1122 3531 29 30 If
1160 3542 55 27 you
1236 3532 35 29 do
1289 3537 49 25 not
1352 3542 44 20 suc-

777 3569 65 27 ceed
866 3569 30 26 in
922 3569 102 35 having
1047 3579 36 17 an
1108 3570 129 35 Hospital
1264 3574 29 24 at
1323 3572 87 34 Lyell,

776 3605 80 30 could
877 3614 55 28 you
953 3609 49 26 not
1025 3605 70 30 have
1114 3616 16 19 a
1148 3607 103 29 branch
1274 3608 76 37 place
1370 3609 42 29 for

777 3649 98 31 urgent
899 3653 75 19 cases
995 3645 30 27 in
1047 3647 162 26 connection
1233 3647 67 28 with
1324 3647 88 28 either

776 3682 139 38 Westport
927 3691 31 20 or
971 3682 115 30 Reefton
1099 3683 139 38 Hospital.
1275 3684 27 29 It
1322 3685 89 38 might

775 3721 32 30 be
820 3722 88 29 worth
922 3731 68 27 your
1003 3722 81 29 while
1097 3727 28 24 to
1137 3723 125 29 consider
1274 3724 64 29 this.

1019 3769 89 28 Yours
1120 3770 84 34 truly,

1217 3808 158 31 O'Coxor."

775 3854 57 27 The
846 3854 165 28 Committee
1023 3856 102 35 replied
1139 3860 27 23 to
1179 3856 48 28 the
1246 3857 94 32 above,
1356 3858 54 28 and

775 3892 82 34 urged
870 3893 123 36 strongly
1006 3893 40 28 for
1059 3903 35 19 au
1105 3893 138 38 Hospital,
1253 3895 49 30 but
1314 3896 96 36 failing

775 3931 45 28 the
834 3941 180 19 concurrence
1029 3933 29 27 of
1069 3933 46 28 the
1133 3933 101 34 Board,
1255 3944 68 18 were
1342 3936 53 28 will-

773 3968 48 37 ing
834 3973 27 24 to
874 3973 94 33 accept
981 3969 46 28 the
1046 3971 169 36 proposition
1229 3972 29 28 of
1269 3982 15 18 a
1298 3973 110 29 Branch

775 4007 137 38 Hospital,
935 4007 54 30 and
1011 4008 82 34 again
1111 4009 95 38 placed
1229 4010 87 30 before
1338 4012 72 29 their

774 4048 89 27 notice
894 4047 46 28 the
971 4047 122 29 absolute
1123 4051 135 35 necessity
1288 4051 42 28 for
1360 4053 46 27 the

775 4089 161 31 permanent
950 4086 137 29 residence
1101 4087 30 28 of
1139 4096 16 19 a
1168 4087 118 29 medical
1304 4090 88 36 gentle-

774 4132 64 19 man
853 4122 29 30 in
896 4124 89 36 Lyell.

808 4180 34 27 At
856 4179 46 28 the
915 4180 128 34 ordinary
1055 4181 120 35 meeting
1187 4181 30 29 of
1227 4183 45 28 the
1281 4183 126 30 Wiamea

774 4218 108 37 County
895 4218 122 34 Council,
1032 4220 63 28 held
1108 4230 35 18 on
1157 4221 46 28 the
1218 4222 62 29 17th
1293 4223 113 34 instant,

775 4257 45 29 the
832 4258 139 36 following
980 4258 123 30 business
1114 4261 30 27 of
1150 4260 67 29 local
1229 4261 112 30 interest
1352 4272 54 19 was

774 4297 152 26 transacted
938 4305 6 19 :
947 4298 272 35 Correspondence
1256 4310 54 17 was
1342 4301 64 27 read

773 4333 118 28 between
908 4333 46 29 the
975 4334 132 30 Resident
1128 4336 139 33 Engineer
1286 4338 54 28 and
1360 4338 47 29 the

772 4371 157 35 Chairman,
954 4373 153 37 respecting
1131 4374 46 30 the
1203 4376 202 37 appropriation

772 4411 30 27 of
812 4421 16 18 a
841 4420 62 19 sum
917 4411 31 28 of
957 4421 100 27 money
1070 4418 28 23 at
1110 4413 47 28 the
1175 4413 118 37 disposal
1312 4416 30 27 of
1359 4416 47 28 the

773 4449 112 29 Council
898 4449 41 29 for
952 4449 113 36 making
1077 4461 15 18 a
1105 4450 137 31 deviation
1256 4453 30 29 of
1301 4464 16 18 a
1340 4454 65 29 road

772 4498 63 19 over
849 4489 46 28 the
909 4490 79 36 Hope
1002 4491 191 29 Saddle.Mr
1206 4493 126 28 Dencker
1342 4504 46 18 con-

771 4526 104 29 sidered
905 4528 61 27 that
996 4528 55 27 this
1080 4538 56 19 was
1167 4540 15 17 a
1211 4540 65 28 very
1302 4533 102 28 serious

771 4569 108 30 matter,
893 4566 54 29 and
960 4566 62 30 that
1033 4566 65 37 they
1111 4568 99 29 should
1222 4578 83 28 pause
1314 4570 90 31 before

770 4606 129 35 granting
911 4605 46 29 the
971 4615 99 27 money
1084 4607 41 28 for
1137 4608 59 27 that
1210 4618 114 26 purpose
1335 4620 29 18 as
1375 4611 29 27 in

771 4642 42 26 his
827 4642 111 35 opinion
957 4644 46 26 the
1025 4645 77 26 main
1121 4645 66 27 road
1208 4649 28 23 to
1258 4647 47 27 the
1328 4648 76 27 West

771 4679 80 29 Coast
881 4680 89 28 would
1000 4690 43 19 ere
1068 4681 64 37 long
1156 4682 32 28 be
1212 4683 119 36 through
1356 4685 47 29 the

769 4717 120 30 Tadmor
917 4718 114 37 Valley;
1063 4719 44 29 Mr
1138 4721 124 28 Griffiths
1286 4722 118 37 thought

770 4756 60 29 that
842 4757 67 35 they
930 4757 97 29 should
1048 4764 48 23 not
1116 4769 78 23 agree
1216 4764 28 24 to
1263 4761 55 28 this
1338 4762 29 27 in
1387 4772 16 18 a

769 4795 93 37 hurry.
899 4795 58 28 The
971 4806 97 24 money
1083 4802 28 23 at
1123 4798 47 27 the
1183 4799 116 35 disposal
1312 4800 30 27 of
1357 4801 45 27 the

770 4834 113 29 Council
897 4844 55 19 was
966 4834 40 29 for
1020 4835 184 38 maintaining
1216 4837 46 29 the
1274 4838 66 29 road
1349 4840 52 28 and

769 4879 48 21 not
848 4874 111 35 making
989 4874 241 29 deviations.Mr
1260 4877 143 28 Harkuess

770 4915 133 33 proposed
933 4911 61 29 that
1023 4912 46 28 the
1100 4912 113 29 Council
1243 4916 88 28 retain
1356 4916 46 29 the

771 4961 100 28 money
884 4952 40 28 lor
936 4951 47 29 the
996 4952 106 37 upkeep
1115 4952 29 29 of
1157 4952 45 30 the
1222 4954 66 29 road
1310 4955 93 30 unless

771 4990 44 27 the
830 4991 188 27 Government
1031 4991 53 27 will
1098 5001 77 24 agree
1190 4997 27 22 to
1236 4994 97 27 relieve
1357 4995 46 27 the

770 5027 113 29 Council
897 5028 31 27 of
938 5027 95 38 alljthe
1055 5027 163 36 obligations
1240 5030 28 28 in
1290 5041 97 19 connec-

771 5067 57 29 tion
841 5067 66 29 with
921 5067 45 28 the
989 5067 64 28 road
1074 5077 36 27 up
1133 5072 26 24 to
1182 5068 46 29 the
1250 5070 64 28 30th
1339 5072 47 35 Sep-

771 5105 104 29 tember
887 5110 72 24 next.
962 5106 101 27 This
1076 5116 55 18 was
1153 5108 134 28 seconded
1302 5109 34 36 by
1360 5110 43 28 Mr

771 5145 124 28 Dencker
902 5146 52 27 and
965 5145 104 28 carried
1080 5154 6 24 ;
1109 5146 43 27 Mr
1161 5146 123 30 Griffiths
1295 5149 107 29 moved,

771 5184 69 33 that,
862 5193 30 19 as
916 5183 22 29 it
963 5183 24 28 is
1008 5184 99 28 almost
1126 5185 104 28 useless
1251 5190 27 23 to
1298 5187 105 36 expend

771 5232 99 27 money
902 5223 27 28 in
960 5222 137 37 repairing
1120 5222 80 30 roads
1223 5224 30 28 in
1277 5224 47 29 the
1349 5233 54 22 wet

770 5270 119 23 seasons,
902 5262 48 27 the
966 5262 73 27 Hon.
1061 5262 124 28 Colonial
1208 5263 141 37 Secretary
1370 5264 31 29 be

769 5300 143 37 requested
926 5304 27 25 to
966 5300 79 29 allow
1058 5299 55 30 this
1126 5300 113 30 Council
1253 5306 26 25 to
1296 5303 106 37 expend

770 5343 28 23 at
823 5349 66 18 once
914 5349 52 17 one
988 5339 61 28 half
1067 5339 47 29 the
1136 5344 115 24 amount
1273 5342 79 28 voted
1374 5347 28 24 to

769 5377 65 28 30th
849 5377 159 37 September
1022 5377 42 28 for
1084 5378 136 37 repairing
1239 5379 54 29 and
1314 5381 69 27 main-

770 5417 105 35 taining
896 5416 47 28 the
965 5417 22 27 N
1006 5416 212 38 lson-Westport
1239 5418 54 28 and
1316 5419 68 37 Grey-

770 5455 97 26 mouth
881 5455 73 27 road.
992 5455 44 26 He
1049 5455 58 27 said
1119 5456 59 27 that
1192 5457 42 26 his
1244 5458 156 33 suggestion

771 5502 54 19 was
838 5491 59 31 that
911 5502 29 20 as
953 5491 76 32 there
1044 5502 70 21 were
1136 5494 81 29 much
1236 5494 104 30 needed
1361 5505 26 20 re-

771 5533 72 34 pairs
867 5532 123 35 required
1016 5532 29 28 in
1070 5533 46 28 the
1142 5533 80 29 ('lark
1252 5535 98 35 Valley
1380 5532 30 40 it,

772 5570 87 27 would
872 5569 33 29 be
919 5570 85 28 better
1015 5573 28 25 to
1056 5570 84 37 spend
1155 5571 60 28 half
1225 5571 45 30 the
1286 5577 115 24 amount

771 5608 113 34 granted
910 5608 88 28 before
1023 5609 46 28 the
1090 5609 52 28 bad
1162 5610 119 29 weather
1300 5616 40 23 set
1362 5613 38 31 in,

771 5646 53 28 and
849 5646 67 28 then
941 5646 46 28 the
1006 5646 155 37 remaining
1180 5647 61 29 half
1260 5649 89 27 would
1370 5650 30 28 be

771 5684 131 30 available
917 5684 41 30 for
980 5686 220 37 contingencies;
1222 5687 43 29 Mr
1286 5688 115 38 Phillips

771 5724 134 28 seconded
918 5724 46 27 the
975 5724 102 27 motion
1091 5733 6 25 ;
1117 5726 57 26 The
1183 5726 149 28 Chairman
1342 5728 58 27 said

771 5761 60 29 that
843 5771 29 18 as
884 5761 47 28 the
945 5761 178 38 expenditure
1136 5763 29 27 of
1175 5763 45 28 the
1234 5768 79 30 grant
1321 5765 78 27 could

771 5800 31 28 be
816 5799 147 38 proceeded
982 5801 66 28 with
1070 5810 35 19 on
1126 5801 47 28 the
1195 5803 41 27 Ist
1256 5803 87 36 April,
1366 5804 33 28 he

770 5838 46 28 did
837 5843 49 24 not
905 5838 81 28 think
1008 5842 21 25 it
1049 5848 141 28 necessary
1213 5846 26 22 to
1262 5850 63 26 pjiss
1346 5841 55 29 this

770 5877 145 30 resolution
928 5885 7 24 ;
953 5878 47 28 the
1014 5881 100 25 matter
1127 5878 65 29 then
1203 5878 128 38 dropped.

1494 218 58 28 The
1566 219 101 28 Nelson
1683 219 127 33 Evening
1824 218 67 29 Mail
1914 229 15 18 o
1933 220 7 17 f
1961 218 45 29 the
2028 220 64 28 20th

1460 257 113 30 instant,
1587 259 155 36 say-;:01'
1759 258 47 29 the
1855 258 69 37 hope
1944 257 17 29 (1
1980 258 85 29 ferred

1460 298 89 26 which
1611 298 111 27 maketh
1749 298 45 27 the
1820 297 77 28 heart
2047 299 46 27 the

1461 334 95 35 people
1577 336 30 24 of
1627 335 101 27 Nelson
1754 345 44 16 ure
1820 335 58 34 just
1903 344 61 17 now
1991 336 103 33 getting

1462 372 71 29 their
1554 372 50 29 full
1624 372 79 29 share
1723 372 28 29 in
1774 372 160 29 connection
1958 372 66 29 with
2046 373 47 30 the

1462 414 120 34 railway.
1629 413 43 27 All
1686 413 60 28 that
1759 414 23 26 is
1794 413 100 27 known
1916 412 22 29 is
1962 413 60 28 tint
2046 414 46 28 the

1462 451 179 34 negotiations
1654 452 69 27 have
1737 452 66 27 been
1818 451 84 28 carrie
1913 452 8 26 I
1939 456 26 23 to
1987 452 68 27 such
2078 463 15 17 a

1462 490 75 36 point
1560 489 34 37 by
1615 489 45 29 the
1687 489 137 35 delegates
1846 490 27 27 in
1900 489 110 29 London
2033 490 60 29 that

1461 529 45 27 the
1521 528 164 29 Committee
1700 529 61 27 here
1775 539 45 17 are
1833 529 29 27 in
1876 529 72 27 dailv
1970 536 107 28 expecta-

1460 566 55 28 tion
1531 567 30 28 of
1571 567 113 34 hearing
1698 564 60 31 tint
1770 567 45 28 the
1829 571 123 24 contract
1966 567 48 28 has
2024 566 67 29 been

1460 606 101 36 signed.
1599 607 57 28 The
1669 606 87 30 desire
1770 606 41 29 for
1822 607 47 28 t'e
1883 606 111 36 railway
2013 606 80 36 being

1460 646 80 27 taken
1555 647 27 26 in
1596 646 74 27 hand
1683 647 36 33 by
1731 656 16 16 a
1768 647 144 33 Company
1928 647 52 26 will
2003 647 31 27 be
2055 648 35 26 all

1460 683 45 27 the
1518 683 100 28 keener
1631 693 59 18 now
1704 683 59 27 th.it
1784 683 116 28 another
1912 688 140 31 opponent
2065 689 27 23 to

1460 722 45 27 the
1533 722 99 28 Nelson
1658 722 140 28 extension
1820 722 48 28 has
1886 722 141 36 definitely
2046 723 28 29 de-

1459 760 88 27 clared
1559 759 112 28 himself
1683 762 26 25 in
1720 760 46 27 the
1781 769 95 26 person
1891 761 30 24 of
1933 761 43 27 Sir
1988 762 104 32 George

1459 798 83 35 Grey,
1555 807 30 19 as
1597 807 25 19 w
1633 798 19 28 11
1665 798 32 28 be
1717 807 63 19 seL'n
1801 799 68 27 from
1891 807 16 19 o
1919 807 23 19 ir
1962 799 25 27 D
2001 799 89 28 merlin

1459 837 152 33 telegrams,
1627 840 47 24 not
1686 837 59 26 that
1759 837 55 27 this
1827 838 22 26 is
1864 837 82 34 likely
1965 842 27 23 to
2013 838 79 27 affect

1460 873 45 28 the
1521 874 116 35 League,
1652 874 106 29 banded
1771 874 122 36 together
1904 884 29 19 so
1947 875 101 37 closely
2062 886 14 19 a-

1459 913 20 27 it
1493 914 22 26 is
1529 913 34 34 by
1574 924 16 17 a
1600 915 171 33 community
1782 915 29 26 o!'
1819 915 135 31 interests,
1968 914 47 28 but
2023 924 65 19 even

1459 960 50 18 one
1542 960 75 19 more
1647 951 124 28 declared
1796 960 99 27 enemy
1919 961 102 25 among
2045 953 45 27 the

1460 990 132 30 mouthers
1606 990 30 30 of
1646 990 45 30 the
1705 990 94 30 House
1813 990 151 30 somewhat
1978 991 111 31 reduces

1459 1030 46 26 the
1535 1032 101 25 chance
1667 1032 27 24 of
1727 1040 46 17 sue
1791 1040 50 17 ess.
1908 1032 98 33 People
2046 1042 44 16 are

1460 1067 136 36 naturally
1608 1068 114 28 anxious
1734 1070 28 25 to
1775 1067 67 28 hear
1855 1067 73 28 what
1949 1068 45 28 the
2018 1078 69 20 new.-

1460 1107 67 26 from
1559 1106 115 28 Loudon
1705 1107 85 34 really
1819 1108 32 30 is,
1883 1107 48 28 but
1959 1107 75 29 there
2068 1109 14 27 i.
2083 1106 4 35 c

1458 1143 117 35 nothing
1599 1154 75 19 more
1698 1148 29 25 to
1751 1144 32 29 be
1806 1144 58 29 said
1885 1145 66 28 than
1973 1146 75 29 what
2068 1147 23 28 is

1458 1183 88 28 stated
1571 1183 94 29 above.
1717 1184 47 28 We
1789 1194 66 25 may
1879 1184 52 29 add
1958 1185 59 28 that
2044 1185 45 29 the

1458 1221 186 28 Government
1662 1222 54 27 and
1739 1222 45 27 the
1804 1223 221 33 Agent-General
2045 1233 45 18 are

1458 1258 28 28 in
1499 1259 233 30 communication
1750 1260 65 29 with
1839 1260 134 30 reference
1996 1267 27 24 to
2045 1261 44 30 the

1458 1303 108 27 matter,
1579 1299 53 26 and
1644 1300 61 26 that
1717 1300 37 25 all
1763 1300 61 26 that
1837 1300 23 26 is
1876 1300 122 27 received
2020 1301 68 27 from

1458 1334 113 29 London
1586 1336 22 28 is
1622 1336 82 28 wired
1721 1340 28 25 to
1772 1336 45 29 the
1839 1336 165 30 Committee
2027 1337 63 30 here

1457 1374 53 27 and
1524 1375 27 26 in
1566 1375 204 28 Christchurch.
1818 1377 59 26 The
1900 1377 65 34 only
1985 1377 105 28 further

1455 1411 177 30 information
1646 1413 59 28 that
1719 1413 23 28 is
1756 1418 26 24 to
1795 1413 32 29 be
1844 1413 97 29 looked
1964 1415 49 33 for,
2036 1415 54 29 and

1457 1452 53 28 this
1524 1461 65 21 may
1601 1453 32 28 be
1646 1453 138 36 expected,
1799 1464 39 18 we
1851 1464 46 18 are
1912 1455 64 31 told,
1994 1456 94 27 within

1455 1489 47 27 the
1515 1498 93 19 course
1629 1491 31 26 of
1677 1500 16 17 a
1714 1491 54 34 day
1789 1500 31 17 or
1840 1498 62 24 two,
1924 1492 24 25 is
1959 1492 60 27 that
2044 1493 46 27 the

1456 1531 122 26 contract
1591 1527 54 30 had
1658 1528 119 38 actually
1790 1528 66 31 been
1879 1529 105 35 signed,
2005 1539 30 21 or
2055 1540 33 20 on

1455 1566 48 28 the
1514 1568 80 27 other
1605 1568 72 26 hand
1693 1569 58 26 that
1764 1569 46 26 the
1967 1580 38 16 >ns
2020 1571 69 26 have

1456 1602 77 36 been,
1559 1614 30 19 or
1612 1615 45 19 are
1682 1605 82 35 likely
1790 1609 28 26 to
1843 1606 40 32 be,
1910 1606 102 29 broken
2043 1608 44 27 off.

1455 1643 72 28 That
1540 1643 46 29 the
1600 1643 100 29 former
1712 1655 65 26 may
1791 1646 31 27 be
1835 1646 46 26 the
1893 1656 61 17 case
1968 1646 54 28 and
2042 1653 47 22 not

1455 1681 47 28 the
1514 1681 82 29 latter
1608 1682 23 28 is
1644 1682 46 28 the
1704 1688 107 24 earnest
1824 1684 85 28 desire
1921 1684 29 27 of
1957 1684 132 30 residents

1455 1721 28 28 in
1497 1721 54 29 this
1564 1726 61 32 part
1637 1722 30 29 of
1677 1722 46 28 the
1737 1726 98 33 colony
1847 1724 62 28 who
1925 1723 80 29 know
2027 1724 61 28 how

1457 1761 81 27 much
1554 1761 45 27 the
1620 1762 151 35 prosperity
1792 1763 31 27 of
1843 1764 101 26 Nelson
1969 1764 119 35 depends

1455 1807 74 28 upon
1542 1798 81 38 being
1632 1801 147 28 connected
1790 1801 66 28 with
1867 1801 45 29 the
1923 1802 80 28 other
2013 1807 73 32 parts

1455 1838 31 26 of
1496 1838 45 27 the
1551 1838 88 27 island
1653 1839 36 34 by
1710 1848 16 17 a
1748 1839 54 27 line
1824 1841 121 32 running
1967 1841 119 33 through

1455 1881 116 32 country
1584 1876 90 29 which
1688 1881 85 25 teems
1785 1877 29 28 in
1829 1878 113 29 mineral
1954 1879 107 29 wealth.

1488 1924 24 25 A
1525 1924 120 35 meeting
1665 1924 30 27 of
1712 1924 47 28 the
1782 1925 188 28 shareholders
1991 1927 28 26 in
2041 1928 46 26 the

1454 1960 144 30 combined
1612 1961 62 29 Uno
1688 1961 54 29 and
1757 1961 119 30 Wakatu
1891 1963 70 29 Gold
1980 1964 107 34 Mining

1454 1999 164 37 Companies
1632 2011 54 18 was
1698 2001 64 29 held
1785 2002 53 28 last
1858 2002 88 36 night,
1964 2003 81 29 when
2067 2004 21 28 it

1453 2047 56 18 was
1522 2038 111 28 decided
1647 2043 28 23 to
1688 2040 113 32 register
1808 2041 46 27 the
1865 2041 68 33 joint
1941 2041 144 38 Company

1453 2084 30 21 as
1495 2076 46 30 the
1558 2077 116 30 Wakatu
1690 2077 102 30 United
1806 2079 71 29 Gold
1891 2079 108 37 Mining
2006 2081 60 29 Com-

1453 2124 82 26 pany,
1550 2117 65 27 with
1631 2127 15 17 a
1658 2118 101 34 capital
1771 2119 30 26 of
1811 2119 118 31 '24,000
1941 2120 29 26 in
1991 2121 97 30 48,000

1453 2152 94 29 shaies
1561 2154 29 27 of
1601 2155 45 27 10s
1660 2154 76 28 each.
1774 2155 44 28 Mr
1832 2156 27 27 S.
1874 2156 26 27 J.
1915 2156 104 29 Beeves
2032 2166 56 19 was

1453 2192 144 37 appointed
1611 2193 86 36 Legal
1711 2194 140 37 Manager,
1865 2195 55 29 and
1936 2196 102 29 Messrs
2055 2197 30 28 C.

1454 2231 112 33 Saxton,
1594 2232 39 27 M.
1658 2233 103 35 Byrne,
1791 2234 40 27 W.
1857 2234 124 36 Phillips,
2003 2235 28 28 J.
2056 2236 30 27 C.

1453 2269 139 35 Moutray,
1611 2270 54 28 and
1684 2270 28 29 J.
1733 2270 134 30 M'Gaffin
1893 2281 71 21 were
1984 2273 103 29 elected

1452 2308 140 34 directors,
1606 2310 53 27 and
1683 2310 101 28 Messrs
1805 2311 92 33 Healy
1919 2312 55 26 and
1997 2312 89 28 Glenn

1451 2346 131 31 auditors.
1619 2347 28 30 It
1658 2348 24 29 is
1694 2347 130 30 intended
1837 2352 28 26 to
1878 2357 33 29 go
1925 2352 27 26 to
1966 2350 75 28 work
2058 2350 28 28 in

1452 2390 116 29 earnest,
1582 2387 54 28 and
1646 2397 41 18 we
1701 2387 69 36 hope
1783 2387 60 29 that
1856 2399 44 18 ere
1914 2398 16 19 a
1952 2399 66 25 year
2037 2390 50 28 has

1451 2423 111 36 elapsed
1575 2424 47 27 the
1634 2424 108 36 battery
1755 2425 54 26 will
1822 2425 32 27 be
1876 2427 28 24 in
1926 2425 52 28 full
1999 2427 87 36 swing

1451 2462 54 29 and
1518 2462 114 37 turning
1643 2468 48 25 out
1704 2474 15 19 a
1733 2463 124 38 plentiful
1871 2464 99 38 supply
1989 2465 30 30 of
2037 2465 46 30 the

1451 2503 123 32 precious
1592 2503 94 26 metal.
1734 2504 50 25 We
1806 2512 45 18 are
1871 2504 63 31 glad
1954 2509 28 22 to
2003 2505 82 26 know

1451 2538 61 29 that
1524 2540 69 27 from
1608 2538 46 30 the
1669 2542 138 35 prospects
1825 2540 111 37 already
1959 2540 126 30 obtained

1451 2578 75 28 there
1552 2578 23 27 is
1596 2579 71 33 good
1689 2589 95 17 reason
1804 2580 42 27 for
1866 2580 137 36 believiug
2025 2581 61 29 that

1451 2615 66 28 such
1531 2615 57 28 will
1601 2616 31 27 be
1645 2617 46 27 the
1704 2617 184 28 case.Mail,
1907 2618 64 26 20th
1986 2619 64 26 inst.

1649 2707 235 28 LATEST

1486 2763 244 41 CABLE
1819 2765 238 39 NEWS.

1750 2868 127 33 London,
1898 2869 96 28 March
2007 2871 43 27 22.

1485 2912 190 38 Negotiations
1701 2923 46 21 are
1772 2914 55 30 still
1851 2916 163 38 proceeding
2041 2917 29 31 be-

1450 2965 88 24 tween
1554 2963 47 27 the
1622 2963 115 35 English
1760 2964 56 28 and
1835 2965 107 27 French
1964 2966 123 28 Govern.,

1451 3012 90 23 ments
1554 3008 67 28 with
1635 3009 96 34 regard
1743 3013 27 24 to
1785 3010 46 28 the
1844 3012 125 34 question
1994 3012 29 27 of
2040 3013 30 26 de-

1449 3059 61 32 port
1521 3064 37 26 ng
1570 3055 167 28 recidivistes
1748 3060 28 23 to
1787 3057 47 27 the
1845 3057 123 28 Western
1979 3059 105 27 Pacific.

1484 3102 58 29 The
1555 3102 86 36 Right
1654 3103 75 29 Hon.
1743 3102 46 30 Mr
1802 3104 141 37 Campbell
1963 3105 103 28 Banner-

1449 3159 75 25 man,
1540 3151 141 37 Secretary
1694 3151 30 29 of
1733 3151 76 29 State
1821 3151 41 29 for
1872 3152 75 35 War,
1957 3152 88 30 stated
2056 3153 29 29 in

1449 3198 46 27 the
1509 3199 96 27 House
1618 3199 30 27 of
1658 3199 160 33 Commons,
1833 3200 105 34 to-day,
1959 3200 28 27 in
2008 3201 78 35 reply

1449 3248 28 25 to
1490 3253 15 20 a
1519 3244 135 38 question,
1669 3245 61 30 that
1742 3246 22 28 it
1776 3255 56 20 was
1847 3246 47 28 the
1907 3246 135 30 intention
2058 3247 29 30 of

1449 3293 47 28 the
1526 3294 187 27 Government
1745 3297 28 25 to
1803 3295 142 27 withdraw
1981 3295 103 28 British

1449 3346 91 33 troops
1555 3344 29 26 at
1595 3341 146 36 Assouam,
1758 3351 36 20 on
1816 3342 47 30 the
1885 3342 60 30 first
1966 3347 120 27 cataract

1448 3389 30 28 of
1487 3389 47 29 the
1549 3390 71 27 Nile.
1656 3390 59 29 The
1727 3391 119 36 position
1854 3395 28 24 at
1893 3391 89 36 Wady
1992 3393 93 31 Haifa,

1449 3446 37 20 on
1498 3437 47 30 the
1558 3438 100 29 second
1672 3442 128 32 cataract,
1813 3438 82 38 being
1906 3438 64 31 held
1982 3440 36 37 by
2039 3440 46 30 the

1451 3485 139 36 Egyptian
1604 3490 100 32 troops.

1484 3533 35 29 In
1533 3533 47 30 the
1593 3534 94 29 House
1701 3533 30 30 of
1741 3534 159 36 Commons,
1923 3535 53 30 last
1998 3536 86 37 night,

1451 3580 43 28 Mr
1508 3581 121 28 Howard
1642 3582 120 28 Vincent
1779 3583 100 27 moved
1900 3593 16 17 a
1937 3584 148 28 resolution

1449 3627 139 37 affirming
1618 3629 47 28 the
1695 3630 137 36 necessit}'
1865 3630 42 28 for
1945 3631 141 29 increased

1447 3676 148 37 capitation
1619 3680 80 31 grant
1719 3680 28 25 to
1769 3677 156 29 volunteers
1945 3678 30 29 in
1999 3678 85 30 Great

1449 3724 117 28 Britain.
1602 3724 46 29 Mr
1661 3725 150 28 Gladstone
1825 3725 83 36 spoke
1925 3727 29 27 in
1977 3727 91 36 opposi-

1447 3770 58 28 tion
1518 3774 28 24 to
1559 3770 47 29 the
1621 3772 159 34 resolution,
1794 3773 102 34 stating
1909 3773 60 28 that
1990 3773 34 28 he
2045 3783 26 18 re-

1447 3818 95 30 sented
1569 3828 54 28 any
1646 3820 119 29 increase
1785 3821 28 28 in
1834 3820 47 29 the
1903 3821 87 37 Army
2012 3822 61 30 Esti

1447 3869 98 25 mates.
1591 3866 78 29 After
1693 3867 184 28 considerable
1898 3869 151 29 discussion
2070 3880 15 18 a

1446 3913 117 30 division
1575 3924 56 20 was
1649 3914 92 35 taken,
1755 3916 80 29 when
1849 3916 45 30 the
1908 3918 105 29 motion
2023 3928 56 20 was

1446 3961 145 36 negatived
1606 3961 36 37 by
1656 3972 16 19 a
1684 3971 109 21 narrow
1805 3964 139 37 majority.

1891 4012 96 30 March
2007 4015 42 27 23.

1482 4057 45 28 Mr
1540 4057 142 37 Campbell
1694 4059 188 34 Bannerman,
1897 4061 142 36 Secretary
2056 4063 27 27 of

1446 4103 75 29 State
1534 4104 42 28 for
1588 4104 75 35 War,
1677 4105 137 30 informed
1835 4106 47 30 tbe
1905 4108 94 29 House
2021 4109 61 29 that

1444 4151 49 28 her
1505 4152 141 36 Majesty's
1667 4153 189 29 Government
1866 4155 158 28 considered
2034 4156 46 28 the

1447 4200 192 28 maintenance
1653 4200 29 28 of
1693 4200 45 28 the
1752 4205 109 33 present
1874 4201 74 36 large
1960 4202 73 30 force
2051 4203 28 29 in

1444 4247 94 38 Egypt
1550 4257 56 19 was
1620 4258 34 19 an
1668 4248 91 29 unfair
1772 4250 95 31 strain,
1880 4250 55 28 and
1947 4252 133 37 proposed

1443 4296 131 34 reducing
1586 4296 46 27 the
1654 4297 122 35 garrison
1798 4301 29 24 to
1847 4298 75 33 eight
1943 4299 136 28 thousand

1442 4350 64 19 men
1520 4340 99 38 during
1633 4341 46 29 the
1693 4345 109 26 current
1814 4352 74 27 year.

1700 4390 165 36 Mandalay,
1886 4392 96 29 March
2001 4394 43 29 24.

1477 4436 116 28 Advices
1606 4437 71 28 from
1691 4437 117 29 General
1830 4438 179 38 Prendergast
2031 4450 31 19 an-

1444 4494 122 20 nounces
1578 4485 44 28 his
1635 4485 99 29 arrival
1751 4487 29 27 in
1802 4487 143 30 Yenethen
1956 4497 6 26 ;
1982 4489 34 29 ho
2037 4499 26 19 re-

1440 4532 91 29 lieved
1544 4534 46 27 the
1604 4533 102 28 British
1720 4534 122 35 garrison
1861 4539 28 25 at
1911 4536 61 29 that
1990 4537 86 37 place,

1440 4580 62 30 who
1510 4591 69 20 were
1590 4581 125 38 besieged
1727 4581 34 39 by
1768 4583 215 39 overwhelming
1992 4585 84 30 forces

1440 4628 31 28 of
1480 4630 73 26 rebel
1566 4630 142 26 Burmese.
1755 4631 118 27 General
1896 4632 179 35 Prendergast

1440 4674 139 37 dispersed
1592 4675 47 28 the
1652 4675 155 36 insurgents
1820 4677 27 27 in
1861 4677 39 28 all
1919 4678 155 34 directions,

1440 4722 54 28 and
1519 4722 23 28 is
1567 4731 62 20 now
1655 4724 121 35 engaged
1806 4725 193 37 tranqmlising
2028 4727 46 28 the

1440 4769 212 37 neighborhood.
1699 4771 58 29 The
1775 4772 103 29 Woons
1900 4774 30 28 of
1949 4774 125 37 adjacent

1441 4808 112 33 villages
1568 4818 46 19 are
1627 4810 125 37 reported
1765 4815 27 23 to
1805 4810 32 28 be
1847 4811 117 38 friendly
1978 4818 27 23 to
2025 4814 47 28 the

1440 4847 115 27 British.

1658 4922 201 29 LATEST

1455 4969 373 42 AUSTRALIAN
1881 4973 171 41 NEWS.

1681 5062 189 35 Melbourne,
1884 5064 95 31 March
1994 5068 42 28 22.

1474 5109 35 28 At
1523 5109 45 28 the
1580 5110 123 28 instance
1717 5111 29 28 of
1757 5111 46 29 the
1817 5113 73 28 Hon.
1908 5113 43 28 Mr
1964 5115 106 34 Gillies,

1440 5148 121 27 Premier
1582 5149 30 27 of
1623 5149 129 34 Victoria,
1766 5151 46 27 the
1836 5154 187 28 Government
2046 5158 25 25 of

1439 5186 37 28 all
1497 5187 46 27 the
1562 5187 187 28 Australasian
1770 5189 134 35 Colonies,
1919 5191 68 28 have
2006 5194 51 27 tele-

1437 5225 121 36 graphed
1596 5229 29 25 to
1657 5226 71 28 their
1765 5228 149 35 respective
1954 5231 113 36 Agents-

1438 5264 117 28 General
1578 5266 158 34 requesting
1759 5266 75 28 them
1859 5271 28 23 to
1907 5268 62 29 take
1997 5269 72 36 joint

1438 5302 90 28 action
1547 5302 96 37 urging
1662 5302 45 29 the
1730 5303 131 38 Imperial
1881 5306 187 31 Government

1437 5344 28 25 to
1479 5348 114 29 prevent
1606 5342 45 27 the
1665 5344 165 27 annexation
1843 5344 31 28 of
1890 5351 68 23 is,ew
1974 5348 78 27 Hebri-

1438 5379 47 29 des
1499 5379 35 37 by
1548 5379 113 28 France.

1885 5421 95 30 March
1994 5425 42 27 23.

1473 5457 81 27 News
1566 5456 70 27 from
1655 5457 188 33 Bordertown,
1857 5468 16 17 a
1886 5461 81 27 small
1985 5466 67 23 town-

1438 5494 61 38 ship
1524 5504 35 20 on
1583 5494 47 29 the
1656 5494 143 39 boundary
1820 5497 30 29 of
1872 5497 120 32 Victoria
2017 5500 52 30 and

1441 5534 86 28 South
1546 5534 147 33 Australia,
1714 5539 83 24 states
1817 5537 59 28 that
1890 5548 15 17 a
1918 5539 151 28 household

1439 5571 30 29 of
1496 5572 65 28 nine
1585 5581 113 28 persons
1723 5572 69 30 have
1820 5574 68 29 been
1919 5577 151 37 accidently

1438 5610 129 37 poisoned
1592 5610 35 36 by
1646 5612 113 28 arsenic.
1796 5612 65 29 Two
1880 5614 121 29 children
2025 5626 45 18 are

1439 5648 77 33 dead,
1530 5648 55 28 and
1599 5657 17 19 a
1628 5657 107 19 women
1749 5650 54 28 and
1817 5652 116 28 another
1942 5654 73 28 child
2026 5664 45 19 are

1437 5687 29 29 in
1479 5697 16 19 a
1514 5687 153 36 precarious
1687 5688 147 31 condition.
1871 5690 67 31 Five
1958 5702 113 28 persons

1438 5726 69 27 have
1529 5727 143 28 recovered
1693 5727 72 28 from
1789 5729 47 27 the
1860 5730 92 28 effects
1976 5732 30 27 of
2024 5733 46 27 the

1438 5772 34 29 po
1483 5773 59 18 son.

1749 5805 120 35 Sydney,
1884 5806 95 29 March
1992 5809 42 27 23.

1471 5841 24 27 A
1508 5840 112 37 railway
1634 5841 123 30 accident
1769 5844 128 28 occurred
1914 5847 155 36 yesterday,

1441 5889 35 20 ou
1488 5879 75 31 what
1575 5882 23 27 is
1611 5880 98 31 known
1724 5890 30 21 as
1766 5882 47 29 the
1826 5882 83 30 Little
1926 5883 109 37 Zigzag,
2055 5896 15 19 a

2128 222 106 35 portion
2257 222 29 28 of
2305 223 46 28 the
2370 224 82 29 Great
2476 226 123 30 Western
2627 229 132 34 Riilwav,

2128 270 64 19 over
2211 261 46 28 the
2284 261 69 30 Blue
2382 263 165 31 Mountains.
2585 267 174 40 Fortunately

2128 309 34 18 no
2177 300 66 27 lives
2263 310 70 18 were
2347 301 59 30 lost,
2422 305 45 26 the
2488 314 158 26 passengers
2669 317 75 27 escap-

2128 337 47 32 ing
2187 337 65 27 with
2267 348 76 17 some
2356 340 83 35 slight
2452 341 112 36 injuries
2576 343 54 27 and
2643 354 16 17 a
2669 354 90 19 severe

2127 373 124 39 shaking.

2432 418 128 33 Hobart,
2575 422 29 27 M
2623 422 46 28 rch
2683 425 40 26 22.

2162 454 57 27 The
2233 454 113 35 typhoil
2361 461 118 30 patients
2493 460 69 26 have
2580 460 66 27 been
2662 462 95 27 landed

2129 492 68 28 from
2212 492 109 29 H.M.S.
2336 493 148 36 Diamond,
2499 496 54 29 and
2566 507 45 19 are
2625 508 60 19 now
2700 509 43 27 pro-

2128 540 73 24 gress
2213 541 37 25 ng
2279 533 118 27 towards
2433 535 220 29 convalescence.
2701 539 56 27 The

2129 569 85 28 vessel
2227 569 49 28 lias
2289 568 66 30 been
2370 571 120 30 released
2504 573 69 29 from
2586 575 170 36 quarantine.

2401 611 156 37 Adelaide,
2575 614 92 30 March
2682 618 42 27 22.

2161 648 57 27 The
2232 649 101 27 cricket
2354 651 101 30 match,
2477 653 84 26 Austr
2578 654 56 27 ban
2656 656 101 27 Eleven

2128 695 24 17 v.
2166 686 150 28 Combined
2326 688 115 32 Fifteen,
2453 697 56 19 was
2517 691 127 28 resumed
2655 692 101 37 to-day.

2126 724 57 28 The
2204 724 151 30 Combined
2376 726 105 30 Fifteen
2505 730 160 33 continuing
2687 731 70 29 their

2128 763 96 27 second
2246 764 110 30 innings
2377 773 69 19 were
2468 766 35 27 all
2527 767 124 34 disposed
2672 769 30 27 of
2719 769 38 27 for

2128 801 48 28 339
2198 809 74 19 runs.
2310 802 57 28 The
2389 803 156 29 Australian
2565 805 104 29 Eleven
2692 806 64 29 then

2128 842 70 24 went
2223 840 26 26 in
2277 840 41 27 for
2342 841 99 27 second
2467 843 119 34 innings,
2611 844 56 27 and
2691 846 61 27 aftei

2127 877 107 35 scoring
2260 878 48 27 102
2332 887 65 19 runs
2430 880 40 28 tor
2501 881 46 28 the
2579 882 53 28 loss
2662 883 31 27 of
2719 884 37 27 si\

2128 916 107 27 wickets
2248 917 45 27 the
2307 927 80 23 game
2401 928 55 17 was
2476 919 91 28 drawn
2582 922 28 26 in
2632 922 79 27 order
2731 929 16 20 t<

2128 954 98 36 permit
2239 954 45 27 the
2298 956 156 27 Australian
2474 957 103 28 Eleven
2598 963 27 24 to
2646 959 110 29 embark

2127 993 26 29 in
2178 992 47 31 the
2251 992 95 31 Orient
2369 994 169 39 Company's
2568 1008 45 19 s.s.
2639 999 107 30 Austral

2129 1033 85 25 which
2227 1033 89 27 leaves
2326 1035 41 25 for
2378 1035 113 27 London
2505 1037 129 27 to-niirht.
2665 1039 84 27 Jones

2127 1073 54 30 not,
2211 1070 34 28 44
2271 1079 74 24 runs,
2371 1080 58 20 was
2452 1073 46 28 the
2529 1074 110 37 highest
2663 1084 87 21 scorer

2127 1109 55 28 The
2207 1119 89 18 scores
2321 1110 28 28 in
2374 1110 46 29 the
2444 1113 91 27 match
2563 1114 97 28 stand:
2680 1116 57 28 Com-

2126 1147 80 29 bined
2229 1147 201 31 Fifteenfirst
2454 1150 196 37 innings24s
2675 1163 13 19 r
2701 1163 55 21 nis;

2126 1187 99 28 second
2248 1187 119 35 innings,
2397 1190 166 29 330.total
2592 1194 59 27 575.
2688 1194 50 27 Aus-

2127 1224 97 27 tralian
2255 1225 104 28 Eleven
2383 1227 28 26 in
2441 1228 57 26 lirst
2523 1229 111 31 innings
2664 1230 91 28 scored

2125 1264 50 27 422
2195 1271 81 27 runs;
2296 1264 109 36 second,
2425 1266 40 29 six
2488 1267 110 30 wickets
2617 1268 80 30 down
2717 1269 40 30 for

2128 1304 55 28 102,
2199 1311 111 24 maKing
2323 1314 15 16 a
2351 1305 78 32 total,
2445 1305 66 28 with
2524 1311 61 22 tour
2604 1309 110 26 wickets
2728 1314 26 21 to

2126 1338 54 35 fall,
2194 1340 29 28 of
2232 1340 51 28 524
2295 1349 73 21 runs.

2160 1379 141 35 Proposals
2314 1391 46 16 are
2378 1384 28 24 to
2419 1381 33 27 be
2467 1383 78 27 made
2564 1387 27 24 to
2605 1384 46 27 the
2665 1385 75 27 share-

2126 1416 106 28 holders
2244 1417 30 29 of
2284 1417 46 29 the
2343 1418 181 31 Commercial
2538 1422 79 29 Bank
2630 1422 31 29 of
2669 1422 84 30 South

2125 1457 135 27 Australia
2274 1464 63 22 next
2352 1460 96 27 mouth
2463 1460 28 27 in
2511 1462 88 27 which
2621 1463 133 34 provision

2125 1494 20 25 is
2159 1497 26 22 to
2201 1494 30 26 be
2244 1495 80 26 made
2337 1495 41 26 for
2392 1496 45 27 the
2456 1498 188 27 resuscitation
2663 1500 31 26 of
2709 1500 45 26 the

2126 1530 76 31 Bank
2227 1541 31 20 or
2282 1533 35 29 its
2341 1533 215 38 amalgamation
2584 1537 65 30 with
2680 1549 75 19 some

2124 1571 76 27 other
2213 1572 214 28 establishment.

2570 1613 94 30 March
2678 1616 43 27 24.

2158 1647 27 28 It
2197 1648 23 27 is
2232 1650 162 28 announced
2407 1651 60 28 that
2481 1652 69 33 legal
2559 1655 89 27 action
2658 1655 56 28 will
2723 1655 31 28 be

2123 1685 81 28 taken
2220 1687 106 33 against
2340 1698 75 19 some
2428 1690 30 28 of
2469 1690 45 29 the
2530 1690 130 30 directors
2674 1697 24 24 ot
2710 1693 44 28 the

2124 1726 180 30 Commercial
2320 1728 77 29 Bank
2411 1729 30 29 of
2453 1730 84 29 South
2554 1732 145 34 Australia,
2716 1735 38 27 for

2124 1766 154 34 presenting
2303 1771 27 23 to
2356 1768 45 28 the
2430 1768 189 30 shareholders
2649 1780 15 18 a
2690 1773 47 26 mis-

2124 1802 108 36 leading
2265 1804 110 30 balance
2401 1806 77 30 sheet
2507 1808 42 28 for
2575 1810 66 28 1835
2665 1810 89 29 which

2124 1841 80 27 failed
2230 1847 27 21 to
2282 1844 112 27 disclose
2418 1854 16 17 a
2452 1846 53 26 loss
2528 1847 29 26 of
2576 1849 118 26 BO.OOO
2716 1849 26 26 in-

2122 1878 94 29 curred
2230 1890 35 18 on
2279 1881 119 37 pastoral
2411 1885 149 36 properties
2573 1884 63 30 held
2653 1885 37 38 by
2710 1886 44 30 the

2123 1918 87 27 Bank.
2249 1920 44 26 Mr
2305 1921 111 30 Crooks,
2428 1932 131 24 manager
2571 1925 28 25 of
2609 1925 46 26 the
2665 1926 89 32 Bank,

2123 1955 48 28 has
2183 1954 68 30 been
2265 1956 134 30 admitted
2412 1963 27 24 to
2449 1959 65 28 bail.

2225 2046 120 30 NOTES
2366 2049 104 27 FROM
2492 2050 157 29 NELSON.

2192 2134 83 34 (from
2289 2142 55 19 ouk
2357 2143 61 19 own
2431 2139 253 34 correspondent.)

2258 2233 56 19 THE
2333 2234 133 21 BOROUGH
2488 2236 128 21 COUNCIL.

2155 2272 33 28 In
2216 2282 47 28 my
2289 2274 52 28 last
2366 2274 15 28 I
2402 2284 68 27 gave
2494 2286 70 27 your
2587 2277 108 30 readers
2720 2289 35 20 an

2121 2312 157 27 intimation
2300 2312 61 28 that
2379 2314 47 27 the
2444 2315 126 28 imbecile
2589 2317 118 28 conduct
2729 2319 28 27 of

2121 2349 45 29 the
2178 2350 61 37 City
2248 2350 113 29 Council
2369 2360 55 20 was
2434 2351 82 38 likely
2522 2357 28 25 to
2561 2363 30 21 so
2599 2360 156 34 exasperate

2121 2389 45 28 the
2179 2395 157 30 ratepayers
2348 2392 61 26 that
2423 2402 34 17 an
2477 2393 172 33 indignation
2668 2401 68 23 meet-

2119 2426 47 33 ing
2190 2435 56 19 was
2270 2427 84 35 likely
2378 2430 28 25 to
2432 2429 61 27 take
2519 2430 77 35 place
2617 2440 29 19 so
2671 2441 30 19 as
2726 2441 28 20 to

2120 2463 96 31 enable
2239 2464 76 31 them
2333 2470 26 27 to
2381 2467 61 35 give
2467 2474 66 24 vent
2554 2472 28 27 to
2601 2469 73 31 their
2695 2475 43 27 out-

2120 2504 82 32 raged
2221 2505 120 32 feelings.
2378 2507 66 25 This
2463 2509 151 32 prediction
2631 2511 23 25 is
2671 2511 84 27 about

2120 2545 28 23 to
2161 2540 32 29 be
2206 2540 122 35 verified,
2342 2542 41 28 for
2395 2542 100 36 during
2508 2544 46 29 the
2568 2549 61 35 past
2642 2547 85 36 week,
2738 2558 17 19 a

2120 2580 157 33 document,
2290 2582 102 33 calling
2404 2592 16 18 a
2432 2584 124 34 meeting
2573 2585 42 28 for
2631 2587 122 37 Monday

2119 2622 75 27 next,
2209 2618 51 27 has
2273 2618 67 28 been
2354 2621 167 34 extensively
2531 2623 94 35 signed
2634 2624 36 35 by
2678 2634 76 18 some

2119 2654 140 30 hundreds
2272 2656 30 28 of
2311 2657 163 30 substantial
2487 2658 141 35 burgesses
2647 2666 28 25 to
2694 2662 59 30 that

2119 2694 87 29 effect.
2243 2695 72 35 And,
2338 2706 30 18 as
2381 2697 23 27 if
2415 2702 26 23 to
2462 2698 63 28 lend
2539 2700 100 36 weight
2658 2705 28 25 to
2707 2703 46 28 the

2121 2738 165 28 movement,
2310 2743 34 19 an
2367 2735 129 36 ordinary
2516 2740 121 35 meeting
2658 2740 31 28 of
2707 2740 46 28 the

2119 2770 112 29 Council
2246 2771 63 28 took
2324 2772 84 36 place,
2422 2778 28 24 at
2469 2775 88 28 which
2572 2786 16 18 a
2601 2787 77 19 scene
2697 2788 56 19 was

2119 2809 78 30 acted
2211 2820 75 19 more
2300 2811 160 37 disgraceful
2475 2813 67 30 than
2562 2816 136 38 anything
2716 2827 34 19 on

2119 2850 47 26 the
2195 2849 122 29 hitherto
2348 2852 136 28 unbeaten
2514 2855 108 28 records
2646 2842 106 42 ofthis

2118 2886 112 28 historic
2239 2887 72 36 body
2322 2895 7 26 ;
2343 2888 154 30 Councillor
2507 2890 104 29 Rowell
2617 2894 135 36 appeared

2119 2934 33 20 on
2168 2925 46 29 the
2228 2935 79 20 scene
2319 2926 28 28 in
2361 2936 16 20 a
2390 2930 69 27 state
2477 2934 49 24 not
2543 2931 75 35 quite
2636 2932 116 30 suitable

2118 2965 41 26 for
2185 2965 152 36 discussing
2361 2966 91 35 public
2476 2972 124 31 matters,
2625 2970 55 28 and
2704 2972 48 27 the

2117 3001 133 35 language
2263 3002 35 27 he
2310 3003 66 28 used
2389 3013 56 19 was
2463 3009 50 24 not
2530 3006 154 37 scriptural,
2703 3008 50 30 but

2119 3038 34 27 lie
2166 3047 55 19 was
2232 3038 57 36 just
2303 3045 49 23 not
2369 3039 90 31 drunk
2477 3044 110 35 enough
2608 3048 28 25 to
2658 3046 95 28 attend

2119 3075 45 28 the
2177 3076 130 35 meeting,
2320 3078 91 27 which
2430 3088 57 19 was
2503 3090 76 19 more
2592 3082 68 28 than
2675 3093 75 19 some

2118 3112 30 30 of
2165 3113 43 29 his
2221 3113 110 30 brother
2343 3116 170 31 Councillors
2535 3128 79 26 were,
2635 3121 55 29 and
2709 3122 43 29 his

2118 3152 116 29 conduct
2247 3153 140 38 displayed
2401 3165 29 19 so
2448 3157 85 29 much
2555 3158 159 37 knowledge
2727 3161 30 29 of

2118 3191 48 28 the
2179 3196 42 23 art
2234 3192 30 27 of
2274 3192 96 36 vulgar
2382 3194 82 29 abuse
2475 3196 61 28 that
2543 3198 47 28 the
2600 3205 55 22 rest
2667 3199 29 28 of
2705 3200 46 27 the

2119 3229 169 28 Councillors
2308 3232 145 34 retreated,
2472 3232 109 37 leaving
2596 3236 157 30 Councillor

2119 3267 104 29 Rowell
2235 3269 29 27 in
2277 3271 151 33 possession
2447 3272 29 28 of
2488 3272 45 29 the
2548 3274 74 35 field,
2636 3276 54 28 and
2703 3276 47 30 the

2119 3306 122 28 business
2260 3307 29 27 of
2305 3307 46 28 the
2369 3309 117 35 evening
2504 3312 145 35 paralised.
2686 3314 66 28 This

2117 3349 198 26 circumstance
2328 3346 54 30 will
2392 3347 65 37 only
2467 3349 66 30 tend
2542 3354 29 26 to
2580 3351 78 37 bring
2667 3352 83 31 about

2117 3384 47 28 the
2177 3385 53 27 end
2251 3389 28 24 at
2300 3395 36 18 an
2357 3387 96 28 earlier
2466 3389 62 28 date
2550 3390 69 28 than
2639 3401 56 19 was
2708 3402 28 19 ex-

2118 3422 103 37 pected,
2235 3422 54 30 and
2310 3424 159 37 strengthen
2491 3426 47 30 the
2551 3427 88 31 hands
2658 3429 30 30 of
2703 3431 47 29 the

2118 3467 150 30 promoters
2288 3463 29 27 of
2328 3463 45 27 the
2392 3466 139 34 meeting;
2550 3467 46 28 the
2616 3469 88 35 object
2724 3471 31 27 of

2117 3499 91 28 which
2229 3500 33 34 is,
2284 3510 16 18 a
2319 3500 76 28 clean
2415 3511 87 30 sweep
2522 3504 30 28 of
2569 3505 47 30 the
2636 3507 114 30 Council

2118 3539 51 29 and
2196 3540 35 29 its
2251 3539 113 31 officers.
2401 3542 78 37 They
2501 3553 74 26 may,
2597 3546 32 28 of
2646 3556 104 25 course,

2117 3578 88 27 refuse
2227 3581 28 24 to
2276 3579 99 34 resign,
2389 3580 53 26 and
2462 3581 132 36 probably
2614 3584 66 32 will,
2701 3584 48 28 but

2118 3615 65 36 tliey
2197 3615 55 29 will
2267 3615 87 29 retaiu
2369 3616 70 30 their
2451 3621 72 27 seats
2533 3619 28 29 in
2572 3620 68 30 such
2651 3631 60 21 case
2722 3622 28 30 in

2118 3662 16 19 a
2147 3657 71 25 most
2230 3655 142 33 unseemly
2382 3664 125 21 manner.

2153 3692 27 29 It
2202 3692 91 29 would
2315 3692 30 29 be
2359 3692 41 30 far
2412 3703 76 22 more
2507 3698 29 27 to
2557 3696 47 31 the
2623 3707 126 30 purpose,

2118 3731 55 28 and
2185 3732 41 28 far
2239 3741 74 19 more
2327 3732 138 35 dignified,
2479 3735 42 28 for
2534 3736 76 28 them
2621 3742 27 24 to
2658 3740 91 35 resign

2117 3778 63 18 now
2204 3769 54 28 and
2281 3779 77 19 come
2380 3770 117 29 forward
2519 3774 41 27 for
2583 3775 166 35 re-election,

2117 3807 117 29 without
2257 3807 102 38 having
2383 3812 28 26 to
2435 3809 35 30 do
2495 3821 29 19 so
2548 3813 68 29 after
2646 3824 16 19 a
2686 3824 47 21 con-

2118 3847 162 35 demnatory
2305 3850 62 25 vote
2392 3848 30 28 of
2442 3850 47 28 the
2513 3855 167 33 ratepayers,
2708 3855 41 27 for

2117 3885 76 28 there
2207 3894 44 19 are
2265 3894 74 19 souk
2354 3885 185 41 undoubtedly
2551 3885 71 42 good
2636 3901 64 19 men
2720 3892 27 29 in

2117 3923 46 30 the
2186 3924 123 34 Council,
2331 3924 49 29 but
2401 3925 47 29 the
2469 3928 168 37 unthinking
2657 3931 92 36 public

2116 3963 65 35 only
2202 3962 61 28 look
2286 3966 28 24 at
2334 3963 46 28 the
2399 3971 57 21 acts
2478 3967 31 26 of
2524 3967 47 27 the
2592 3967 72 36 body
2684 3978 30 19 as
2733 3979 16 19 a

2116 4000 97 34 whole,
2226 4001 55 28 and
2293 4001 135 30 condemn
2441 4003 36 29 all
2489 4004 89 31 where
2591 4015 16 20 a
2619 4007 130 38 majority

2116 4040 65 36 only
2211 4050 45 18 are
2286 4040 144 29 offenders.
2477 4043 88 30 There
2596 4055 45 18 are
2672 4057 76 18 some

2115 4078 136 28 members
2265 4079 71 32 who,
2350 4078 35 36 by
2399 4080 71 28 their
2486 4085 76 25 want
2579 4083 31 28 of
2624 4083 124 30 business

2115 4116 169 37 knowledge,
2309 4120 74 25 want
2408 4118 30 28 of
2467 4121 66 33 tact,
2559 4121 54 28 and
2637 4124 110 34 general

2115 4155 134 27 unfitness
2261 4155 41 27 for
2314 4156 136 35 anything
2460 4158 85 28 above
2556 4163 81 25 street
2646 4170 82 28 sweep-

2114 4192 55 36 ing,
2193 4202 45 19 are
2258 4197 48 24 not
2326 4194 115 29 suitable
2458 4199 226 34 representatives
2706 4200 41 28 for

2114 4232 137 37 anything
2263 4241 32 19 or
2306 4233 136 36 anybody,
2456 4235 56 29 and
2525 4236 21 28 it
2558 4237 55 29 will
2631 4238 32 29 be
2683 4239 60 29 well

2113 4271 42 28 for
2167 4271 164 28 themselves
2344 4271 55 29 and
2412 4273 47 28 the
2472 4274 90 37 public
2579 4276 80 29 when
2678 4277 66 37 they

2112 4318 46 18 are
2171 4309 137 35 relegated
2320 4313 28 23 to
2361 4310 47 27 the
2421 4311 137 37 obscurity
2575 4315 66 33 they
2654 4317 90 26 merit.

2114 4346 26 29 It
2152 4347 23 27 is
2188 4346 53 29 idle
2254 4348 41 27 for
2307 4346 95 38 people
2416 4351 28 26 to
2458 4358 49 28 say
2519 4349 59 30 that
2592 4351 70 35 good
2681 4362 62 19 men

2112 4392 101 22 cannot
2237 4385 31 30 be
2293 4386 85 28 found
2402 4391 28 25 to
2450 4388 64 29 take
2538 4389 71 30 their
2632 4391 112 37 places;

2112 4424 75 28 there
2212 4433 44 18 are
2281 4424 95 36 plenty
2400 4426 30 27 in
2454 4427 48 27 the
2526 4428 56 36 city
2599 4429 68 28 with
2698 4431 47 28 the

2112 4462 76 35 time,
2202 4461 96 39 ability
2312 4462 55 29 and
2389 4463 102 38 fitness,
2512 4469 28 26 to
2561 4476 117 28 manage
2698 4469 47 30 the

2111 4511 64 26 very
2189 4502 80 28 small
2283 4507 115 24 amount
2409 4504 30 27 of
2449 4504 75 28 work
2541 4511 27 23 to
2580 4506 33 28 be
2632 4508 71 28 done
2716 4509 27 28 in

2111 4541 54 26 this
2180 4540 200 37 Municipality,
2394 4542 54 27 and
2461 4543 22 27 it
2495 4544 22 26 is
2529 4543 177 40 humiliating
2716 4552 26 23 to

2111 4578 46 29 the
2176 4583 157 33 ratepayers
2354 4582 28 26 to
2395 4580 70 30 have
2479 4585 27 25 to
2525 4591 49 28 say
2594 4584 62 29 that
2676 4584 66 39 they

2110 4627 45 18 are
2181 4622 110 24 content
2315 4621 28 25 to
2369 4619 70 28 have
2463 4621 72 27 their
2562 4623 91 27 affairs
2677 4624 48 28 mis-

2110 4655 134 34 managed
2257 4654 36 36 by
2305 4656 170 28 Councillors
2488 4659 30 26 of
2527 4658 47 27 the
2597 4659 99 29 calibre
2715 4661 30 28 of

2110 4693 105 28 Rowell
2227 4693 55 28 and
2295 4692 42 29 his
2347 4694 112 27 fellows.

2357 4740 143 22 sporting.

2143 4769 36 29 At
2197 4769 46 29 the
2263 4769 67 29 time
2344 4770 10 28 1
2376 4781 45 17 am
2442 4773 109 35 writing
2571 4774 47 28 the
2632 4777 73 26 town
2719 4776 22 27 is

2108 4808 116 36 deluged
2236 4809 67 28 with
2317 4808 98 37 horsey
2428 4819 62 19 men
2501 4812 62 27 who
2571 4822 45 18 are
2625 4817 101 26 saturat-

2108 4848 46 35 ing
2178 4847 46 29 the
2251 4847 174 38 atmosphere
2444 4849 54 29 and
2524 4851 91 36 public
2641 4853 100 29 morals

2108 4886 65 27 with
2239 4887 116 33 straight
2535 4890 53 28 soft

2135 4923 70 36 good
2373 4925 54 28 and
2446 4925 78 30 other
2545 4927 121 37 enticing
2685 4929 53 29 and

2107 4974 63 26 easy
2190 4964 127 29 methods
2340 4964 31 29 of
2388 4965 114 37 making
2522 4976 17 19 a
2560 4968 52 29 few
2634 4969 106 36 pounds

2106 5002 116 28 without
2243 5012 55 26 any
2320 5003 76 27 work
2409 5011 6 25 ;
2434 5004 50 27 but
2503 5005 14 27 I
2538 5006 35 27 do
2592 5012 47 22 not
2660 5008 79 28 think

2107 5039 76 29 there
2195 5039 24 29 is
2232 5049 56 28 any
2300 5040 45 36 big
2359 5040 109 30 harvest
2482 5045 28 26 to
2522 5052 65 29 reap
2597 5044 28 29 iu
2637 5045 101 30 Nelson

2105 5081 42 25 for
2159 5079 47 28 the
2218 5080 90 28 clever
2320 5080 115 28 division
2448 5089 7 26 ;
2481 5082 65 28 cash
2559 5084 23 27 is
2596 5094 90 19 scarce
2698 5085 43 29 for

2105 5127 51 19 one
2169 5117 87 36 thing,
2270 5118 56 28 and
2343 5118 23 29 it
2383 5118 32 35 is,
2431 5120 128 38 perhaps,
2578 5132 17 19 a
2613 5127 125 31 negative

2105 5157 88 27 virtue
2207 5167 39 18 we
2260 5167 49 18 can
2323 5158 45 36 lay
2382 5158 80 28 claim
2477 5164 37 29 to,
2528 5160 61 29 that
2609 5172 42 18 we
2669 5162 71 29 have

2105 5200 49 23 not
2168 5205 15 18 a
2195 5197 94 33 racing
2310 5197 85 27 stable
2418 5202 28 22 to
2467 5207 49 19 our
2537 5208 83 20 name
2641 5200 28 28 in
2691 5201 47 29 the

2105 5233 106 30 district
2240 5238 29 25 at
2293 5240 118 30 present.
2448 5235 71 29 Now
2549 5238 55 28 and
2630 5238 67 29 then
2723 5250 16 18 a

2105 5272 117 36 sportive
2235 5273 138 35 capitalist
2384 5273 104 30 invests
2500 5276 30 27 in
2542 5285 16 18 a
2571 5277 166 35 speculative

2105 5310 54 29 colt
2171 5320 31 19 or
2213 5316 137 25 worn-out
2363 5311 88 35 crock,
2465 5323 36 18 on
2511 5313 89 30 which
2611 5318 28 26 to
2651 5316 87 37 spend

2106 5359 15 17 a
2139 5350 51 28 few
2211 5350 106 35 pounds
2339 5351 28 27 in
2389 5352 120 36 training
2529 5362 131 26 expenses
2682 5355 55 28 and

2106 5391 126 24 entrance
2254 5387 63 33 fees,
2331 5388 67 28 with
2413 5398 74 20 more
2506 5399 30 19 or
2549 5390 52 29 less
2619 5400 116 28 success,

2107 5427 47 27 but
2173 5426 46 28 the
2241 5426 67 35 da>s
2329 5428 30 27 of
2376 5427 127 30 Nelson's
2525 5438 161 29 supremacy
2706 5433 29 27 in

2105 5465 80 26 horse
2210 5465 129 33 breeding
2368 5465 178 36 disappeared
2576 5468 84 27 about
2693 5469 45 27 the

2106 5512 75 20 same
2211 5501 94 39 period
2335 5512 30 20 as
2395 5502 35 30 its
2459 5513 91 29 power
2573 5514 28 20 in
2632 5505 106 38 politics

2106 5542 102 28 waned.
2245 5542 15 27 I
2285 5542 85 32 don't,
2395 5543 32 27 of
2446 5553 104 23 course,
2576 5545 73 27 draw
2680 5556 57 25 any

2107 5579 109 37 parable
2241 5588 30 19 as
2291 5583 28 24 to
2341 5579 46 30 the
2406 5581 172 35 concidence,
2600 5581 49 30 but
2670 5584 66 37 only

2106 5621 69 25 state
2188 5619 21 27 it
2221 5628 30 18 as
2264 5628 16 17 a
2296 5618 54 28 fact
2363 5618 146 30 indicative
2522 5621 30 27 of
2568 5630 50 19 our
2636 5621 102 37 having

2106 5656 110 28 bacome
2241 5665 17 19 a
2522 5667 38 24 or,
2681 5669 42 20 cor-

2106 5694 95 38 rectly,
2215 5705 15 19 a
2243 5705 36 19 no
2291 5694 79 30 horse
2390 5700 56 25 sort
2460 5696 31 30 of
2500 5706 16 20 a
2529 5697 85 37 place,
2628 5698 65 30 both
2707 5699 28 30 ia

2106 5736 121 34 sporting
2239 5734 54 27 and
2303 5734 115 36 politics.

2140 5772 87 29 There
2249 5772 32 34 is,
2295 5772 135 33 however,
2451 5782 52 20 one
2525 5772 166 39 description
2712 5777 29 27 of

2105 5816 74 31 sport
2191 5811 29 29 in
2232 5811 89 29 which
2335 5821 41 19 we
2389 5821 50 19 can
2462 5813 81 27 claim
2559 5813 110 34 honors,
2684 5815 54 28 and

2105 5850 61 28 that
2178 5850 24 28 is
2215 5849 113 37 rowing.
2364 5850 61 29 The
2435 5850 165 36 Wellington
2612 5852 125 34 Regatta,

2104 5889 52 28 last
2188 5888 84 34 week,
2297 5899 55 18 was
2377 5889 46 29 the
2448 5899 78 20 scene
2551 5891 31 28 of
2603 5901 16 19 a
2649 5892 89 35 signal

2795 238 105 26 vsctorv
2922 235 41 28 f>r
2984 245 49 18 our
3048 235 68 28 Wik
3135 240 28 24 tu
3188 237 76 25 Club,
3287 237 53 27 and
3364 247 50 17 ove
3417 235 4 29 1

2794 271 61 30 that
2878 274 104 38 vis'ory
3005 284 38 19 we
3069 285 45 18 are
3139 275 138 38 naturally
3299 275 128 38 jubilant,

2795 312 54 26 and
2859 313 88 32 justly
2960 323 38 18 so.
3013 316 41 23 for
3068 317 19 23 it
3110 324 53 17 was
3177 326 15 15 a
3208 325 102 25 victory
3328 318 95 32 gainer

2795 350 106 30 agniint
2921 350 46 26 the
2989 351 78 27 crack
3090 360 84 18 crews
3198 353 30 25 of
3249 353 46 26 the
3318 352 99 36 colony

2796 386 35 30 So
2857 387 110 31 decided
2993 399 54 20 was
3073 389 45 30 the
3139 391 163 37 superiority
3325 391 31 29 of
3377 400 44 20 oil)

2795 436 62 19 men
2878 428 59 28 that
2951 429 45 28 the
3010 430 129 28 southern
3153 439 85 19 crews
3256 432 104 27 decline
3370 432 7 26 1
3399 439 26 20 to

2794 473 169 28 accompany
2989 467 74 28 them
3091 473 29 22 to
3151 468 155 37 Wanginui
3339 470 80 26 when

2794 503 117 29 another
2934 505 60 29 trial
3021 506 30 28 of
3073 506 59 28 skill
3161 506 75 29 takes
3268 508 75 30 place
3370 507 54 29 this

2794 541 84 32 week,
2893 543 53 28 and
2960 545 46 26 the
3019 545 94 35 picked
3127 555 69 17 crew
3219 546 29 26 of
3259 546 45 28 the
3317 547 108 35 colony,

2796 579 44 29 the
2867 580 90 29 Union
2980 582 30 28 of
3025 583 207 31 Christchurch,
3255 585 98 28 turned
3378 590 36 22 tai

2797 620 51 29 ml
2871 626 71 24 went
2961 622 67 29 back
3050 623 81 30 home
3151 625 131 36 perfectly
3304 625 118 28 s-itisfied

2795 659 59 26 that
2867 660 66 32 they
2946 662 77 25 stood
3037 672 36 16 no
3085 663 85 26 show,
3190 673 30 16 ns
3233 664 45 26 the
3292 664 132 26 Wakatu?

2796 705 59 19 won
2886 696 65 29 both
2982 707 75 20 races
3084 704 29 24 at
3144 699 33 29 W
3186 701 120 33 vnganui.
3346 701 26 27 It
3402 710 15 19 v

2795 736 126 35 amusing
2934 741 27 23 to
2975 739 87 26 notice
3073 738 61 28 how
3144 739 84 36 badly
3238 739 46 28 the
3296 739 118 34 Welling

2795 773 46 32 ing
2863 774 95 34 people
2976 778 11 24 t
2997 775 42 28 ike
3059 785 15 18 a
3095 776 108 33 licking.
3240 778 102 27 Whilst
3360 778 64 35 they

2795 810 78 29 could
2887 816 48 24 not
2947 811 72 38 deny
3032 813 46 29 the
3097 814 54 28 win
3170 815 29 29 of
3215 815 46 29 the
3285 815 139 29 Wakatus.

2796 848 64 36 they
2881 849 113 29 affected
3014 856 28 23 to
3064 861 78 19 sneer
3161 858 28 22 at
3212 853 70 28 Mieir
3306 857 73 24 want
3398 855 30 25 of

2796 886 116 34 graceful
2926 889 78 36 style.
3040 889 68 29 This
3120 891 61 28 club
3194 891 34 28 do
3239 896 47 24 not
3299 892 87 37 aspire
3397 896 27 24 to

2802 935 14 17 e
2834 926 107 32 thetics,
2955 927 47 28 but
3015 932 28 23 to
3056 929 125 28 athletics
3192 931 65 27 with
3272 941 15 17 a
3301 941 118 26 prosper

2796 962 29 28 of
2843 964 64 28 cash
2929 964 111 34 behind,
3062 966 54 29 and
3141 967 45 29 the
3212 969 63 28 Star
3297 969 78 33 Club,
3398 970 30 27 of

2799 1002 175 37 Wellington,
2998 1016 16 19 a
3039 1007 96 29 month
3160 1018 31 18 or
3215 1014 54 23 two
3294 1020 59 21 aro,
3378 1020 33 18 en

2796 1042 133 28 deavored
2950 1047 28 23 to
3003 1045 80 27 make
3107 1055 75 19 some
3205 1056 64 26 very
3290 1049 135 33 stringent

2797 1079 78 33 rules,
2895 1080 167 37 prohibiting
3082 1092 54 27 any
3158 1094 50 19 one
3231 1085 69 29 from
3321 1086 103 34 rowing

2797 1118 58 29 who
2875 1120 64 28 took
2959 1130 100 25 money
3073 1122 95 35 prizes,
3191 1124 49 28 but
3261 1124 71 28 their
3349 1125 74 27 swell

2796 1157 106 28 notions
2914 1167 70 20 were
2997 1159 201 40 incontinently
3210 1161 97 29 kicked
3322 1166 48 26 out
3388 1162 35 37 by

2796 1195 82 29 Clubs
2899 1197 62 28 who
2973 1208 46 18 are
3036 1204 49 23 not
3097 1209 29 18 so
3145 1201 128 35 wealthy,
3290 1202 54 26 and
3363 1202 60 27 who

2796 1234 86 35 prefer
2906 1235 68 28 solid
2998 1236 64 27 cash
3087 1242 28 23 to
3139 1243 101 31 pewter
3269 1244 61 31 pots
3354 1248 30 19 as
3409 1248 12 19 a

2793 1272 104 30 reward
2910 1274 41 28 for
2964 1275 90 28 weeks
3066 1286 16 17 o
3086 1278 6 18 f
3106 1277 121 33 training
3248 1277 54 29 and
3324 1278 54 29 loss
3398 1288 15 19 o
3416 1279 11 14 r

2794 1310 74 28 time.
2906 1313 71 26 Over
2987 1317 101 30 twenty
3098 1324 79 25 years
3188 1324 50 23 ago
3248 1316 13 25 I
3272 1325 55 17 was
3337 1326 51 17 one
3398 1317 29 26 of

2794 1357 14 20 ;i
2826 1357 69 21 crew
2912 1349 89 31 which
3019 1351 63 29 took
3097 1359 59 28 part
3168 1352 28 29 in
3210 1352 47 29 the
3269 1349 38 38 fir
3320 1349 13 38 4
3346 1349 64 38 inter-

2795 1388 146 33 provincial
2953 1399 60 18 race
3026 1390 28 27 in
3070 1391 175 34 Wellington,
3259 1392 55 27 and
3327 1393 15 26 I
3356 1393 67 27 have

2799 1434 9 19 i
2838 1424 111 32 distinct
2979 1427 205 31 remembrance
3213 1429 31 31 of
3271 1429 46 31 the
3348 1433 76 35 petty

2793 1467 247 33 unsportsmanlike
3054 1467 100 34 dodges
3167 1470 66 34 they
3246 1470 69 26 tried
3337 1481 37 16 on
3396 1475 27 22 to

2793 1501 50 27 box
2855 1512 52 17 our
2918 1503 111 30 chance,
3043 1505 50 27 but
3106 1514 39 19 we
3165 1507 135 33 managed
3320 1509 28 24 to
3368 1507 54 35 pull

2793 1539 45 31 the
2862 1544 80 27 event
2967 1542 40 30 off
3028 1542 29 31 in
3082 1543 69 37 spite
3181 1543 72 31 their
3282 1543 141 32 obstacles.

2798 1580 50 26 The
2861 1581 76 26 clubs
2954 1582 30 26 of
3001 1583 47 26 the
3069 1589 110 27 present
3198 1584 55 35 day
3275 1594 101 25 appear
3397 1588 28 23 to

2791 1618 120 29 emulate
2923 1619 71 29 their
3006 1619 187 39 predecessors
3205 1622 31 28 of
3245 1631 16 20 a
3283 1622 96 37 couple
3399 1623 29 27 of

2791 1656 113 28 decades
2918 1667 59 24 ago.
3024 1660 14 26 I
3051 1669 116 27 suppose
3185 1661 47 27 the
3252 1661 173 35 atmosphere

2791 1694 29 28 of
2832 1694 166 34 Wellington
3011 1696 50 29 has
3074 1698 47 28 the
3134 1708 91 27 germs
3237 1698 33 30 of
3279 1708 145 20 meanness

2790 1743 104 28 among
2905 1735 36 29 its
2953 1741 188 31 components.

2912 1821 17 20 A
2947 1821 186 22 THREATENED
3152 1824 147 21 CALAMITY.

2826 1858 111 38 Among
2949 1860 46 28 the
3008 1862 137 35 promised
3160 1862 133 34 blessings
3305 1863 87 36 Yogel
3404 1863 22 28 is

2792 1901 27 24 to
2832 1897 66 29 shed
2912 1908 73 27 upon
2999 1900 54 29 this
3066 1900 120 36 glorious
3204 1902 105 36 colony,
3326 1906 28 25 to
3368 1912 43 26 pre-

2792 1940 64 23 vent
2881 1936 47 28 the
2952 1946 103 26 sponge
3081 1939 81 33 being
3187 1940 108 35 applied
3319 1940 42 28 for
3381 1941 45 26 the

2792 1981 115 29 purpose
2920 1974 30 29 of
2960 1975 206 39 extinguishing
3177 1985 50 20 our
3237 1977 68 29 little
3316 1987 92 19 encum-

2792 2011 122 35 brances,
2932 2014 24 27 is
2968 2015 47 28 the
3034 2015 113 29 Radical
3164 2016 94 28 notion
3278 2016 31 28 of
3323 2016 103 37 buying

2792 2058 37 27 up
2842 2050 46 28 the
2901 2051 73 33 large
2988 2055 101 26 estates
3106 2053 29 28 in
3154 2054 47 27 the
3214 2055 98 34 colony
3330 2055 68 28 with
3411 2065 15 18 a

2792 2087 68 30 view
2874 2088 31 30 of
2912 2088 124 38 dividing
3044 2091 78 30 them
3132 2091 59 30 into
3201 2093 81 28 small
3293 2093 133 38 holdings,

2792 2136 30 18 so
2834 2137 30 17 as
2882 2131 28 25 to
2923 2130 99 27 render
3034 2130 76 27 them
3130 2131 112 35 capable
3255 2132 31 27 of
3300 2133 126 34 carrying

2791 2173 17 18 a
2827 2164 84 28 much
2933 2164 90 37 larger
3041 2167 170 37 population.
3249 2168 28 29 It
3298 2169 24 28 is
3341 2174 48 24 not
3410 2180 15 18 a

2791 2213 62 19 new
2865 2203 70 34 idea,
2949 2204 49 30 but
3010 2206 30 28 in
3062 2206 45 30 Sir
3117 2206 100 30 Julius'
3232 2208 91 29 hands
3340 2210 23 28 it
3375 2219 50 18 can

2791 2241 33 28 be
2854 2243 81 27 made
2959 2246 29 25 to
3012 2244 64 28 look
3101 2248 48 25 not
3180 2246 66 37 only
3276 2255 71 24 new,
3377 2247 49 29 but

2790 2281 117 35 poetical
2920 2281 55 29 and
2985 2283 139 36 practical.
3161 2284 97 34 There,
3271 2294 36 20 on
3318 2285 46 29 the
3375 2296 51 20 one

2791 2318 66 33 side,
2870 2319 25 28 is
2907 2320 47 28 the
2967 2321 105 35 picture
3085 2322 31 27 of
3124 2322 47 28 the
3186 2323 137 28 immense
3335 2324 91 35 plains

2792 2356 63 30 held
2872 2356 43 31 for
2934 2357 47 31 the
3000 2357 101 32 benefit
3113 2359 31 30 of
3157 2359 47 31 the
3217 2360 62 36 few,
3293 2361 54 30 and
3359 2362 67 38 only

2790 2397 126 34 carrying
2936 2407 16 18 a
2973 2398 84 36 sheep
3075 2403 29 24 to
3117 2400 46 27 the
3176 2410 70 22 acre,
3265 2401 93 28 whilst
3377 2402 45 28 the

2790 2441 106 20 owners
2908 2443 46 19 are
2966 2435 101 37 rolling
3077 2436 83 36 along
3171 2437 30 28 in
3213 2437 72 28 their
3297 2439 111 37 magnifi-

2790 2477 64 25 cent
2867 2472 120 32 chariots
3007 2474 55 30 and
3081 2474 97 38 dining
3198 2486 37 20 on
3256 2477 84 30 turtle
3358 2488 68 28 soup

2790 2512 54 25 and
2854 2513 116 25 ortolan.
3017 2514 43 26 On
3068 2514 46 26 the
3122 2515 88 31 other,
3220 2516 47 26 the
3276 2516 150 28 thousands

2789 2547 31 30 of
2835 2548 135 39 capitalist
2989 2549 116 31 farmers
3122 2551 29 29 in
3176 2551 44 31 the
3241 2552 47 30 old
3311 2557 115 35 country

2789 2588 114 34 waiting
2921 2590 109 35 eagerly
3049 2591 42 26 for
3109 2601 17 17 a
3145 2591 104 28 chance
3269 2596 28 24 to
3316 2594 109 35 acquire

2790 2625 82 27 small
2892 2625 174 29 homesteads
3087 2628 28 27 in
3128 2628 47 29 the
3194 2630 108 34 colony,
3321 2631 54 26 and
3397 2636 28 23 to

2790 2662 80 30 make
2883 2672 15 20 a
2912 2663 82 30 home
3007 2664 54 29 and
3074 2665 108 30 fortune
3201 2666 42 30 for
3260 2667 165 31 themselves

2789 2702 55 28 and
2858 2703 71 28 their
2941 2704 132 36 posterity
3085 2705 30 28 in
3127 2705 55 29 this
3195 2706 109 29 radiant
3317 2708 107 29 Britain

2789 2740 31 28 of
2830 2740 46 29 the
2899 2741 98 34 South,
3011 2742 90 29 where
3113 2744 38 28 all
3168 2744 24 28 is
3215 2745 100 35 lovely,
3333 2745 91 30 where

2789 2780 122 28 taxation
2931 2780 56 28 and
3008 2780 140 30 landlords
3171 2783 55 28 and
3251 2793 113 27 parsons
3389 2785 35 28 do

2789 2822 50 24 nut
2851 2818 97 30 absorb
2962 2818 46 30 the
3022 2820 86 30 whole
3121 2821 31 29 of
3157 2832 16 18 a
3185 2824 90 27 man's
3284 2824 139 37 earnings,

2789 2857 55 26 and
2856 2858 91 27 where
2963 2858 74 28 there
3050 2860 24 27 is
3086 2861 125 28 absolute
3229 2862 49 35 joy
3291 2862 55 27 and
3359 2863 65 27 bliss

2789 2893 55 28 and
2864 2898 192 27 contentment
3074 2897 66 28 with
3159 2898 48 28 the
3218 2898 71 34 good
3309 2908 97 24 govern-

2787 2936 78 25 ment
2889 2933 129 37 provided
3043 2933 37 40 by
3109 2946 36 19 an
3170 2937 168 29 economical
3368 2938 56 30 and

2787 2971 150 36 far-seeing
2945 2973 139 37 ministry.
3121 2975 87 29 These
3216 2975 67 28 kind
3292 2977 31 27 of
3330 2977 93 34 things

2788 3009 87 28 sound
2895 3018 68 27 very
2983 3010 63 29 well
3066 3012 71 29 from
3158 3013 110 33 Vogel's
3289 3014 62 36 lips,
3373 3015 49 28 but

2787 3046 82 28 when
2882 3046 13 28 I
2909 3047 67 29 hear
2987 3048 43 28 his
3044 3051 129 33 speeches
3185 3052 16 26 I
3213 3052 71 26 h*ve
3296 3062 16 16 a
3325 3057 57 22 sort
3396 3053 30 26 of

2787 3083 178 37 impertinent
2977 3086 130 36 curiosity
3119 3092 29 23 to
3159 3087 65 27 read
3238 3087 123 29 between
3377 3089 46 27 the

2787 3121 80 35 lines,
2880 3122 114 30 because
3008 3123 12 28 I
3035 3123 69 30 have
3117 3135 16 18 a
3145 3125 48 28 sad
3206 3131 74 23 want
3302 3126 30 28 of
3348 3126 70 29 faith

2786 3160 30 29 in
2841 3160 47 30 the
2912 3162 105 37 gallant
3036 3163 121 34 knight's
3175 3164 148 37 loquacity.
3359 3166 62 28 And

2787 3199 29 27 in
2840 3199 56 29 this
2919 3210 62 18 case
3005 3202 15 27 I
3045 3203 65 27 read
3134 3204 156 33 something
3314 3205 28 26 in
3373 3205 47 27 the

2787 3236 139 38 following
2938 3238 86 38 style:
3043 3239 58 29 The
3113 3239 66 30 bulk
3198 3241 31 28 of
3239 3241 45 29 the
3297 3241 124 29 business

2787 3274 31 30 of
2827 3275 47 30 the
2887 3276 107 38 colony,
3008 3278 66 29 both
3087 3279 91 36 public
3196 3280 55 28 and
3271 3281 113 36 private,
3398 3282 23 27 is

2787 3314 104 29 carried
2910 3323 35 20 on
2966 3316 120 37 through
3109 3317 61 29 that
3192 3322 78 32 great
3290 3319 130 28 financial

2786 3351 156 32 institution
2966 3354 114 36 8.N.Z.,
3105 3356 54 30 and
3180 3357 36 29 its
3239 3358 110 29 various
3371 3358 36 30 off-

2786 3391 102 29 shoots.
2925 3393 35 28 In
2985 3403 35 26 ye
3029 3404 36 18 irs
3077 3404 70 25 gone
3171 3395 47 36 by,
3243 3398 80 27 when
3342 3399 77 28 trade

2786 3438 57 21 was
2865 3430 74 30 brisk
2959 3431 56 31 and
3039 3433 78 29 loans
3144 3433 80 38 being
3247 3435 173 37 distributed,

2786 3469 104 28 B.N.Z.
2910 3472 82 27 made
3013 3481 37 19 no
3062 3473 85 27 bones
3164 3474 84 28 about
3266 3476 156 35 advancing

2787 3514 101 32 money
2907 3517 36 20 on
2966 3518 75 27 runs,
3066 3510 93 37 farms,
3179 3512 86 36 stock,
3291 3522 79 31 crops
3394 3516 29 28 of

2786 3547 70 29 wool
2868 3553 49 24 not
2929 3553 47 31 yet
2989 3560 102 26 grown,
3104 3561 31 18 or
3147 3561 77 27 crops
3237 3554 30 27 of
3276 3554 78 34 grain
3373 3560 48 24 not

2786 3588 47 31 yet
2845 3594 85 25 sown,
2939 3587 144 28 saw-mills
3093 3598 31 17 or
3131 3593 140 29 steamers,
3281 3592 47 33 gin
3338 3592 84 35 shops

2787 3631 30 19 or
2840 3622 84 37 going
2947 3633 132 21 concerns
3109 3626 31 29 of
3166 3636 56 27 any
3246 3627 174 39 description.

2787 3660 37 28 Of
2841 3670 94 20 course
2955 3662 65 37 they
3041 3664 57 28 will
3119 3664 35 29 do
3175 3666 46 27 the
3243 3676 77 19 same
3341 3668 81 35 thing

2786 3708 70 25 now,
2877 3699 50 31 but
2949 3701 66 29 with
3029 3711 76 21 more
3123 3704 120 34 caution,
3257 3704 49 31 but
3323 3706 29 29 in
3374 3707 47 30 the

2786 3738 69 36 days
2867 3739 15 28 I
2895 3740 90 28 allude
2999 3746 37 28 to,
3049 3742 81 28 when
3140 3744 70 27 wool
3219 3754 57 18 was
3283 3754 15 18 a
3309 3745 112 36 shilling

2785 3777 122 35 a-ponnd
2921 3787 30 18 as
2963 3779 106 34 against
3081 3779 144 37 fourpence
3247 3791 71 25 now,
3330 3784 22 27 it
3364 3793 56 19 was

2784 3823 67 29 very
2863 3815 69 30 little
2945 3816 106 30 trouble
3069 3817 42 30 for
3129 3828 17 19 a
3163 3823 124 33 squatter
3305 3826 28 24 to
3351 3821 68 39 drop

2784 3854 59 27 into
2857 3855 47 27 the
2918 3855 79 28 Bank
3010 3857 92 35 parlor
3121 3858 56 27 and
3199 3863 45 30 get
3257 3869 15 18 a
3286 3859 45 34 big
3344 3870 60 18 over-

2785 3890 73 31 draft
2877 3902 32 19 or
2928 3902 16 19 a
2965 3894 46 36 big
3029 3894 63 29 loan
3117 3904 36 20 on
3175 3902 159 32 mortgage;
3353 3908 31 19 as
3404 3909 14 19 a

2784 3935 102 25 matter
2897 3932 31 28 of
2935 3932 55 29 fact
3003 3932 45 29 the
3061 3934 104 29 urbane
3187 3944 131 28 manager
3338 3938 81 28 could

2784 3972 48 25 not
2856 3968 33 30 be
2913 3974 46 24 too
2979 3971 130 35 obliging.
3146 3972 36 29 So
3206 3974 65 36 long
3293 3984 31 19 as
3349 3976 70 29 wool

2784 4008 140 29 remained
2946 4012 29 26 at
2996 4019 15 19 a
3031 4009 113 39 shilling
3154 4010 48 31 the
3221 4013 120 39 security
3361 4024 57 19 was

2783 4047 80 34 good,
2886 4047 57 34 but,
2968 4048 207 39 unfortuuately
3196 4051 42 28 for
3259 4052 65 29 both
3345 4053 73 28 bank

2783 4084 56 28 and
2858 4089 131 32 squatter,
3002 4087 70 28 wool
3090 4088 56 33 fell,
3165 4088 55 28 and
3241 4090 177 38 persistently

2783 4121 66 39 kept
2872 4132 35 19 on
2931 4124 105 38 falling,
3060 4126 56 28 and
3141 4127 67 29 then
3229 4128 47 28 the
3299 4134 119 33 security

2783 4160 88 36 began
2884 4167 28 23 to
2924 4172 108 19 assume
3044 4172 16 19 a
3072 4165 94 28 rather
3184 4166 74 36 fishy
3276 4167 72 33 look,
3361 4169 56 27 and

2783 4198 114 34 8.N.Z.,
2927 4209 30 20 or
2982 4200 45 29 the
3053 4202 78 28 Loan
3160 4203 55 28 and
3246 4203 170 37 Mercantile,

2783 4237 91 30 which
2887 4238 23 30 is
2924 4248 16 20 a
2953 4244 57 25 sort
3022 4240 30 29 of
3063 4245 110 33 partner
3184 4242 29 28 in
3227 4243 45 29 the
3282 4238 133 41 business,

2783 4276 49 30 but
2853 4277 36 37 by
2911 4287 36 21 no
2968 4289 96 19 means
3085 4290 17 18 a
3127 4281 93 36 sleepy
3244 4292 60 24 one,
3326 4283 49 29 felt
3394 4285 23 28 it

2783 4316 144 34 expedient
2956 4320 29 24 to
3017 4318 109 27 caution
3157 4327 135 28 economy
3316 4324 28 24 to
3368 4322 47 27 the

2783 4356 145 33 squatters,
2941 4354 81 28 while
3036 4355 102 29 B.N.Z.
3152 4356 91 37 parlor
3260 4357 155 31 interviews

2783 4391 111 30 became
2907 4393 93 29 rather
3009 4393 53 29 less
3070 4394 121 30 cheerful
3199 4395 67 29 than
3275 4396 28 28 in
3315 4397 100 29 former

2782 4429 76 37 days,
2881 4431 54 27 and
2949 4431 65 28 then
3028 4432 47 28 the
3087 4432 74 29 bank
3178 4433 86 29 found
3281 4436 23 26 it
3322 4445 75 19 neces-

2782 4478 63 28 sary
2869 4472 28 27 to
2921 4470 113 38 appoint
3057 4472 169 37 supervisors
3246 4483 65 20 over
3337 4475 76 29 these

2781 4512 110 30 estates,
2904 4509 64 33 and,
2982 4515 28 23 to
3022 4511 75 27 work
3110 4511 75 28 them
3203 4516 28 24 to
3250 4513 162 37 advantage,

2780 4549 51 34 put
2848 4547 73 28 their
2940 4556 62 19 own
3022 4556 64 20 men
3109 4552 27 25 to
3154 4549 62 28 look
3237 4551 70 28 after
3325 4552 87 34 them,

2780 4584 91 30 whilst
2883 4585 48 30 the
2949 4586 123 30 nominal
3084 4596 106 21 owners
3208 4598 70 21 were
3297 4589 115 32 allowed

2780 4633 30 18 so
2823 4624 82 28 much
2919 4635 95 25 a-year
3025 4628 28 26 to
3065 4626 69 35 keep
3144 4636 36 26 up
3192 4636 37 18 an
3241 4638 170 26 appearance
3425 4624 1 46 j

2780 4661 31 27 of
2836 4662 202 35 respectability
3067 4663 54 27 and
3150 4665 107 27 remain
3288 4668 124 27 nominal

2778 4699 74 35 only.
2889 4700 82 27 From
2985 4710 16 18 a
3013 4700 209 30 well-informed
3243 4704 141 37 authority
3396 4706 15 27 I

2779 4736 67 29 hear
2858 4737 30 29 of
2907 4737 83 30 about
3008 4748 52 19 one
3078 4739 126 30 hundred
3224 4742 56 27 and
3298 4752 82 19 seven
3384 4753 27 28 ly

2778 4776 73 35 large
2864 4779 100 26 estates
2976 4777 28 28 in
3017 4777 55 29 this
3085 4777 38 29 fix
3140 4778 30 29 in
3183 4779 46 28 the
3242 4782 129 35 province
3384 4783 31 27 of

2779 4814 170 37 Canterbury
2963 4816 87 27 alone.
3088 4817 78 34 Now,
3180 4817 132 39 although
3336 4821 75 28 these

2778 4857 100 25 estates
2899 4863 68 27 vary
2988 4856 164 37 immensely
3170 4856 29 29 in
3218 4858 64 34 6ize,
3304 4859 107 37 quality

2778 4892 54 27 and
2846 4892 149 35 producing
3016 4903 100 26 power,
3136 4894 47 29 the
3203 4904 76 21 same
3300 4899 111 33 general

2777 4930 146 39 principles
2953 4930 80 31 affect
3062 4932 77 30 them
3173 4931 30 32 in
3233 4934 48 30 the
3311 4939 100 27 matter

2778 4969 86 29 under
2884 4970 210 36 consideration,
3114 4982 31 19 so
3169 4974 15 28 I
3208 4975 57 29 will
3286 4976 62 28 take
3373 4987 35 18 an

2777 5017 114 26 average
2905 5018 61 19 case
2978 5013 28 24 to
3025 5010 77 28 show
3123 5012 74 27 what
3219 5012 52 28 bad
3291 5015 118 35 security

2777 5045 103 30 B.N.Z.
2905 5046 59 29 has.
3000 5047 90 30 Three
3109 5052 57 26 star
3187 5059 53 20 run
3264 5061 65 25 was,
3354 5053 54 28 and

2776 5087 152 36 nominally
2952 5087 32 33 is,
3006 5087 47 29 the
3075 5094 128 31 property
3225 5091 30 27 of
3274 5092 45 27 the
3342 5091 64 29 lion.

2776 5124 139 36 Augustus
2937 5125 128 37 Spooner,
3088 5127 54 28 and
3164 5129 124 29 contains
3313 5131 96 30 50,000

2775 5172 77 19 acres
2872 5164 28 28 of
2921 5165 51 27 fair
2990 5165 66 28 land
3076 5166 111 35 capable
3206 5167 28 28 of
3254 5169 126 35 carrying
3392 5179 16 18 a

2775 5201 84 37 sheep
2872 5205 29 25 to
2913 5202 47 29 the
2973 5212 69 19 acre.
3077 5204 79 27 After
3168 5205 46 28 the
3229 5206 179 38 preliminary

2775 5249 130 27 expenses
2918 5241 31 28 of
2958 5241 125 36 stocking
3091 5242 47 28 the
3148 5252 61 23 run,
3222 5244 118 33 fencing,
3351 5247 55 32 &c.,

2774 5278 47 28 the
2841 5278 65 29 hon.
2927 5279 140 37 Augustus
3086 5279 55 29 had
3164 5281 55 28 laid
3239 5285 49 25 out
3305 5282 38 29 all
3363 5284 44 28 his

2773 5316 75 34 cash,
2861 5317 49 29 but
2921 5317 35 29 he
2977 5317 55 29 had
3044 5327 17 19 a
3072 5322 48 24 net
3138 5318 117 36 income,
3274 5320 66 30 with
3359 5323 47 29 the

2773 5355 68 28 then
2865 5355 66 35 high
2952 5356 73 35 price
3049 5357 30 28 of
3099 5358 78 31 wool,
3203 5358 29 28 of
3254 5369 49 26 say
3317 5362 91 27 '6ooo

2775 5402 102 27 a-year,
2891 5393 55 28 and
2958 5393 71 29 from
3042 5395 67 28 time
3121 5398 28 25 to
3163 5397 66 28 time
3243 5397 104 37 bought
3359 5399 47 29 the

2773 5432 123 28 freehold
2921 5433 29 28 of
2980 5433 47 28 the
3051 5433 158 30 homestead
3238 5437 56 28 and
3324 5438 82 37 fancy

2774 5468 93 28 blocks
2880 5473 29 24 at
2919 5470 47 27 the
2980 5471 186 28 Government
3185 5477 58 24 rate
3262 5475 30 26 of
3308 5476 39 27 2
3359 5485 49 27 per

2774 5516 69 25 acre,
2856 5506 72 32 until
2947 5507 34 31 he
2994 5508 54 30 had
3061 5508 46 31 the
3120 5519 51 21 run
3191 5512 126 38 properly
3334 5515 57 35 grid-

2773 5546 103 28 ironed.
2913 5548 46 26 He
2983 5548 67 27 then
3074 5548 70 29 built
3168 5560 16 18 a
3208 5556 73 23 town
3312 5553 94 34 house,

2774 5588 41 24 set
2827 5593 37 27 up
2877 5593 16 19 a
2905 5585 94 34 racing
3018 5586 96 33 stabjie,
3135 5587 56 29 and
3212 5590 81 28 made
3314 5600 37 28 up
3364 5592 42 29 his

2773 5623 78 27 mind
2865 5626 27 24 to
2905 5624 80 35 enjoy
2999 5623 53 29 life.
3089 5626 39 26 To
3140 5626 35 28 do
3188 5628 37 27 all
3237 5628 55 29 this
3305 5629 33 29 he
3352 5632 53 27 had

2774 5663 27 26 to
2815 5660 181 38 hypothecate
3010 5667 53 24 two
3076 5672 31 19 or
3124 5664 77 28 three
3215 5675 80 28 years
3312 5668 53 39 clip
3378 5670 27 28 in

2774 5699 130 35 advance,
2919 5701 54 28 and
2994 5701 75 35 then,
3090 5706 27 26 to
3131 5703 42 29 his
3192 5705 104 35 horror,
3309 5718 15 18 a
3346 5719 45 19 new-

2774 5738 69 28 class
2873 5739 30 27 of
2930 5741 95 35 people
3055 5741 88 35 began
3172 5748 30 22 to
3231 5745 99 29 invade
3359 5749 47 27 the

2775 5776 113 37 colony;
2919 5777 66 36 they
3022 5788 69 19 were
3131 5781 87 28 called
3253 5784 153 32 cockatoos.

2774 5815 87 28 These
2871 5816 196 36 objectionable
3079 5818 103 29 fellows
3192 5821 54 28 had
3257 5832 35 19 no
3303 5830 105 30 respect

2775 5853 41 28 for
2838 5854 45 27 the
2906 5854 133 36 pioneers,
3053 5865 30 19 as
3101 5857 46 29 the
3166 5865 136 30 squatters
3321 5863 86 30 called

2774 5892 173 34 themselves,
2973 5894 48 28 but
3043 5894 105 38 bought
3171 5898 65 28 land
3255 5902 75 33 right
3351 5906 55 28 aal

3466 235 46 27 left
3524 245 34 17 on
3573 235 47 28 the
3634 245 74 23 runs,
3723 236 40 28 till
3777 237 46 28 the
3837 238 6 27 l
3853 243 72 28 itter,
3937 245 27 25 to
3975 252 122 27 preserve

3466 274 44 28 the
3524 274 114 32 nselves,
3665 275 53 27 had
3743 281 28 23 to
3796 276 56 37 buy
3876 279 72 30 their
3972 282 127 34 holdings

3464 314 131 33 outright,
3609 314 53 26 tui'l
3678 319 27 22 to
3718 315 106 27 borrow
3838 318 45 26 the
3906 329 100 27 money
4019 330 26 21 to
4064 326 35 27 do

3466 352 27 25 it.
3533 351 77 30 Now,
3633 351 95 35 plenty
3747 353 30 25 of
3795 353 53 26 this
3873 355 74 35 land,
3966 360 132 38 although

3469 399 45 23 ,'oo
3524 389 7 28 1
3546 389 109 35 enough
3670 392 27 27 to
3711 400 74 23 grow
3799 393 67 29 wool
3881 404 34 20 011
3936 400 28 26 at
3977 408 16 20 a
4011 402 88 29 rental

3470 430 174 31 lftwo.jence
3667 440 46 25 }ier
3734 442 71 22 acre,
3824 443 56 18 was
3900 445 31 18 ve
3945 447 20 25 y
3986 438 65 29 dear
4071 445 28 25 at

3482 468 3 43 -
3488 470 23 28 2,
3525 468 54 26 and
3594 468 66 27 with
3675 469 46 27 the
3734 469 102 29 advent
3848 472 31 27 of
3894 473 46 29 the
3959 476 138 35 cockatoo,

3464 507 44 27 the
3523 505 46 29 old
3583 506 79 28 breed
3676 509 31 26 of
3715 514 137 30 squatters
3866 520 64 28 may
3948 513 31 29 be
3998 516 38 28 sai
4047 518 8 27 I
4071 524 27 22 to

3462 544 69 28 have
3544 555 69 24 gone
3629 551 26 21 to
3670 546 46 26 the
3730 548 70 27 will.
3837 549 57 28 But
3912 559 72 22 most
4005 556 30 27 of
4054 557 44 28 the

3462 591 66 19 runs
3553 592 70 18 were
3650 582 113 36 bought,
3786 586 54 29 and
3866 590 68 28 wool
3955 591 96 40 falling
4071 596 26 29 in

3472 624 61 27 >rice
3558 623 117 34 brought
3696 625 84 29 about
3802 626 46 30 the
3867 633 69 26 state
3958 633 31 28 of
4007 635 93 36 things

3466 663 84 25 .vhich
3565 663 69 26 exist
3647 668 27 21 at
3688 669 117 28 present.
3843 667 58 27 The
3916 669 63 27 hon.
3993 673 86 32 Augus-

3463 706 43 20 tus
3520 701 123 35 Spooler
3659 700 52 27 bad
3725 706 28 23 to
3762 701 67 38 keep
3840 713 35 18 on
3887 705 212 36 borrowin<*and

3464 739 189 33 interviewing
3667 739 45 28 the
3724 740 111 34 banker,
3848 744 60 28 who
3919 745 59 29 first
3987 749 112 30 advised

3464 779 44 24 the
3523 776 208 29 abandonment
3744 779 31 26 of
3786 779 45 28 the
3845 783 94 33 racing
3948 785 71 31 stud,
4033 788 66 28 then

3469 826 7 16 1
3491 814 46 27 bill
3566 815 29 27 of
3613 816 56 27 sale
3695 825 65 19 over
3780 817 46 28 the
3845 818 83 39 sheep
3949 824 55 28 and
4024 826 77 29 other

3462 852 85 31 stock,
3563 852 54 28 and
3632 863 65 18 over
3712 855 45 27 the
3771 856 183 36 implements,
3968 863 53 26 and
4035 873 64 19 over

3462 891 45 27 the
3522 890 134 30 furniture
3671 892 27 28 in
3713 893 46 29 the
3773 899 72 25 town
3861 896 93 36 house,
3965 901 54 28 and
4032 903 66 29 then

3466 930 105 27 tdvised
3593 931 47 26 the
3653 934 192 33 appointment
3864 937 30 25 of
3909 946 16 18 a
3944 947 65 19 man
4031 941 68 36 they

3462 967 34 28 ha
3504 967 11 28 1
3530 969 26 26 in
3570 968 73 29 their
3655 979 49 26 eye
3719 980 29 18 as
3761 979 133 30 manager
3905 976 31 27 of
3951 976 45 29 the
4010 977 87 32 Throe

3462 1008 63 29 Star
3537 1013 94 29 estate,
3645 1010 54 28 and
3719 1010 46 29 the
3785 1013 177 31 unfortunate
3976 1018 121 36 Spooner

3461 1047 106 31 iinding
3580 1047 61 28 that
3653 1049 46 26 the
3710 1051 214 29 encumbrances
3934 1064 36 17 on
3979 1044 41 39 his
4030 1066 67 19 once

3463 1084 123 28 valuable
3612 1092 129 32 property
3767 1097 69 20 were
3858 1091 80 36 equal
3960 1099 28 23 to
4013 1104 68 21 some-

3462 1124 78 30 thing
3553 1123 53 27 like
3621 1125 28 27 i!
3649 1125 29 27 10
3690 1135 34 18 an
3733 1136 70 24 acre,
3815 1138 54 18 was
3879 1130 14 27 f
3898 1131 37 27 tin
3948 1136 27 23 to
3987 1133 110 30 become

3460 1171 16 17 a
3488 1162 117 34 grateful
3627 1165 146 34 pensioner
3792 1166 30 29 of
3840 1167 114 37 8.N.Z.,
3975 1175 28 25 at
4026 1174 73 29 X'4oo

3460 1211 103 24 it-year,
3584 1202 66 28 with
3673 1213 16 17 a
3709 1204 87 28 house
3816 1208 27 24 in
3859 1212 73 23 town
3953 1216 27 19 to
3995 1211 51 27 live
4060 1215 37 30 in,

3463 1237 52 27 ;ind
3530 1241 27 23 to
3570 1238 35 27 do
3619 1239 45 27 the
3679 1240 113 34 bidding
3803 1244 31 27 of
3843 1244 42 28 his
3895 1247 164 37 proprietors
4069 1251 29 28 in

3460 1275 43 30 his
3514 1277 77 36 place
3604 1277 28 29 in
3645 1279 175 35 parliament.

3599 1362 91 23 VOGEL
3709 1364 33 21 TO
3763 1366 56 22 THE
3839 1367 115 24 RESCUE.

3495 1402 58 26 The
3577 1403 104 27 Bank's
3706 1414 149 21 resources,
3885 1409 73 37 large
3990 1412 105 30 though

3462 1438 64 39 tliey
3539 1451 54 24 ate,
3607 1442 79 30 could
3700 1450 48 23 not
3767 1446 80 30 staud
3860 1447 47 31 the
3921 1452 86 28 strain
4026 1454 29 28 of
4065 1465 31 19 so

3463 1489 83 23 many
3559 1484 150 30 properties
3721 1484 96 33 falling
3834 1487 59 26 into
3907 1489 70 26 their
3995 1491 99 33 hands,

3462 1523 29 19 so
3515 1516 67 37 they
3605 1517 69 29 have
3699 1519 40 28 for
3758 1530 76 20 some
3858 1523 67 30 time
3945 1530 62 34 past
4026 1527 68 32 been

3462 1554 103 35 issuing
3584 1555 162 33 debentures
3767 1562 28 27 in
3810 1562 115 31 London
3946 1571 28 23 at
3993 1569 34 33 6
4048 1579 48 25 per

3462 1599 79 27 cent.;
3563 1595 48 26 but
3624 1596 75 28 these
3711 1597 74 36 large
3798 1604 100 26 estates
3907 1612 46 20 are
3961 1613 16 19 a
3988 1606 107 29 terrible

3462 1631 75 29 drain
3552 1641 72 28 upon
3638 1634 86 35 them,
3744 1637 54 29 and
3819 1639 66 38 tliey
3906 1640 55 30 had
3982 1647 28 25 to
4032 1655 47 18 con-

3462 1677 68 21 trive
3543 1680 76 19 some
3633 1673 128 30 schedule
3775 1680 27 23 to
3814 1681 45 29 get
3871 1679 76 28 these
3957 1686 137 26 extensive

3463 1708 77 30 lands
3569 1710 152 31 redeemed.
3770 1714 40 29 To
3840 1716 62 30 take
3932 1719 47 29 the
4008 1726 87 26 estate

3463 1749 156 29 mentioned
3652 1751 94 30 above.
3784 1754 27 29 It
3840 1758 95 28 stands
3965 1760 28 26 in
4023 1762 73 28 their

3462 1786 83 28 books
3565 1792 28 23 at
3615 1788 57 30 .lO
3685 1799 47 27 per
3749 1801 71 20 acre.
3857 1795 42 28 Its
3917 1798 88 33 value,
4026 1800 68 29 with

3463 1826 67 27 wool
3544 1829 28 24 at
3586 1826 145 37 fourpence
3745 1840 47 26 per
3805 1832 44 34 lb.,
3862 1835 23 26 is
3901 1839 45 24 ten
3960 1837 134 35 shillings.

3465 1863 68 27 How
3547 1864 66 28 theu
3626 1865 22 27 is
3662 1866 55 28 this
3730 1870 160 29 murderous
3902 1873 145 39 deficiencj
4048 1863 4 49 7
4066 1882 28 23 to

3462 1901 31 28 be
3514 1903 80 28 made
3613 1913 36 27 up
3661 1905 13 28 ?
3711 1906 87 30 There
3818 1909 23 28 is
3863 1912 65 34 only
3949 1924 52 18 one
4024 1925 69 22 way-

3464 1940 83 33 Vogel
3561 1941 23 26 is
3596 1946 93 28 great;
3709 1943 167 31 Parliament
3889 1950 22 24 is
3924 1951 104 34 pliant;
4047 1953 48 28 the

3462 1981 115 33 country
3591 1982 88 26 wants
3690 1982 127 38 settling;
3836 1986 116 31 another
3968 1994 45 24 ten
4032 1991 46 29 mil-

3464 2016 55 28 lion
3540 2017 63 27 loan
3624 2018 56 29 will
3699 2026 41 22 set
3753 2032 75 19 more
3850 2035 101 27 money
3971 2030 110 28 circulat-

3463 2054 48 35 ing
3520 2062 7 25 ;
3546 2054 64 28 land
3624 2056 54 28 will
3691 2061 175 33 temporarily
3879 2065 51 28 rise
3949 2066 29 27 in
3997 2067 78 29 value
4087 2076 8 27 ;

3464 2101 74 21 more
3546 2093 172 36 immigrants
3725 2099 55 28 will
3790 2101 88 30 arrive
3890 2112 7 25 ;
3916 2104 47 29 the
3974 2107 103 29 Govern-

3464 2137 76 22 ment
3551 2133 90 35 policy
3654 2144 24 17 is
3690 2139 28 23 to
3730 2136 56 36 buy
3800 2148 35 26 up
3848 2142 47 25 the
3916 2145 42 32 big
3977 2149 99 24 estates
4087 2154 8 24 ;

3463 2168 46 28 the
3522 2176 187 31 pioperty-tax
3723 2174 153 33 valuations
3888 2188 47 21 are
3949 2180 65 38 high
4026 2191 7 27 j
4052 2192 41 21 we

3462 2207 55 29 will
3547 2209 49 28 sell
3627 2216 28 23 at
3691 2213 62 29 that
3782 2217 82 34 price,
3895 2228 31 18 or
3954 2224 142 26 nominate

3463 2246 138 29 valuators
3619 2249 28 26 in
3660 2258 50 19 our
3721 2252 123 35 interest,
3856 2256 55 28 and
3931 2258 46 29 the
3996 2260 98 35 colony

3462 2284 56 29 will
3532 2285 62 29 take
3616 2287 45 29 the
3680 2289 65 29 land
3758 2293 54 28 and
3829 2293 56 30 free
3904 2305 31 19 lis
3955 2297 69 29 from
4045 2309 50 19 our

3461 2322 55 28 bad
3546 2333 56 19 11101
3607 2329 101 29 tgages.
3745 2329 80 33 That,
3853 2341 48 27 my
3931 2336 110 33 friends,
4072 2340 24 26 is

3462 2362 74 28 what
3550 2362 13 28 I
3575 2362 65 31 read
3653 2363 121 34 between
3787 2369 47 31 the
3846 2371 69 31 lines
3934 2373 29 30 in
3986 2375 110 29 Wei's

3462 2401 143 29 Auckland
3618 2406 107 32 speech.

3943 2449 116 31 Korari.

3486 2510 208 36 [Continuation
3706 2518 31 26 of
3748 2520 89 31 News,
3852 2530 43 19 see
3913 2524 49 25 4th
3976 2525 92 33 Page.l

1332 74 117 41 THIS
1522 77 181 39 LYKLL
1757 77 187 44 TIMES,
2000 77 309 52 SATURDAY,
2368 81 192 44 MARCH
2616 101 54 37 27,
2734 91 100 38 18S6.

297 196 118 32 Public
438 197 150 32 Notices.

278 278 338 36 NOTIFICATION.

386 493 111 22 MKSSRS.

129 530 228 56 lIALLIiN
369 534 172 54 STEIN
595 535 160 55 BROS.

146 598 96 32 Desire
255 607 27 24 to
295 602 100 30 inform
410 604 46 29 the
470 605 132 29 residents
616 606 30 29 of

196 642 54 26 and
263 642 184 35 surrounding
459 644 119 27 districts
596 645 60 27 that
675 656 15 16 a

163 686 225 30 RETAIL
482 689 242 31 BRANCH

385 735 34 20 OF
437 736 56 19 THE

263 771 113 39 NEW
399 772 222 39 ZEALAND

128 823 304 78 Clothing
462 826 296 77 Factory

360 922 60 21 hah
442 923 79 22 been

127 964 139 54 Opened
284 963 36 42 in
348 964 87 42 New
463 964 189 54 Buildings
672 978 85 29 near

190 1021 146 50 Empire
363 1022 117 45 Hotel,
508 1023 180 49 Westport.

249 1126 44 28 All
318 1126 91 29 Goods
433 1131 28 24 at
486 1127 117 37 Factory
622 1127 99 28 Trices.

125 1203 43 27 All
183 1205 108 27 Gooods
303 1214 46 18 are
364 1204 111 28 Marked
494 1205 28 27 in
545 1206 77 27 Plain
644 1206 111 34 Figures

422 1242 41 30 for

126 1289 74 40 fgf
217 1289 143 36 NETT
401 1289 135 37 CASH
584 1291 171 36 ONLY!

124 1373 61 33 Any
199 1373 92 27 article
312 1373 162 36 purchased,
488 1374 53 27 and
555 1378 49 24 not
617 1375 137 35 approved

124 1410 34 32 of,
185 1409 53 30 will
263 1410 33 30 he
320 1411 158 36 exchanged
503 1412 66 30 with
602 1412 46 30 the
679 1421 76 21 same

123 1456 128 29 coartesy
265 1451 64 28 with
345 1452 87 27 which
446 1457 21 23 it
480 1462 55 18 was
554 1453 67 31 sold,
635 1463 31 17 or
677 1453 23 27 if
709 1453 30 28 de-

183 1488 70 26 sired
266 1488 46 27 the
326 1497 99 25 money
439 1489 55 26 will
508 1489 31 27 be
552 1489 138 27 returned.

123 1523 58 31 The
196 1534 107 23 success
316 1526 90 31 which
420 1526 51 31 has
484 1527 127 30 attended
625 1527 46 31 the
687 1527 67 32 New

158 1566 119 27 Zealand
303 1567 130 32 Clothing
457 1568 141 34 Factory's
629 1568 91 27 Retail

192 1602 141 30 Branches
356 1604 27 28 in
416 1604 138 34 Dunedin,
581 1604 89 30 Christ-

226 1642 113 30 church,
366 1644 175 33 Wellington,
562 1644 69 28 Auck-

259 1680 75 35 land,
348 1681 54 29 and
420 1681 79 29 other
519 1685 97 32 towus,

289 1721 75 30 leads
370 1722 46 28 the
423 1722 163 36 proprietors

329 1766 28 22 to
371 1760 101 28 believe
486 1761 59 28 that

356 1798 76 30 there
438 1799 83 29 exists

430 1848 17 18 a

120 1888 249 40 Praiseworthy
381 1889 110 33 desire
503 1899 45 23 on
558 1891 58 32 the
628 1893 78 36 part
718 1891 37 31 of

168 1932 59 31 the
239 1933 116 38 public
367 1935 37 29 to
416 1939 190 34 encourage
618 1936 86 31 New

249 1978 152 33 Zealand
423 1980 201 33 Industries.

119 2027 156 36 Especially
289 2029 90 28 where
392 2030 123 37 superior
526 2030 166 34 advantages
705 2042 45 20 are

153 2065 110 33 offered,
277 2067 54 29 and
349 2076 70 29 your
431 2073 112 34 support
557 2071 22 29 is
592 2070 123 32 solicited

221 2115 35 18 on
271 2107 53 28 this
343 2108 216 35 understanding
571 2110 75 35 only.

208 2157 36 33 T.
263 2156 438 48 BLENNERHASSETT,

315 2206 132 33 Manager
459 2206 140 36 Westport
611 2208 119 29 Branch.

117 2279 155 30 Wholesale
287 2281 96 29 Stocks
395 2285 29 25 to
437 2282 82 29 select
532 2284 69 27 lrom
613 2283 28 29 in
655 2284 36 29 all
700 2294 49 19 our

117 2318 150 30 Branches.
305 2320 85 28 NOW
409 2321 109 33 OPEN,
543 2322 54 27 and
616 2322 47 29 the
682 2323 67 37 only

262 2357 112 32 address
387 2360 28 28 in
428 2359 140 39 Westport
579 2361 23 30 is

117 2409 87 36 New
213 2410 179 49 Buildings
402 2422 85 27 near
495 2413 140 46 Empire
644 2414 105 37 Hotel

3619 2593 137 40 Mining
3781 2598 152 33 Notices.

3462 2667 146 32 UNITED
3633 2672 113 31 ITALY
3774 2676 148 37 QUARTZ
3948 2681 144 32 MINING

3578 2725 189 36 COMPANY,
3786 2730 174 32 UMITLD.

3586 2829 157 39 SHARES,
3765 2836 165 39 numberiug
3950 2840 70 29 from
4036 2843 14 27 1
4064 2846 28 26 to

3553 2883 104 31 24,000,
3666 2884 218 31 FORFEITED
3895 2890 119 36 through
4022 2902 51 18 non-

3457 2938 131 31 payment
3600 2934 30 29 of
3640 2945 55 27 any
3709 2937 104 36 CALL,
3826 2941 55 29 will
3899 2941 33 30 be
3946 2944 94 29 SOLD
4055 2946 36 37 by

3456 2984 140 30 PUBLIC
3606 2987 164 30 AUCTION
3777 2996 30 23 at
3814 2992 48 28 Mr
3869 2993 77 29 John
3956 2996 133 30 Munro's

3455 3035 119 30 Auction
3596 3038 82 35 Mart,
3701 3041 144 38 Westport,
3871 3055 36 19 on
3932 3047 156 35 FRIDAY,

3455 3085 48 28 the
3515 3087 47 27 9th
3576 3088 54 36 day
3643 3090 30 27 of
3681 3092 125 35 APRIL,
3817 3096 75 33 1886,
3905 3101 29 24 at
3946 3100 16 25 3
3975 3101 115 31 o'clock,

3455 3145 78 29 p.m.,
3547 3139 93 30 unless
3651 3142 156 39 previously
3819 3147 152 30 redeemed.

3700 3195 123 31 JAMES
3847 3199 142 36 INGLIS,

3912 3251 141 40 Manager.

3490 3295 89 36 Lyell,
3592 3298 65 28 27th
3672 3298 105 34 March,
3791 3303 76 27 1883.

3461 3424 27 3 __
3633 3380 119 32 Public
3769 3384 155 33 Notiies.

3507 3587 156 29 DULLER
3681 3590 152 30 COUNTY
3854 3594 174 31 COUNCIL.

3459 3691 207 32 ITIENDERS
3694 3703 47 22 are
3770 3695 163 33 INVITED
3965 3700 43 30 for
4043 3702 45 31 the

3545 3746 197 29 ERECTION
3767 3750 30 27 of
3818 3760 16 17 a
3857 3751 104 29 WIRE
3989 3755 99 29 ROPE

3455 3802 91 21 across
3559 3796 46 29 the
3619 3798 94 29 Buller
3726 3800 84 29 River
3823 3808 27 22 at
3863 3803 87 37 Lyell.

3489 3900 82 30 Plans
3583 3902 55 30 and
3661 3905 198 37 specifications
3881 3911 28 27 to
3930 3909 33 30 be
3983 3920 64 20 seen
4060 3916 28 26 at

3455 3951 44 28 Mr
3513 3954 103 28 Fennel
3620 3956 32 28 l's
3664 3965 80 25 store,
3759 3960 86 35 Lyell.

3487 4057 179 32 TENDERS
3698 4062 118 30 CLOSE
3842 4069 28 25 at
3895 4067 47 28 the
3972 4069 115 30 Council

3452 4108 161 38 Chambers,
3649 4113 148 39 Westport,
3834 4120 29 26 at
3898 4119 113 35 NOON,
4050 4132 37 19 on

3453 4161 208 37 SATURDAY,
3676 4167 50 28 3rd
3737 4168 126 30 APBIL.

3485 4267 58 29 The
3565 4269 96 31 lowest
3682 4281 31 20 or
3732 4281 57 29 any
3807 4275 97 30 tender
3924 4283 49 24 not
3992 4288 76 20 neces-

3450 4320 83 35 sarily
3544 4323 139 34 accepted.

3580 4372 162 34 EUGENE
3760 4376 28 32 J.
3810 4379 168 37 O'CONOR,

3765 4426 110 36 County
3888 4428 159 29 Chairman.

3637 4511 227 33 NOTICE

3450 4586 302 61 Subscription
3771 4591 85 30 list
3874 4592 29 30 in
3924 4594 46 30 aid
3987 4595 32 30 of
4033 4596 46 30 the

3531 4626 67 28 fund
3621 4628 43 26 for
3687 4630 47 26 the
3758 4631 209 30 establishment
3991 4635 31 28 of
4042 4645 37 18 an

3446 4662 188 29 HOSPITAL
3647 4664 27 27 in
3687 4665 80 36 Lyell

3447 4709 125 30 Newton
3589 4711 77 29 Flat
3685 4713 59 36 (per
3767 4714 101 30 Messrs
3888 4717 115 31 Perkins
4024 4720 55 28 and

3699 4751 126 39 Neville.)

4012 4805 21 19 s.
4052 4797 27 29 d.

3445 4824 31 29 C.
3490 4825 107 30 Neville
3961 4835 68 28 10
4062 4838 17 27 0

3445 4864 33 32 R,
3493 4865 114 29 Perkins
3960 4875 69 28 10
4062 4878 17 26 0

3445 4903 90 28 David
3549 4904 73 27 Moir
3961 4912 68 28 10
4062 4915 17 26 0

3443 4941 90 30 Adam
3549 4941 83 31 Malir
3962 4951 67 30 10
4062 4954 17 28 0

3443 4981 97 28 James
3553 4982 109 29 Hutton
3960 4991 68 28 10
4062 4995 17 25 0

3443 5019 44 26 W.
3502 5019 114 28 Watson
3960 5029 68 28 10
4061 5031 18 27 0

3444 5056 52 29 Lin
3511 5058 52 28 Ket
3956 5067 18 28 0
3993 5068 33 28 10
4060 5070 19 28 0

3442 5097 43 27 Ah
3499 5097 76 28 Chan
3957 5108 18 26 0
4010 5109 16 26 5
4061 5110 18 26 0

3441 5135 44 28 Ah
3500 5136 65 28 Sam
3578 5158 29 7 ...
3956 5145 19 28 0
4010 5148 16 26 5
4061 5148 18 28 0

3444 5174 104 33 George
3561 5176 98 28 Harris
3958 5185 14 26 1
4008 5186 18 26 o
4060 5187 19 26 o

3441 5212 24 27 A
3467 5212 18 27 h
3499 5212 54 28 Coe
3958 5223 17 27 0
4010 5225 16 26 5
4061 5226 18 26 0

3442 5252 53 28 Sue
3509 5252 84 28 Hnen
3958 5263 18 26 0
4010 5265 16 24 5
4062 5265 17 26 0

3442 5291 78 27 Peter
3532 5291 156 38 Hellinger.
3960 5301 13 26 1
4009 5302 19 27 o
4061 5303 18 26 0

3441 5330 23 27 A
3478 5329 101 30 Friend
3957 5339 18 28 0
4010 5342 16 26 5
4061 5342 18 27 0

3443 5369 129 26 Nicholas
3587 5371 119 34 Synnott
3955 5379 17 25 0
3992 5379 33 26 10
4059 5381 19 25 0

3441 5406 75 29 John
3530 5407 100 38 Kenny
3956 5416 18 28 0
3994 5417 32 28 10
4060 5418 19 28 0

3441 5446 75 27 John
3528 5446 96 29 Carter
3956 5456 19 25 0
3995 5457 32 26 10
4062 5459 17 25 6

3441 5482 124 30 William
3579 5485 111 29 Griffith
3956 5493 19 28 0
4010 5495 16 26 5
4061 5495 18 27 0

3441 5522 43 29 Ah
3499 5523 35 28 Ki
3960 5534 67 27 10
4061 5536 18 26 0

3441 5561 115 29 ChaFu
3957 5573 18 25 0
4010 5574 16 25 5
4061 5574 18 26 0

3443 5599 102 30 Robert
3558 5601 152 31 Bucannan
3956 5611 19 26 0
3994 5612 33 27 10
4060 5613 19 26 0

3444 5639 79 27 Peter
3535 5641 117 29 Stewart
3960 5649 68 28 10
4062 5651 17 26 0

3443 5677 80 30 Peter
3535 5678 104 32 Nelson
3960 5687 13 28 1
4009 5689 19 28 o
4061 5690 18 28 0

3920 5766 55 27 .ls
4011 5767 16 26 5
4063 5768 16 26 G

3725 5814 124 30 JAMES
3869 5818 56 27 PE<
3941 5819 34 31 K,

3803 5855 74 28 Hon.
3892 5858 152 36 Secretary.

3480 5900 87 31 Lveli.
3583 5902 96 31 March
3693 5906 74 28 20ili.
3784 5908 73 27 ISSG.
