4201 6067
1317 107 117 38 THE
1488 100 186 44 LYELL
1726 97 185 45 TIMES,
1967 91 310 49 SATURDAY,
2333 93 193 41 MARCH
2580 106 58 39 27,
2696 97 102 37 1886.

258 244 136 40 Mining
412 245 151 32 Notices.

159 324 248 31 APPLICATION
431 325 74 31 FOR
526 325 128 31 LEASE.

355 402 102 28 Nelson
471 402 185 29 South-West.

416 441 32 28 11)
451 440 28 29 th
497 440 103 33 March,
614 442 45 27 188
659 442 30 27 G.

126 478 39 27 To
185 485 55 20 tiie
259 478 129 28 Warden
407 486 33 20 at
463 478 202 28 Murciiison—

92 516 37 60 I
149 516 157 30 HEREBY
330 518 82 36 apply
436 517 40 29 for
492 528 15 17 a
529 517 194 37 Gold-Mining

166 555 85 27 Lease
271 557 30 26 of
319 556 46 27 the
388 556 79 27 lands
487 556 163 27 hereinafter
663 557 43 25 des-

91 592 100 34 cribed,
205 593 27 27 in
247 593 165 28 accordance
424 593 64 29 witli
508 593 46 28 the
567 593 136 28 Gold-Min-

91 631 48 35 ing
153 632 98 29 Leases
266 633 176 36 Regulations
456 633 29 28 of
501 633 68 28 New
589 632 130 31 Zealand,

92 670 54 28 nnd
169 671 14 27 I
205 680 87 25 agree,
318 680 72 29 upon
409 672 47 28 the
476 672 130 36 approval
627 671 31 28 of
667 672 55 28 this

91 709 176 37 application,
289 716 27 23 to
329 718 110 21 execute
456 721 15 18 a
484 712 85 27 Lease
588 720 72 27 upon
675 711 47 28 the

91 748 73 26 basis
178 748 106 27 therein
298 748 97 33 stated,
409 750 23 25 if
442 749 45 26 the
503 750 139 26 Governor
653 748 69 27 shall

92 785 81 29 think
186 785 32 30 fit
232 790 27 25 to
273 790 80 31 grant
367 786 44 29 the
425 795 85 19 same.

233 826 200 28 SHEPPARD
452 826 26 28 J.
499 826 159 33 REEVES,

139 864 148 37 Applicant
305 865 40 27 for
370 865 82 27 Owen
478 863 176 38 Prospecting
675 863 32 29 As-

343 902 141 27 sociation.

129 978 90 28 Name
241 978 53 28 and
308 978 110 28 address
431 979 27 26 in
473 978 46 28 full
533 978 30 28 of
579 978 148 36 Applicant

162 1016 179 37 —Sheppard
353 1016 26 28 J.
395 1016 113 33 Reeves,
522 1016 111 28 Nelson.

129 1055 76 37 Style
230 1055 87 29 under
340 1054 89 30 which
454 1054 21 29 it
497 1054 23 28 is
543 1054 130 29 intended
699 1058 28 24 to

163 1094 117 29 conduct
310 1093 47 29 the
392 1093 123 29 business
577 1093 147 29 Zealandia

165 1132 72 28 Gold
252 1133 106 33 Mining
372 1132 147 35 Company.

129 1168 105 30 Extent
263 1169 29 30 of
318 1168 105 38 ground
453 1167 108 39 applied
591 1167 41 30 for
639 1169 87 36 —IG£

162 1218 85 19 acres.

131 1246 149 29 Minimum
300 1246 116 28 number
430 1256 15 18 o
449 1247 9 13 r
468 1254 64 19 men
550 1246 134 37 proposed
697 1249 29 25 to

164 1284 33 30 be
211 1285 141 38 employed
365 1285 35 37 by
412 1285 47 29 the
478 1284 97 30 Lessee
578 1285 88 29 —For
679 1284 46 30 the

164 1324 61 30 first
261 1324 40 28 six
339 1324 123 33 months,
498 1326 17 26 2
551 1332 79 26 men;
668 1324 45 28 sub-

165 1362 154 37 sequently,
344 1362 80 28 when
453 1362 29 28 in
512 1361 49 29 full
586 1362 84 33 work,
696 1363 34 27 10

165 1409 75 21 men.

130 1439 124 29 Amount
273 1439 30 29 of
320 1439 99 36 capital
437 1439 133 36 proposed
590 1443 28 25 to
635 1439 33 29 be
681 1438 28 29 in-

165 1477 256 31 vested—.£l2,ooo.

131 1513 137 37 Proposed
288 1513 80 28 mode
387 1513 29 28 of
426 1512 123 38 working
567 1512 46 29 the
626 1512 101 29 land—

165 1552 136 36 Ordinary
313 1552 94 28 modes
419 1551 30 28 of
458 1557 95 31 quartz
566 1552 114 34 mining.

132 1589 106 29 Precise
251 1589 233 38 locality—About
496 1599 52 19 one
570 1590 64 28 mile
647 1589 80 29 south

165 1628 31 28 of
214 1628 125 37 junction
364 1628 30 28 of
414 1628 115 27 Bulmer
552 1627 87 29 Creek
662 1627 67 29 with

167 1667 85 29 Owen
271 1666 92 34 River,
381 1675 36 20 on
430 1670 68 25 west
513 1665 74 30 bank
599 1666 31 29 of
645 1666 83 29 Owen

167 1705 92 34 Paver,
272 1705 55 28 and
339 1704 83 29 about
439 1706 32 27 10
483 1705 95 28 chains
590 1705 71 28 from
671 1704 58 29 said

167 1743 92 28 River.

130 1780 79 31 Time
229 1780 41 31 for
290 1780 91 31 which
399 1780 72 31 lease
489 1780 24 30 is
531 1778 195 41 required—ls

164 1830 89 25 years.

130 1858 79 29 Time
249 1857 31 30 of
312 1858 187 37 commencing
539 1856 191 39 operations—

165 1898 194 38 Immediately
371 1907 36 21 on
419 1897 127 38 granting
559 1896 30 31 of
598 1896 81 30 lease.

130 1974 59 29 The
211 1973 84 31 above
309 1974 164 37 application
486 1973 55 29 and
562 1982 55 28 any
639 1973 73 38 objec-

94 2014 60 27 tion
168 2013 105 28 thereto
287 2013 55 28 will
352 2013 31 28 be
393 2012 84 29 heard
485 2016 28 25 at
523 2013 46 27 the
583 2012 144 29 Warden's

96 2051 83 28 Office
193 2054 29 25 at
236 2050 166 34 Murchison,
415 2059 36 20 on
472 2049 184 35 TUESDAY,
679 2049 48 29 6th

94 2088 108 34 JULY,
216 2090 76 28 1886.

131 2128 62 35 Any
214 2136 97 28 person
333 2127 119 33 desiring
473 2129 29 26 to
522 2126 89 37 object
630 2129 29 25 to
682 2126 47 28 the

95 2166 72 29 issu<i
188 2167 29 28 of
227 2176 16 19 a
258 2166 106 36 Mining
383 2165 85 30 Lease
482 2175 73 27 upon
578 2165 46 29 the
645 2164 84 30 above

96 2204 165 37 application
287 2209 83 28 must,
391 2204 96 28 within
510 2206 33 26 30
567 2205 72 27 clear
662 2204 69 35 days

96 2244 70 28 from
186 2243 47 29 the
253 2243 62 29 date
327 2243 30 29 of
367 2243 66 29 such
455 2242 176 38 application,
653 2245 76 26 enter

96 2282 43 27 liis
159 2281 135 36 objection
317 2286 28 23 at
366 2282 46 28 the
435 2281 143 28 Warden's
598 2281 83 28 Office
702 2285 29 23 at

96 2318 90 38 Lyell.

232 2357 153 31 ALFRED
404 2357 33 29 A.
456 2357 203 33 CORFIELD,

495 2396 53 27 Pro
567 2396 129 27 Warden.

201 2432 144 30 Warden's
364 2433 93 34 Office,

132 2472 88 35 Lyell,
234 2472 71 28 22nd
322 2473 104 34 March,
442 2474 75 28 1886.

162 2556 251 29 APPLICATION
433 2556 73 29 FOR
524 2556 131 29 LEASE.

231 2632 102 30 Nelson
348 2633 176 29 South-West
538 2632 158 30 GoMfields.

343 2672 66 28 23rd
423 2672 105 32 March,
543 2673 45 27 188
588 2673 31 27 G.

131 2710 39 28 To
189 2717 56 21 the
265 2709 128 29 Warden
411 2718 35 19 at
467 2710 169 28 Murchison
637 2725 35 5 —

96 2748 37 62 I
153 2747 162 30 HEREBY
335 2748 83 37 apply
437 2748 42 29 for
499 2757 16 20 a
538 2747 194 36 Gold-Mining

171 2787 84 29 Lease
279 2787 31 29 of
330 2787 46 28 the
399 2787 78 28 lands
499 2787 162 28 hereinafter
686 2787 29 28 de-

94 2825 115 34 scribed,
235 2834 26 19 in
288 2826 165 27 accordance
477 2826 67 28 with
569 2825 47 28 the
649 2825 80 28 Gold-

96 2864 108 36 Mining
220 2864 99 30 Leases
334 2864 176 35 Regulations
533 2864 30 27 of
579 2864 66 27 New
665 2864 48 27 Zea-

94 2902 76 34 land,
185 2902 54 29 and
261 2903 14 27 I
289 2912 89 26 agree,
392 2911 73 25 upon
482 2902 46 29 the
550 2904 131 35 approval
705 2902 28 28 of

95 2941 55 28 this
164 2941 174 36 application,
353 2947 27 23 to
399 2947 110 22 execute
522 2950 16 18 a
552 2940 85 28 Lease
655 2949 73 27 upon

94 2979 47 29 the
153 2978 73 30 basis
239 2979 106 29 therein
361 2978 97 34 stated,
480 2979 24 29 if
520 2978 46 30 the
587 2978 142 30 Governor

93 3018 73 29 shall
178 3018 81 29 think
273 3017 32 29 fit
318 3024 27 22 to
359 3022 80 28 grant
451 3018 45 28 the
510 3027 84 19 same.

254 3057 168 29 EDWARD
442 3055 181 33 CARROLL,

536 3094 155 36 Applicant.

130 3171 88 28 Name
233 3171 54 28 and
301 3171 110 28 address
423 3172 28 27 in
470 3170 50 29 full
541 3170 28 29 of
583 3171 148 37 Applicant

164 3209 153 27 —Edward
331 3210 53 26 Car
398 3209 46 32 oil,
460 3208 85 37 Lyell.

132 3247 75 38 Style
232 3246 86 31 under
341 3246 91 31 which
456 3247 23 30 it
501 3246 23 30 is
545 3246 131 30 intended
701 3251 27 25 to

164 3286 116 28 conduct
310 3286 46 27 the
386 3286 238 35 business—Lyell
658 3286 71 28 Gold

166 3323 108 34 Mining
286 3323 153 37 Company.

131 3362 104 29 Extent
248 3361 29 29 of
287 3362 105 35 ground
405 3360 109 39 applied
527 3362 42 29 for
569 3362 68 27 —15
656 3370 75 20 acres

167 3403 16 27 8
195 3400 89 30 roods.

131 3439 149 29 Minimum
300 3439 115 28 number
428 3438 29 29 of
473 3448 62 18 men
554 3438 134 36 proposed
703 3441 28 25 to

166 3478 32 28 be
211 3477 145 37 employed
377 3478 36 33 by
427 3478 46 27 the
493 3477 83 28 lessee
578 3477 90 27 —For
688 3476 44 28 the

166 3517 60 29 first
262 3517 40 28 six
341 3516 120 33 months,
492 3517 16 27 2
546 3523 86 25 men;
669 3515 45 29 sub-

166 3556 152 35 sequently,
348 3555 82 28 when
459 3555 28 27 in
519 3554 49 28 full
601 3554 84 33 work,
715 3555 17 27 4

166 3603 74 17 men.

132 3632 123 29 Amount
277 3630 30 30 of
324 3630 99 36 capital
437 3629 133 39 proposed
590 3633 28 27 to
636 3630 34 31 bo
691 3631 26 29 in-

167 3670 94 28 vested
263 3671 162 30 —£12,000.

134 3707 140 39 Proposed
293 3706 80 31 mode
385 3706 30 30 of
431 3705 124 39 working
566 3706 47 30 the
630 3706 101 30 land—

169 3748 164 31 Tunnelling
346 3747 53 27 and
413 3746 117 35 sinking.

134 3785 106 28 Precise
271 3784 230 36 locality—Owen
532 3784 91 30 River,
648 3783 81 29 north

168 3824 55 28 and
243 3822 139 37 adjoining
406 3822 115 28 Buhner
541 3821 86 30 Creek
649 3822 60 28 Com-

168 3863 97 34 pany's
277 3861 80 27 lease.

133 3899 84 30 Term
237 3899 41 28 for
300 3897 90 30 which
404 3897 71 30 lease
496 3897 23 30 is
538 3897 195 39 required—ls

167 3949 87 26 years.

134 3979 78 28 Time
226 3977 30 29 of
265 3976 190 37 commencing
467 3975 268 38 operations—After

169 4020 137 30 granting.

134 4054 119 29 General
284 4052 122 29 remarks
454 4051 59 29 The
543 4050 105 37 ground
677 4061 57 19 was

169 4092 131 37 formerly
326 4091 65 29 held
414 4090 36 37 by
475 4090 47 30 the
547 4090 82 29 Natal
654 4090 60 29 Com-

168 4141 84 29 pany.

135 4210 59 28 The
207 4209 84 28 above
310 4208 167 37 application
498 4207 54 28 and
573 4216 55 26 any
649 4206 71 37 objec-

100 4249 59 29 tion
173 4249 106 27 thereto
292 4247 55 29 will
359 4247 33 29 be
403 4245 85 30 heard
498 4249 28 25 at
537 4245 46 29 the
592 4245 144 29 Warden's

101 4287 94 32 Office,
209 4290 28 24 at
251 4285 169 34 Murchison,
432 4294 36 18 on
489 4284 185 33 TUESDAY,
688 4283 46 29 6th

101 4325 107 33 JULY,
222 4325 76 29 1886.

136 4365 63 33 Any
219 4372 98 26 person
341 4362 120 35 desiring
482 4363 28 25 to
533 4360 87 37 object
641 4363 29 25 to
688 4361 47 27 the

102 4402 74 27 issue
188 4400 31 28 of
228 4409 17 19 a
258 4399 109 36 Mining
381 4398 85 29 Lease
487 4407 74 28 upon
583 4398 47 28 the
652 4397 84 29 above

104 4437 166 38 application
295 4440 84 28 must,
403 4435 98 29 within
520 4437 35 26 30
574 4436 72 28 clear
669 4435 68 36 days

103 4477 71 27 from
195 4475 48 29 the
265 4475 63 29 date
341 4475 30 29 of
381 4474 67 29 such
461 4473 176 38 application,
660 4477 77 25 enter

104 4515 44 29 his
170 4514 135 37 objection
323 4517 29 26 at
374 4513 48 30 the
444 4512 143 30 Warden's
608 4511 83 30 Office
710 4517 27 25 at

104 4552 89 36 Lyell.

205 4588 152 29 ALFRED
376 4588 33 28 A.
429 4587 201 34 CORFIELD,

508 4626 54 30 Pro
575 4625 128 32 Warden.

207 4667 143 29 Warden's
363 4666 93 32 Office,

149 4706 89 35 Lyell,
251 4705 67 29 23rd
333 4705 104 33 March,
452 4704 75 29 1886.

279 4780 119 32 Public
416 4779 150 32 Notices.

165 4859 291 30 MARUIA-AMURI
476 4859 203 27 CONTRACT.

105 4937 230 62 WANTED.
348 4936 119 27 —TEN
504 4934 236 28 FIRST-CLASS

245 4974 87 30 PICK
352 4973 54 29 and
426 4972 150 30 SHOVEL
599 4972 92 34 MEN,
712 4975 28 25 at

107 5016 47 29 the
178 5018 58 26 rate
261 5014 30 29 of
313 5015 39 27 £3
379 5014 46 27 10s
449 5021 47 27 per
519 5011 84 33 week,
628 5011 42 28 for
694 5011 46 29 the

108 5052 218 30 Maruia-Amuri
339 5055 131 24 contract.

196 5088 246 32 CONNINGTON
463 5088 21 28 &
503 5086 201 29 SEARIGHT.

142 5131 119 32 Maruia,
276 5129 95 30 March
385 5128 74 33 20th,
475 5129 76 28 1886.

123 5209 359 45 WELCOME
552 5208 168 50 INN,

369 5271 106 28 Lyell.

219 5364 154 33 ELLEN
402 5361 233 34 WILLIAMS

109 5415 63 61 IN
197 5420 144 27 retaining
359 5411 101 29 thanks
478 5415 42 23 tor
541 5419 61 27 p.ici
623 5410 118 32 favours,

183 5454 63 33 begs
264 5456 27 24 to
312 5451 100 28 inform
430 5450 50 27 her
497 5447 103 30 friends
619 5447 55 28 and
695 5447 46 28 the

108 5493 91 38 public
219 5492 61 30 that
301 5490 49 29 she
374 5489 51 29 has
446 5487 57 38 just
524 5486 155 38 completed
698 5495 28 20 ex-

110 5533 102 27 tensive
232 5531 137 28 additions
393 5528 54 29 and
466 5526 160 29 alterations
647 5531 28 22 to
693 5526 50 27 her

109 5571 142 38 premises,
270 5568 55 31 and
345 5568 45 29 the
413 5566 207 29 accomodation
639 5564 23 28 is
680 5573 62 20 now

327 5604 192 40 unsurpassed.

108 5687 75 34 Ales,
207 5687 105 32 Wines,
334 5685 54 28 and
411 5683 99 37 Spirits
534 5681 30 29 of
586 5680 157 29 First-class

282 5724 113 37 Quality
407 5722 66 37 only
485 5721 74 38 kept.

179 5802 78 30 Good
276 5800 126 35 Stabling
420 5795 255 33 Accommodation.

283 5853 126 30 ELLEN
434 5849 206 32 WILLIAMS,

490 5890 218 26 PIiOPiUETREoS.

922 242 119 31 Public
1059 242 151 31 Notices.

823 455 40 27 IN
890 456 78 26 THE
989 456 176 27 DISTRICT
1190 455 125 28 COURT
1339 456 47 27 OF

892 506 220 36 WESTLAND,
1143 506 159 31 HOLDEN
1339 508 47 28 AT

893 560 211 28 WESTPORT.

822 682 34 29 In
870 682 47 30 the
931 682 101 30 Matter
1045 682 31 30 of
1091 682 45 30 the
1187 681 107 38 Mining
1307 682 60 30 Com-

891 737 94 33 panies
1004 736 61 31 Act,
1202 736 55 26 and
1275 736 92 26 amend-

889 789 93 26 ments
994 793 6 27 ;
1020 784 64 37 and,

823 853 34 28 In
889 853 47 28 the
968 852 101 29 Matter
1099 855 28 27 of
1158 852 48 30 the
1237 853 150 29 UNITED

891 904 164 28 VICTORY
1075 904 147 35 QUARTZ
1244 905 143 27 MINING

891 954 189 35 COMPANY,
1122 955 169 29 LIMITED
1343 956 44 36 (In

893 1007 210 36 Liquidation).

757 1131 180 27 ■NTOTICE
960 1130 24 28 is
1006 1130 159 27 HEREBY
1186 1128 120 30 GIVEN
1328 1130 62 29 that

861 1182 47 29 the
939 1182 226 29 STATEMENT
1193 1182 33 29 of
1252 1182 136 29 ASSETS

755 1235 30 28 of
807 1235 47 28 the
879 1235 199 28 above-named
1108 1235 155 35 Company,
1294 1234 55 29 and
1373 1244 16 19 a

756 1288 82 29 LIST
852 1287 30 29 of
892 1288 46 28 the
956 1287 123 29 DEBTS
1098 1286 152 30 PROVED
1270 1286 118 35 therein,

756 1340 54 29 and
831 1340 47 28 the
901 1340 84 28 LIST
1010 1339 30 29 of
1057 1339 332 29 CONTRIBUTORS

756 1391 152 39 comprised
921 1391 29 29 in
963 1390 66 31 such
1051 1393 157 33 statement,
1222 1399 30 21 as
1264 1390 126 38 requited

756 1445 35 36 by
805 1446 117 27 sections
935 1446 33 26 95
982 1444 53 28 and
1049 1446 34 26 96
1097 1444 30 28 of
1136 1444 47 28 the
1196 1443 59 29 said
1269 1444 58 33 Act,
1344 1453 45 19 are

755 1503 62 20 now
843 1494 98 35 lodged
965 1494 29 28 in
1018 1502 49 28 my
1099 1493 87 33 office,
1217 1493 171 28 Palmerston

757 1547 99 33 Street,
869 1546 149 37 Westport.
1054 1544 72 33 And,
1144 1544 116 34 further,
1278 1544 62 29 that
1353 1554 37 19 on

757 1598 216 34 THURSDAY,
992 1597 46 29 the
1052 1596 117 29 SIXTH
1181 1596 55 37 day
1254 1596 30 29 of
1301 1596 88 33 MAY,

758 1651 76 32 1886,
864 1649 46 29 the
934 1648 59 33 said
1017 1648 84 29 LIST
1131 1647 30 30 of
1184 1647 182 30 CONTRIBU-

756 1701 138 29 TORIES
924 1700 57 30 will
1009 1700 33 29 be
1073 1699 171 30 SETTLED
1274 1699 37 37 by
1341 1699 49 29 the

757 1752 94 28 Court.
887 1750 73 35 And,
984 1750 115 35 further,
1123 1750 62 29 that
1204 1759 36 20 on
1259 1750 49 29 the
1332 1750 58 28 said

756 1805 73 29 sixth
850 1804 54 38 day
924 1804 30 29 of
972 1804 75 37 May,
1070 1805 76 32 1886,
1167 1813 31 19 or
1219 1812 56 28 any
1295 1803 55 38 day
1362 1808 28 25 to

756 1856 91 29 which
866 1855 68 29 such
957 1855 112 36 settling
1087 1854 72 30 shall
1179 1854 33 29 be
1231 1854 159 38 adjourned,

756 1919 54 28 any
835 1910 148 37 objections
1007 1914 28 23 to
1055 1909 47 29 the
1127 1908 57 29 said
1205 1908 47 29 list
1276 1908 37 36 by
1336 1918 55 27 any

756 1961 168 29 contributor
937 1970 30 19 or
980 1960 117 29 creditor
1114 1959 56 31 will
1187 1959 32 30 be
1238 1959 86 30 heard
1336 1959 55 30 and

756 2013 173 37 adjudicated
942 2022 74 28 upon
1028 2013 36 35 by
1077 2012 46 29 the
1137 2012 93 28 Court.

791 2079 89 30 Dated
904 2083 28 26 at
952 2079 148 37 Westport,
1121 2077 55 31 this
1198 2077 190 31 TWELVTH

757 2131 53 38 day
822 2131 30 29 of
863 2130 144 35 MARCH,
1022 2131 77 28 1886.

903 2197 172 30 ZOFFANY
1094 2197 29 28 C.
1143 2197 144 33 HORNE,

1185 2248 171 38 Liquidator.

792 2302 26 28 J.
838 2302 27 28 J.
886 2302 163 33 Moynihan,

868 2354 136 35 Solicitor,
1037 2353 147 38 Westport.

895 2438 174 30 CENTRAL
1088 2437 155 31 BULLER

759 2487 246 62 Amateur
1032 2486 125 29 race
1185 2485 208 30 meeting

969 2526 40 30 To
1021 2526 33 29 be
1066 2525 65 30 held
1144 2528 29 26 at

804 2574 78 28 THE
901 2573 131 28 THREE
1052 2573 140 28 RIVERS
1211 2571 126 35 PLAIN,

938 2622 129 28 Central
1086 2621 127 31 Buller,

793 2671 42 28 On
856 2668 170 32 MONDAY,
1053 2668 63 29 12th
1136 2667 124 34 APRIL,
1280 2668 78 28 1886.

995 2745 151 29 Stewards
1158 2752 6 20 :

759 2794 102 30 Messrs
873 2794 26 29 J.
913 2793 77 37 Edge
1070 2792 5 31 I
1094 2791 99 31 Messrs
1206 2791 34 29 R.
1254 2791 114 29 Perkins

793 2855 18 12 „
870 2834 27 27 J.
911 2833 95 29 James
1126 2852 18 13 „
1203 2831 31 28 T.
1249 2830 144 29 O'Rourke

793 2891 17 14 „
870 2871 33 29 0.
919 2870 96 38 Lynch
1070 2860 4 48 |
1126 2890 17 13 „
1204 2869 38 28 M.
1256 2869 85 28 Dunn

979 2909 94 29 James
1087 2907 120 30 Lowick.

872 2948 95 28 Judge
979 2955 6 20 :
1007 2947 44 27 Mr
1063 2947 84 28 Owen
1161 2945 107 36 Lynch.

862 2986 129 29 Starter
1004 2992 7 22 :
1033 2984 42 29 Mr
1087 2984 32 29 T.
1134 2983 152 30 O'Rourke.

774 3025 96 28 Clerk
889 3034 33 19 of
941 3032 56 20 the
1016 3024 113 28 Course
1143 3031 7 21 :
1171 3022 44 29 Mr
1229 3022 27 30 J.
1270 3022 104 30 James.

769 3064 96 29 Clerk
883 3071 34 21 of
936 3071 55 20 the
1011 3062 106 28 Scales
1130 3069 6 21 :
1161 3062 45 27 Mr
1218 3060 28 30 J.
1260 3061 120 29 Lowick.

826 3102 203 27 Handicapper
1040 3107 6 20 :
1068 3100 44 27 Mr
1124 3100 31 28 T.
1168 3098 154 30 O'Rourke.

774 3139 159 29 Honorary
951 3140 170 28 Treasurer
1129 3145 6 23 :
1164 3138 45 29 Mr
1221 3138 27 30 J.
1262 3137 112 31 Lowick

759 3216 132 28 Handjcp
910 3215 84 28 Hack
1018 3214 78 28 Race
1120 3214 30 29 of
1172 3215 16 27 5
1213 3222 71 20 sovs.
1321 3214 73 30 Once

794 3254 89 29 round
896 3253 45 31 the
955 3263 103 20 course.
1098 3253 63 29 Post
1173 3256 88 34 entry,
1275 3253 56 29 10s.

760 3293 95 26 Lyell
873 3300 56 19 and
947 3293 119 26 Buller
1084 3291 93 28 Plate
1197 3291 148 28 Handicap
1368 3291 28 28 of

795 3331 33 27 10
840 3339 72 19 sovs.
949 3331 33 35 1£
995 3329 89 29 miles,
1120 3329 188 34 domination,
1329 3329 66 35 10s;

795 3371 173 34 acceptance,
982 3369 55 28 10s.

761 3407 150 28 Handicap
929 3407 84 28 Hack
1030 3406 78 28 Race
1122 3406 30 29 of
1161 3407 15 27 5
1190 3414 71 21 sovs.
1297 3406 17 36 £
1331 3406 65 29 mile

795 3446 78 27 heats
914 3445 117 29 without
1073 3444 197 38 dismounting.
1330 3445 66 29 Post

795 3486 89 34 entry,
898 3484 55 28 10s.

761 3522 151 29 Handicap
937 3521 84 29 Hack
1050 3521 79 29 Race
1160 3521 30 30 of
1211 3522 16 28 5
1254 3529 72 22 sovs.
1364 3522 32 36 1£

796 3561 88 27 miles.
921 3561 66 27 Post
1000 3564 89 31 entry,
1103 3561 56 27 10s.

762 3598 150 29 Handicap
925 3597 83 30 Hack
1021 3597 77 29 Race
1115 3597 30 30 of
1155 3598 16 29 5
1184 3606 71 21 sovs.
1292 3597 15 30 1
1321 3596 74 31 mile.

797 3638 65 28 Post
875 3641 89 32 entry,
978 3638 55 27 10s.

761 3676 191 27 Consolation
965 3675 150 27 Handicap
1122 3674 31 28 of
1159 3675 15 27 5
1188 3683 71 20 eovs.
1290 3675 15 27 1
1316 3674 75 29 mile.

795 3714 101 38 Entry,
911 3714 55 29 10s.
1002 3712 55 30 For
1069 3712 38 30 all
1118 3712 98 31 beaten
1229 3712 103 31 horses.

986 3761 154 27 ALFRED
1160 3761 131 31 SMITH,

1118 3797 75 30 Hon.
1208 3797 152 36 Secretary.

761 3866 350 62 Larsen's
1182 3866 210 73 Punt,

894 3953 154 30 BULLER
1067 3952 195 29 CROSSING.

763 4047 108 61 THE
890 4047 140 35 following
1043 4046 116 30 SCALE
1173 4046 30 29 of
1217 4046 178 29 CHARGES

862 4086 57 29 will
948 4086 33 29 be
1011 4084 131 31 collected
1174 4089 29 25 at
1231 4084 47 29 the
1309 4084 86 29 above

764 4125 72 30 Punt

1321 4173 21 20 s.
1368 4164 27 28 d.

763 4203 92 36 Every
868 4211 146 29 passenger
1025 4203 104 29 carried
1142 4211 65 20 over
1252 4218 9 5 -
1299 4217 8 6 -
1327 4204 17 26 0
1379 4204 16 26 6

798 4263 17 13 „
869 4242 88 33 horse,
968 4241 54 30 and
1032 4251 67 19 man
1108 4242 28 28 in
1145 4241 99 37 charge
1253 4258 8 5 -
1299 4257 9 6 -
1329 4242 13 27 1
1379 4242 17 28 6

798 4300 17 13 „
867 4280 173 37 pack-horse,
1050 4280 98 28 loaded
1158 4296 9 5 -
1205 4296 8 5 -
1251 4295 8 6 -
1297 4295 9 6 -
1327 4280 14 26 1
1377 4280 16 26 6

799 4340 17 13 „
869 4318 150 30 additional
1039 4318 91 35 horse,
1149 4327 31 21 or
1191 4317 71 30 head
1283 4317 30 30 of

900 4360 75 33 great
987 4358 82 27 cattle
1327 4357 19 26 0
1380 4357 16 26 6

799 4414 17 14 „
869 4395 93 36 sheep,
971 4404 49 28 per
1032 4393 276 30 head.....
1327 4393 18 28 0
1380 4394 16 27 2

800 4453 16 14 „
869 4433 55 35 pig,
937 4442 48 27 per
996 4432 72 28 head
1326 4432 18 27 0
1379 4432 17 27 3

801 4491 17 14 „
870 4470 119 29 vehicles
1007 4480 36 19 on
1057 4472 17 27 2
1087 4469 109 34 wheels,
1215 4469 95 29 drawn

902 4509 36 37 by
951 4519 52 19 one
1015 4509 90 35 horse,
1121 4508 91 30 driver
1223 4508 72 30 inclu-

902 4547 62 32 ded,
977 4548 97 28 loaded
1087 4557 31 17 or
1129 4551 95 32 empty
1254 4563 8 5 -
1301 4563 7 5 -
1329 4547 15 27 1
1381 4547 16 27 6

800 4604 18 15 „
871 4584 151 29 additional
1063 4585 79 28 horse
1187 4583 125 38 drawing

902 4632 76 21 same
1328 4622 18 30 0
1381 4623 16 28 6

801 4683 18 14 „
871 4663 84 28 coach
975 4672 32 19 or
1017 4672 125 26 waggon,
1163 4661 98 30 loaded
1280 4672 31 19 or

902 4703 105 34 empty,
1013 4701 67 28 with
1087 4703 16 26 2
1111 4701 103 33 horses,
1222 4701 91 28 driver

902 4738 139 32 included,
1070 4747 161 26 passengers
1262 4742 51 24 not

902 4773 129 29 included
1330 4774 18 27 2
1381 4774 18 28 0

802 4833 17 15 „
872 4812 151 30 additional
1034 4813 81 30 horse
1330 4813 18 29 0
1382 4814 17 28 6

802 4871 17 13 „
872 4852 89 31 horse,
974 4852 78 34 dray,
1065 4852 55 27 and
1138 4852 99 31 driver,
1256 4852 56 27 and

903 4891 95 26 return
1012 4897 75 20 same
1100 4888 54 37 day
1164 4889 236 28 .---20

767 4928 135 35 Ferrying
925 4926 84 36 goods
1026 4927 82 28 when
1128 4927 47 28 the
1196 4936 100 27 convey-

801 4974 67 19 ance
893 4965 28 27 in
946 4964 88 30 which
1059 4964 67 37 they
1147 4964 72 29 have
1242 4964 69 30 been

801 5002 120 38 brought
947 5006 28 27 to
1005 5003 47 31 the
1075 5003 72 37 ferry
1171 5002 65 31 does
1266 5007 49 27 not

801 5051 82 23 cross,
897 5051 49 26 per
957 5044 57 30 ton,
1029 5043 42 26 Ist
1083 5044 16 25 5
1111 5044 62 26 cwt.
1210 5042 190 27 ---06

801 5079 94 38 Every
906 5080 16 27 5
935 5082 62 26 cwt.
1012 5088 64 20 over
1331 5080 18 28 0
1384 5080 16 28 3

768 5118 119 35 Timber,
900 5128 49 29 per
961 5118 51 30 100
1029 5118 54 30 feet
1332 5119 18 29 0
1384 5119 16 29 6

805 5159 139 33 (Charges,
958 5158 69 28 after
1044 5157 77 33 dark,
1134 5164 52 21 one
1199 5157 61 27 half
1269 5157 96 35 more.)

770 5240 213 42 WOLF
1049 5239 153 42 AND
1274 5238 124 49 CO.,

898 5305 181 31 Wholesale
1091 5311 56 21 and
1162 5302 109 30 Retail

769 5351 629 61 BUTCHERS.

871 5446 113 29 Dealers
997 5445 29 28 in
1039 5445 37 28 all
1089 5444 181 37 descriptions
1283 5443 31 29 of

785 5495 105 30 FARM
926 5494 78 30 AND
1041 5493 120 29 DAIRY
1196 5491 191 31 PRODUCE.

769 5574 100 30 Hotels
877 5572 55 31 and
944 5572 132 30 Families
1083 5571 100 29 waited
1196 5580 36 20 on
1244 5570 42 29 for
1295 5569 103 29 Orders.

804 5651 100 31 Orders
923 5650 138 30 delivered
1080 5654 29 24 to
1130 5649 38 29 all
1189 5652 75 35 parts
1277 5658 16 19 o
1323 5648 48 29 the

1028 5689 124 28 District.

942 5767 73 26 Note
1029 5766 48 27 the
1092 5765 124 27 Address

921 5805 22 29 O
964 5805 23 28 L
1008 5804 21 28 F
1101 5805 23 27 A
1145 5804 22 28 N
1189 5804 26 28 D
1296 5802 21 28 C
1337 5802 52 35 0.,

823 5845 73 28 Next
919 5844 46 28 the
991 5844 191 27 Government
1200 5841 156 37 Buildings,

917 5884 85 27 Cliff
1024 5882 120 32 Street,
1164 5882 103 28 Lyell.

1582 232 136 35 public
1741 232 112 35 notes

1610 314 248 34 NOTICE.

1414 399 39 28 To
1467 399 45 27 the
1526 397 172 28 inhabitants
1707 398 27 24 ot
1747 393 79 36 Lyell
1837 391 54 28 and
1902 388 130 29 surround-

1644 435 47 35 ing
1703 432 115 29 district.

1553 510 170 40 HENRY
1753 505 165 42 YOUNG

1415 570 132 60 BEGS
1562 574 27 23 to
1603 569 126 27 intimate
1748 567 59 27 that
1828 566 34 26 he
1887 561 109 29 intends
2021 564 28 23 to

1510 612 70 26 start
1592 606 116 38 Baking,
1722 605 54 30 and
1789 604 37 37 by
1848 601 102 40 paying
1973 598 77 31 strict

1414 649 134 27 attention
1563 653 27 22 to
1604 647 43 27 his
1669 646 122 28 business
1811 648 29 23 to
1862 641 81 29 merit
1964 649 16 18 a
1999 639 51 28 fair

1414 687 80 30 share
1510 685 30 30 of
1549 688 123 36 support.
1709 683 57 31 The
1780 682 71 39 price
1864 679 55 34 will
1932 679 32 29 be

1513 757 23 36 4
1540 744 49 37 lb.
1613 743 145 37 LOAF
1820 762 12 6 -
1889 737 61 48 gd.

1449 838 38 28 H.
1507 837 131 28 YOUNG
1651 834 111 29 intends
1775 838 28 23 to
1818 831 98 38 supply
1930 829 46 28 the
1984 837 66 26 very

1413 876 60 28 best
1485 876 105 36 quality
1602 875 30 27 of
1643 873 91 28 bread.
1771 872 23 27 A
1802 872 73 33 large
1886 870 164 26 assortment

1414 914 30 28 of
1465 914 82 27 small
1571 912 85 34 goods
1685 909 81 29 made
1797 917 82 26 every
1903 904 147 35 Saturday.

1416 952 123 33 Nothing
1560 950 51 30 but
1631 950 46 29 the
1702 949 59 28 best
1784 945 169 37 ingredients
1974 941 76 34 used,

1416 990 55 28 and
1484 990 163 35 everythiug
1660 987 58 29 sold
1732 990 28 25 at
1773 986 141 35 Westport
1925 982 96 37 prices.

1416 1075 198 25 CHRISTENING,
1646 1072 143 25 WEDDING,
1819 1070 55 20 AND
1910 1066 140 22 BIRTHDAY

1500 1114 88 19 CAKES
1606 1113 76 19 MADE
1701 1112 35 19 ON
1755 1110 56 20 THE
1830 1107 139 21 SHORTEST

1606 1150 130 20 POSSIBLE
1755 1148 111 19 NOTICE.

1451 1222 71 28 Note
1536 1221 47 29 the
1596 1220 119 28 Address
1717 1234 33 5 —

1417 1270 112 56 ALL
1549 1268 243 58 NATIONS
1821 1262 229 61 BAKERY

1487 1342 141 35 (Opposite
1640 1340 27 27 .T.
1682 1339 89 36 Ryan,
1787 1335 194 36 Storekeeper.)

1496 1423 49 38 G.
1595 1422 45 39 C.
1685 1417 290 47 BOWMAN,

1477 1515 233 35 UCTIONEER,
1731 1510 321 43 QHAREBROKER,

1572 1610 114 29 Mining
1703 1618 56 20 and
1779 1608 119 30 Genral

1434 1665 337 32 COMMISSION
1837 1662 199 35 AGENT,

1554 1729 171 32 Broadway,
1770 1727 145 28 Reefton.

1437 1819 128 38 POST
1609 1817 194 38 OFFICE
1845 1815 189 43 HOTEL,

1624 1877 24 31 L
1710 1876 216 30 YE
1753 1876 25 30 L
1797 1874 22 31 L
1840 1896 6 9 .

1468 1974 227 41 PETER
1723 1970 283 42 MANGOS

1421 2038 142 70 BEGS
1583 2041 28 24 to
1623 2037 104 29 inform
1745 2036 45 27 his
1807 2035 104 28 Iriends
1932 2033 56 29 and
2009 2033 46 28 the

1524 2076 92 38 public
1637 2076 63 29 that
1724 2074 43 29 his
1786 2083 62 20 new
1867 2071 188 31 commodious

1591 2115 87 27 Hotel
1689 2115 24 26 is
1726 2122 62 19 now
1801 2121 81 27 open.

1418 2152 154 30 Travellers
1590 2151 55 31 and
1663 2152 110 29 visitors
1791 2154 30 27 to
1839 2149 56 31 this
1913 2148 131 31 establish

1452 2196 80 25 ment
1543 2193 56 28 will
1611 2191 59 28 find
1681 2191 73 28 their
1763 2191 118 28 comfort
1889 2189 56 28 and
1957 2198 48 19 con-

1487 2230 132 29 venience
1628 2228 169 38 thoroughly
1806 2226 130 31 attended
1948 2229 39 26 to.

1419 2270 59 28 The
1491 2269 147 28 bedrooms
1659 2279 46 18 are
1715 2268 79 35 lofty,
1807 2267 56 28 and
1875 2266 64 29 well
1951 2265 105 36 lighted

1621 2306 56 28 and
1696 2304 160 30 ventilated.

1454 2385 207 29 Comfortable
1689 2384 130 27 Parlors
1844 2390 57 20 and
1920 2382 87 27 First-

1638 2429 82 21 class
1738 2421 105 28 Table.

1437 2462 59 30 One
1519 2461 31 29 of
1568 2461 129 29 Alcock's
1710 2459 79 30 Prize
1802 2457 118 31 Billiard
1932 2457 108 30 Tables.

1420 2540 59 29 The
1492 2540 56 28 Bar
1560 2540 24 28 is
1597 2538 113 30 stocked
1719 2537 69 30 with
1801 2537 74 33 Ales,
2004 2536 52 28 and

1473 2578 98 37 Spirits
1584 2579 28 27 of
1629 2576 170 38 guaranteed
1816 2576 103 27 brands
1931 2575 75 36 only.

1454 2616 24 29 A
1495 2617 145 28 first-class
1661 2614 183 30 sixteen-stall
1857 2614 88 29 stable
1957 2614 74 28 iscon-

1420 2656 99 29 nected
1531 2656 69 29 with
1613 2655 57 30 this
1684 2654 86 29 hotel.

1672 2692 127 29 PETER
1821 2691 168 32 MANGOS,

1856 2729 156 35 Proprieor.

1525 2813 177 32 JAMES
1740 2810 211 41 INGLIS,

1477 2887 261 30 HAREBROKER
1767 2887 21 28 &
1818 2883 235 33 COMMISSION

1467 2929 2 11 l

1636 2964 207 35 AGENT,

1497 3044 116 29 Cliff
1650 3043 159 32 Street,
1845 3042 142 28 Lyell.

1546 3126 123 33 JOHN
1703 3124 226 41 FENNELL,

1423 3191 61 62 Q.
1494 3191 92 27 ENE
1595 3190 60 28 RA
1663 3190 24 27 L
1743 3187 311 63 gTOREKEEPER.

1507 3277 84 30 Wine
1610 3284 56 21 and
1686 3276 96 29 Spirit
1804 3276 171 28 Merchant.

1457 3389 104 37 Money
1578 3389 105 37 always
1702 3388 31 29 in
1753 3386 78 31 hand
1849 3386 43 31 for
1909 3385 114 38 cashing

1676 3426 128 38 cheques.

1456 3542 111 29 Liberal
1579 3541 136 29 advances
1727 3540 82 30 made
1825 3549 36 20 on
1874 3538 107 39 parcels
1995 3538 30 30 of

1637 3579 120 29 retorted
1769 3578 74 38 gold.

1567 3675 80 38 Cliff
1664 3675 122 45 Street,
1810 3674 108 46 Lyell.

2253 223 119 33 Public
2395 224 151 32 Notices.

2085 303 161 42 FERN
2296 302 154 42 FL'AT
2495 303 219 51 HOTEL,

2241 369 126 28 UPPER
2396 368 165 29 BULLEII.

2174 513 86 28 under
2272 512 44 29 the
2328 517 193 32 management
2529 513 29 28 of
2569 513 43 29 Mr
2625 511 92 30 Alfred

2086 551 100 32 Smith,
2198 552 46 26 the
2257 552 99 26 former
2370 553 157 33 proprietor.

2119 656 92 37 Every
2225 656 237 28 accommodation
2470 656 55 28 and
2537 657 181 27 convenience

2086 694 40 30 for
2139 696 140 29 travellers
2292 695 118 29 between
2425 696 46 29 the
2483 696 78 29 West
2573 695 82 30 Coast
2665 695 53 30 and

2088 735 111 30 Nelson,
2220 735 150 34 Hampden
2393 734 172 31 Matakitaki,
2587 735 131 34 Glenroy,

2088 771 115 34 Maruia,
2217 771 54 29 aud
2283 771 47 29 the
2343 772 83 28 Owen
2441 771 88 29 Reefs.

2089 887 158 28 Newman's
2260 887 91 34 Royal
2372 887 69 27 Mail
2460 886 70 28 Line
2550 886 30 28 of
2597 885 121 28 Coaches

2121 924 80 29 make
2226 924 55 29 this
2302 924 138 38 hostelery
2459 924 48 28 the
2528 924 59 28 first
2608 923 77 37 day's

2156 968 75 26 stage
2244 964 70 28 from
2325 964 77 28 West
2409 964 83 28 Coast
2500 966 28 25 to
2539 963 112 28 Nelson.

2121 1077 125 29 Tourists
2259 1086 50 19 can
2321 1076 34 29 be
2367 1075 132 38 provided
2511 1075 67 30 with
2589 1085 82 26 every
2680 1084 26 20 re-

2088 1115 153 36 quirement
2253 1117 42 26 for
2306 1115 112 34 visiting
2429 1115 48 28 the
2489 1115 76 28 lakes
2578 1115 55 28 and
2645 1123 55 26 mag-

2088 1153 111 28 nificent
2212 1153 181 36 surrounding
2405 1155 125 33 country.

2122 1193 104 28 Horses
2239 1192 54 29 and
2312 1192 145 37 equipages
2470 1201 16 19 a
2500 1190 152 38 speciality.

2269 1252 190 38 ALFRED
2481 1251 163 47 SMITH,

2523 1297 164 37 Proprietor.

2089 1382 208 39 BROWN'S
2317 1382 120 39 BOOT
2463 1381 261 39 EMPORIUM

2339 1440 135 30 LYF.LL.

2089 1543 154 66 JBEO
2246 1544 33 29 W
2285 1545 23 27 N
2322 1545 30 27 in
2364 1543 137 36 thanking
2512 1543 45 29 liis
2574 1552 151 21 numerous

2138 1593 9 11 •
2186 1587 150 24 customers
2365 1583 42 28 for
2436 1587 63 32 past
2526 1582 122 33 favours,
2670 1581 55 28 and

2090 1621 105 36 hoping
2219 1621 43 28 for
2283 1631 16 18 a
2321 1622 182 27 continuance
2523 1621 31 28 of
2571 1620 48 29 the
2638 1628 86 25 same,

2090 1660 98 29 wishes
2201 1663 45 26 too
2260 1660 51 29 call
2324 1660 73 29 their
2415 1660 135 28 attention
2564 1661 29 27 to
2606 1658 45 29 his
2663 1668 62 19 new

2090 1698 77 28 stock
2188 1699 31 28 of
2241 1700 109 27 Ladies'
2375 1699 97 27 Maids'
2496 1698 55 28 and
2569 1698 156 28 Children's

2090 1736 85 28 Boots
2196 1736 30 28 in
2248 1740 76 33 great
2345 1736 115 37 variety.
2496 1736 77 32 Also,
2586 1735 44 28 his
2648 1735 76 36 large

2090 1774 56 30 and
2158 1774 97 30 varied
2268 1774 78 31 stock
2359 1774 30 31 of

2091 1828 119 30 Men.s.
2223 1828 141 30 Youths'
2378 1827 28 31 &
2418 1827 101 38 Boys'
2536 1827 107 30 Boots
2655 1827 69 30 and

2347 1863 120 33 Shoes.

2091 1965 87 30 Fresh
2192 1965 92 30 Goods
2297 1966 121 37 arriving
2437 1965 136 37 monthly,
2586 1964 91 30 which
2690 1964 35 30 he

2124 2005 23 27 is
2161 2005 117 34 offering
2289 2008 30 26 at
2331 2006 87 35 prices
2432 2008 28 25 to
2470 2006 55 26 suit
2538 2004 47 28 the
2599 2004 91 29 times.

2091 2042 45 28 All
2160 2042 140 38 imported
2332 2042 85 37 goods
2447 2042 117 28 marked
2592 2042 30 28 in
2650 2042 76 37 plain

2352 2081 111 36 figures.

2126 2157 132 30 N.B.—A
2269 2157 101 39 supply
2382 2157 31 31 of
2433 2157 89 31 North
2536 2156 105 31 British
2655 2157 72 30 Gum

2093 2198 85 27 Boots
2204 2198 55 26 and
2284 2199 70 26 Own
2380 2197 82 28 Make
2481 2197 184 36 Watertights
2690 2197 24 28 al-

2092 2245 74 28 ways
2179 2245 36 19 on
2228 2236 85 29 hand.

2127 2275 116 35 Repairs
2255 2276 144 34 promptly
2408 2275 132 28 executed
2552 2274 56 29 and
2620 2275 107 27 elastics

2092 2311 132 29 inserted.

2119 2390 71 28 Note
2204 2390 47 28 the
2261 2390 273 28 AddressJOHN
2555 2389 149 33 BROWN,

2094 2436 88 32 Boot
2206 2436 28 33 &
2260 2436 211 33 Shoemaker
2492 2436 28 33 &
2549 2436 178 41 Importer,

2157 2483 141 36 (Opposite
2313 2482 80 28 Bank
2406 2483 30 27 of
2446 2483 68 27 New
2528 2483 140 34 Zealand.)

2211 2565 187 38 JAMES
2438 2565 173 41 RYAN,

2096 2654 87 60 Q.E
2192 2654 87 29 NER
2287 2655 23 28 A
2317 2655 23 28 L
2414 2654 313 61 gTOREKEEPER,

2244 2731 85 29 Cliff
2352 2731 121 34 Street,
2492 2731 87 28 Lyel.

2093 2886 92 29 Goods
2199 2886 132 38 carefully
2344 2885 105 38 packed
2464 2889 27 26 to
2504 2885 37 29 all
2554 2889 76 34 parts
2642 2885 30 29 of
2682 2885 45 30 the

2350 2925 116 29 district.

2108 3080 105 28 BANK
2232 3080 112 28 PRICE
2364 3080 120 28 GIVEN
2504 3080 74 28 FOR
2597 3079 111 29 GOLD.

1658 3765 35 38 [A
1728 3763 99 38 Card.]

1422 3805 41 30 To
1475 3803 47 32 the
1535 3803 101 30 Ladies
1648 3803 30 30 of
1688 3803 87 37 Lyell,
1790 3801 127 35 Reefton,
1931 3800 54 31 and
1998 3809 43 21 sur-

1595 3842 139 34 rounding
1745 3841 138 28 districts:

1491 3880 188 68 Messrs
1707 3879 34 27 e.
1767 3878 27 28 j.
1825 3876 164 30 warner

1599 3918 56 30 and
1679 3917 66 34 CO.,
1770 3916 31 30 of
1827 3916 162 35 NELSON,

1491 3959 89 28 desire
1591 3962 29 25 to
1632 3958 128 28 intimate
1773 3957 63 28 that
1854 3956 66 29 with
1941 3956 47 28 the

1491 3998 126 36 splendid
1634 3996 127 28 facilities
1781 3996 67 35 they
1870 4003 118 28 possess,

1491 4036 67 36 they
1578 4043 51 20 can
1656 4037 28 26 at
1705 4043 16 18 a
1742 4033 51 28 few
1807 4033 83 27 hours
1903 4032 84 33 notic,

1491 4074 67 29 send
1571 4083 49 27 per
1632 4073 83 28 coach
1730 4076 27 24 to
1771 4080 54 28 any
1848 4071 109 28 address
1971 4080 16 19 a

1491 4113 134 37 complete
1645 4115 122 24 costume
1789 4109 79 29 made
1890 4110 29 27 in
1940 4110 47 28 the

1491 4162 66 28 very
1569 4152 82 29 latest
1660 4150 79 38 style,
1750 4150 65 29 with
1825 4149 49 29 hat
1883 4159 30 19 or
1920 4146 49 31 bon-

1491 4196 47 23 net
1547 4191 54 27 and
1613 4191 92 35 gloves
1714 4193 28 23 to
1752 4189 103 32 match,
1863 4189 125 34 together

1490 4230 69 29 with
1568 4238 81 28 every
1659 4228 128 36 requisite
1800 4224 30 31 in
1842 4226 74 33 hose,
1930 4235 42 20 cor-

1491 4273 65 28 sets,
1584 4266 221 35 underclothing,
1830 4266 55 33 &c.,
1916 4265 72 27 their

1491 4307 87 38 prices
1609 4306 80 35 being
1721 4307 71 26 most
1816 4302 169 31 reasonable.

1491 4347 84 27 Their
1596 4344 78 28 stock
1686 4343 150 36 comprises
1849 4352 81 26 every
1943 4351 28 19 ar-

1491 4383 62 27 ticle
1582 4383 30 26 in
1643 4381 118 28 General
1788 4380 133 36 Drapery,
1945 4379 27 27 in-

1491 4420 112 36 cluding
1615 4429 15 18 a
1643 4417 125 38 splendid
1785 4421 165 25 assortment
1961 4416 31 29 of

1493 4459 89 28 Men's
1607 4457 55 29 and
1686 4457 84 35 Boys'
1796 4455 77 29 Read
1896 4455 91 28 -made

1493 4496 138 37 Clothing,
1656 4504 60 20 mer
1733 4504 57 28 ery,
1815 4494 55 33 &c.,
1895 4493 92 30 orders

1492 4537 42 27 for
1545 4536 91 27 which
1643 4534 55 28 will
1708 4534 102 27 receive
1825 4535 109 33 prompt
1947 4536 26 24 at-

1492 4574 116 28 tention.
1644 4572 127 27 Patterns
1779 4571 29 26 of
1820 4574 99 23 newest
1929 4579 38 18 ma-

1493 4611 93 30 terials
1599 4615 61 25 sent
1678 4614 62 33 post
1759 4609 54 28 free
1836 4607 36 39 by
1891 4611 95 26 return

1493 4651 76 33 mail,
1576 4650 54 28 and
1640 4649 84 29 ladies
1731 4649 115 33 sending
1852 4657 118 19 measure-

1493 4694 91 24 ments
1597 4689 27 28 of
1645 4688 105 29 dresses
1768 4696 49 19 can
1832 4686 106 36 depend
1952 4695 36 18 on

1494 4728 125 33 securing
1632 4736 16 18 a
1669 4726 131 36 perfectly
1818 4725 92 34 fitting
1930 4734 42 17 cos-

1493 4767 87 25 tume.

1529 4840 95 28 Please
1637 4839 66 28 send
1722 4840 82 31 along
1815 4847 69 25 your
1898 4838 91 27 orders

1494 4880 29 26 at
1531 4887 77 23 once,
1618 4880 28 24 to
1657 4876 79 27 avoul
1750 4875 89 35 delay,
1853 4875 54 27 and
1917 4884 72 18 cure-
2004 4875 2 35 .

1493 4917 71 35 fully
1576 4919 65 25 note
1655 4914 46 29 the
1715 4913 110 29 address
1837 4922 6 19 :

1426 4965 39 32 E.
1481 4964 30 33 J.
1526 4961 201 33 WARNER
1745 4960 28 32 &
1792 4960 78 37 CO.,
1929 4959 80 31 Hall
2025 4960 30 30 of

1796 4995 140 33 Nelson.

1516 5087 79 33 MR.
1613 5086 28 33 J.
1658 5085 29 33 J.
1705 5083 265 42 MOYNIHAN,

1428 5155 251 61 •gARRISTER
1708 5155 79 27 AjSD
1827 5153 231 61 gOLICITOR.

1428 5247 216 31 Commissioner
1664 5245 31 30 of
1710 5245 46 29 the
1777 5245 133 36 Supreme
1929 5244 86 28 Court
2034 5253 25 20 oi

1679 5283 131 30 Victoria.

1492 5335 68 37 May
1577 5334 34 29 be
1629 5333 152 30 Consulted
1799 5335 28 26 at
1845 5331 44 29 his
1907 5330 94 35 Office,

1430 5386 253 29 PALMERSTGN
1696 5384 155 31 STREET,
1860 5382 198 29 WESTPORI

2252 3162 315 32 TEMPERANCE

2094 3212 334 56 BOARDING
2494 3210 233 58 HOUSE

2176 3283 79 35 (Late
2267 3282 153 28 Alhambra
2438 3282 95 33 Hotel,
2547 3282 101 36 Lyell.)

2093 3387 204 62 ANTONIO
2311 3386 261 37 ACCOLINObegs
2586 3389 27 27 to
2626 3384 102 31 inform

2188 3426 47 30 the
2255 3426 174 28 inhabitants
2449 3425 33 29 of
2499 3426 79 36 Lyell
2596 3424 56 29 and
2671 3434 43 19 sur-

2093 3464 139 37 rounding
2257 3464 107 29 district
2387 3464 63 28 that
2473 3463 36 29 he
2534 3463 51 29 has
2607 3472 62 20 now
2688 3472 27 19 re-

2094 3503 105 38 opened
2211 3503 48 29 tlie
2271 3503 86 29 above
2370 3502 179 30 well-known
2558 3502 134 39 premises
2700 3511 30 19 as

2094 3552 16 18 a
2123 3543 156 28 First-class

2094 3593 174 50 Boarding
2282 3593 119 40 House
2418 3593 71 40 and
2507 3591 222 42 Restaurant

2163 3703 90 31 Meals
2266 3706 29 28 at
2307 3703 36 31 all
2356 3703 94 31 hours.
2487 3702 80 32 Good
2579 3701 81 31 Beds.

2095 3744 150 28 Extensive
2275 3744 56 28 and
2370 3744 196 27 Commodious
2604 3742 126 36 Stabling

2284 3780 259 29 Accommodation.

2271 3833 170 29 ANTONIO
2460 3832 199 32 ACCOLINO,

2528 3870 166 35 Proprietor.

2113 3955 113 38 NEW
2267 3954 139 39 CHUM
2441 3953 270 47 BUTCHERY,

2304 4018 25 31 L
2346 4017 24 31 Y
2389 4017 131 31 ELL.

2241 4273 340 33 BUTCHER.

2093 4386 99 29 Hotels
2205 4385 55 30 and
2271 4384 134 30 Families
2424 4382 101 30 waited
2547 4392 37 21 on
2596 4383 84 38 Daily
2690 4383 39 30 for

2358 4421 111 31 Orders.

2145 4521 76 29 Meat
2233 4518 148 31 Delivered
2398 4521 28 27 to
2440 4517 38 29 all
2497 4520 76 35 parts
2584 4518 29 30 of
2633 4518 47 30 the

2351 4557 127 29 District.

2093 4665 121 34 NEW
2257 4664 157 32 CHUM
2452 4660 277 39 BUTCHERY,

2162 4710 130 34 Opposite
2301 4707 154 29 Alhambra
2465 4707 95 32 Hotel,
2573 4706 89 36 Lyell.

2158 4794 217 41 FORSYTH
2395 4795 28 38 &
2446 4791 232 49 MASTERS,

2100 4861 290 63 WHOLESALE
2417 4861 21 27 &
2466 4860 141 27 RETAIL
2626 4860 84 27 IRON-

2320 4897 191 35 MONGERS,

2247 4952 171 32 Broadway,
2436 4951 144 33 Reefton,

2101 5005 78 30 Have
2193 5014 35 20 on
2240 5004 75 29 hand
2333 5003 137 37 imported
2490 5002 85 30 direct
2593 5002 69 29 from
2685 5002 47 29 the

2150 5044 93 27 Home
2255 5042 131 32 markets,
2400 5051 15 17 a
2427 5042 88 32 Large
2528 5042 55 26 and
2596 5041 67 28 Well-

2284 5078 121 30 assorted
2426 5078 83 30 Stock
2522 5079 29 28 of

2099 5143 167 38 Builders'
2281 5141 219 48 Furnishing,
2513 5141 137 47 Mining
2664 5141 68 38 and

2205 5203 147 42 General
2372 5203 258 49 Ironmongery,

2101 5282 98 28 Which
2221 5280 66 37 they
2306 5289 46 20 are
2373 5279 133 38 prepared
2528 5282 29 26 to
2575 5279 54 28 sell
2651 5282 27 25 to
2690 5287 27 20 re-

2112 5321 103 30 sidents
2227 5320 30 30 of
2266 5318 78 40 Lyell
2357 5323 29 27 at
2395 5318 151 39 extremely
2558 5318 54 30 low
2623 5318 97 38 prices.

2104 5414 150 30 Bickford's
2267 5414 82 35 Fuse,
2361 5414 92 28 Hall's
2469 5413 127 34 Blasting
2608 5412 124 33 Powder,

2104 5454 119 33 Octagon
2238 5452 80 34 Steel,
2332 5452 92 28 Ames'
2446 5451 126 34 Shovels,
2593 5450 66 29 Pick
2678 5450 54 29 and

2105 5492 133 29 Hammer
2250 5491 134 33 Handles,
2398 5492 55 33 &c.,
2464 5494 96 33 agents
2572 5489 42 31 for
2622 5489 110 30 Nobel's

2337 5530 160 37 Dynamite.

2107 5592 153 34 Furniture,
2291 5591 134 35 Bedding.
2456 5592 114 33 Lamps,
2612 5590 120 37 Cutlery,

2107 5632 166 36 Carpenters'
2287 5632 90 31 Tools,
2396 5632 104 30 Paints,
2522 5631 67 32 Oils,
2611 5630 121 32 Colours,

2239 5670 93 36 Fancy
2345 5670 90 33 Ware,
2448 5670 63 33 &c.;
2530 5670 66 32 also,

2115 5722 12 28 V
2144 5721 84 35 Large
2241 5721 172 30 Assortment
2433 5721 29 29 of
2480 5720 165 30 Galvanised
2659 5720 73 33 Iron,

2208 5760 141 28 Bessemer
2361 5761 54 27 and
2434 5761 103 35 Plough
2560 5760 73 28 Steel

2292 5817 103 29 WIRE
2416 5817 128 29 ROPES.

2208 5868 58 29 SSS
2295 5869 176 28 OCTAGON
2500 5868 129 29 STEEL.

1666 5469 89 30 AND
1782 5467 121 31 WEST
1929 5466 133 30 COAST

1481 5550 66 42 A
1561 5548 36 54 J

1722 5625 54 20 AND

1515 5670 131 38 YEAR
1666 5668 124 38 BOOK
1811 5668 52 37 for
1884 5666 96 37 1886.

1434 5780 167 34 Containing
1621 5778 126 29 valuable
1770 5776 187 28 information.
2005 5775 51 27 Tin

1485 5821 67 27 Best
1565 5818 109 29 Garden
1689 5815 135 30 Calendar
1837 5825 63 18 ever
1912 5813 101 29 issued.

1435 5872 52 38 On
1515 5870 79 39 Sale
1623 5871 36 37 at
1685 5866 99 48 Lyell
1813 5866 114 38 Times
1955 5865 109 38 Office.

3251 221 119 32 Public
3399 221 151 31 Notices.

2756 304 16 30 y
2866 302 62 36 &

3504 302 68 25 lrrt
3593 301 74 32 Ir^>

3836 300 14 29 3
3914 302 15 31 i
3942 299 65 40 '(£»

3859 327 178 41 OOa

3019 487 246 64 JOHN
3326 485 452 63 FENNELL

2754 584 61 30 Has
2827 584 85 29 much
2930 583 125 39 pleasure
3074 583 30 28 in
3125 582 176 35 announcing
3320 585 28 24 to
3368 580 47 29 the
3437 579 171 30 inhabitants
3629 580 30 27 of
3681 579 79 36 Lyell
3784 579 55 28 and
3864 579 185 35 surrounding

2980 622 120 30 districts
3121 622 48 29 the
3192 621 102 30 arrival
3317 621 31 28 of
3369 620 43 29 his
3436 619 87 29 NEW
3555 619 125 29 GOODS
3711 619 42 28 for
3777 619 45 29 the

2967 698 287 42 CHRISTMAS
3293 697 102 41 AND
3437 697 116 40 NEW
3595 697 133 40 YEAR
3771 698 175 39 TRADE.

2756 844 86 40 The
2862 845 116 40 Stock
2997 846 32 38 is
3055 859 84 25 now
3157 845 189 51 complete
3366 844 37 39 in
3422 857 112 38 every
3552 843 128 47 detail,
3702 842 75 40 and
3809 841 65 40 the
3903 842 146 51 quality

2853 899 32 38 is
2904 899 42 38 of
2968 899 64 39 the
3060 899 84 38 best
3171 898 222 52 procurable
3417 898 94 38 from
3532 897 64 39 the
3618 897 126 37 Home
3765 896 183 38 Markets.

3392 965 23 27 o

2923 1043 36 30 In
2972 1043 47 30 the
3033 1042 110 31 Ladles'
3157 1043 183 39 Department
3354 1043 47 30 the
3414 1043 141 38 following
3567 1043 94 30 Goods
3675 1052 46 21 are
3734 1043 96 29 shown

2756 1099 150 39 DRESS
2920 1100 288 46 MATERIALS,
3416 1099 213 45 CORSETS,

2914 1161 287 47 MILLINERY,
3537 1161 189 44 GLOVES,

3035 1224 240 47 MANTLES,
3655 1223 160 45 LACES,

3154 1288 220 47 HOSIERY,
3736 1285 236 44 FLOWERS,
3994 1287 57 37 &c.

2860 1451 37 27 In
2909 1451 48 29 the
2971 1451 188 28 Gentlemen's
3172 1452 186 35 Department
3371 1461 16 18 a
3400 1452 88 34 Large
3502 1452 82 27 Stock
3598 1452 51 27 has
3661 1452 69 27 been
3742 1452 57 27 laid
3810 1452 40 32 in,
3863 1452 91 27 which

2761 1509 134 42 WILL
2920 1510 66 41 BE
3015 1509 129 42 SOLD
3170 1510 62 41 AT
3266 1509 179 42 PRICES
3483 1509 63 42 TO
3588 1510 114 41 SUIT
3739 1510 103 40 THE
3869 1509 182 42 iTIMES.

2836 1682 106 51 Boys'
2961 1682 73 40 and
3055 1682 141 40 Youths'
3217 1682 168 52 Clothing
3401 1682 41 51 of
3455 1682 52 38 the
3525 1682 85 38 Best
3625 1680 73 39 and
3717 1680 119 38 Latest
3853 1679 126 51 Styles.

2952 1854 96 29 Direct
3061 1853 199 39 Importations
3272 1853 72 29 from
3357 1852 47 29 the
3418 1852 91 28 Home
3525 1849 132 35 Markets,
3672 1849 151 37 consisting
3836 1848 30 29 of

2764 1922 138 47 Prints,
2924 1922 176 46 Sateens,
3117 1920 76 39 and
3208 1920 230 49 Twillettes;
3461 1921 148 39 French
3624 1921 181 45 Merinos,
3822 1920 232 46 Cretonnes;

2796 1975 161 41 Curtain
2980 1976 147 47 Laces;
3156 1974 134 40 White
3314 1976 175 47 Calicos;
3518 1975 127 39 Toilet
3665 1974 127 51 Quilts
3809 1974 211 51 Sheetings.

3212 2063 26 30 A
3251 2062 132 39 Splendid
3396 2062 176 30 Assortment
3585 2061 30 28 of

2766 2129 132 50 Black,
2937 2129 114 48 Ecru,
3088 2127 76 40 and
3199 2127 134 40 White
3382 2127 23 39 L
3419 2140 88 26 aces
3528 2140 7 35 ;
3582 2126 172 40 Ribbons
3775 2141 7 34 ;
3828 2126 118 40 Black
3980 2127 75 39 and

3058 2183 190 40 Coloured
3276 2183 81 39 Silk
3387 2183 105 45 Mits,
3514 2182 75 39 and
3609 2183 152 38 Gloves.

2800 2356 245 64 JOHN
3084 2354 469 71 FENNELL,
3594 2354 152 59 Cliff
3780 2355 238 59 Street.

2768 2524 141 62 The
2946 2521 365 77 Hampden
3354 2520 467 76 Co-operative
3865 2521 193 60 Store

3062 2619 362 75 Company,
3462 2617 314 62 Limited.

2767 2814 109 59 THE
2890 2813 85 29 above
2986 2813 144 36 Company
3140 2812 23 28 is
3175 2821 62 19 now
3248 2810 149 37 supplying
3410 2809 47 29 the
3469 2808 142 37 following
3627 2808 85 35 goods
3723 2813 28 24 at
3762 2819 16 17 a
3791 2808 85 37 slight
3888 2808 123 29 advance
4026 2818 36 18 on

3238 2849 148 28 NELSON
3402 2848 186 27 PillCES:—

2968 3090 38 29 Of
3017 3089 59 29 first
3089 3088 70 29 class
3172 3088 114 37 quality.
3324 3088 22 27 A
3361 3087 88 36 Large
3463 3086 55 29 and
3530 3086 102 29 Varied
3646 3087 174 28 Assortment
3833 3088 30 27 of

2765 3148 203 53 Crockery,
3005 3147 172 40 Earthen
3207 3146 74 39 and
3316 3145 227 46 Glassware,
3581 3144 281 52 Ironmongery,
3893 3146 81 46 &c.,
3996 3146 66 38 &c.

2766 3298 126 39 Men's
2926 3296 76 40 and
3038 3296 115 50 Boys'
3193 3293 273 51 Kaipoi-made
3514 3292 207 51 Clothing;
3769 3292 114 47 Hats,
3922 3294 139 47 Shirts,

2865 3349 359 47 Under-Flannels;
3280 3348 175 39 Drawers
3490 3347 73 38 and
3598 3347 146 47 Moles;
3788 3346 174 49 Tweeds,

2963 3405 177 51 Hosiery,
3163 3403 185 39 Blankets
3365 3417 8 33 ;
3403 3402 164 45 Calicos,
3590 3401 139 48 Prints,
3753 3402 91 38 Flan-

3176 3458 93 46 nels,
3290 3457 80 46 &c.,
3392 3456 65 39 &c.
3511 3456 143 38 Also—

2930 3537 155 44 Wheat,
3132 3536 109 45 Oats,
3288 3536 116 45 Bran,
3439 3533 118 40 Chaff
3579 3534 75 38 and
3687 3534 193 38 Potatoes.

2800 3687 100 30 Orders
2912 3683 196 39 accompanied
3125 3683 38 37 by
3175 3683 66 28 cash
3254 3681 174 29 remittances
3447 3681 162 37 punctually
3628 3681 130 28 attended
3772 3684 37 30 to,
3823 3681 55 28 and
3898 3681 85 39 goods
4003 3682 44 28 des-

2766 3726 118 39 patched
2897 3728 29 27 at
2938 3734 16 20 a
2966 3727 140 26 moments
3118 3723 99 28 notice.

2800 3764 85 29 Local
2901 3763 131 37 produce,
3049 3761 143 34 including
3209 3760 105 33 Hides,
3334 3760 95 31 Skins,
3455 3758 95 33 Wool,
3568 3759 127 30 Butter,
3709 3760 57 31 &c.,
3780 3760 55 31 &c.,
3854 3760 154 35 purchased
4021 3760 41 27 for

2766 3801 84 32 Cash.

3645 3835 35 27 R.
3700 3835 131 33 M'NEE,
3849 3835 108 29 Lessee.

2801 3876 172 34 Murchison,
2986 3875 66 29 15th
3064 3873 85 35 June,
3164 3875 77 27 1885.

3345 4085 131 41 TRY

2965 4229 805 70 IHKFATRIG

3335 4826 152 39 THE
3562 4826 202 40 BEST

3433 5061 319 41 BELFAST
3803 5062 259 47 HOTEL,

3624 5132 112 30 GIBBS
3756 5134 120 29 TOWN.

3603 5184 187 29 Eight-Mile
3810 5186 87 28 Road.

3434 5261 110 58 IJIHE
3551 5263 186 36 undersigned
3746 5266 103 35 having
3857 5265 130 28 removed
3995 5265 71 27 from

3524 5314 67 31 Zala
3603 5315 87 31 Town
3703 5317 55 29 and
3772 5317 107 30 erected
3897 5327 61 20 new
3975 5327 72 28 prem-

3434 5364 53 26 ises
3507 5373 30 18 as
3557 5365 96 33 above,
3671 5366 24 28 is
3719 5376 63 19 now
3800 5367 133 36 prepared
3953 5372 28 23 to
4001 5366 66 28 offer

3434 5410 135 29 excellent
3610 5413 240 28 accommodation
3880 5417 29 25 to
3948 5414 118 30 visitors,

3436 5458 136 35 boarders,
3587 5460 55 27 and
3655 5460 47 29 the
3714 5460 93 38 public
3819 5461 151 37 generally.

3435 5553 76 30 Ales
3531 5555 102 30 Wines
3650 5566 56 19 and
3726 5558 111 27 Spirits
3861 5565 34 20 of
3919 5565 56 20 the
3998 5564 69 20 best

3586 5606 153 35 Qualities
3752 5614 71 20 only
3837 5614 80 19 kept.

3560 5701 155 54 Charges
3741 5701 189 40 Moderate.

3611 5822 125 29 PETER
3754 5820 244 33 ARMSTRONG,

3869 5869 164 35 Proprietor.

2847 5059 187 40 GEORGE
3064 5059 42 37 E.
3130 5057 193 46 LEVTEN,

2770 5124 124 31 Member
2903 5125 29 29 of
2937 5124 47 29 the
2992 5120 236 32 Pharmaceutical
3235 5120 106 37 Society
3347 5118 53 31 and

2855 5162 237 30 Pharmaceutical
3111 5161 165 27 Conference
3288 5159 31 28 of

2976 5200 84 29 Great
3077 5199 117 34 Britain,

2773 5258 203 63 SURGEON
3014 5256 174 32 DENTIST,
3218 5254 182 33 CHEMIST,

2930 5296 80 30 AND
3029 5293 204 36 DRUGGIST,

2983 5343 205 35 (REGISTERED.)

2768 5430 56 28 For
2836 5430 34 28 20
2881 5438 79 28 years
2978 5427 149 38 practising
3148 5426 31 28 in
3196 5425 204 36 Marlborough,

2769 5468 56 30 and
2836 5468 55 29 late
2905 5467 31 29 of
2954 5467 104 27 Nelson
3076 5465 130 34 districts,
3219 5465 23 28 is
3261 5474 63 19 now
3342 5474 44 28 pre-

2867 5506 82 39 pared
2963 5509 28 26 to
3005 5505 94 29 attend
3112 5505 129 37 patients,
3254 5505 55 28 and

2804 5564 72 30 CAN
2908 5564 51 29 BE
2989 5561 226 30 CONSULTED
3250 5560 119 29 DAILY

2770 5682 99 27 Rooms
2892 5687 31 20 in
2947 5678 185 29 Commercial
3163 5676 111 34 Hotel,
3297 5676 103 28 Lyell.

2805 5774 94 29 Advice
2925 5773 93 28 Gratis
3036 5772 70 27 from
3127 5773 16 26 9
3162 5773 29 26 to
3210 5772 32 27 11
3260 5780 75 24 a.m.,
3349 5771 51 28 and

2770 5815 84 29 from.
2901 5838 5 6 .
2925 5814 14 27 5
2958 5821 66 28 p.m.

2985 5863 32 29 G.
3037 5863 34 28 E.
3091 5861 74 30 LEV
3169 5861 13 29 I
3186 5862 61 34 EN,
3267 5861 102 30 M.P.S.
