4201 6067
192 252 356 34 MISCELLANEOUS
570 257 125 30 ITEMS

172 335 192 42 Irrotirii'arity
394 342 28 25 of
448 341 127 29 conduct
600 341 24 30 is
650 352 14 18 a
686 345 72 27 term

130 377 92 32 whirh
249 379 50 31 has
323 386 50 25 not
400 381 73 31 been
499 383 112 41 exartly
637 384 123 40 defined,

133 423 53 30 hut
198 421 48 34 the
262 423 157 33 Education
436 425 93 32 Board
542 438 49 20 are
605 428 152 38 ofoi-inion

133 468 79 39 (says
241 479 14 18 a
285 468 143 31 Taranaki
459 475 102 33 paper)
591 472 65 31 that
687 472 21 31 it
744 485 14 19 a

128 510 209 30 tchnolinaster
355 513 79 28 bnats
451 512 49 31 the
516 514 70 40 boys
601 516 36 28 all
654 517 105 33 round,

128 553 80 30 Jocks
224 557 57 27 tv\o
296 555 31 29 ol
344 554 49 30 the
408 565 98 21 senior
520 557 70 40 girls
603 557 28 33 in
647 570 15 20 a
678 569 78 21 room

127 598 55 28 and
215 597 91 29 kis*es
332 600 87 35 them,
446 598 42 30 his
513 602 155 31 behaviour
692 613 63 30 may

127 641 90 37 safely
236 640 33 31 be
284 642 108 31 c'asse.i
414 652 31 23 as
468 643 142 35 irregular

167 685 15 30 'J
194 687 33 29 ho
264 685 108 30 Mount
413 689 89 28 Bisclj>
516 690 23 28 ff
578 690 53 30 Tin
648 693 108 29 tn"nin<_'

128 725 149 43 Company
290 730 27 27 of
331 727 150 32 Tasmania
495 728 53 33 has
556 730 58 42 just
622 732 82 33 decla
721 734 33 31 ed

127 770 38 30 its
194 783 56 18 one
276 771 165 33 hundredth
468 773 144 34 oivi.ieud.
669 778 86 30 Since

126 814 85 33 April
231 815 75 30 ISBO
320 814 18 30 it
359 815 49 31 has
425 816 62 40 paid
506 816 26 31 in
556 817 93 34 direct
671 823 68 29 taxa

127 863 60 24 tion
206 863 29 24 to
252 857 48 32 the
316 863 82 27 Hate
413 861 133 36 £10,125
562 863 27 29 in
607 864 48 30 the
682 866 71 29 form

126 903 27 27 o!
172 901 133 30 dividend
323 906 57 26 tax.
433 903 93 32 Thiee
550 904 152 35 dividends
725 911 28 27 of

125 945 44 32 £1
186 946 54 30 and
254 948 36 30 97
307 953 27 24 o'
356 948 50 30 10s
420 948 69 31 each
506 948 71 33 have
594 951 69 31 beeu
681 953 73 35 pa:d,

126 988 85 39 being
226 990 83 41 equal
327 994 29 25 to
371 990 62 33 £sl
456 992 48 31 10s
520 1002 52 31 per
591 993 85 33 share
695 1004 59 30 net,

127 1032 78 31 clear
219 1037 28 28 ot
262 1033 134 31 dniiletid
414 1043 49 23 »ax
527 1037 148 40 Although
704 1040 50 29 the

127 1076 90 34 grand
235 1075 72 31 total
323 1077 29 28 ot
367 1075 46 32 £G
421 1078 100 37 18,000
537 1078 49 32 has
603 1080 70 31 been
688 1090 35 30 pa
735 1082 15 29 d

126 1122 31 26 to
173 1119 48 31 the
236 1119 202 32 shareholders
464 1124 27 27 of
515 1122 58 30 this
598 1123 150 39 Company

127 1162 67 30 with
210 1172 17 21 a
242 1161 125 32 nominal
383 1163 105 37 capital
504 1164 33 32 of
557 1164 142 41 £OO.OOO,
723 1171 28 28 ot

127 1206 89 29 which
230 1207 67 38 only
314 1205 104 32 £7(JOO
434 1207 49 31 has
498 1220 68 20 ever
581 1211 69 29 been
663 1214 88 27 taken

124 1255 53 23 cut
192 1251 28 27 ot
237 1247 48 33 the
301 1251 120 36 pockets
434 1254 29 27 ot
480 1252 50 31 the
541 1251 210 36 shareholder?.

126 1290 70 32 This
224 1292 59 32 fact
309 1292 24 32 is
360 1294 107 31 almost
494 1296 109 40 unique
638 1296 29 32 in
704 1298 49 30 the

127 1334 108 41 history
252 1336 33 31 of
296 1336 178 41 speculative
486 1337 187 41 investment,
696 1343 55 29 and

126 1383 25 29 :t
165 1379 24 33 is
203 1379 136 34 doubtful
355 1380 21 32 if
390 1381 40 33 th»
442 1393 31 23 re
487 1395 48 20 are
552 1383 163 34 half*a«doz
735 1397 16 20 n

126 1426 166 36 companies
318 1425 30 29 iu
377 1425 51 31 the
457 1426 89 31 world
575 1428 95 30 where
702 1430 50 28 the

125 1466 105 42 capital
247 1466 87 44 really
360 1466 130 36 invested
514 1469 84 34 bears
621 1470 70 34 such
717 1482 36 21 an

125 1522 156 21 enoirnous
295 1512 216 41 disproportion
527 1519 31 26 to
580 1519 50 28 the
654 1526 70 22 aciu
733 1521 16 26 il

127 1558 128 27 returns.
307 1555 42 31 At
360 1566 55 20 one
431 1557 99 40 period
545 1560 31 28 of
589 1564 37 24 its
643 1559 110 41 hi«toiy

125 1595 40 32 its
177 1597 147 33 overdraft
337 1599 53 32 had
405 1601 130 32 attained
551 1606 31 26 to
595 1601 132 38 £30,000

165 1641 62 32 The
243 1641 138 42 Tuupeka
391 1642 95 33 Times
497 1646 32 29 of
539 1656 16 19 a
566 1651 100 26 receut
676 1646 79 32 isxue

125 1684 119 33 records
260 1689 49 28 the
325 1687 132 32 troubles
471 1688 33 31 of
518 1700 17 20 a
550 1687 161 34 Chinaman
724 1701 31 21 as

127 1729 111 32 under;
240 1729 110 32 —Just
364 1741 32 21 as
411 1730 48 32 the
481 1732 86 32 south
595 1737 75 27 tram
696 1743 58 23 was

127 1771 114 42 leaving
271 1773 108 33 Milton
406 1774 50 33 the
478 1776 85 32 other
581 1777 133 39 evening,
739 1791 16 19 a

127 1816 160 30 Chinaman
302 1828 37 19 on
356 1817 49 30 the
419 1820 136 36 plattorm
569 1823 184 28 commenced

125 1856 157 45 bailooing,
296 1859 110 43 waving
419 1859 42 34 his
474 1861 91 33 hands
577 1864 177 40 iranticallv,

126 1903 54 30 arid
205 1905 172 40 evidencing
401 1905 28 31 in
457 1917 85 31 many
565 1914 86 24 other
676 1919 77 31 ways

125 1947 66 30 that
214 1945 36 34 he
275 1958 57 21 was
354 1948 28 31 in
412 1949 73 39 de«p
513 1950 122 33 distress
661 1952 85 33 about

125 1992 166 39 something
341 1992 172 41 Everybody
531 2005 55 20 was
602 2001 31 25 at
657 2006 17 20 a
699 1997 57 30 los

125 2037 31 26 to
181 2034 177 32 understand
386 2034 76 33 what
488 2047 58 20 was
571 2039 184 40 occasioning

125 2079 71 30 such
227 2079 180 39 uneasiness,
433 2081 82 32 when
539 2091 80 24 some
643 2089 111 37 worttiy

125 2127 103 27 itinaie
243 2133 37 20 on
297 2124 49 31 the
363 2127 137 35 platform
515 2127 156 39 suggested
688 2128 65 31 that

125 2164 50 31 the
191 2176 27 26 pi
229 2176 33 19 or
278 2166 92 31 fellow
383 2178 14 17 s
413 2167 96 31 better
525 2167 62 32 half
600 2169 54 32 had
678 2181 77 29 gone

124 2219 37 20 on
172 2209 28 30 iu
215 2208 50 32 the
278 2216 74 25 train
365 2208 33 31 wi
416 2210 71 31 hout
499 2211 66 31 him.
597 2212 154 34 Universal

125 2254 154 37 sympathy
308 2263 57 22 was
389 2261 31 24 at
444 2264 73 23 ouce
541 2256 132 40 aroused,
702 2257 54 33 but

125 2295 90 38 John,
245 2296 130 32 heedless
406 2301 31 28 of
468 2297 50 32 the
551 2300 98 38 public
685 2312 53 20 con-

125 2340 58 29 dolt
192 2350 62 27 nee,
271 2350 50 21 ran
335 2340 95 42 madly
444 2341 78 32 after
535 2342 216 42 thedepartiug

126 2389 86 27 train.
265 2383 79 42 Very
361 2384 112 41 shortly
495 2385 51 33 the
567 2388 134 32 occasion
724 2388 34 32 of

126 2426 43 31 his
184 2427 120 32 distrecs
329 2438 57 21 was
410 2428 133 34 revealed
568 2429 37 43 by
631 2432 51 31 the
704 2442 34 31 ap-

125 2482 141 27 pearance
281 2473 28 31 of
324 2482 17 22 a
355 2474 79 40 large
450 2473 117 40 bundle,
583 2474 92 33 which
697 2488 55 20 wa>

125 2515 146 40 ptojected
290 2515 68 32 with
374 2516 198 34 considerable
589 2519 79 31 force
680 2522 72 29 from

124 2568 56 22 one
195 2558 29 32 of
240 2559 48 32 the
314 2559 131 39 carriage
469 2561 145 33 windows.
668 2563 16 17 <fc
694 2562 51 33 Th«

128 2606 193 29 unfortunate
370 2605 132 32 woman!
570 2606 70 43 they
685 2609 70 30 have

127 2646 111 31 thrown
252 2648 51 31 her
445 2648 133 33 shrieked
591 2650 49 32 the
649 2651 104 33 female

124 2700 36 21 on
177 2690 50 31 the
243 2692 143 39 platform.
428 2692 29 31 A
474 2695 76 29 little
575 2695 118 32 further
716 2707 36 20 on

123 2733 124 32 another
263 2734 108 34 bundle
396 2746 80 22 came
501 2738 7 21 f
512 2740 67 29 orta
605 2741 74 30 from
704 2739 51 32 the

125 2788 80 20 same
219 2782 137 33 aperture
370 2779 68 31 with
457 2781 85 41 equal
567 2782 182 33 vehemence.

156 2820 59 33 The
230 2830 72 34 poor
323 2822 73 45 baby
499 2823 77 36 cried
602 2825 51 35 the
676 2837 79 25 same

124 2865 81 32 shrill
222 2866 90 39 voice,
325 2877 38 21 on
379 2868 50 31 the
443 2879 86 30 verge
543 2870 34 31 of
597 2871 153 41 hysterics.

124 2909 62 33 But
200 2907 80 34 John
291 2910 60 33 still
365 2912 168 33 unsatisfied
544 2914 160 33 continued
720 2917 28 31 in

125 2957 125 35 pursuit,
279 2954 99 40 giving
405 2956 49 31 the
481 2956 174 42 impression
690 2959 65 31 that

123 2996 85 32 there
224 3006 57 23 was
294 2997 60 32 still
370 3008 78 24 more
463 3000 32 31 of
513 2999 45 34 his
581 3003 92 39 goods
697 3004 56 30 and

123 3039 126 33 chattels
263 3040 56 32 left
367 3041 81 33 Then
463 3055 81 21 came
558 3055 17 20 a
589 3044 113 33 shower
722 3049 29 28 of

125 3083 83 34 small
249 3083 107 43 things,
401 3086 207 44 representing
650 3088 105 35 John's

126 3128 159 33 household
316 3140 98 28 wares,
442 3142 38 21 on
509 3131 50 32 the
588 3132 112 42 roceipt
724 3137 29 29 of

127 3171 91 34 which
234 3171 36 34 he
284 3171 170 36 abandoned
468 3175 49 33 the
531 3174 95 35 chase.
671 3177 78 45 Very

125 3216 109 42 luckily
250 3217 51 33 the
315 3217 63 33 first
389 3218 172 41 impression
578 3220 59 33 that
655 3222 23 31 it
694 3234 56 21 was

125 3259 105 33 John's
245 3260 66 33 wife
325 3262 56 31 and
397 3263 67 31 fami
477 3274 18 31 y
511 3263 65 32 that
601 3264 54 33 had
680 3265 73 34 been

125 3302 115 42 pitched
248 3309 53 28 out
311 3305 29 32 of
352 3305 48 33 (he
412 3307 75 31 train
501 3318 56 20 was
570 3314 51 26 not
631 3316 115 26 correct

123 3347 62 33 The
200 3347 137 42 unhappy
353 3350 136 31 Celestial
502 3351 70 31 then
594 3354 159 38 proceeded

125 3394 32 28 to
170 3390 104 42 gather
288 3392 44 32 bis
358 3392 178 44 btlongings,
561 3396 91 32 which
678 3408 75 21 were

124 3434 144 32 scattered
283 3438 32 28 at
335 3435 139 34 intervals
497 3437 88 42 along
609 3439 50 33 the
683 3441 69 33 line.

123 3478 61 31 The
214 3478 116 40 bundle,
358 3479 92 33 which
475 3481 53 32 bad
556 3482 84 32 burst
664 3495 85 31 open,

121 3522 141 32 disclo?ed
273 3533 17 20 a
302 3523 128 33 female's
440 3524 82 34 dress
534 3528 56 30 and
598 3527 155 41 improver,

121 3577 16 19 a
166 3564 175 41 concertina,
368 3578 17 20 a
413 3567 93 34 bottle
532 3569 36 32 of
628 3571 119 44 Johnny

123 3609 56 32 Wa
289 3621 16 20 a
322 3611 99 42 baby's
439 3611 73 34 hood
534 3613 57 33 ar.d
616 3616 97 39 rattle,
735 3629 18 21 a

122 3653 83 32 tooth
220 3653 98 40 bru>h,
334 3667 16 19 a
367 3655 45 40 leg
426 3658 29 30 of
478 3662 125 35 mutton,
628 3669 17 22 a
669 3660 84 40 shirt,

123 3709 17 21 a
176 3697 105 42 pocket
313 3697 208 46 Siiakespfeare,
551 3712 17 22 a
597 3702 156 35 fine-tooth

122 3742 92 38 tomb,
229 3753 18 21 a
262 3754 7 28 )
281 3745 130 39 amphlet
426 3756 38 21 on
526 3745 77 34 How
628 3752 32 28 to
683 3759 70 22 cure

297 3798 80 20 some
384 3787 105 33 female
497 3789 256 43 undergarments,

120 3831 57 32 and
190 3843 16 20 a
220 3827 94 37 bottle
328 3831 33 33 of
381 3831 128 34 codliver
530 3833 47 33 oil.
633 3834 118 42 Having

120 3874 120 32 secured
252 3875 38 30 all
302 3875 44 30 his
361 3876 179 38 belongings,
550 3877 79 31 John
643 3879 106 31 smiled

122 3916 130 44 blandly,
279 3917 158 42 satirically
467 3917 130 35 thanked
626 3920 51 34 the
703 3932 32 23 on-

120 3963 118 31 lookers
250 3963 44 30 for
305 3961 76 32 their
393 3964 168 35 assistance,
573 3965 56 30 aud
642 3966 110 40 quietly

121 4003 72 35 took
208 4001 47 35 his
268 4008 64 28 seat
346 4004 31 33 in
391 4004 51 32 the
474 4005 173 35 Lawerence
673 4008 77 33 train

120 4050 48 30 for
184 4047 186 33 Waitahuna.

160 4089 62 31 The
244 4088 108 31 richest
375 4100 112 21 woman
511 4091 30 30 in
570 4092 52 31 the
652 4094 101 36 world,

120 4143 67 33 says
208 4130 51 33 the
281 4130 106 40 Globe,
409 4131 50 33 has
481 4133 89 43 lately
599 4135 74 33 been
697 4135 41 33 dis-

122 4175 124 35 covered
297 4175 109 32 Douna
420 4175 114 34 lsidora
558 4179 139 39 Cousino,
723 4182 30 30 of

124 4225 13 27 1
151 4219 59 36 bili,
220 4220 23 28 is
254 4217 48 31 the
316 4217 87 42 lucky
417 4218 167 33 individual.
628 4222 48 30 No
687 4232 66 29 one,

123 4268 54 27 not
190 4271 71 23 even
278 4259 52 33 she
345 4260 56 32 her.
411 4261 49 40 elf,
480 4261 101 34 knows
605 4263 50 33 the
671 4271 83 27 exact

124 4311 121 29 amount
261 4307 28 28 ot
306 4304 52 31 her
374 4305 113 39 wealth,
497 4306 91 33 which
600 4320 25 19 is
635 4309 117 32 derived

125 4354 73 30 from
222 4348 77 37 land,
320 4348 99 39 cattle,
441 4349 101 37 mines,
574 4351 90 33 house
694 4354 56 32 and

124 4396 67 40 ship
219 4397 139 36 property
387 4396 32 28 to
453 4405 56 29 any
545 4400 112 28 extent.
718 4397 35 32 In

124 4438 130 31 addition
277 4440 31 24 to
331 4436 84 31 th®se
435 4446 118 22 sources
575 4440 28 29 ot
631 4440 122 39 income,

124 4481 51 32 she
190 4488 80 23 owns
285 4476 50 33 the
350 4478 68 42 only
433 4480 62 31 coal
511 4480 93 33 mines
619 4483 30 31 in
662 4484 91 32 South

125 4523 143 35 America,
285 4525 73 29 from
374 4522 92 34 which
480 4523 52 33 she
546 4525 95 34 draws
664 4527 90 35 about

125 4570 135 35 £16,000
280 4577 16 20 a
318 4566 110 32 mouth.
469 4567 34 32 It
523 4568 24 33 is
568 4570 98 32 stated
689 4572 64 31 that

125 4612 109 31 lJonna
281 4608 129 32 Cousino
452 4611 24 30 is
515 4622 18 20 a
572 4614 182 33 remarkable

125 4655 135 34 business
274 4661 120 30 woman,
409 4654 57 33 and
489 4652 30 35 in
543 4654 53 35 her
622 4656 132 44 dealings

125 4700 71 32 with
213 4699 49 32 the
276 4696 62 34 coal
353 4696 50 33 she
418 4704 79 26 must
513 4698 71 34 have
604 4700 147 36 borrowed

123 4754 82 22 some
219 4742 33 32 of
264 4741 51 33 the
329 4739 182 35 shrewdness
525 4745 33 29 of
572 4743 50 33 her
646 4744 108 35 Scotch

124 4797 159 22 overseers.
327 4783 29 33 It
367 4789 78 27 costs
465 4785 52 33 her
527 4788 90 31 about
631 4789 33 32 5s
678 4789 37 32 6d
732 4802 17 21 a

125 4835 51 27 ton
193 4837 31 24 to
238 4829 78 32 mine
327 4827 55 33 and
398 4828 110 33 deliver
521 4831 51 31 the
596 4833 73 37 coal,
697 4834 56 31 and

125 4874 52 32 she
198 4873 68 33 sells
287 4871 24 33 it
331 4875 32 28 at
382 4871 91 33 about
493 4874 53 31 30s
565 4883 18 22 a
604 4877 51 29 ton
685 4875 69 34 thus

125 4918 119 40 making
259 4930 16 19 a
291 4916 87 40 profit
391 4916 31 31 of
437 4927 79 21 some
530 4918 58 31 500
601 4929 53 29 per
676 4929 78 24 cent.

125 4962 64 31 The
209 4962 17 14 4<
238 4963 146 28 Countess
411 4961 29 28 of
469 4958 108 34 Monte

126 5017 32 23 as
185 5005 51 34 the
261 5004 128 34 Chilians
410 5002 54 34 call
487 5003 51 33 her
560 5016 24 22 is
604 5015 17 22 a
643 5008 110 41 widow,

125 5050 57 33 and
205 5052 90 31 about
316 5052 37 30 45
374 5059 85 31 y*ars
480 5050 33 31 of
530 5061 61 30 age,
615 5051 51 32 but
688 5063 66 33 says

126 5097 51 31 she
194 5096 56 31 wiil
266 5106 88 21 never
375 5104 97 32 marry
497 5094 92 42 again.
643 5096 108 33 Never,

125 5141 118 36 tbcless,
257 5139 51 31 she
323 5138 25 32 is
363 5143 50 26 not
429 5138 164 36 altogether
604 5150 104 23 averse
723 5145 30 28 to

125 5183 158 33 masculine
299 5181 120 43 society,
434 5182 45 32 for
494 5193 38 21 on
544 5193 56 23 one
611 5195 142 31 occasion,

125 5228 83 32 when
224 5227 49 31 the
288 5226 111 32 United
426 5226 61 31 Slat
494 5238 31 20 ex
549 5228 68 31 fleet
640 5240 58 20 was
723 5237 31 24 at

126 5271 180 43 Valparaiso,
320 5270 52 34 she
386 5271 108 32 invited
509 5271 39 32 all
570 5270 49 35 the
643 5271 110 37 officeis

127 5324 31 23 to
172 5317 91 38 spend
278 5326 16 20 a
311 5316 76 30 week
406 5315 68 30 with
492 5315 59 31 her.
610 5317 141 42 Probably

126 5359 51 32 the
228 5358 146 34 Countess
424 5359 94 32 would
534 5358 35 34 be
584 5360 63 33 relit
657 5362 51 33 ved
722 5370 31 25 at

126 5404 113 41 finding
253 5415 79 20 some
348 5414 59 31 way
422 5403 30 32 in
468 5404 89 31 which
581 5409 31 26 to
638 5410 113 38 expend

128 5447 52 30 her
214 5447 135 34 millions,
382 5449 46 28 for
461 5447 51 29 she
546 5457 24 20 is
608 5460 17 19 a
670 5456 83 32 great

127 5494 154 36 patroi.ess
296 5489 27 30 o(
341 5488 109 42 racing,
464 5490 56 30 aud
535 5489 108 44 always
665 5491 88 34 backs

127 5534 52 30 her
200 5545 63 19 own
299 5532 109 31 horses.
470 5531 62 33 But
566 5534 67 32 here
666 5537 84 38 again

127 5586 102 32 money
248 5576 103 32 breeds
367 5586 113 32 money,
500 5576 55 31 and
575 5576 51 32 she
647 5578 106 41 always

127 5631 71 21 wins
248 5621 30 31 in
294 5618 93 33 South
406 5619 133 32 America
553 5619 85 35 there
649 5633 50 21 are
715 5635 36 19 no

126 5664 178 34 fashionable
316 5663 122 43 jockeys
454 5668 30 28 to
506 5664 68 32 take
596 5665 50 34 the
669 5667 82 32 lion's

125 5709 85 31 >hare
237 5710 33 29 of
295 5710 49 29 tha
374 5720 78 28 prey,
482 5710 52 28 but
570 5710 41 29 let
648 5711 102 31 Donna

125 5752 115 34 Isido.a
274 5752 129 33 Cousino
431 5751 68 42 only
527 5762 81 23 come
636 5763 37 22 on
702 5753 48 34 the

125 5798 121 40 Englihh
264 5798 69 39 turf,
360 5798 55 32 and
439 5797 49 33 she
510 5798 57 31 will
595 5809 70 21 soon
696 5799 55 32 Bcu

123 5842 51 31 her
191 5842 47 31 mil
243 5841 71 31 Tons
328 5843 129 40 growing
473 5840 82 33 small
572 5841 36 44 by
631 5844 122 41 degrees

120 5887 59 33 and
196 5886 172 42 beautifully
381 5886 65 33 less.

1349 121 117 41 THE
1520 123 184 42 LYELL
1757 126 184 51 TIMES,
1997 134 302 49 SATURDAY,
2353 136 191 42 MARCH
2600 153 58 39 27,
2717 144 102 38 1886.

3442 5789 113 28 Printed
3569 5790 55 27 and
3637 5790 147 36 published
3802 5792 38 35 by
3855 5793 48 28 the
3917 5795 163 35 proprietor,

3476 5827 106 29 Walter
3595 5829 95 33 Atkin,
3704 5834 28 24 at
3746 5830 48 28 the
3810 5831 161 36 Registered
3995 5835 85 29 Oilice

3477 5867 79 28 ottlie

3477 5906 111 33 County
3602 5908 29 27 of
3643 5907 103 32 Buller,
3756 5909 107 30 Colony
3878 5910 29 28 of
3918 5910 66 29 N.Z.

863 249 173 39 Westport
1053 250 302 30 Advertisements.

788 327 334 57 GILMER'S

1027 433 155 27 WESTPORT,

813 501 144 39 Corner
984 503 42 38 of
1053 503 238 38 Palmerston
1317 503 75 38 and

903 556 212 41 Wakefield
1142 558 158 47 Streets,

789 645 276 35 CONVENIENT
1088 652 27 29 to
1134 649 47 33 the
1195 649 153 41 Telegraph
1362 649 52 31 and

877 690 64 26 Post
955 692 107 30 Offices,
1076 692 55 25 and
1143 692 95 33 ne;u*ly
1251 692 123 33 opposite
1388 696 27 21 to

786 724 32 28 lie
834 724 32 28 11.
872 725 37 28 M.
924 726 86 29 Court
1026 726 55 29 and
1100 727 81 28 H.M.
1196 728 138 29 Customs.

786 832 179 42 Gilmer's
986 833 175 43 Masonic
1185 837 130 47 Hotel,

1300 899 113 21 NELSON.

785 925 178 42 Gilmer's
990 928 129 48 Hotel,

1233 991 180 21 GREYMOUTH.

784 1018 178 41 Gilmer's
983 1021 121 50 Royal
1124 1022 85 39 Oak
1230 1023 129 46 Hotel,

1220 1082 192 22 WELLINGTON.

815 1185 78 29 Good
914 1186 238 30 accommodation
1170 1187 42 29 for
1232 1188 179 30 Commercial

781 1223 160 31 Travellers,
954 1225 67 27 with
1034 1226 105 35 sample
1151 1235 93 18 rooms
1256 1227 139 36 provided.

814 1261 25 28 A
863 1261 87 38 Night
974 1263 96 28 Porter
1094 1262 102 39 always
1221 1274 36 18 on
1281 1265 47 29 the
1353 1275 45 27 pre-

780 1299 92 29 mises.

815 1338 126 34 Booking
961 1339 84 29 Office
1064 1339 41 30 for
1117 1339 47 30 the
1176 1340 170 35 Charleston,
1359 1341 36 30 Ad-

781 1376 113 36 dison's,
908 1378 115 29 Reefton
1035 1378 56 30 and
1108 1379 81 37 Lyell
1201 1380 131 30 Coaches.

816 1417 78 27 Good
907 1418 127 34 stabling,
1048 1418 68 27 with
1130 1418 76 35 eight
1225 1418 80 29 horse
1326 1419 87 33 stalls,

782 1453 128 31 attached
922 1458 28 26 to
962 1454 48 30 the
1022 1454 141 39 premises.

988 1513 121 32 JOHN
1129 1513 190 40 GILMER,

1215 1557 164 37 Proprietor.

972 1640 441 62 gTRUTHERS

926 1736 89 33 HAS
1031 1736 65 33 ON
1116 1736 150 33 SALE-

833 1810 236 51 Ccrrugated
1090 1812 99 47 Iron,

833 1872 201 54 Crockery,

834 1936 322 54 Paperhangings,

833 1999 133 40 White
985 2000 120 47 Lead,

833 2062 94 50 Oils,

832 2127 222 44 Varnishes,

833 2188 125 40 Doors
971 2190 76 39 and
1066 2189 153 49 Sashes,

834 2252 169 53 Cutlery,

833 2316 437 53 Cutlery-Electroplate
1288 2331 7 35 ;
1324 2317 75 40 and

833 2377 240 43 Brushware.

822 2509 318 38 PALMERSTON
1185 2510 192 48 STREET,

994 2572 214 30 WESTPORT.

818 2655 290 61 Thomas
1134 2655 245 75 James,

911 2768 265 48 SADDLER,
1205 2768 82 49 &c.,

782 2854 220 30 TMPORTER
1019 2864 56 19 and
1101 2856 314 30 MANUFACTURER

1082 2916 34 21 OF

783 2963 60 39 All
875 2963 254 53 descriptions
1146 2964 43 39 of
1216 2965 196 54 Saddlery,

834 3027 183 48 Harness,
1036 3028 112 51 Long
1158 3029 76 38 and
1252 3029 115 40 Short

883 3089 202 55 Leggings,
1157 3090 159 55 Plough,

929 3155 33 40 &
981 3155 107 40 Back
1113 3155 154 52 Chains,

977 3218 159 50 Traces,
1153 3221 66 39 &c.

783 3348 113 37 Repairs
908 3348 102 38 Neatly
1022 3349 56 29 and
1098 3349 145 39 Promptly
1264 3349 151 30 Executed.

782 3461 175 37 Up-country
969 3461 94 30 orders
1080 3463 142 37 promptly
1233 3463 132 29 attended
1377 3466 39 27 to.

781 3574 49 29 ON
851 3575 206 30 SALE—Steel
1087 3576 138 34 Polished,
1255 3576 56 29 and
1341 3577 75 29 Solid

850 3614 89 29 Silver
966 3615 71 34 Bits,
1069 3614 133 38 Stirrups,
1233 3616 56 28 and
1320 3616 96 38 Spurs,

849 3652 104 38 Riding
975 3653 124 35 Saddles,
1120 3654 75 28 Pack
1217 3654 123 33 Saddles,
1362 3656 54 27 and

849 3691 100 37 Whips
961 3692 30 29 of
1004 3692 38 29 all
1054 3692 189 36 descriptions.

814 3917 92 56 J.
969 3919 414 69 CORR,

994 4029 209 36 IMPORTER,

1124 4119 128 40 WISE,
1280 4119 111 34 SPIRI

1069 4208 64 22 AND

882 4278 197 41 Provision
1099 4279 216 42 Merchant.

821 4480 319 38 PALMER,STON
1182 4481 193 50 STREET,

992 4577 215 25 WESTPORT.

1526 254 145 30 Reefton
1698 255 294 37 Advertisements

1563 336 55 38 W.
1660 315 303 76 HINDMARSH^

1449 457 321 61 gHAREBROKER,
1796 461 180 38 MINING,
1999 466 77 30 AND

1535 534 168 42 General
1727 537 260 46 Commission

1694 628 137 58 Agent,

1477 759 288 50 BROADWAY,
1793 763 245 51 EEEFTON,

1565 871 140 36 (Opposite
1723 871 137 30 Southern
1874 874 81 28 Cross

1706 928 104 37 Hotel.)

1443 1010 339 61 Dawson's
1847 1014 222 76 Hotel,

1538 1114 223 35 BROADWAY,
1789 1117 186 30 REEFTON.

1443 1225 88 28 rTlhe
1551 1227 236 29 accommodation
1810 1231 126 35 supplied
1956 1231 37 37 by
2018 1233 56 29 this

1531 1264 85 30 house
1630 1272 102 23 cannot
1745 1267 31 29 be
1789 1270 146 34 surpassed
1956 1271 30 28 in
2006 1272 67 29 New

1441 1302 129 29 Zealand.

1443 1406 174 51 Booking
1652 1411 121 38 Office
1808 1413 57 37 for
1900 1414 173 39 Mitchell

1490 1460 76 40 and
1611 1464 232 54 Campbells
1901 1467 122 54 Royal

1541 1516 94 42 Mail
1666 1521 98 38 Line
1785 1522 43 37 of
1855 1523 96 50 Grey-

1593 1573 133 39 mouth
1742 1574 188 41 Coaches.

1475 1702 68 29 This
1555 1704 86 28 Hotel
1654 1704 23 28 is
1679 1703 20 14 v
1700 1704 61 29 well
1782 1704 102 30 known
1906 1705 168 38 throughout

1442 1740 68 30 New
1524 1742 119 29 Zealand
1656 1743 42 29 for
1716 1743 36 29 its
1772 1744 236 30 accommodation
2020 1747 54 28 and

1442 1782 181 28 convenience
1635 1782 42 28 for
1694 1783 113 27 tourists
1825 1783 56 28 and
1900 1785 174 28 commercial

1441 1818 150 28 travellers.

1638 1866 126 40 JOHN
1784 1867 212 49 DAWSON,

1875 1922 164 36 Proprietor.

1602 2004 309 33 STEVENSON'S

1446 2065 364 63 M'G-affin's
1847 2067 226 76 Hotel,

1545 2169 224 36 BROADWAY,
1789 2171 187 30 REEFTON.

1444 2301 122 59 THIS
1580 2302 180 36 Magnificent
1771 2303 86 29 Hotel
1869 2304 57 28 will
1947 2304 33 29 be
1992 2304 84 29 found

1532 2339 102 38 replete
1648 2340 67 29 with

1537 2413 92 20 EVERY
1648 2414 127 20 COMFORT
1792 2415 56 19 AND
1866 2415 118 21 MODERN

1657 2453 205 22 CONVENIENCE.

1476 2559 132 35 Tourists,
1634 2560 175 30 commercial
1839 2561 151 35 travellers,
2022 2562 54 30 and

1442 2599 93 28 others
1544 2599 55 28 will
1613 2599 64 28 here
1690 2600 57 28 find
1762 2610 82 25 every
1857 2601 137 29 attention
2004 2611 54 20 com-

1441 2636 83 30 bined
1536 2637 68 29 with
1618 2637 83 30 home
1714 2638 137 30 comforts.

1442 2750 157 39 Booking
1617 2751 107 32 Office
1736 2752 53 31 for
1800 2752 170 32 Newman
1982 2754 94 30 Bros'

1468 2796 110 39 Royal
1590 2796 87 31 Mail
1689 2797 87 32 Line
1790 2796 39 32 of
1836 2796 133 33 Nelson
1982 2798 69 32 and

1585 2841 174 41 Westport
1772 2843 163 32 Coaches.

1503 2934 160 39 JAMES
1709 2934 305 50 STEVENSON,

1668 2997 181 21 PROPRIETOR.

1444 3069 252 66 City
1720 3070 356 58 Hotel

1475 3152 289 52 BROADWAY,
1795 3154 249 45 REEFTON.

1445 3283 284 61 COMMERCIAL
1748 3284 164 35 Travellers,
1937 3286 139 34 Families,

1533 3323 54 27 and
1608 3323 47 28 the
1676 3324 90 35 public
1784 3324 142 36 generally
1945 3325 57 27 will
2021 3326 55 27 find

1443 3359 55 29 this
1510 3360 176 29 well-known
1705 3361 87 28 Hotel
1809 3361 77 29 fitted
1906 3361 69 29 with
1995 3372 81 28 eyery

1443 3398 113 29 modern
1570 3401 183 28 convenience
1763 3399 56 30 and
1830 3400 195 37 requirement.

1493 3512 85 40 The
1611 3514 256 51 Proprietress
1898 3514 32 40 is
1954 3514 102 41 deter-

1444 3566 129 41 mined
1598 3573 41 35 to
1658 3582 110 38 spare
1787 3582 49 26 no
1855 3581 165 40 expense
2038 3570 38 40 in

1444 3622 155 52 making
1616 3622 77 39 this
1714 3622 117 40 Hotel
1851 3624 225 53 thoroughly

1444 3676 112 52 equal
1574 3683 39 33 to
1632 3677 49 39 all
1700 3677 287 52 requirements.

1444 3803 92 37 Local,
1554 3804 127 32 Colonial
1704 3806 55 30 and
1784 3806 91 32 Home
1877 3806 9 11 ,
2022 3808 54 31 and

1564 3845 162 37 periodicals
1738 3847 138 36 regularly
1888 3848 73 29 filed.

1610 3901 152 42 ALICE
1787 3902 239 51 NEVILLE,

1883 3967 193 35 Proprietress.

900 4810 156 37 PETBR
1084 4810 212 47 MULVAY,

781 4896 248 38 ■QLUMBEIi,
1058 4897 237 38 TINSMITH,
1325 4898 88 33 AND

781 4926 47 36 £
953 4936 222 33 GASI'ITTJEK,
1188 4937 56 28 and

859 5014 475 56 COPPERWORKER,

813 5136 215 38 Palmerston
1054 5134 122 50 Street,
1195 5137 186 48 Westport,

897 5243 141 39 (Opposite
1051 5243 129 30 Gilmer's
1192 5244 105 38 Hotel.)

783 5395 93 34 Every
892 5395 181 40 description
1088 5396 34 33 of
1143 5396 179 35 Holloware,
1336 5397 58 33 Tin-

820 5440 115 31 smiths'
952 5440 113 38 Goods,
1079 5442 58 29 and
1156 5440 217 40 Ironmongery

976 5481 73 43 kept
1070 5481 31 36 in
1121 5482 95 34 stock.

910 5618 24 29 A
947 5618 88 38 Large
1047 5618 201 38 Consignment
1260 5619 31 29 of

823 5684 187 42 STOVES
1035 5687 103 38 AND
1173 5687 199 39 RANGES

987 5773 61 23 NOW
1066 5774 34 22 TO
1119 5774 85 22 HAND.

886 5899 69 29 IST
964 5899 45 29 All
1027 5899 86 29 Work
1126 5900 181 28 Guaranteed.

2276 265 118 32 Public
2413 267 151 32 Notices.

2238 347 130 39 JOHN
2412 348 189 49 MUNRO,

2105 477 234 67 Q.ENERAL
2370 478 247 30 MERCHANT
2648 482 88 28 AND

2316 553 209 39 IMPORTER,

2202 672 241 38 Palmerston
2497 675 139 45 Street,

2312 792 218 26 WESTPORT.

2148 889 246 33 JOHNSTON
2421 891 28 33 &
2474 891 215 35 WATKINS

2317 966 108 29 CIVIL
2442 968 80 27 AND

2102 1042 71 58 jyj*
2187 1043 144 27 INING
2402 1045 58 50 *pl
2475 1044 262 35 NGINEERS,

2289 1128 181 20 AUTHORISED
2491 1130 57 19 AND

2103 1170 280 41 LICENSED
2409 1173 328 41 SURVEYORS

2101 1262 133 36 Working
2258 1263 83 28 Plans
2363 1265 55 28 anil
2443 1265 108 30 Details
2575 1266 31 29 of
2630 1266 107 37 Miinng

2135 1302 163 36 Machinery
2312 1304 132 36 prepared
2454 1305 56 28 and
2517 1305 47 29 the
2573 1306 132 29 Erection

2187 1341 108 39 Mining
2310 1342 161 40 Machinery
2483 1344 168 39 supervised.

2101 1418 119 35 Surveys
2232 1418 43 27 for
2285 1419 110 36 Mining
2404 1420 167 36 Companies
2580 1421 157 29 contracted

2101 1455 39 30 for
2154 1455 34 40 by
2202 1456 46 31 the
2260 1466 74 29 year.
2372 1458 121 38 Surveys
2502 1458 82 32 made
2594 1459 88 32 under
2691 1460 46 30 the

2273 1497 81 29 Land
2366 1498 129 30 Transfer
2503 1500 63 28 Act.

2349 1573 138 31 Address:

2101 1610 168 35 Broadway,
2289 1610 134 31 Reefton
2434 1622 7 26 ;
2468 1622 58 21 and
2550 1614 187 30 Commercial

2303 1651 111 35 Hotel,
2434 1651 92 30 Lyeli

2135 1724 292 33 N.B.—lnstructions
2439 1729 50 29 left
2501 1732 29 27 at
2542 1730 92 29 Times
2644 1730 93 36 Office,

2101 1770 16 22 I
2125 1764 65 34 yell,
2202 1764 56 30 will
2271 1767 104 29 receive
2383 1769 161 29 immediate
2557 1770 146 28 attention.

2230 1845 66 62 N
2304 1849 309 62 ewman's

2302 2053 48 30 OF
2369 2054 178 32 COACHES

2136 2148 253 31 Thrice-Weekly
2414 2150 123 29 Service
2559 2151 144 31 Between

2188 2196 107 35 Lyell,
2307 2196 136 30 Reefton
2455 2206 56 20 and
2524 2198 128 31 Nelson.

2102 2290 92 29 Leave
2215 2290 84 37 Lyell
2315 2290 44 30 for
2375 2292 106 29 Nelson
2497 2302 85 29 every
2602 2294 136 38 Tuesday,

2103 2337 147 37 Thursday
2258 2339 55 27 and
2324 2339 148 38 Saturday,
2483 2344 29 26 at
2523 2342 62 28 2.30
2594 2350 79 29 p.m.,
2683 2342 57 29 and

2103 2384 81 37 Lyell
2196 2386 41 27 for
2249 2386 140 36 Westport
2401 2387 57 28 and
2470 2387 129 36 Reetton,
2618 2398 37 20 on
2668 2389 52 29 Sun-

2103 2431 64 39 day,
2180 2431 177 41 Wednesday
2369 2433 56 31 and
2439 2434 113 39 Friday,
2560 2438 30 28 at
2601 2436 63 31 9.30
2673 2445 66 22 a.m.

2103 2520 167 36 Passengers
2295 2520 102 29 booked
2429 2521 43 29 for
2501 2521 152 39 Hampden
2683 2523 56 30 and

2223 2567 80 31 other
2315 2568 194 32 intermediate
2521 2568 103 40 places.

2274 2645 132 31 Booking
2427 2647 139 31 Offices:

2105 2702 137 39 Westport
2505 2704 134 30 Gilmer's
2651 2705 88 30 Hotel

2103 2751 118 29 Reefton
2464 2752 178 30 Stevenson's
2654 2754 86 29 Hotel

2103 2798 105 30 Nelson
2296 2819 33 10 ...
2401 2821 29 8 ...
2516 2800 126 31 Masonic
2654 2800 86 32 Hotel

2136 2894 46 30 All
2193 2894 109 39 parcels
2314 2899 76 26 must
2402 2895 33 31 be
2450 2895 123 39 prepaid,
2592 2896 148 31 otherwise

2236 2943 67 37 they
2316 2944 57 28 will
2385 2943 33 29 be
2430 2944 49 28 left
2493 2944 113 28 behind.

2427 3000 40 30 H.
2486 3001 185 35 NEWMAN,

2537 3040 160 34 Proprietor

2167 3131 149 28 LADIES'
2336 3131 50 28 OR
2405 3131 274 30 GENTLEMEN'S

2109 3183 43 63 g
2170 3183 238 42 ADDLE
2474 3184 263 61 JJACKS,

2239 3274 93 38 (Quiet
2343 3274 57 30 and
2411 3274 200 34 Well-broken)

2104 3336 74 28 FOR
2190 3337 99 27 HIRE
2302 3337 50 27 BY
2365 3337 79 27 THE
2458 3337 281 29 UNDERSIGNED

2223 3387 42 29 At
2283 3386 170 31 Inangahua
2469 3387 153 31 Junction.

2138 3487 115 30 Horse's
2265 3490 60 27 sent
2337 3490 38 34 Jto
2387 3488 80 36 Lyell
2479 3490 30 28 at
2528 3497 15 21 a
2557 3491 150 28 moment's

2369 3526 102 30 notice.

2104 3613 198 48 Courtney's
2310 3613 302 41 Accommodation
2620 3615 119 40 House

2103 3671 114 37 Having
2241 3671 85 38 lately
2346 3671 71 30 been
2437 3672 193 31 considerably
2651 3673 88 29 added

2103 3714 28 25 to
2151 3710 56 29 and
2225 3709 155 39 improved,
2392 3711 24 29 is
2435 3720 63 20 now
2511 3720 52 20 one
2575 3711 31 31 of
2621 3712 48 30 the
2681 3712 58 31 best

2103 3750 148 36 appointed
2264 3750 55 27 and
2331 3753 73 25 most
2416 3750 179 28 comfortable
2613 3751 126 29 roadside

2213 3787 111 30 house's
2336 3796 37 21 on
2385 3787 48 30 the
2445 3787 79 30 West
2537 3787 93 32 Coast

2119 3900 145 37 FiRIAIN
2274 3900 86 34 CIS
2410 3900 314 44 COURTNEY,

2329 3970 192 28 Proprietor.

1775 4084 120 53 THE

1442 4214 327 44 PRINTING
1817 4217 127 42 AND
1995 4217 424 45 PUBLISHING
2470 4217 268 52 OFFICE,

1856 4337 148 32 CLIFF
2039 4338 71 37 ST.,
2146 4339 179 33 LYELL.

1442 4537 247 55 Tlx©

1508 4668 39 43 Is
1564 4682 73 29 one
1656 4668 42 43 of
1711 4670 66 42 the
1794 4670 86 43 best
1898 4671 98 44 local
2015 4675 189 42 mediums
2222 4676 57 41 for
2296 4677 247 57 distributing
2561 4694 117 36 news,

1686 4762 340 52 Advertisements,
2048 4767 75 40 and
2143 4767 169 52 subjects
2331 4768 42 41 of
2387 4769 97 42 local

1882 4851 169 51 interest,
2073 4853 234 55 throughout

1672 4942 66 39 the
1774 4943 131 40 Buller
1939 4944 76 39 and
2051 4944 225 54 Inangahua
2310 4948 199 42 Counties.

1490 5157 171 55 Charges
1679 5158 57 42 for
1753 5159 180 55 standing
1950 5160 329 52 advertisements,
2299 5176 92 41 very
2404 5165 238 42 reasonable.

1493 5250 80 51 job,
1621 5250 121 49 Plain,
1780 5250 76 42 and
1898 5251 51 41 all
1983 5251 110 42 kinds
2132 5252 42 42 of
2204 5252 178 55 printing,
2421 5255 185 41 executed
2649 5255 90 42 with

1441 5319 186 53 despatch
1646 5325 42 35 at
1705 5319 66 41 the
1789 5319 131 40 lowest
1938 5319 137 54 prices.

1489 5408 335 41 Communication
1842 5409 51 51 by
1911 5415 86 45 post
2011 5423 42 26 or
2070 5409 87 40 wire
2176 5411 194 52 promptly
2388 5412 185 39 attended
2591 5419 52 33 to.

1962 5648 251 44 ADDRESS:

1975 5869 224 42 LYELL.

2940 275 118 34 Public
3076 277 151 35 Notices.

2846 355 252 33 POSTAGE
3140 359 186 33 KATES.

2953 499 90 22 TOWN
3069 500 135 24 LETTERS

2803 540 111 34 Posted
2941 547 31 28 at
2995 554 57 30 any
3083 544 69 32 Post
3179 544 93 34 Office
3302 545 94 35 witliii

2764 585 49 30 the
2829 587 103 39 colony
2949 589 46 28 for
3010 588 130 41 delivery
3154 593 31 27 at
3200 600 33 20 or
3243 590 75 31 from
3331 592 64 30 suel

2766 628 71 35 Post
2853 628 93 37 Office

2766 691 58 30 Not
2837 694 162 37 exceeding
3014 694 62 30 half
3090 705 37 19 an
3143 706 96 21 ounce
3292 722 31 7 ...
3370 697 33 30 Id

2769 734 164 41 Exceeding
2949 736 62 33 half
3023 749 37 21 an
3076 749 104 29 ounce,
3206 742 52 32 but
3275 745 53 28 not

2802 782 162 35 exceeding
2978 792 58 20 one
3051 793 97 21 ounce
3291 811 31 7 ...
3367 787 36 29 2d

2768 822 54 34 For
2836 834 89 33 every
2944 824 61 34 half
3018 837 94 22 ounce
3127 839 70 21 over
3211 840 57 21 one
3293 856 30 7 ...
3369 831 34 32 LI

2926 895 148 26 COUNTRY
3090 898 135 25 LETTERS

2804 948 107 30 Posted
2928 954 31 24 at
2973 960 57 29 any
3055 956 68 33 post
3137 952 84 31 office
3236 954 101 29 within
3356 954 47 31 the

2764 990 103 43 colony
2898 995 45 30 tor
2973 992 132 44 delivery
3130 1001 32 26 at
3187 1007 34 20 or
3247 998 74 31 from
3349 1009 50 20 am

2764 1036 86 28 other
2861 1043 66 31 post
2938 1037 84 29 office
3039 1038 101 31 wiihin
3157 1039 51 30 the
3222 1042 104 39 colony
3339 1054 46 18 :

2767 1076 60 32 Not
2842 1078 162 39 exceeding
3019 1078 60 33 halt
3094 1091 37 21 an
3147 1093 96 21 ounce
3292 1109 19 7 ..
3367 1085 35 31 2d

2769 1121 166 40 Exceeding
2950 1122 58 30 half
3024 1133 36 20 an
3076 1134 107 30 ounce,
3197 1126 53 30 but
3275 1130 54 27 not

2803 1166 161 40 exceeding
2976 1176 56 22 one
3046 1177 98 23 ounce
3292 1196 32 8 ...
3366 1171 37 32 4d

2769 1208 56 30 For
2851 1219 89 29 every
2964 1210 64 31 half
3053 1220 97 23 ounce
3172 1222 73 21 over
3272 1223 58 23 one

2803 1262 98 22 ounce
2977 1278 33 8 ...
3136 1280 32 8 ...
3293 1283 31 7 ...
3367 1258 36 31 2d

2891 1324 199 24 AUSTRALIAN
3112 1325 166 25 COLONIES.

2768 1375 61 32 Not
2843 1378 162 39 exceeding
3020 1378 64 32 half
3102 1390 37 20 an
3155 1390 96 21 ounce
3293 1407 33 8 ...
3368 1384 36 29 2d

2769 1418 166 42 Exceeding
2949 1419 64 32 half
3034 1431 38 20 an
3087 1431 105 30 ounce,
3209 1423 54 31 but
3277 1428 54 27 not

2803 1464 164 41 exceeding
2980 1475 58 23 one
3053 1477 96 23 ounce
3293 1495 32 8 ...
3368 1469 37 33 4d

2768 1507 58 33 For
2851 1519 88 30 every
2964 1509 65 32 half
3053 1521 96 21 ounce
3178 1521 71 22 over
3274 1523 57 22 one

2803 1561 99 23 ounce
2978 1576 33 10 ...
3137 1578 33 9 ...
3295 1580 31 9 ...
3370 1556 19 31 2

2785 1621 148 25 ENGLAND
2952 1623 66 23 AND
3039 1623 143 23 FOREIGN
3196 1624 191 25 COUNTRIES.

2940 1683 59 33 Per
3013 1684 80 33 Half
3116 1685 118 34 Ounce.

2766 1725 114 35 United
2900 1727 160 43 Kingdom,
3087 1730 46 32 via
3156 1733 59 30 San
3236 1730 76 33 Fran-

2803 1771 80 32 cisco
2897 1773 59 31 aud
2977 1775 77 30 Suez
3294 1796 34 9 ...
3370 1779 36 28 6d

2766 1813 113 32 United
2908 1815 102 33 States
3036 1816 35 32 of
3102 1817 150 40 America,
3286 1818 45 32 via

2803 1857 59 34 San
2879 1858 164 35 Francisco
3295 1889 33 8 ...
3370 1864 37 32 6d

2764 1902 155 33 Sandwich
2934 1904 130 40 Islands,
3087 1905 46 32 via
3161 1905 60 32 San
3236 1905 75 33 Fran-

2803 1947 80 32 cisco
3133 1976 30 8 ...
3291 1976 32 8 ...
3368 1952 38 32 6d

2766 1989 151 32 Canadian
2954 1991 190 41 Dominions,
3179 1994 48 30 via
3272 1994 61 32 San

2806 2033 164 34 Francisco
3136 2063 32 8 ...
3294 2064 32 8 ...
3371 2039 37 31 8d

2768 2077 111 34 British
2896 2078 160 36 Columbia
3136 2109 32 7 ...
3295 2109 32 9 ...
3381 2083 29 32 Is

2767 2122 88 30 West
2870 2123 104 32 Indies
3135 2151 31 7 ...
3292 2151 32 8 ...
3379 2129 31 29 Is

2766 2163 131 40 Mexico,
2911 2166 46 32 via
2969 2167 58 31 San
3044 2167 166 33 Francisco
3295 2194 20 8 ..
3380 2170 30 30 Jp

2766 2207 125 33 Central
2909 2209 140 34 America
3295 2238 31 8 ...
3381 2214 27 30 h

2766 2252 94 32 South
2875 2253 149 40 America,
3036 2255 48 32 yia
3095 2255 59 33 San
3167 2256 163 33 Francisco
3380 2259 30 30 It

2980 2326 18 21 H
3007 2326 192 23 EWSPAPERS.

2766 2376 111 34 Posted
2905 2387 18 23 a
2961 2387 60 29 any
3045 2378 85 32 office
3156 2378 105 33 within
3283 2382 53 30 the

2803 2421 107 43 colony
2926 2427 47 27 tor
2987 2422 132 44 delivery
3134 2427 32 28 at
3187 2422 52 33 the
3253 2434 82 23 same

2804 2465 86 32 office
3138 2493 32 7 ...
3296 2488 34 11 ...
3374 2471 35 36 £d

2767 2508 110 33 Posted
2903 2513 32 28 at
2959 2521 59 30 any
3044 2509 85 34 office
3154 2510 106 32 within
3283 2512 52 32 the

2803 2552 107 44 colony
2926 2554 47 33 for
2987 2554 131 42 delivery
3134 2560 32 27 at
3177 2566 58 32 any
3248 2555 90 34 oiher

2804 2597 85 33 office
2903 2598 103 31 within
3022 2600 51 30 the
3087 2600 109 40 colony
3300 2626 31 8 ...
3377 2603 34 37 |d

2766 2640 176 34 Australian
2956 2643 144 32 Colonies
3302 2660 34 18 ...-
3379 2647 32 31 Jd

2768 2685 115 32 United
2899 2686 156 39 Kingdom
3300 2714 31 7 ...
3377 2690 34 31 Id

2923 2728 59 34 Vu
2997 2732 58 30 San
3079 2730 174 34 Francisco.

2766 2771 115 32 United
2898 2773 103 32 States
3016 2775 30 29 of
3062 2774 141 32 America
3300 2802 31 8 ...
3377 2778 34 30 Id

2766 2816 157 34 Sandwich
2938 2817 120 34 Islands
3300 2848 31 7 ...
3378 2824 33 31 Id

2766 2861 153 32 Canadian
2937 2862 180 32 Dominions
3300 2891 30 8 ...
3375 2868 35 29 26

2771 2904 110 33 British
2900 2906 160 33 Columbia
3300 2935 31 8 ...
3374 2912 36 30 2d

2770 2948 85 32 West
2870 2949 107 33 Indies
3296 2978 32 8 ...
3373 2956 37 30 2d

2767 2992 123 34 Mexico
3298 3024 31 7 ...
3373 2999 37 31 2d

2766 3037 124 31 Central
2905 3038 141 32 America
3297 3066 32 8 ...
3373 3042 37 30 2d

2765 3078 97 35 South
2878 3081 159 35 Amerrica
3298 3110 31 8 ...
3372 3085 37 31 2d

2961 3153 87 24 BOOK
3069 3155 142 23 PACKETS

2768 3197 109 33 Posted
2902 3201 31 29 at
2956 3208 58 32 any
3039 3200 84 31 office
3150 3201 104 30 within
3281 3200 52 33 the

2804 3242 108 42 colony
2926 3242 49 31 for
2988 3242 131 40 delivery
3133 3247 32 27 at
3181 3242 50 33 the
3242 3253 91 29 same,

2805 3285 105 33 within
2939 3285 53 32 the
3020 3287 118 41 colony,
3166 3286 52 32 the
3253 3288 60 30 Aus-

2804 3330 110 31 tralian
3084 3341 34 21 or
3141 3330 54 32 the
3218 3330 115 32 United

2807 3372 154 40 Kingdom
3044 3399 32 8 ...
3160 3374 53 31 loz
3296 3399 32 8 ...
3373 3375 35 30 Id

2846 3417 49 32 Do
3044 3442 31 8 ...
3157 3418 56 31 2oz
3296 3443 30 8 ...
3372 3418 36 31 2d

2846 3460 49 31 Do
3044 3486 32 8 ...
3159 3460 53 37 |lb
3296 3485 32 9 ...
3371 3463 38 30 4d

2845 3503 50 33 Do
3045 3529 31 8 ...
3163 3504 50 32 lib
3296 3530 32 8 ...
3371 3507 37 30 8d

2768 3547 99 42 Every
2893 3547 165 34 additional
3080 3547 112 42 pound,
3205 3558 35 21 or
3255 3548 64 33 frac-

2806 3591 97 33 tional
2913 3595 69 40 part
2996 3592 31 32 of
3040 3603 18 21 a
3074 3592 102 41 pouud
3297 3618 32 9 ...
3373 3593 37 33 8d

2933 3636 59 32 Yia
3006 3636 59 32 San
3082 3635 173 35 Francisco.

2768 3678 115 33 United
2910 3678 112 40 States,
3046 3690 91 32 every
3166 3680 51 38 £lb
3299 3706 32 8 ...
3373 3682 37 31 4d

2768 3723 154 33 Sandwich
2937 3723 118 33 Islands
3173 3748 19 15 „
3297 3750 32 8 ...
3373 3726 37 31 4d

2768 3767 150 31 Canadian
2936 3767 178 31 Dominions
3175 3791 19 15 „
3298 3793 32 7 ...
3373 3770 37 29 6d

2768 3809 113 34 British
2898 3809 159 35 Columbia
3176 3837 18 15 „
3297 3838 33 9 ...
3373 3812 37 33 6d

2769 3854 88 32 West
2870 3854 106 31 Indies
3178 3879 19 10 „
3296 3881 32 7 ...
3373 3858 38 29 6d

2779 4233 151 64 JOB
2951 4234 459 64 PRINTING-

2827 4681 120 49 Every
2971 4680 208 54 description
3204 4681 162 40 executed

3015 4897 54 33 AT
3095 4897 85 34 THE

2779 5104 310 63 LYELL
3127 5107 285 62 TIMES

2845 5342 187 44 CLIFF
3083 5343 263 52 STREET,

3026 5559 147 33 LYELL.

3605 282 119 33 Public
3748 283 151 34 Notices.

3560 579 190 37 SANDER
3770 581 29 36 &
3821 580 125 37 SONS'

3459 4382 242 32 SANDER
3742 4384 115 29 AND
3894 4383 151 30 SONS

3603 4440 166 34 Sandhurst,
3781 4441 132 28 Victoria.

3487 4553 243 30 DUNCAN
3784 4554 132 29 M'LE
3935 4554 91 33 AN,

3612 4614 100 35 Agent,
3722 4614 183 35 Greyinontli.

3507 5146 196 30 RINTING
3740 5147 52 29 OF
3828 5149 131 29 EVERY
3994 5150 63 30 DES-

3674 5187 180 30 CRIPTION

3743 5272 35 20 AT

3449 5338 79 71 %\)
3564 5339 141 81 tlgfll
3721 5340 165 64 Unites
3914 5343 163 71 (Dfftcc,

3564 5461 150 42 CLIFF
3749 5461 205 43 STREET.
