2480 3830
1500 169 93 19 BIRTH.

1288 207 80 21 Smith.
1371 219 27 4 —
1398 208 111 25 February
1519 209 35 22 20/
1566 207 26 20 at
1603 207 57 20 East
1673 206 90 26 Oxford,
1775 206 39 20 the

1310 240 55 20 .wife
1375 240 22 20 of
1407 240 85 23 George
1503 239 76 24 Smith,
1592 240 21 18 of
1622 245 14 13 a
1645 245 45 13 son.

1315 299 113 75 Oxford
1447 299 57 75 and
1523 299 76 75 Cust
1618 299 170 75 Observer.

1315 374 250 18 PUBLISHED
1593 374 195 18 WEEKLY.

1343 421 164 24 SATURDAY,
1527 418 165 30 February,
1702 419 22 21 22,
1724 419 64 21 1890

1299 491 4 10 :
1302 496 4 21 l
1323 490 54 23 Otjb
1388 489 192 31 fcontemporary
1597 488 7 18 ?
1614 487 50 25 Tne
1682 485 133 28 MlesnieH

1290 532 138 25 Chronicle'
1440 531 98 24 devotes
1550 538 15 16 a
1584 530 98 31 leading
1692 530 84 23 article
1787 529 27 23 in

1290 583 15 16 a
1322 573 82 26 recent
1423 574 65 24 issue
1500 575 25 22 to
1544 572 41 25 the
1605 572 177 25 consideration
1791 571 26 24 of

1291 618 65 23 what
1366 618 21 23 it
1398 617 64 24 calls-
1477 620 16 15 •*
1502 616 49 23 The
1563 616 74 23 Great
1648 614 81 25 Labor
1740 614 75 29 Ques-

1399 660 24 24 It
1433 659 40 25 did
1484 661 43 23 not
1538 659 95 30 require
1652 665 32 16 an
1695 656 121 24 Editorial

1430 703 63 23 froni
1512 702 105 24 Leeston
1639 702 26 23 to
1787 706 29 16 us

1290 747 53 24 that
1354 746 42 23 the
1413 745 106 30 existing
1536 743 129 24 industrial
1684 746 91 28 system
1794 745 21 20 Is

1290 789 43 24 the
1352 788 94 31 subject
1463 788 25 24 of
1508 787 74 30 sharp
1598 786 117 24 criticism
1734 787 27 21 at
1771 784 44 24 the

1290 833 96 30 present
1397 832 64 22 time.
1495 830 31 23 In
1538 836 169 24 consequence,
1720 827 95 29 chiefly,

1290 874 26 24 of
1335 873 50 24 this
1401 873 124 27 criticism,
1544 873 41 22 the
1603 871 114 23 relations
1729 870 27 24 of
1764 877 51 16 em-

1289 915 93 32 ployers
1394 915 49 24 and
1454 915 95 30 employ
1550 912 105 27 ed-^thd
1666 913 112 24 relation's
1784 910 33 28 :6f;

1288 958 52 24 rich
1351 957 50 24 and
1410 965 59 23 poor
1470 971 30 3 —
1500 959 2 15 :
1503 957 32 23 all
1546 956 43 24 the
1607 955 76 25 world
1699 962 57 16 over
1773 962 42 16 are

1289 1000 126 30 decidedly!
1420 999 114 25 strained.
1568 998 50 23 But
1625 998 114 23 the'inost
1745 999 69 26 .note-

1288 1043 94 31 worthy
1394 1042 49 24 and
1453 1044 65 21 most
1530 1040 150 30 melancholy
1691 1040 88 23 feature
1791 1039 26 24 of

1288 1086 43 24 the
1342 1085 134 23 discussion
1489 1091 56 16 now
1556 1082 102 25 devoted
1669 1085 25 21 to
1705 1083 41 22 the
1758 1082 56 23 sub-

1285 1127 49 32 ject
1352 1127 27 25 of
1396 1126 80 24 Labor
1495 1126 50 24 and
1555 1125 103 32 Capital,,
1676 1125 23 24 is
1709 1125 42 23 the
1761 1132 51 23 per-

1288 1170 87 24 sistent
1392 1169 139 31 pessimism,
1552 1168 42 24 the
1615 1167 111 31 hopeless
1747 1172 66 22 tone,

1287 1213 27 24 of
1323 1213 40 24 the
1374 1212 113 31 majority
1498 1211 26 24 of
1533 1211 89 23 writers
1634 1210 48 24 and
1693 1209 120 31 speakers.

1289 1254 43 25 We
1343 1262 40 17 are
1394 1253 137 31 constantly
1544 1253 72 31 being
1633 1253 50 24 told
1694 1253 55 22 that
1768 1251 43 24 the

1288 1297 108 31 working
1406 1296 88 24 classes
1505 1303 40 16 are
1556 1296 27 23 in
1594 1303 15 15 a
1620 1296 63 23 state
1695 1294 27 24 of
1756 1293 56 24 serf-

1288 1340 147 28 dom,"'that
1446 1339 58 30 they
1513 1347 40 15 are
1564 1338 105 30 brutally
1676 1336 135 32 oppressed;

1286 1383 55 24 that
1352 1383 56 30 they
1418 1390 39 16 are
1469 1381 153 30 deliberately
1631 1380 55 31 kept
1696 1380 27 24 in
1734 1379 79 31 abject

1285 1427 98 29 poverty
1393 1432 6 21 ;
1416 1433 37 15 we
1463 1432 42 16 are
1511 1425 56 23 insti
1573 1423 130 25 uctedthat
1709 1422 104 31 nothing

1286 1475 47 17 can
1343 1468 39 23 litt
1393 1467 69 24 them
1474 1475 33 22 up
1518 1466 45 24 but
1571 1475 13 14 a
1596 1467 92 30 system
1699 1465 24 24 of
1734 1465 77 24 deter-

1286 1511 80 24 mined
1382 1510 163 25 combination
1563 1509 81 24 which
1654 1508 51 25 will
1723 1508 90 30 cripple

1285 1555 41 23 the
1335 1553 141 32 employers.
1512 1552 44 24 We
1567 1557 67 19 must
1650 1559 41 23 say
1711 1550 62 29 that,
1793 1550 22 24 if

1284 1597 51 23 this
1359 1597 28 23 be
1408 1596 44 24 the
1470 1602 63 21 case,
1553 1595 41 24 the
1612 1594 105 24 workers
1736 1594 25 23 61'
1770 1594 43 22 the

1286 1639 75 24 world
1372 1647 39 16 are
1421 1637 86 32 placed
1519 1637 107 25 between
1636 1637 43 25 the
1690 1637 62 24 devil
1764 1636 47 24 and

1286 1682 42 24 the
1340 1682 59 30 deep
1411 1689 48 16 sea.
1509 1681 26 23 If
1549 1679 21 24 it
1580 1681 22 23 is
1617 1682 52 23 true
1689 1680 55 23 that
1754 1680 57 30 they

1287 1733 40 16 are
1338 1724 42 25 the
1392 1724 106 31 subjects
1509 1723 27 24 of
1545 1723 49 24 this
1604 1722 67 24 cruel
1682 1729 80 23 usage,
1771 1740 3 10 ;
1774 1729 37 16 we

1287 1768 51 24 fear
1349 1769 52 23 that
1416 1767 59 30 they
1486 1766 45 24 will
1543 1768 42 22 uot
1603 1765 53 24 find
1666 1764 147 25 themselves

1288 1811 137 31 materially
1436 1810 109 24 bettered
1557 1810 23 23 in
1592 1809 40 24 the
1649 1809 56 30 long
1716 1815 45 16 run
1778 1807 39 31 by'

1288 1862 48 22 any
1349 1854 111 23 methods
1470 1853 82 23 which
1568 1853 58 22 tend
1636 1854 26 20 to
1674 1851 140 23 dishearten

1289 1896 65 25 their
1365 1895 143 31 employers.
1543 1894 36 24 To
1589 1893 90 31 preach
1690 1900 15 16 a
1716 1892 99 31 general

1288 1939 78 30 rising
1376 1938 22 24 is
1408 1940 26 22 to
1446 1937 75 24 invite
1538 1936 102 24 disaster
1651 1938 25 22 to
1688 1935 67 24 trade
1760 1957 6 6 ,
1766 1933 51 25 and

1288 1989 141 17 commerce.
1479 1980 51 24 But
1541 1987 36 17 we
1588 1987 38 16 are
1637 1980 44 25 not
1693 1985 55 17 sure
1759 1977 56 24 that

1288 2025 41 23 the
1351 2024 74 27 truth,
1447 2023 50 24 and
1515 2022 43 24 the
1575 2022 78 24 whole
1672 2020 77 30 truth,
1769 2020 46 23 has

1288 2067 61 24 been
1361 2068 36 22 set
1409 2065 79 25 before
1500 2066 40 23 the
1550 2063 91 31 public.

1321 2110 24 23 It
1356 2109 21 25 is
1389 2109 136 31 dangerous
1537 2110 37 21 tor
1584 2116 20 14 a-
1612 2105 105 33 -journal
1727 2107 26 23 to
1771 2113 43 23 say

1287 2155 65 30 ■Wha^t
1363 2153 20 24 it
1394 2152 95 28 thinks,-
1505 2152 70 23 when
1585 2150 33 24 its
1629 2149 119 31 thoughts
1767 2156 47 16 run

1287 2198 100 23 Counter
1398 2198 25 22 to
1435 2203 15 16 a
1460 2194 101 32 popular
1572 2193 90 24 clamor
1672 2202 5 20 ;
1700 2192 50 25 and
1760 2199 53 24 per-

1287 2241 60 29 haps
1359 2239 19 24 it
1390 2239 21 23 is
1423 2236 161 33 disagreeable
1596 2239 25 21 to
1631 2236 29 23 be
1670 2236 41 23 the
1723 2235 55 24 butt
1789 2234 25 25 of

1287 2282 97 24 abusive
1395 2281 117 30 language
1524 2279 146 24 afterwards.
1714 2278 51 24 But
1778 2285 33 16 we

1286 2333 39 16 are
1337 2324 89 31 willing
1434 2324 50 24 this
1491 2324 60 23 time
1563 2325 24 22 to
1598 2323 53 23 face
1658 2322 43 23 the
1709 2322 101 30 dangei>

1286 2369 26 23 of
1329 2368 69 31 being
1417 2367 71 24 frank
1499 2375 5 21 ;
1529 2366 55 28 and,
1605 2373 27 16 as
1649 2366 38 23 for
1705 2365 42 23 the
1764 2364 48 25 dis-

1287 2411 136 32 agreeables
1425 2425 32 3 —
1457 2410 60 28 well,
1530 2409 62 24 hard
1609 2408 75 25 words
1695 2408 74 24 break
1781 2416 30 16 no

1288 2457 78 25 bones,
1389 2454 49 23 and
1459 2461 36 16 we
1517 2453 63 23 shall
1603 2451 128 31 cheerfully
1754 2451 58 23 hear

1286 2497 120 26 ourselves
1418 2495 142 25 denounced
1571 2503 27 16 as
1639 2493 102 31 leagued
1751 2493 60 25 with

1286 2549 14 17 a
1318 2540 66 24 cruel
1721 2536 40 24 -of
1770 2536 44 24 the:

1444 2582 49 24 and
1504 2582 41 23 the
1556 2581 57 27 like,
1622 2580 21 23 if
1648 2587 34 17 we
1682 2577 55 26 "'can
1745 2579 65 24 show

1284 2635 48 23 any
1343 2627 26 23 of
1379 2634 44 16 our
1434 2625 95 24 readers
1546 2624 54 24 that
1618 2624 26 22 in
1662 2623 42 24 the
1723 2622 88 24 honest

1284 2671 103 29 attempt
1406 2671 26 22 to
1451 2668 72 25 think
1543 2676 32 16 on
1584 2666 78 25 'these
1671 2666 143 31 'irapbf.tant-

1285 2713 123 32 questions
1426 2718 41 18 'we
1486 2711 61 24 have
1568 2709 69 25 been'
1646 2709 39 24 led
1694 2705 34 28 'to
1747 2716 63 17 some

1285 2756 151 25 conclusions
1448 2755 111 24 different
1573 2753 61 25 from
1651 2753 71 24 those
1733 2752 78 24 wliich

1286 2807 40 17 are
1338 2798 178 32 generallyiput
1527 2796 104 25 forthin
1642 2796 42 23 the
1697 2794 117 29 so-called;

1312 2850 88 21 organs
1411 2842 26 23 of
1446 2841 43 23 the
1502 2839 108 31 working

1348 2884 105 24 Wheiice
1473 2882 63 25 shall
1547 2891 35 15 we
1601 2882 49 30 buy
1667 2881 81 28 bread,:
1756 2881 57 25 .thai;
1818 2891 2 14 ;

1286 2928 69 24 these
1366 2933 57 26 may
1500 2928 25 8 "'
1625 2926 112 30 question
1748 2925 21 23 is
1781 2932 32 16 an

1287 2971 39 24 old
1338 2978 54 20 one,
1405 2971 47 24 ami
1464 2970 39 25 He
1513 2969 56 26 who
1589 2969 73 25 asked
1674 2969 20 24 it
1701 2969 31 23 in
1745 2968 67 24 these

1286 3016 77 22 terms
1374 3013 44 24 left
1428 3014 21 23 it
1460 3013 144 27 unsolved.'
1637 3012 40 25 He
1696 3020 63 23 may,
1778 3013 36 23 in-

1287 3057 66 29 deed,
1366 3056 29 25 be
1407 3056 105 32 thought
1524 3056 98 25 to.have
1634 3056 180 25 shown'^hatit

1286 3100 21 24 is
1329 3102 44 22 not
1401 3100 97 31 capable
1526 3100 25 24 of
1578 3100 94 24 human
1700 3099 114 29 solution,

1287 3143 73 25 when
1381 3143 40 24 He
1444 3143 60 28 said,
1522 3147 25 25 _'.'.
1555 3143 53 23 The
1630 3150 61 24 poor,
1708 3150 30 24 ye
1754 3143 60 24 have

1288 3185 88 33 always
1387 3186 61 24 with
1578 3185 56 24 And
1645 3185 20 25 it
1676 3185 22 25 is
1710 3194 35 17 so.
1790 3185 25 24 It

1286 3236 55 23 may
1359 3228 30 25 be
1408 3236 15 16 a
1595 3229 120 30 platitude
1757 3229 56 24 that

1346 3279 36 17 we
1402 3273 61 22 start
1473 3274 47 21 two
1532 3279 58 16 men
1610 3279 32 17 on
1654 3271 70 31 equal
1741 3273 75 23 terms

1288 3314 61 24 with
1360 3315 86 30 regard
1458 3319 24 19 to
1498 3316 120 29 property,
1631 3322 46 16 one
1688 3314 50 25 will
1758 3319 61 20 soon'

1289 3357 104 31 outstrip
1404 3357 42 25 the
1574 3357 44 24 but
1629 3357 43 24 the
1684 3359 132 24 statement

1290 3400 47 24 will
1347 3408 64 16 wear
1423 3408 14 16 a
1447 3400 65 25 little
1522 3401 85 30 longer
1627 3400 80 25 before
1718 3401 20 24 it
1748 3401 21 24 is
1781 3409 35 16 re-

1291 3443 86 31 placed
1386 3443 73 31 byits
1467 3444 186 30 contradictory.
1687 3444 53 23 The
1748 3452 70 23 ques-

1294 3486 59 27 tion,
1376 3486 27 24 in
1425 3486 55 29 fact,
1504 3487 22 24 is
1553 3488 42 23 not
1622 3486 65 28 how.
1704 3495 36 16 we
1762 3495 57 24 majr

1291 3529 107 31 equalise
1409 3529 40 25 the
1467 3529 136 25 conditions
1623 3529 26 24 of
1663 3529 96 25 human
1776 3531 42 24 life

1291 3587 33 3 —
1324 3571 37 25 for
1372 3572 59 32 they
1441 3580 46 16 can
1498 3580 72 17 never
1581 3572 30 25 be
1620 3573 154 31 equalised—
1774 3573 45 25 but

1292 3615 56 24 how
1364 3622 59 17 men
1441 3623 45 16 can
1505 3615 29 24 be
1545 3615 71 24 made
1634 3615 58 24 kind
1703 3616 49 24 and
1763 3623 56 22 can,i

1291 3658 63 28 tent,
1364 3657 125 26 .whatever
1500 3658 29 25 be
1540 3658 41 25 the
1588 3658 105 31 position
1699 3659 39 26 -in.-
1740 3660 79 24 which

1291 3699 42 25 life
1355 3700 63 24 finds
1440 3700 77 25 them.
1569 3701 96 32 Society
1683 3700 22 26 is
1721 3702 98 31 compli-

1294 3743 70 25 cated
1373 3750 5 21 ;
1404 3742 44 26 but
1466 3743 21 24 it
1505 3743 22 25 is
1547 3743 27 25 of
1590 3751 33 17 no
1643 3752 43 17 use
1698 3747 25 23 to
1735 3747 41 23 cut
1787 3742 32 28 its

1900 160 108 30 (iordian
2029 165 61 25 knot
2109 164 60 25 with
2187 165 61 25 such
2267 172 15 16 a
2292 161 135 32 two-edged

1890 213 86 25 ..sword
1987 220 27 17 as
2025 213 143 24 revolution.
2219 211 81 26 When
2319 211 43 25 the
2373 210 53 24 rich

1898 256 63 24 have
1979 256 78 24 learnt
2069 263 15 16 a
2102 254 82 25 lesson
2194 254 27 25 of
2239 254 92 28 shame,
2344 260 78 18 some-

1898 298 73 30 thing
1982 298 49 23 will
2042 298 61 23 have
2114 298 61 22 been
2186 297 62 23 done
2258 306 6 20 ;
2286 304 68 16 more
2365 294 59 28 still,

1898 340 72 24 when
1992 340 42 24 the
2056 346 60 24 poo**
2133 338 59 24 have
2208 338 80 24 learnt
2307 337 118 30 thought-

1898 382 99 25 fulness.

1930 430 50 23 But
1992 427 115 33 thinking
2116 428 21 25 is
2156 430 45 22 not
2215 426 157 32 necessarily*
2381 418 50 33 tW

1900 479 66 17 Sfime
1985 471 72 31 thing
2079 479 26 16 as
2128 470 115 31 thinMng
2261 469 74 25 about
2358 471 68 23 one's

1899 514 51 24 self.
2002 514 47 24 We
2060 522 41 16 are
2112 513 105 24 inclined
2233 515 24 22 to
2269 513 92 23 believe
2372 513 54 23 that

1898 556 43 25 the
1963 556 121 24 universal
2087 566 20 12 ■■.-
2111 556 74 31 growl
2192 563 34 11 -^-

1898 599 60 24 view
1977 599 26 23 of
2019 599 41 23 life
2080 599 50 23 and
2140 599 33 24 its
2187 599 101 23 labor—
2286 598 81 24 which
2377 598 22 23 is
2409 606 18 15 a

1897 642 59 23 note
1973 641 26 24 of
2008 649 45 17 our
2072 641 65 29 time,
2150 641 21 25 is
2190 640 42 25 the
2252 642 111 23 outcome
2374 639 27 26 of
2409 648 16 17 a

1897 684 94 24 morbid
2013 701 5 3 -
2028 684 239 25 self-consciousness
2283 683 150 25 -whieh—isv

1897 726 74 24 found
1982 727 28 23 in
2021 726 34 24 all
2066 726 96 24 classes.
2197 726 99 24 Instead
2307 726 26 24 of
2342 726 82 31 trying

1897 771 25 22 to
1942 769 52 24 find
2013 771 43 22 out
2073 769 56 24 how
2145 771 27 22 to
2189 768 129 27 inake^the
2335 769 52 23 best
2398 768 28 24 of

1901 811 163 31 opportunity,
2086 819 35 16 we
2142 819 42 16 are
2205 810 78 32 given,
2306 812 27 23 in
2356 811 68 24 these

1898 853 67 31 days,
1977 855 24 22 to
2013 856 39 22 too
2060 854 73 24 much
2142 854 103 30 analysis
2257 854 27 23 of
2290 854 132 24 om*selves.

1898 895 44 25 We
1952 895 73 24 think
2036 904 35 17 we
2082 898 74 29 ought
2165 898 25 22 to
2201 896 62 25 have
2274 896 59 25 been
2342 904 79 17 some-

1897 938 69 31 thing
1977 938 110 25 different
2105 938 60 25 from
2176 938 64 24 what
2250 947 33 15 we
2294 947 41 15 are
2343 947 7 19 ;
2373 938 49 24 and

1896 980 26 24 in
1934 981 107 31 aspiring
2057 981 61 24 after
2129 976 98 38 altered
2239 980 135 27 conditions
2385 988 37 18 we

1897 1031 40 16 are
1949 1025 42 28 apt
2002 1025 25 23 to
2039 1023 111 25 overlook
2168 1023 42 24 the
2221 1023 78 25 duties
2311 1022 53 25 and'
2379 1023 42 24 the

1896 1065 116 30 openings
2018 1065 56 24 that
2078 1065 29 24 lie
2114 1065 72 31 ready
2194 1067 26 22 to
2225 1074 42 15 our
2274 1065 75 24 hand.
2376 1065 46 24 We

1897 1107 31 24 do
1938 1108 43 23 not
1992 1107 89 24 believe
2091 1107 27 24 in
2129 1115 44 16 our
2184 1115 52 16 own
2246 1107 113 31 position,
2372 1107 49 24 and

1896 1157 34 16 we
1942 1149 72 24 think
2025 1157 44 16 our
2079 1150 119 30 neighbor
2213 1150 45 23 has
2268 1158 34 16 no
2312 1150 65 31 right
2394 1152 27 22 to

1896 1190 48 26 his.
1978 1192 58 24 This
2048 1194 63 22 state
2123 1192 26 24 of
2157 1192 69 24 mind
2237 1192 43 24 has
2291 1192 36 24 for
2337 1200 47 16 one
2394 1192 28 24 of

1895 1234 33 23 its
1938 1233 89 25 results
2038 1242 15 16 a
2064 1234 148 31 despondent
2223 1234 133 25 conviction
2368 1235 52 25 that

1894 1284 36 16 we
1953 1277 119 23 ourselves
2094 1285 40 15 are
2156 1277 90 29 cruelly
2273 1278 92 24 treated
2392 1278 28 23 in

1895 1318 72 31 being
1977 1321 44 28 put
2032 1319 78 24 where
2121 1328 36 15 we
2168 1326 56 17 are/
2232 1340 7 6 ,
2251 1316 9 12 *
2267 1317 151 33 Bjre&'yihing

1893 1361 26 22 in
1930 1361 43 24 the
1983 1361 75 24 world
2069 1361 21 24 is
2101 1369 92 23 wrong.
2265 1362 52 24 The
2329 1362 88 25 service

1893 1404 23 24 is
1927 1404 74 31 going
2011 1406 26 23 to
2049 1404 43 25 the
2103 1404 86 28 devil/'
2207 1412 55 23 says
2272 1404 42 25 the
2325 1404 94 25 colonel

1894 1448 26 22 at
1939 1446 39 25 his
1996 1446 62 28 club,
2077 1447 68 23 when
2156 1446 32 24 he
2204 1446 70 25 hears
2285 1446 55 25 that
2351 1455 68 16 some

1894 1489 71 23 other
1983 1496 59 16 man
2059 1489 45 24 has
2125 1491 41 29 got
2185 1498 14 15 a
2217 1491 55 29 post
2288 1489 81 25 which
2387 1490 32 23 he

1893 1531 91 24 fancies
2006 1531 32 25 he
2060 1532 70 24 could
2155 1531 61 25 have
2237 1531 67 25 filled
2330 1532 89 25 better.

1916 1574 82 24 Labor
2008 1575 21 24 is
2037 1583 13 14 a
2062 1582 68 16 curse
2140 1575 50 23 and
2200 1575 120 30 afsflavery
2321 1592 6 10 ,
2330 1577 6 9 '
2339 1577 6 9 '
2364 1582 56 23 says

1893 1616 44 24 the
1956 1623 59 17 man
2034 1616 56 25 who
2090 1631 32 3 —
2122 1616 77 29 while,
2218 1625 27 16 as
2264 1625 15 16 a
2296 1618 89 23 matter
2396 1616 27 26 of

1893 1659 55 29 fact,
1961 1659 31 24 he
2004 1659 46 24 has
2061 1661 26 23 to
2097 1659 67 25 labor
2164 1674 31 3 —
2195 1659 84 25 thinks
2296 1660 30 25 he
2343 1660 77 30 ought

1894 1703 26 23 to
1931 1702 63 24 have
2005 1702 59 24 been
2075 1702 61 24 born
2153 1709 90 24 among
2254 1702 43 24 the
2307 1702 110 24 leisured.

1895 1743 56 24 And
1962 1743 43 25 the
2016 1745 71 23 worst
2098 1743 27 25 of
2133 1743 21 24 it
2164 1744 22 24 is
2198 1743 53 25 that
2262 1743 51 25 this
2323 1744 97 24 discon-

1896 1788 52 22 tent
1950 1801 31 3 —
1982 1786 31 31 by
2030 1794 32 17 no
2081 1794 90 19 means,
2179 1787 68 27 .that.-.
2279 1787 81 25 divine
2372 1787 49 24 dis-

1896 1832 99 21 content
2052 1829 4 8 :
2071 1829 80 27 whi.qh
2169 1853 4 2 .
2193 1829 86 26 Dick/
2300 1822 122 38 ipfrtiboy

1896 1870 121 30 preached
2035 1872 24 22 to
2078 1870 40 24 the
2138 1870 84 24 lads—
2222 1870 21 24 is
2261 1870 52 30 puff
2316 1871 52 24 into
2379 1869 43 24 the

1897 1912 79 25 niinds
1996 1912 26 24 of
2038 1920 57 16 men
2114 1914 24 23 to
2159 1912 80 25 whom
2252 1912 26 26 .it
2289 1912 79 24 would
2379 1914 43 22 not

1896 1956 59 23 have
1967 1955 121 28 occurred,
2101 1954 32 33 by
2143 1955 89 24 writers
2241 1955 54 25 who
2306 1958 38 28 try
2355 1957 25 22 to
2392 1955 30 24 be

1895 1998 115 31 regarded
2020 2006 27 16 as
2058 1998 44 24 the
2121 2000 131 28 exponents
2262 1997 27 25 of
2297 1997 43 25 the
2351 1997 70 24 mind

1895 2041 27 24 of
1931 2041 42 23 the
1984 2041 111 26 workers.
2140 2041 82 28 JTrqm
2239 2040 41 25 the
2290 2040 89 31 depths
2396 2039 28 25 of

1895 2083 37 24 his
1944 2091 55 24 easy
2010 2084 73 28 chair,
2095 2091 61 24 youx*
2166 2083 99 24 modern
2302 2083 75 24 writer
2387 2090 33 17 on

1895 2127 73 24 social
1979 2128 123 28 questions
2145 2126 56 25 tells
2213 2128 40 23 the
2264 2130 68 26 great
2350 2134 68 17 mass

1895 2171 26 23 of
1931 2170 120 24 mankind
2066 2171 55 24 that
2131 2171 59 35 they
2198 2170 11 17 ?
2207 2171 78 30 O9gnt

1891 2213 99 31 against
2001 2213 61 25 their
2073 2213 73 25 work.
2175 2211 68 26 'The
2253 2210 166 27 Fre^on*&cW*

1895 2257 73 30 demy
1978 2256 75 31 lately
2065 2257 88 23 offered
2164 2264 15 16 a
2197 2257 65 29 prize
2271 2255 36 24 for
2317 2255 41 24 the
2368 2256 52 23 best

1895 2306 70 23 poem
1977 2307 31 16 on
2192 2298 75 25 There
2286 2306 62 17 were
2365 2305 55 17 over

1894 2342 48 23 two
1965 2341 112 25 hundred
2098 2342 140 31 conlpeting
2257 2344 83 28 poets;
2369 2341 50 24 and

1894 2392 70 23 every
1975 2392 45 17 one
2032 2390 25 19 ot
2067 2384 69 25 them
2147 2384 69 26 dwelt
2227 2384 98 31 entirely
2336 2387 32 21 oh
2380 2385 39 23 the

1892 2428 91 30 misery
1995 2427 25 25 of
2029 2428 75 24 work.

1926 2474 46 25 Yet
1994 2474 21 25 if
2034 2483 14 16 a
2071 2483 59 16 man
2149 2475 52 28 has,
2222 2483 50 22 say,
2289 2483 15 16 a
2323 2474 51 32 plot
2391 2474 29 25 of

1890 2518 96 31 ground
1995 2517 25 25 of
2030 2518 37 24 his
2079 2526 59 20 own,
2157 2518 20 24 it
2188 2518 22 24 is
2221 2518 132 24 wonderful
2364 2519 54 23 how

1893 2568 71 23 eager
1982 2560 31 25 he
2027 2561 38 23 ris;
2072 2563 26 22 to
2109 2564 45 28 put
2171 2561 34 24 all
2227 2561 103 31 possible
2352 2561 67 24 work

1890 2603 53 24 into
1954 2603 28 24 it.
2013 2603 58 24 ;And
2081 2604 19 23 it
2112 2605 29 22 he
2151 2604 43 23 has
2205 2606 52 24 not,
2268 2603 22 24 if
2298 2603 32 24 he
2340 2603 23 25 is
2373 2604 44 25 but

1890 2653 15 16 a
1924 2646 90 25 worker
2031 2646 38 24 for
2088 2655 82 23 wages,
2187 2646 32 25 he
2238 2647 21 24 is
2278 2646 93 32 willing
2391 2648 26 23 to

1891 2688 65 24 work
1966 2688 55 25 well
2031 2689 115 30 provided
2165 2690 38 23 his
2215 2697 76 22 wages
2302 2697 41 16 are
2361 2690 55 24 ade-

1892 2733 82 29 quate.
2026 2732 91 31 Proper
2131 2740 47 23 pay
2188 2733 39 23 for
2245 2731 88 26 honest
2344 2732 72 29 work,

1893 2781 85 24 proper
1996 2773 83 30 hours,
2102 2775 49 24 and
2171 2782 86 24 proper
2278 2774 144 32 ericou'rage'-'

1894 2820 68 21 inent
1974 2819 25 22 to
2011 2817 30 24 do
2053 2820 66 21 one's
2132 2817 59 28 best',
2204 2815 68 26 these
2285 2817 82 30 things
2378 2826 41 15 are

1894 2859 43 26 the
1965 2860 66 32 right
2053 2860 25 25 of
2105 2859 116 32 everyone'
2330 2859 88 25 works.

1894 2902 58 28 But.
1957 2904 34 22 ive
2003 2904 96 30 suspect
2111 2903 55 25 that
2232 2904 185 30 present"agitti'-

1894 2946 49 23 tion
1954 2946 23 23 is
1987 2947 45 23 not
2043 2946 106 24 directed
2163 2947 91 30 merely
2273 2947 26 23 to
2316 2946 43 24 the
2376 2944 42 26 ob-

1895 2989 94 31 taining
2011 2989 27 24 of
2140 2987 277 35 obvbusly"'^'^!}!!^^

1895 3032 59 24 ends
1966 3040 26 17 as
2003 3033 78 24 these.
2087 3042 17 18 •:
2105 3032 34 27 M
2145 3033 95 28 ifew.erei
2249 3031 171 33 we^hquldfb^i

1896 3082 71 22 eager
1978 3078 25 22 to
2021 3073 58 31 help
2098 3075 60 25 each
2161 3074 5 11 !
2177 3074 68 26 trade
2246 3079 8 15 :
2256 3073 164 31 6rganisation

1897 3127 27 16 as
1934 3121 28 22 it.
1966 3121 126 29 appeared,
2100 3127 41 16 .we
2152 3121 88 23 should
2252 3121 116 22 advocate
2379 3121 41 21 the

1895 3162 130 31 persistent
2032 3161 160 32 gatheringlcfi
2200 3161 83 32 publfe
2291 3161 128 32 meetings;

1897 3205 49 24 and
1963 3213 34 17 we
2015 3205 86 25 should
2120 3205 116 29 certainly
2254 3213 58 21 say,.
2327 3204 81 25 Strike
2416 3206 5 23 !

2054 3232 43 13 ■-■-..-:
2119 3230 17 15 u
2170 3230 14 15 A
2205 3231 38 14 :.;-,;
2250 3230 24 16 A.
2274 3232 38 14 -.iri
2331 3227 86 25 3^iQc!

1898 3248 80 25 Strike
1990 3248 72 25 while
2081 3248 41 24 the
2132 3248 53 26 iroji
2196 3247 22 25 is
2226 3247 60 29 -hot,
2299 3247 50 25 and
2365 3245 59 27 with

1897 3299 61 24 your
1969 3295 82 27 strong
2060 3290 77 26 hands
2143 3290 106 26 •faslu6n
2249 3292 5 15 <
2254 3289 48 31 $he
2296 3289 4 9 !

1877 3356 2 2 .
1890 3356 2 4 .
1897 3342 61 24 your
1967 3334 81 25 needs.
2055 3335 6 23 !
2095 3328 107 42 I^fea/
2203 3352 5 10 ,
2364 3334 60 38 .ipjaji

1898 3379 26 22 at
1935 3377 43 24 the
1989 3379 51 22 root
2051 3377 27 24 of
2086 3381 73 28 maitiy
2167 3376 112 32 speeches
2290 3375 48 26 and
2347 3376 76 24 much

1898 3420 98 31 writing
2006 3419 102 38 thei^is
2108 3426 4 9 1
2118 3419 59 38 a^a
2173 3420 6 7 r
2179 3415 90 29 ferect,'of
2276 3413 63 30 h4r^d
2347 3414 73 34 work^

1900 3471 27 17 as
1938 3461 225 56 such..^,}^
2180 3475 55 24 hr,s
2252 3476 167 25 «i3ifbno-,a

1880 3558 28 24 ■■":'
1926 3560 105 20 Auotion
2041 3554 195 28 Siiß!.---Weiiav'e
2245 3558 55 20 been

1898 3596 25 21 to
1932 3596 48 21 call-
1984 3603 40 14 our
2032 3596 96 28 readers}
2135 3593 286 33 a^entign^.the^aYctiw

1900 3633 45 21 sale
2005 3633 36 21 Mr
2058 3633 97 21 Nalders
2166 3631 127 24 •houWdhfold

1893 3670 54 32 ]and
1959 3671 82 25 effects,
2049 3688 1 1 .
2060 3670 72 28 wljioh
2144 3669 62 21 takes
2209 3669 5 14 r
2218 3664 62 31 place
2293 3669 25 19 at
2325 3667 36 20 his
2370 3667 51 20 resi-

1901 3708 74 25 deace,
1988 3708 97 27 opposita
2093 3708 40 20 the
2139 3707 131 25 Parsonage,
2278 3706 25 20 at
2312 3706 49 19 1.30
2368 3709 52 21 p.m.

1901 3745 84 26 to-day.

664 66 138 25 OXFOKD
840 64 67 26 A.KD
943 62 87 27 CUST
1065 58 188 28 OBSERVER,
1289 56 187 29 SATURDAY,
1511 54 186 25 FEBRUARY
1731 55 40 27 22,
1807 54 71 23 1890.

799 3133 273 35 NOTICE.

676 3199 83 43 THE
772 3199 139 21 well-known
919 3197 97 26 position
1025 3196 24 21 of
1052 3197 39 20 the
1100 3196 100 26 Proprie-

743 3229 37 19 tor
788 3227 20 19 is
817 3232 14 14 a
840 3225 108 20 sufficient
960 3225 123 25 guarantee
1092 3224 53 19 that
1157 3230 45 19 any

675 3255 110 20 contracts
795 3251 122 22 connected
928 3251 55 19 with
991 3250 48 20 this
1049 3250 94 20 Journal
1154 3250 48 20 will

673 3281 29 21 be
711 3279 89 26 strictly
810 3278 46 20 and
864 3277 122 25 honorably
995 3276 87 20 carried
1090 3277 46 19 out.

701 3312 48 21 The
764 3311 89 20 Printer
866 3309 45 21 and
924 3308 117 20 Publisher
1053 3307 80 21 wishes
1146 3308 19 19 it
1178 3309 24 19 to

674 3340 29 20 be
721 3338 83 25 clearly
821 3335 137 21 understood
969 3335 54 19 that
1034 3334 29 20 he
1077 3334 19 20 is
1110 3335 40 19 not
1163 3335 39 22 the

675 3366 86 21 Editor.
1057 3363 106 20 .'■'.■

669 3409 1 2 •
703 3397 38 21 All
749 3394 208 24 .communications,
972 3392 92 26 reports,
1081 3392 43 24 &c,
1142 3393 62 20 must

676 3425 28 21 be
713 3422 121 22 addressed
842 3422 24 19 to
957 3419 79 20 Editor
1052 3418 94 20 'Oxford
1158 3419 46 20 and

677 3451 56 21 Oust
743 3448 124 24 Observer,'
877 3447 56 20 East

694 3486 4 14 :
704 3483 47 21 The
760 3481 79 21 Editor
849 3479 52 20 does
913 3479 41 19 not
962 3478 56 20 bind
1030 3476 91 21 himself
1129 3477 24 20 to
1171 3483 33 14 re-

676 3512 54 19 turn
739 3507 99 28 rejected
846 3505 143 25 manuscript.
1019 3504 39 20 All
1069 3504 82 20 letters
1161 3504 45 20 and

677 3538 67 20 other
765 3533 200 23 communications
983 3531 61 20 must
1051 3531 29 19 be
1092 3531 113 21 authenti-

678 3564 65 21 cated
755 3563 31 25 by
794 3562 39 20 the
843 3561 114 24 signature
967 3558 26 20 of
1002 3558 39 19 the
1050 3558 93 24 writers,
1165 3559 41 19 not

678 3588 135 25 necessarily
826 3587 35 20 for
873 3585 143 26 publication,
1030 3584 41 20 but
1084 3589 25 14 as
1118 3589 14 14 a
1141 3584 64 21 mark

678 3617 24 21 of
711 3616 58 27 good
776 3614 65 21 faith.
971 3624 3 3 ■

704 3648 47 20 The
761 3646 79 21 Editor
846 3645 51 19 does
906 3643 40 20 not
952 3642 55 20 hold
1014 3640 91 21 himself
1113 3647 94 20 respon-

680 3675 55 20 sible
744 3674 37 20 for
793 3673 40 20 the
843 3666 100 31 opinions
957 3668 118 27 expressed
1087 3666 31 27 By
1118 3666 6 10 v

678 3701 119 27 pondents.
824 3698 38 20 All
871 3697 80 20 shades
960 3696 24 20 of
990 3695 88 26 opinion
1085 3692 58 22 shall
1151 3695 57 21 have

680 3728 65 26 eqtial
763 3724 183 28 representation,
971 3721 109 27 provided
1097 3721 55 26 they
1170 3728 37 15 are

680 3753 118 27 expressed
807 3753 24 20 in
840 3751 124 26 temperate
972 3749 118 26 language.

674 176 326 41 CLEARING
1045 172 153 40 SALE

919 228 35 20 OF

672 260 251 39 HOUSEHOLD
942 254 258 42 FURNITURE

795 305 67 38 and
881 303 193 42 EFFECTS,
1096 296 5 24 ;

825 364 38 22 ON
872 362 133 22 ACCOUNT
1016 362 35 19 OF
1176 369 3 16 ;

924 454 29 15 AT
982 466 3 2 .
1002 448 72 20 •'■•'.
1083 460 3 2 ■

686 496 28 17 -.?
729 490 69 25 THE
813 487 219 37 PARSONAGE,
1051 485 93 30 CUSTi

928 539 30 16 ON

758 575 151 27 MONDAY,
929 572 119 25 MARCH
1066 573 54 23 3rd.

954 617 40 24 W.
1011 615 98 29 BU6S,.
1126 629 10 15 .:

1016 647 157 25 Auctioneer.-

694 748 42 37 TO
759 746 184 39 SURVEYORS
965 745 41 37 OR
1029 745 152 36 LODGING-

809 795 258 39 HOUSEKEEPERS-

675 872 94 77 FOR
797 869 114 36 SALE,
931 873 32 25 at
981 870 75 28 Bast
1075 867 127 35 Oxford,

750 910 214 31 Nine-roomed
972 910 112 33 House,
1102 910 14 27 1
1134 918 69 19 acre

676 953 32 29 of
732 952 96 35 Land,
847 950 185 40 plantation,,
1043 949 80 39 good
1138 958 65 29 gar-

675 994 68 33 den,
759 993 133 39 fernery,
907 991 105 35 stable,
1023 991 84 37 large
1116 988 87 30 wood

674 1034 83 34 shed,
767 1034 17 27 3
788 1032 136 29 -roomed
932 1031 197 33 wash-house.,
1142 1028 43 30 &c
1194 1037 7 26 ;

675 1074 58 28 five
753 1072 140 29 minutes'
912 1072 80 29 walk
1011 1071 81 29 from
1116 1069 85 29 Rail-

674 1123 69 29 way
754 1112 127 29 Station.
924 1112 64 28 The
1002 1109 144 40 goodwill
1170 1110 33 28 of

676 1154 52 28 the
742 1153 130 39 practice
886 1151 101 30 would
1001 1161 39 29 go
1055 1150 75 30 with
1149 1149 52 30 the

675 1194 102 27 house.
842 1192 64 29 The
931 1192 148 37 Property
1100 1190 26 30 is
1149 1190 52 28 ad-

674 1232 129 40 mirably
824 1232 131 38 adapted
976 1231 49 29 for
1053 1241 18 18 a
1095 1230 106 38 couple

674 1273 68 30 who
770 1272 101 30 would
898 1271 44 30 let
974 1270 151 39 lodgings,
1152 1270 49 29 for

674 1313 101 30 which
797 1313 87 29 there
902 1312 27 29 is
955 1321 18 20 a
991 1314 140 27 constant
1150 1310 49 30 de-

674 1354 93 29 mand
777 1364 9 24 ;
809 1352 82 40 price
905 1352 61 29 low
976 1362 8 25 ;
1011 1362 71 29 easy
1096 1355 102 25 terms.

674 1401 83 32 WM.
779 1402 176 30 ARTHUR
976 1401 182 38 NALDER,

1027 1442 153 39 Surveyor
1192 1452 9 23 ;

774 1494 51 35 Or,
848 1493 113 30 JOHN
983 1491 176 35 INGRAM,

1072 1532 129 30 Oxford.

764 1637 131 46 FOR
929 1637 178 47 SALE,

675 1738 40 75 A
735 1733 262 31 HARMONIUM
1015 1734 55 39 (by
1083 1733 120 30 Gilbert

755 1776 34 29 L.
818 1775 103 29 Bauer
945 1774 61 29 and
1036 1775 61 34 Co.,
1121 1774 80 29 Lon-

674 1815 84 40 don),
773 1815 106 41 nearly
898 1825 75 19 new.
1036 1815 95 37 Price,
1156 1815 45 29 £7

677 1858 64 28 10s.
1068 1865 19 9 '■

745 1905 106 40 Apply.
858 1903 102 39 .Office
966 1905 40 29 'of
1017 1904 62 29 this
1095 1904 107 38 Paper.

674 2063 59 77 J.
795 2060 404 93 DEMPSEY,

708 2179 178 34 BOOT
898 2178 57 33 &
979 2177 189 34 SHOE

677 2236 519 43 MANUFACTURER,

674 2303 522 43 EASTQZFOBD

672 2451 182 30 AGENTS
870 2451 87 29 FOR
969 2450 93 29 THE
1082 2449 114 30 SALE

738 2493 58 30 OF
816 2493 107 30 THIS
945 2491 198 30 PAPER.-

670 2563 53 21 Cust
1093 2561 34 19 Mr
1133 2560 64 25 Early

670 2599 110 21 Bennett's
990 2611 23 7 ...
1094 2597 44 20 Mrs
1147 2596 52 21 Farr

670 2636 78 21 Oxford
757 2636 52 19 East
1046 2634 24 22 F,
1076 2633 121 20 Waterman

672 2671 79 22 Oxford
761 2671 48 20 Wes
812 2672 4 10 1
816 2678 4 12 ;
1091 2670 26 19 R.
1124 2669 74 20 Fisher

718 2724 2 2 .
750 2723 12 9 „
834 2719 24 8 ...
914 2721 23 6 ...
957 2718 1 8 :
992 2720 24 5 ...
1044 2717 2 2 ■
1078 2706 36 19 Mr
1122 2705 77 20 Ancall

672 2744 78 21 Oxford
1078 2743 22 19 O.
1111 2742 18 20 J.
1139 2742 58 19 Dorn

671 2781 56 20 View
733 2780 46 21 Hill
1081 2778 33 20 Mr
1123 2778 76 20 Elliott

671 2818 106 25 Rangiora
1078 2815 34 20 Mr
1122 2815 76 20 Morrel

671 2854 58 22 West
741 2854 89 25 fiyretbh
1076 2852 31 19 Mr
1117 2852 80 19 Martin

674 2890 106 22 Woodend
835 2904 23 7 ...
913 2904 23 5 ...
992 2904 23 5 ...
1070 2888 129 25 MiDoggett

672 2927 89 25 Kaiapoi
835 2940 23 6 ...
914 2940 23 5 ...
993 2939 22 6 ...
1044 2925 33 19 Mr
1083 2925 116 19 Robilliard

672 2963 150 20 Christchuroh
1093 2961 32 19 Mr
1135 2961 64 19 Gates

671 3000 77 20 Nelson
913 3013 23 6 ...
992 3012 23 6 ...
1082 2998 34 19 Mr
1126 2998 21 19 A.
1157 2997 43 20 Dee

673 3036 107 26 Westport
1049 3034 33 19 Mr
1091 3034 25 19 E.
1126 3034 74 19 Fisher

133 182 170 48 LaKoK
327 183 178 46 Unlbn.

59 285 40 77 A
119 281 198 31 GENERAL
338 278 193 30 MEETING
552 278 31 29 of

139 324 52 28 the
202 322 148 30 Members
362 320 33 29 of
401 321 52 27 the
465 319 120 29 Oxford

58 364 101 28 Labor
174 362 102 30 Union
286 360 64 31 will
360 360 37 29 be
413 360 68 28 lield
493 362 31 26 at
532 359 53 28 the

60 404 92 33 Tqwii
168 402 81 34 Hall,
273 401 77 30 East
364 399 137 35 Oxford,.
510 400 75 28 This

63 437 187 45 (Sklurday)^
258 434 144 37 E\4Nikb
404 463 8 11 3
437 443 32 25 at
491 440 104 37 Eight-

62 484 122 29 o'clock.

102 534 161 30 Business:
286 532 179 39 Impoitant.

340 582 154 31 reminded
519 582 69 29 that

63 626 209 38 the,Mpnthly
282 624 223 37 /Subscription
528 621 58 40 (Is)

64 668 27 30 is
102 677 70 19 now
183 667 66 29 due.

63 768 231 27 UNRESERVED
314 767 171 25 CLEARING
503 765 84 26 SALE

446 802 7 22 :
485 803 20 15 '■■■

65 837 257 42 FUHKITUIIE
392 834 192 45 EFFECTS,

146 891 63 36 One
230 889 87 37 Acre
333 887 36 38 of
379 886 103 45 kand,
495 885 95 39 with

145 931 284 54 9-roomecf3iQii.se
439 935 150 39 andout-

117 981 372 61 v^pdmgs^thereon.

69 1062 100 46 JOHN
170 1052 164 45 'v'SN^R'^M
361 1060 46 24 has
425 1058 108 25 received
550 1058 37 23 in-

125 1095 112 22 etructitjfos
246 1094 54 24 frp'in
310 1093 31 20 W.
351 1093 25 19 A.
388 1093 93 21 JMaldek,
494 1091 58 23 Esq.,
565 1090 31 24 in..

63 1119 172 27 consequeiice'Qf
244 1119 35 21 bis
287 1119 81 24 leaving
379 1118 35 20 the
422 1117 93 22 District,
526 1119 23 17 to

138 1157 71 21 SELIi
221 1155 36 20 BY
271 1154 100 20 PUBLIC
385 1153 129 23 AUCTION,

113 1188 39 25 On
163 1188 43 23 the
216 1186 131 28 Premises,
367 1185 61 24 East
441 1183 97 28 Oxford,

63 1232 40 24 On
115 1228 179 28 SATURDAY
298 1237 10 19 /
318 1226 159 25 FEBRURA
479 1225 21 24 Y
515 1226 73 23 22nd.

64 1274 46 23 His
122 1281 56 22 veiy
188 1272 55 24 nice
258 1271 46 23 and
323 1271 106 30 compact
447 1268 140 28 Residence,

96 1305 105 26 situated
212 1304 107 30 opposite
327 1304 40 22 the
375 1302 146 29 -Parsonage,
533 1308 54 16 con-

96 1338 70 30 taing
176 1339 14 23 9
202 1343 89 21 rooms,
312 1333 177 31 OuWuildings,
511 1333 75 23 Fern-

96 1379 49 22 ery,
159 1371 42 23 &c.
237 1368 69 24 Good
322 1367 106 27 Garden,
447 1365 55 25 well
521 1364 66 24 filled

96 1403 59 24 with
165 1402 58 24 fruit
235 1401 49 24 and
302 1400 74 24 forest
387 1404 62 18 trees
461 1408 13 20 ;.
493 1397 33 24 all
544 1397 43 24 the

96 1435 130 24 Furniture
246 1433 48 24 and
313 1432 91 24 Effects
423 1430 128 25 contained
561 1430 26 23 in

97 1468 41 24 the
160 1467 58 23 nine
240 1472 89 17 rooms.
379 1463 53 25 One
451 1463 75 24 Piano
546 1461 41 34 (by

98 1500 95 24 Collard
226 1498 48 24 and
308 1495 114 33 Collard),
458 1495 129 31 Telescope

97 1531 81 29 Table,
190 1531 87 26 Horse,
293 1529 113 31 quantity
417 1527 27 25 of-
459 1526 129 33 pure-bred

96 1564 132 30 Langshan
240 1562 89 26 Fowls,
349 1560 133 27 Beehives,.
489 1559 98 24 Garden

97 1597 80 27 Tools,
186 1592 4 15 :
206 1594 186 27 ■WheelbulTOW,
430 1591 156 28 Grindstone,

97 1629 48 24 and
293 1629 40 22 too
350 1632 130 19 numerous
493 1625 30 27 Jo
534 1631 54 24 par-

97 1660 130 26 ticularise.
336 1663 32 21 -■".''
419 1675 4 3 •
470 1665 126 24 .'.'.....■..

211 1731 56 26 Sale
278 1733 26 23 at
316 1732 57 23 1.30
383 1738 59 23 p.m.
535 1754 5 3 .

232 1761 40 35 ■■•"'■!
304 1773 75 21 JOHN
392 1771 117 23 INGBAM,

224 1806 27 19 t\
278 1805 11 15 ■■:■
357 1804 30 20 V
399 1815 4 1 -
433 1798 129 22 Auctioneer.

98 1904 217 53 Wanted
352 1907 52 49 to
443 1909 111 45 Sell.

65 2003 106 30 Farms
191 2005 33 25 at
246 2000 81 36 Oust,
352 1999 154 35 Fernside,
531 1998 56 30 Lo-

138 2044 88 33 burn,
242 2040 192 40 Springston,
449 2039 63 35 &c,

66 2107 307 80 M^AOBESjVJO
400 2106 103 35 Acres,
529 2105 59 31 100

165 2147 117 37 'Acres;
296 2137 59 42 lift)
380 2147 104 35 Acres,
508 2146 80 30 frbm

63 2194 45 27 £5
124 2194 33 26 to
171 2191 130 36 £24jper
315 2198 79 21 acre.
456 2187 89 30 Some
557 2187 31 30 of

63 2232 52 29 the
129 2232 94 29 above
238 2239 52 26 are,
310 2228 97 40 really
421 2228 80 39 good
525 2228 62 29 and

63 2272 104 39 cheap.
231 2271 77 29 1000
322 2267 106 37 Acres,
442 2302 4 1 .
454 2269 65 30 £10
533 2277 54 30 per

62 2323 88 24 acre;
185 2311 144 29 first-rate
340 2324 10 9 *
364 2309 99 40 Sheep
497 2309 87 29 farm.

62 2354 58 29 805
145 2354 104 33 Acres,
274 2349 208 41 unimproved,
510 2349 76 30 with

60 2394 94 30 house
169 2393 59 29 and
242 2391 143 39 stabling,
401 2389 44 30 £1
460 2389 56 30 18s
531 2400 54 30 per

61 2445 76 20 acre.
180 2434 52 30 All
245 2432 53 31 the
310 2433 94 30 above
415 2441 51 19 are
476 2431 109 29 within

59 2476 96 38 thirty
169 2475 84 29 miles
272 2473 32 30 of
318 2471 225 33 Christchurch.

231 2552 39 5 —
272 2535 137 30 Farmers
418 2534 60 29 and
483 2533 101 30 others

60 2577 67 29 who
141 2577 77 29 have
228 2575 171 40 Properties
411 2575 49 29 for
471 2573 69 32 Sale
551 2577 32 26 to

61 2617 69 38 give
142 2627 36 19 us
189 2615 179 41 particulars
381 2615 32 29 of
425 2615 54 29 the
493 2624 90 19 same.

58 2657 57 30 We
133 2657 86 29 make
237 2666 40 20 no
296 2656 111 39 charge
430 2655 154 30 whatever

58 2701 33 26 to
102 2707 116 30 anyone
233 2697 122 40 placing
367 2696 161 39 .Property
548 2695 35 28 in

60 2748 56 20 our
140 2738 105 35 hands,
273 2736 100 30 unless
401 2746 19 19 a
456 2735 70 30 Sale
557 2735 26 30 is

58 2778 95 30 made.
200 2777 183 39 Mortgages,
404 2776 99 35 Liens,
519 2775 64 36 &c,

58 2818 126 32 effected
196 2822 32 27 at
241 2818 53 30 the
305 2817 108 30 lowest
427 2821 88 25 rates.

57 2878 150 40 ALLAN
227 2877 191 41 HOPKIUS
433 2868 67 48 arid
515 2876 64 45 Co.,

119 2935 140 19 Cathedral
275 2933 91 23 Square
380 2933 134 19 Chambejbs.

72 2975 142 31 CHEI
234 2961 334 45 STCHTJMCH.

143 3101 132 45 FOE
324 3099 175 46 SALE.

58 3186 238 81 mAcre
331 3182 149 36 FARM,
515 3182 71 30 sub-

196 3225 195 31 divided>into
405 3234 91 19 seven
504 3221 83 31 Pad-

60 3269 101 29 docks.
204 3268 85 41 Fifty
294 3258 98 46 $bi£s
463 3264 31 28 in
504 3263 83 38 prop

60 3309 61 30 and
148 3309 52 28 the
227 3302 169 35 remaincler
420 3315 33 18 in
487 3303 101 30 Grass.

63 3349 94 35 There^
174 3349 26 29 is
218 3359 28 20 a..
257 3346 156 40 4-i'pomed
423 3344 111 35 House,
556 3344 31 27 s-

62 3386 119 38 stalleci;
195 3379 309 54 S|aHl|\(^ifii/loft
528 3382 60 30 and

63 3426 156 42 granary),
235 3427 61 32 and
320 3422 87 33 other
426 3424 164 30 Outbuild-

63 3470 67 37 ings
148 3480 38 19 on
197 3469 52 30 the
257 3469 167 37 Property.,
475 3492 4 2 .

107 3520 64 29 The
188 3510 90 39 i^arni
293 3528 26 19 is
331 3511 62 35 two
416 3513 64 31 anct
495 3514 97 30 a-half

66 3560 86 29 miles
176 3560 77 28 from
261 3559 82 36 ..the.
361 3556 87 31 West
451 3584 4 7 r
472 3554 118 30 Oxford

68 3599 137 39 Railway
221 3598 130 41 Ration,
363 3598 28 39 f)
397 3598 30 37 .J
439 3605 17 30 -±
543 3612 2 2 ■

129 3650 59 30 For
197 3648 188 40 particulars,
401 3644 92 39 apply
510 3647 31 25 to

70 3705 10 18 *.
91 3692 31 21 r^
131 3692 33 20 °
174 3685 10 19 %
195 3695 61 34 -Ei
278 3683 235 45 MotooffiEiD,

325 3737 86 30 West
425 3734 128 31 Oxford.
