2480 3830
86 174 39 28 St7
130 172 7 16 ?
146 181 87 20 Mary's
256 181 103 20 Church.
371 190 28 3 —
407 179 46 19 The
476 178 53 19 Bev.
553 176 28 20 H.

59 218 110 21 Williams
178 216 121 21 conducted
315 215 82 20 Divine
407 214 87 20 Service
503 214 24 19 at
535 213 46 19 this

58 256 88 21 Church
155 261 29 14 on
194 254 90 25 Sunday
297 253 94 25 evening
407 252 52 23 last,
476 250 104 25 choosing

57 294 37 20 his
103 293 49 21 text
159 292 58 20 from
226 291 62 21 Luke
297 296 21 14 x.
337 290 33 24 42,
465 293 41 15 one
514 286 66 26 thing

57 330 20 20 is
251 327 47 20 The
316 333 46 14 rev.
387 325 128 27 gentleman
537 323 44 20 im-

56 366 90 27 pressed
162 371 58 19 upon
232 366 35 19 his
282 364 88 20 hearers
386 362 39 21 the
433 360 109 25 necessity
557 359 24 21 of

56 403 106 26 adapting
170 402 40 20 the
219 401 66 27 spirit
293 400 24 21 of
325 400 38 20 the
373 399 49 20 text
431 399 23 19 to
464 396 116 25 everyday

55 440 46 20 life.
130 439 86 20 Whilst
226 439 38 19 not
273 435 144 27 deprecating
425 435 39 19 the
473 433 72 20 desire
554 433 23 18 to

56 477 77 20 obtain
141 475 47 21 this
196 474 87 21 world's
294 472 66 27 goods
369 472 29 26 by
410 475 124 17 commerce,
546 468 33 20 in-^

56 514 83 23 dustry,
152 518 23 14 or
184 518 45 18 any
237 510 115 26 righteous
366 514 82 17 means,
460 507 20 20 it
488 512 44 14 was
541 506 36 19 his

56 550 57 24 duty
121 550 25 18 to
153 548 87 20 remind
248 547 60 20 them
317 546 52 19 that
381 544 19 20 if
408 544 55 25 they
478 543 68 19 failed
555 543 24 19 to

54 585 76 20 obtain
147 584 39 20 the
283 582 66 25 thing
479 580 32 20 all
522 579 57 20 their

54 622 63 19 labor
125 621 73 20 would
206 620 29 21 be
243 620 25 20 in
276 619 59 20 vain.

80 658 127 21 Licensing
229 658 136 19 Committee
372 665 28 3 —
400 654 19 20 A
437 653 97 24 meeting
553 651 23 21 of

54 696 47 20 this
120 694 129 21 Committee
264 698 44 16 was
324 691 52 21 held
391 697 28 14 on
437 689 141 26 Wednesday

54 733 45 19 last
114 731 35 20 for
163 731 40 20 the
219 735 95 21 purpose
330 729 23 19 of
367 728 96 25 electing
477 733 13 14 a
503 726 74 20 Chair-

54 774 59 20 man,
122 768 63 19 when
195 767 36 20 Mr
240 766 76 25 Candy
325 771 44 14 was
376 765 80 19 chosen
465 764 24 19 to
496 762 33 20 fill
537 762 40 20 the

53 805 102 27 position.

80 842 92 20 CiiEVBB
188 841 96 19 Hobses.
287 849 28 4 —
315 839 20 19 A
348 839 88 24 private
453 837 67 19 letter
537 842 39 13 re-

54 877 74 21 ceived
136 877 57 20 from
202 877 36 19 Mr
247 875 79 25 Cottle,
338 875 48 20 who
395 874 20 20 is
421 879 49 14 now
479 872 98 21 resident

53 915 24 20 in
87 915 37 21 the
134 914 50 26 City
193 913 23 21 of
224 911 123 25 Auckland,
359 911 79 20 relates
448 910 39 20 the
495 909 81 20 follow-

52 953 38 23 ing
96 951 88 20 curious
193 951 61 25 story
263 949 67 20 about
339 949 35 19 his
384 947 100 25 carriage
492 946 83 22 horses,

53 988 72 21 which
142 987 29 21 he
189 987 51 21 took
258 986 56 20 with
331 985 48 20 him
395 984 58 20 from.
471 983 54 20 Cust
533 990 5 12 :
548 993 28 3 —

81 1023 110 27 'Tommy'
215 1023 46 20 and
281 1022 36 20 his
339 1022 64 22 inate,
429 1020 61 20 'The
513 1018 62 25 Lad,'

54 1062 89 20 created
159 1061 75 20 rather
252 1067 14 13 a
287 1058 112 21 sensation
417 1058 24 19 in
459 1057 59 19 town
536 1055 40 20 the

54 1098 63 20 other
126 1097 47 25 day.
214 1096 66 19 After
295 1095 67 24 being
377 1093 82 20 turned
474 1093 39 19 out
526 1092 22 18 in
562 1097 14 13 a

52 1134 100 27 paddock
167 1133 69 21 about
250 1133 44 20 five
306 1131 64 20 miles
384 1131 40 19 out
436 1129 24 21 of
473 1130 59 20 town
541 1128 36 20 for

51 1171 65 21 three
127 1171 71 20 weeks
212 1176 22 14 or
250 1176 30 18 so,
297 1169 54 24 they
367 1168 40 25 got
422 1173 14 14 a
444 1167 82 20 chanoe
534 1171 42 14 one

52 1208 45 26 day
105 1208 63 20 when
177 1207 38 21 the
225 1208 50 24 gate
283 1206 47 20 had
343 1204 55 21 been
406 1203 42 21 left
457 1209 61 20 open,
531 1202 46 20 and

52 1244 90 23 cleared.
184 1244 74 20 When
266 1243 55 20 next
336 1241 112 24 observed,
460 1241 53 24 they
523 1246 54 14 were

52 1281 87 27 quietly
156 1281 99 25 walking
272 1279 48 21 side
337 1279 31 25 by
386 1278 47 20 side
452 1277 63 20 down
536 1276 40 20 the

54 1319 76 25 Queen
148 1318 71 20 street
236 1316 77 26 wharf,
333 1316 55 20 with
405 1315 40 20 the
466 1314 56 24 idea,
547 1319 28 14 no

54 1356 73 25 doubt,
139 1355 22 20 of
170 1355 89 26 getting
268 1360 29 14 an
303 1352 140 27 opportunity
450 1351 23 20 of
479 1351 98 25 working

54 1393 58 20 their
123 1398 111 20 passages,
255 1397 25 14 or
299 1390 115 25 becoming
431 1389 143 24 stow-aways,

52 1436 29 15 on
91 1436 40 14 one
141 1429 21 20 of
170 1429 40 20 the
219 1429 76 20 return
302 1427 62 20 boats
374 1428 21 18 to
405 1425 122 27 Lyttelton.
554 1425 24 19 It

53 1468 19 19 is
81 1467 40 20 the
130 1472 59 14 more
198 1465 147 25 astonishing,
355 1470 25 14 as
396 1463 55 25 they
461 1469 59 13 came
529 1462 24 19 in
563 1468 14 13 a

53 1503 94 21 bee-line
147 1514 28 3 —
175 1509 24 14 or
221 1509 24 13 as
268 1507 53 14 near
341 1507 42 13 one
406 1506 24 13 as
452 1499 40 20 the
510 1498 66 20 roads

52 1540 74 19 would
133 1539 31 20 let
173 1538 62 21 them
235 1549 26 3 —
262 1538 57 19 from
334 1536 38 21 the
386 1536 101 25 paddock
501 1535 24 20 to
537 1535 40 20 the

53 1577 80 24 wharf;
156 1582 13 14 a
184 1575 54 21 road
252 1575 55 26 they
325 1573 45 21 had
382 1578 68 15 never
468 1571 109 21 travelled

79 1645 128 20 Pebsonal.
207 1655 28 3 —
235 1643 41 20 We
292 1642 57 20 have
363 1641 102 21 received
480 1639 40 22 the
535 1639 40 21 fol-

52 1682 78 24 lowing
145 1681 58 20 from
216 1686 14 14 a
243 1678 177 27 correspondent:
431 1690 27 3 —
518 1677 57 20 have

51 1718 136 20 ascertained
196 1717 57 20 from
262 1716 89 21 reliable
360 1714 115 26 authority
485 1714 49 20 that
542 1720 33 13 we

52 1761 39 14 are
100 1756 39 19 not
147 1754 70 26 likely
225 1756 23 18 to
254 1754 47 20 lose
309 1752 39 21 the
355 1751 102 21 valuable
465 1751 110 20 ministra-

53 1793 60 20 tions
121 1792 24 20 of
153 1792 40 20 the
202 1791 53 20 Eev.
271 1790 29 21 H.
313 1789 109 21 Williams
438 1789 25 20 at
477 1789 95 25 present.

52 1830 32 19 As
94 1829 12 20 I
114 1829 63 19 know
186 1828 47 20 this
242 1827 46 21 will
296 1827 28 19 be
340 1826 56 25 good
404 1832 59 14 news
473 1826 24 18 to
509 1831 67 19 many

52 1865 49 19 who
109 1865 45 19 had
163 1864 70 20 heard
240 1869 86 14 rumors
341 1863 24 19 of
374 1862 34 19 his
417 1862 105 26 probable
539 1862 36 19 de-

52 1903 92 24 parture
161 1902 25 19 to
422 1898 12 19 I
451 1898 81 20 hasten
549 1898 26 20 to

52 1938 82 20 inform

82 1971 163 19 Sunstroke.—
245 1968 49 21 -We
311 1967 71 27 regret
399 1968 24 20 to
440 1967 77 20 record
538 1968 39 19 the

52 2013 129 15 occurrence
188 2006 23 21 of
219 2006 51 20 four
276 2010 61 15 eases
343 2004 23 20 of
372 2004 116 20 sunstroke
496 2003 81 27 during

53 2044 38 21 the
99 2043 169 27 phenomenally
282 2042 40 20 hot
330 2041 96 20 weather
440 2041 23 20 of
478 2041 39 20 the
532 2041 45 21 last

52 2081 43 20 few
104 2080 61 27 days.
193 2080 49 20 The
250 2079 44 26 day
302 2085 45 13 was
356 2077 96 26 Sunday,
464 2077 114 26 February

55 2118 58 24 l^th,
125 2124 24 14 as
159 2117 74 26 might
241 2116 53 20 have
302 2116 56 20 been
368 2114 107 27 expected
483 2114 64 21 when
556 2115 21 20 it

54 2154 19 21 is
83 2154 73 21 stated
165 2153 52 20 that
226 2159 28 14 on
263 2152 52 21 that
322 2151 44 26 day
374 2152 40 19 the
422 2152 157 19 thermometer

53 2191 25 19 in
87 2190 85 20 Oxford
179 2189 123 26 registered
311 2189 26 19 86
344 2187 24 21 in
377 2187 39 21 the
423 2187 74 20 shade.
522 2188 55 20 Miss

55 2228 75 25 Keats,
142 2226 111 27 daughter
266 2225 23 21 of
298 2225 36 20 Mr
350 2225 27 19 G-.
392 2224 76 24 Keats,
485 2223 24 21 of
522 2224 57 20 East

55 2264 86 24 Oxford,
153 2270 51 18 was,
219 2270 32 14 we
262 2262 93 24 believe,
374 2264 39 17 cut
427 2261 75 25 riding
514 2260 64 21 when

55 2302 40 20 she
110 2301 41 20 fell
166 2307 14 14 a
191 2300 77 21 victim
281 2301 25 19 to
318 2298 40 21 the
370 2298 54 20 heat
438 2298 23 19 of
476 2298 40 20 the
530 2304 47 14 sun.

55 2338 46 21 The
114 2338 64 21 other
196 2338 103 19 suffereis
314 2342 37 14 are
364 2336 64 20 three
441 2335 100 20 children
556 2335 23 20 of

55 2375 35 21 Mr
106 2376 36 20 W.
157 2375 62 24 Reid,
240 2374 23 20 of
276 2373 111 21 Carleton.
427 2372 42 20 We
481 2372 56 25 hope
555 2373 23 19 to

55 2413 53 21 hear
134 2412 52 21 that
206 2418 30 14 no
257 2410 131 28 permanent
410 2409 110 20 iE-effects
543 2415 36 14 are

55 2450 70 24 likely
133 2450 25 21 to
165 2449 75 21 result.

66 2488 3 5 '
81 2482 207 20 Entertainment.
291 2491 28 4 —
320 2478 83 21 Oxford
416 2477 20 21 is
449 2483 49 15 now
511 2477 67 26 being

55 2519 87 20 treated
151 2519 23 20 to
184 2524 14 14 a
207 2518 87 26 display
302 2516 24 21 of
337 2522 14 14 a
361 2515 64 20 novel
434 2514 61 25 kind,
507 2514 24 20 in
541 2514 37 20 the

56 2556 68 24 Bbape
133 2555 24 20 of
165 2555 103 20 Madame
277 2552 91 21 Fredo's
383 2552 105 25 Open-air
496 2552 82 19 Enter-

57 2592 115 22 tainment,
183 2591 73 20 which
264 2591 19 19 ia
292 2591 66 23 given
373 2589 25 19 in
406 2589 40 19 the
455 2588 124 20 immediate

56 2627 164 27 neighborhood
248 2627 23 21 of
301 2627 38 19 the
367 2624 123 21 Harewood
515 2624 66 20 Arms

35 2671 15 9 ■»-
56 2666 73 20 Hotel.
157 2665 47 20 The
213 2665 150 27 performance
379 2662 95 20 consists
487 2660 23 21 of
522 2661 59 20 feats

56 2703 24 20 of
87 2702 141 24 athleticism,
240 2700 116 25 dexterity,
366 2699 45 20 and
419 2698 112 27 juggling.
560 2697 21 20 A

55 2740 58 20 little
131 2738 60 21 child
209 2738 45 21 and
273 2743 59 15 some
348 2735 108 22 educated
472 2735 55 26 dogs
542 2740 38 14 are

56 2783 78 20 among
144 2777 39 19 the
199 2775 138 21 attractions.
350 2791 3 2 .
364 2773 63 20 Since
435 2779 29 13 no
473 2772 80 26 charge
561 2772 20 19 is

57 2814 63 20 made
133 2814 36 20 for
180 2813 130 25 witnessing
322 2811 41 20 the
503 2815 32 14 we
553 2808 28 20 do

57 2850 39 21 not
105 2850 65 21 think
179 2850 40 20 the
233 2848 75 26 public
324 2853 41 14 c-m
382 2846 115 26 complain.
538 2845 43 20 We

57 2887 55 26 hope
121 2888 41 22 the.
169 2886 132 27 performers
312 2884 44 20 will
368 2884 57 20 have
435 2889 28 14 no
477 2888 65 15 cause
557 2883 24 19 to

57 2925 73 24 regret,
137 2923 85 27 paying
229 2929 15 13 a
254 2922 54 20 visit
316 2922 24 20 to
350 2919 89 21 Oxford.

82 2956 154 20 Accident.—
236 2954 35 20 On
280 2952 90 26 Friday,
389 2952 115 25 February
518 2951 60 24 14th,

55 2999 30 14 au
102 2992 145 21 unfortunate
265 2989 100 21 accident
382 2987 117 27 happened
520 2987 25 20 to
567 2993 14 13 a

56 3029 60 20 child
124 3028 23 20 of
156 3028 37 20 Mr
202 3027 83 23 Bevan,
302 3032 14 13 a
329 3025 81 20 farmer
424 3031 28 13 on
464 3024 40 20 the
518 3024 62 26 plain

55 3066 100 20 between
164 3063 85 23 Oxford
257 3062 45 21 and
309 3080 2 3 .
318 3062 73 20 Burnt
405 3060 54 21 Bill.
502 3060 22 20 It
537 3066 43 20 ap-

55 3109 27 19 pe
89 3109 29 14 irs
127 3102 52 21 that
184 3101 38 20 the
231 3100 61 21 child
300 3099 41 21 fell
346 3099 58 20 from
413 3104 14 14 a
436 3104 91 14 see-saw
537 3098 44 19 and

55 3140 68 20 broke
141 3139 35 20 his
193 3145 54 13 arm.
290 3137 33 20 Dr
340 3137 55 19 Rees
414 3142 43 13 was
480 3141 53 13 soon
555 3135 24 19 in

55 3175 143 24 attendance;
212 3172 57 26 and/
274 3174 60 20 since
340 3172 40 21 the
388 3173 89 24 prompt
485 3171 96 26 applica.

54 3210 81 24 tion'of
144 3212 78 20 skilful
231 3210 97 26 surgical
340 3209 37 20 aid
390 3215 44 14 was
446 3208 97 28 possible
555 3208 24 20 in

54 3251 40 20 the
113 3257 55 17 case,
185 3255 29 14 no
230 3248 70 21 doubt
313 3247 38 21 the
366 3246 92 21 sufferer
476 3246 46 20 will
539 3246 41 19 not

54 3287 45 21 feel
111 3287 39 20 the
165 3286 75 21 effects
259 3285 29 25 of.
294 3284 38 21 the
350 3283 99 21 fracture
466 3283 35 19 for
519 3288 60 14 more

54 3324 56 19 fr.ian
119 3330 14 13 a
141 3323 43 20 few
191 3323 96 20 months.
430 3342 4 1 .

82 3356 109 20 Advance
214 3355 132 22 Oxs-qbd.—
345 3352 41 21 We
404 3351 53 21 hear
475 3357 29 14 on
522 3350 57 27 good

56 3393 114 26 authority
184 3393 52 20 that
247 3392 40 20 the
299 3389 112 23 beautiful
426 3388 113 21 residence
555 3393 24 15 so

56 3428 52 26 lmg
115 3429 104 26 occupied
227 3429 30 25 by
270 3428 36 19 Mr
319 3426 96 21 Sladden
427 3425 20 20 is
459 3425 40 20 not
510 3424 69 26 likely

57 3465 22 21 t>
94 3466 83 20 remain
189 3466 65 20 much
267 3465 79 25 longer
362 3461 156 26 unpurchased
535 3460 44 20 and

57 3502 141 21 uatenanted.
241 3502 46 20 The
300 3500 128 28 gentleman
443 3498 49 20 who
501 3497 19 20 is
530 3496 49 21 said

58 3537 24 20 ti
95 3538 27 20 be
134 3539 173 25 contemplating
318 3537 42 21 the
373 3535 109 27 purchase
499 3534 22 19 of
538 3533 40 20 the

58 3576 101 26 PTQperty
165 3575 27 23 .is
200 3575 45 23 Mr.
250 3576 101 22 Hawker,
364 3573 48 20 who
424 3572 42 19 han
474 3571 57 20 been
543 3570 35 20 for

59 3615 57 16 Sirne
125 3611 59 20 little
192 3611 54 21 time
254 3618 14 14 a
275 3611 100 22 resident
384 3609 23 21 in
416 3608 40 21 the
464 3607 55 21 west
527 3607 52 25 part

60 3646 27 23 of.
90 3647 46 21 this
144 3647 92 21 district.
244 3655 3 15 ;
275 3649 42 23 We
325 3647 82 27 rejoice
419 3647 24 19 to
452 3645 66 19 think
527 3644 51 20 that

60 3689 40 14 our
108 3684 160 24 neighborhood
276 3684 126 22 cammands
416 3682 62 21 itself
487 3682 24 19 to
525 3680 52 20 visi-

59 3718 55 26 ts
124 3727 31 13 ;so
166 3720 51 21 that
227 3721 54 27 they
295 3729 37 16 are
336 3720 104 23 -induced
451 3720 25 19 to
490 3718 65 20 make
567 3723 12 15 a

62 3756 63 23 home
134 3758 99 26 amongst
242 3765 33 16 us.
435 3756 55 18 .'■■■■■

699 173 95 19 Oxford
808 172 79 20 Labor
901 172 85 20 Union.
990 182 27 3 —
1019 171 22 19 It
1053 170 45 20 will
1110 171 29 19 be
1148 176 51 14 seen

671 209 30 26 by
710 214 38 14 onr
757 208 137 26 advertising
903 209 99 18 columns
1016 206 52 21 that
1077 212 14 14 a
1108 206 91 26 general

670 246 99 25 meeting
778 246 19 19 is
807 245 71 20 called
891 245 35 20 for
941 244 47 20 this
1005 243 98 24 evening,
1121 244 24 19 at
1157 243 40 20 the

671 282 66 21 Town
747 282 58 24 Hall,
818 282 56 19 East
883 280 91 25 Oxford,
985 280 66 20 when
1059 286 14 14 a
1082 279 56 25 good
1146 279 51 20 deal

670 319 23 21 of
702 319 122 26 important
835 318 102 20 business
945 317 47 21 will
1006 317 28 20 be
1043 315 96 26 brought
1152 315 45 20 for-

669 355 67 24 ward,
749 355 102 25 amongst
859 354 73 21 which
947 354 46 20 will
1001 354 29 20 be
1039 354 39 19 the
1092 352 104 25 adoption

670 393 23 20 of
701 399 14 13 a

696 429 61 19 East
778 428 96 19 Oxford
896 427 87 20 School
1002 426 143 20 Committee.
1148 423 47 20 —A

668 465 82 26 special
758 464 99 25 meeting
866 463 23 21 of
897 463 47 21 this
953 462 131 21 Committee
1089 467 45 14 was
1143 460 53 21 held

668 502 24 20 in
708 502 38 20 the
761 501 140 20 Schoolroom
919 507 29 13 on
967 499 116 25 Thursday
1099 498 96 24 evening

666 539 51 24 last,
730 539 35 19 for
774 538 38 20 the
821 543 94 20 purpose
922 536 23 20 of
951 536 96 25 electing
1054 541 29 14 an
1091 533 105 21 assistant

668 575 87 20 teacher
759 574 70 25 wheu,
834 574 67 20 outof
905 579 67 14 seven
977 571 128 21 candidates
1114 576 81 15 recom-

667 612 95 20 mended
770 612 30 24 by
809 611 39 20 the
858 609 123 21 Education
992 608 80 24 Board,
1084 608 38 20 the
1132 608 61 19 Com-

666 648 82 20 mitted
765 646 98 22 selected
879 646 57 19 Miss
954 646 90 24 Cooper,
1065 644 22 19 o£
1110 642 85 21 Christ-

667 685 88 25 church,
768 685 35 20 for
811 684 39 21 the
859 683 103 26 position.

691 722 48 19 Tea
753 722 117 19 Meeting.
871 731 28 3 —
899 720 19 19 A
927 720 38 19 tea
974 717 99 25 meeting
1082 716 47 20 will
1139 716 54 19 take

665 758 25 20 at
705 758 39 20 the
758 757 132 25 Parsonage,
910 755 57 20 East
984 752 89 24 Oxford,
1089 758 29 13 on
1127 752 66 20 Wed-

665 794 84 26 nesday
767 794 61 24 next,
846 794 25 19 at
891 793 12 19 5
924 790 91 25 o'clock,
1035 790 24 19 in
1072 788 38 21 aid
1122 789 23 20 of
1154 788 39 20 the

664 832 68 19 funds
750 831 24 20 of
790 830 40 19 the
849 829 31 20 St.
901 827 115 21 Andrew's
1035 827 87 24 Sewing
1139 826 51 19 Bee.

664 867 89 21 Tickets
772 866 46 20 will
835 865 28 21 be
882 864 27 20 6d
927 864 60 24 each,
1007 862 72 21 which
1099 862 43 20 will
1164 867 29 15 no

665 904 67 20 doubt
742 909 79 15 ensure
831 909 14 13 a
853 902 64 24 large
927 900 138 21 attendance.

851 969 147 23 FIRE.

690 1031 35 20 On
745 1029 91 26 Sunday
855 1028 72 26 night,
952 1028 115 24 February
1090 1025 59 21 16th.
1176 1031 14 13 a

664 1069 81 18 serious
764 1067 40 19 fire
821 1065 104 20 occurred
948 1065 24 19 at
990 1064 74 19 Burnt
1082 1062 53 23 Hill,
1160 1061 31 25 by

664 1103 73 20 which
749 1108 60 14 some
824 1101 103 20 valuable
939 1100 77 20 effects
1030 1098 121 25 belonging
1165 1097 25 20 to

664 1141 37 20 Mr
719 1140 20 20 J.
758 1140 103 22 Pearson,
878 1143 56 14 were
950 1136 120 26 destroyed,
1088 1135 103 25 together

664 1177 55 22 with
728 1176 31 21 all
768 1176 35 20 his
812 1175 154 24 outbuildings
977 1173 45 20 and
1031 1172 87 21 several
1127 1171 62 25 dogs.

664 1215 47 20 The
721 1214 39 20 fire
776 1213 60 19 must
850 1212 58 20 have
920 1211 83 20 broken
1016 1211 40 19 out
1069 1209 68 20 about
1151 1209 39 20 ten

664 1251 87 23 o'clock,
761 1250 35 20 for
804 1250 40 20 the
852 1249 80 25 family
944 1248 46 19 had
998 1246 88 21 retired.
1117 1246 73 19 When

664 1288 20 20 it
696 1293 45 14 was
758 1286 127 24 discovered,
903 1286 20 19 it
937 1290 46 15 was
991 1282 127 27 impossible
1127 1282 24 20 to
1161 1281 29 21 do

664 1324 110 26 anything
795 1324 24 19 to
842 1324 50 25 stay
913 1322 41 20 the
980 1326 102 21 progress
1105 1319 22 21 of
1150 1319 39 21 the

663 1361 82 21 flames.
789 1359 152 25 Fortunately,
958 1358 106 24 however,
1082 1356 40 20 the
1134 1362 54 20 pre-

664 1399 65 20 mises
742 1397 105 21 attacked
858 1403 57 13 were
928 1395 85 20 distant
1027 1400 59 14 some
1103 1393 85 25 twenty

664 1443 25 13 or
697 1436 72 25 thirty
777 1434 47 21 feet
832 1434 58 20 from
899 1433 40 20 the
954 1432 60 19 main
1023 1430 109 26 building,
1143 1429 46 20 and

663 1473 39 20 the
712 1472 39 20 fire
762 1470 125 25 eventually
899 1469 71 21 burnt
977 1467 63 21 itself
1049 1467 45 20 out.
1137 1466 23 20 It
1169 1465 19 20 is

664 1509 116 20 uncertain
789 1507 73 19 where
871 1505 40 21 the
923 1505 40 19 fire
972 1503 131 26 originated,
1118 1502 43 20 but
1169 1501 19 20 it

664 1551 92 20 appears
766 1544 58 25 jthat
836 1543 20 20 it
870 1542 62 20 must
944 1542 54 19 have
1015 1539 86 21 started
1115 1538 24 20 in
1148 1538 40 20 the

663 1582 142 20 schoolroom.
847 1578 47 21 The
909 1578 118 26 pecuniary
1044 1577 44 20 loss
1101 1575 19 21 is
1139 1581 49 13 con-

662 1618 115 24 siderable,
788 1617 68 25 being
866 1614 119 22 estimated
999 1614 25 20 at
1033 1613 68 21 about
1117 1612 66 23 .£2OO,

662 1656 46 20 and
728 1661 33 14 we
783 1654 76 25 regret
880 1653 24 19 to
926 1651 55 21 hear
1002 1651 51 20 that
1071 1649 19 20 it
1106 1649 20 20 is
1148 1648 41 20 not

662 1692 93 22 covered
763 1692 31 25 by
803 1691 119 19 insurance.

727 1757 140 26 OXFORD
879 1755 112 25 LABOE
1007 1752 115 26 UNION.

688 1833 20 20 A
716 1837 105 15 meeting
834 1831 24 19 in
867 1828 128 22 connection
1001 1827 56 20 with,
1062 1826 46 20 this
1114 1825 74 21 Union

661 1871 43 13 was
713 1864 53 20 held
774 1864 24 19 in
807 1864 39 19 the
856 1861 146 23 Schoolroom,
1018 1858 62 20 View
1090 1857 54 24 Hill,
1160 1862 28 15 on

661 1895 121 26 Thursday,
794 1894 115 23 February
923 1891 60 26 13th,
992 1890 64 21 when
1064 1890 65 19 there
1141 1894 45 15 was

662 1935 14 13 a
685 1927 57 26 good
756 1925 138 21 attendance.

689 1966 36 19 Mr
743 1964 85 20 Arthur
844 1962 93 25 Wright
954 1967 44 13 was
1018 1958 66 22 voted
1102 1958 25 20 to
1150 1957 38 21 the

663 1997 69 24 chair,
751 1996 50 24 and,
822 1995 24 20 in
864 2000 15 13 a
893 1993 43 20 few
953 1992 61 20 lucid
1026 1990 45 21 and
1084 1990 58 20 clear
1154 1995 34 14 re-

663 2029 74 20 marks
746 2026 115 27 explained
869 2026 39 19 the
915 2025 84 26 objects
1007 2023 23 20 of
1035 2023 39 20 the
1081 2021 104 25 meeting,

663 2060 128 26 expressing
800 2058 35 20 his
844 2056 135 21 convictions
992 2055 52 20 that
1052 2053 105 21 Societies
1166 2052 24 20 of

663 2093 47 21 this
727 2091 56 21 kind
800 2096 56 14 were
874 2095 14 14 a
904 2087 114 25 necessity,
1035 2086 41 20 not
1095 2084 53 26 only
1165 2084 25 20 to

663 2125 85 25 protect
756 2123 39 20 the
807 2122 111 20 workman
933 2119 58 19 from
1007 2118 39 20 the
1063 2116 126 26 oppression

663 2156 24 20 of
695 2156 39 19 the
744 2154 117 26 capita'ist,
877 2152 41 19 but
931 2157 24 14 as
969 2157 14 13 a
995 2149 125 26 protection
1132 2147 58 20 from

663 2187 75 20 unfair
760 2183 142 27 competition
924 2181 104 25 amougst
1045 2179 140 24 themselves,

664 2219 46 20 and
718 2218 28 20 he
756 2215 119 22 submitted
888 2215 51 20 that
956 2213 37 20 the
1007 2211 127 21 movement
1145 2217 45 13 was

663 2251 24 19 in
700 2256 29 14 no
741 2255 49 19 way
807 2245 143 22 detrimental
965 2246 25 19 to
999 2244 41 20 the
1052 2243 106 20 interests
1167 2241 23 21 of

664 2283 39 19 the
713 2280 121 26 employer;
852 2278 29 20 he
890 2276 79 21 looked
978 2281 59 21 upon
1046 2275 19 20 it
1075 2280 24 14 as
1111 2279 41 14 one
1165 2279 25 14 as

664 2320 41 15 one
724 2312 22 21 of
763 2312 40 20 the
826 2310 58 20 most
906 2307 122 27 important
1051 2305 139 26 progressive

664 2345 120 26 agitations
804 2342 23 21 of
845 2342 40 19 the
904 2340 49 25 day,
970 2345 25 14 as
1011 2337 122 27 promising
1151 2337 40 20 the

664 2377 58 20 most
743 2373 116 22 beneficial
880 2371 82 21 results
984 2371 25 19 to
1031 2370 38 19 the
1091 2368 100 26 working

664 2410 81 19 classes
776 2404 137 27 throughout
943 2401 105 28 England
1077 2400 45 21 and
1150 2400 41 20 her

666 2439 164 28 dependencies.

691 2477 38 20 Mr
740 2476 76 25 Lugar
830 2474 66 26 spoke
912 2472 25 20 at
951 2471 82 25 length
1045 2470 24 20 in
1084 2469 65 20 favor
1167 2468 23 20 of

665 2509 23 21 of
701 2507 120 22 Unionism,
838 2505 44 21 and
897 2503 91 28 pointed
1002 2504 40 19 out
1051 2507 59 15 some
1120 2501 23 20 of
1152 2501 39 20 the

664 2542 40 19 the
713 2538 94 22 benefits
816 2538 24 20 to
847 2537 29 21 be
890 2534 89 22 derived
988 2533 129 21 therefrom.
1158 2532 35 20 He

664 2570 120 23 concluded
791 2570 37 19 his
836 2568 98 21 remarks
943 2566 31 25 by
988 2565 98 25 inviting
1094 2565 63 19 them
1165 2564 25 20 to

665 2609 59 16 come
732 2601 96 22 forward
837 2599 45 21 and
897 2598 109 24 enrolling
1019 2596 134 20 themselves
1167 2600 24 15 as

666 2634 112 22 members.
991 2651 2 7 ,
1089 2647 2 9 :

691 2672 36 20 Mr
736 2671 52 20 Pole
796 2668 73 21 would
877 2667 46 20 like
931 2667 24 19 to
969 2666 57 19 have
1035 2664 70 21 heard
1119 2669 69 14 some-

664 2706 65 24 thing
738 2711 28 14 on
775 2703 40 20 the
824 2702 64 21 other
897 2700 53 25 side,
962 2698 43 21 but
1014 2705 24 13 as
1045 2704 29 14 no
1082 2697 63 21 voice
1148 2696 45 21 had

665 2739 60 19 risen
734 2737 24 19 in
767 2733 132 28 opposition,
911 2732 29 20 he
955 2729 121 22 concluded
1088 2729 52 20 that
1153 2728 40 21 the
1199 2749 2 2 .

665 2768 104 27 adoption
777 2766 23 21 of
809 2766 40 19 the
859 2764 72 21 Union
946 2768 44 14 was
1000 2768 14 14 a
1023 2761 104 26 foregone
1137 2766 54 14 con-

664 2801 93 21 clusion.
798 2798 28 19 So
835 2796 36 21 far
879 2801 25 14 as
913 2795 28 20 he
951 2799 44 14 was
1004 2792 127 27 personally
1139 2798 51 14 con-

666 2831 86 25 cerned,
767 2831 28 19 he
806 2834 45 15 was
866 2826 75 22 bound
953 2827 24 19 to
987 2825 51 26 give
1054 2824 19 21 it
1082 2824 35 20 his
1133 2823 58 20 most

667 2863 83 23 cordial
758 2860 99 28 support.

694 2902 37 19 Mr
752 2899 102 24 Simpson
878 2893 104 22 followed
1003 2893 55 20 with
1085 2898 14 13 a
1120 2891 74 20 tirade

667 2931 91 28 against
933 2925 45 20 and
985 2923 76 27 hoped
1069 2923 41 21 the
1118 2923 76 20 Union

667 2963 73 22 would
754 2961 61 21 treat
826 2959 63 21 them
901 2958 56 19 with
964 2956 40 21 the
1018 2955 111 26 contempt
1137 2954 55 25 they

669 2993 112 23 deserved.

694 3031 34 21 Mr
744 3030 56 20 Lace
815 3027 65 21 made
892 3032 14 14 a
915 3024 63 22 short
990 3022 80 27 speech
1083 3022 39 21 not
1131 3022 62 26 quite

667 3065 24 20 in
701 3061 78 23 accord
787 3060 55 20 with
851 3059 40 20 the
899 3057 95 24 feelings
1004 3055 22 20 of
1037 3055 41 19 the
1088 3053 103 26 meeting,

667 3095 72 21 which
748 3097 43 16 was
802 3090 99 22 received
910 3086 191 28 good-naturedly.
1197 3100 3 6 .■

692 3132 21 19 A
719 3130 94 21 number
822 3127 23 20 of
854 3132 48 14 new
908 3124 109 20 members
1023 3128 56 14 were
1087 3119 104 25 enrolled,

667 3163 45 21 and
720 3162 19 20 it
746 3166 44 14 was
800 3157 92 22 decided
900 3157 24 19 to
933 3154 53 21 hold
993 3154 93 19 another
1095 3152 98 25 meeting

666 3196 26 19 at
699 3194 38 21 tha
746 3197 60 16 same
815 3191 63 25 place
890 3194 28 14 on
928 3186 118 25 Thursday
1055 3185 60 24 next,
1135 3183 61 20 Feb-

668 3232 67 20 ruary
744 3224 60 21 27tn.
1070 3234 130 16 •■......■

694 3263 21 19 A
736 3262 52 19 vote
810 3259 23 19 of
854 3256 84 21 thanks
965 3255 24 19 to
1011 3253 41 20 the
1074 3252 120 21 Chairman

667 3292 98 26 brought
773 3291 41 20 the
822 3288 99 25 meeting
930 3288 25 19 to
964 3292 14 14 a
986 3285 66 20 close.

857 3353 151 27 CUST.

694 3419 36 20 On
740 3416 90 26 Sunday
838 3414 46 21 last
898 3413 40 20 the
951 3410 76 28 pulpit
1040 3409 23 21 of
1078 3409 40 21 the
1131 3409 64 20 Pres-

666 3455 101 26 byterian
789 3451 89 22 Church
901 3455 44 15 was
973 3446 104 27 occupied
1099 3446 32 25 by
1159 3445 36 20 Mr

666 3492 99 23 Rlmslie,
783 3489 23 21 of
825 3484 165 24 Christchurch,
1005 3483 48 20 who
1072 3482 123 25 delivered*,

666 3529 73 21 before
745 3527 59 26 good
807 3523 175 27 congregations,
991 3520 121 21 discourses
1121 3518 73 21 which

665 3572 58 14 were
741 3563 78 26 highly
842 3557 148 29 appreciated.
1030 3556 47 20 The
1094 3555 101 21 resident

666 3603 76 26 pastor
759 3605 45 15 was
822 3592 118 31 supplying
958 3594 39 20 the
1018 3593 75 26 pulpit
1115 3592 21 21 of
1159 3592 33 21 St.

666 3637 114 22 Andrew's
790 3633 94 25 Church,
896 3630 165 23 Christchurch.

694 3675 44 19 We
746 3678 37 15 are
793 3671 53 27 glad
858 3670 24 20 to
891 3668 73 21 notice
980 3673 14 14 a
1005 3666 61 21 little
1082 3671 60 14 more
1154 3665 39 20 life

666 3711 69 25 being
743 3709 68 22 taken
819 3713 53 14 over
885 3705 39 20 the
936 3703 75 21 affairs
1024 3703 23 20 of
1056 3702 37 21 the
1106 3702 87 20 Cricket

668 3748 63 21 Club.
767 3744 73 23 There
854 3743 42 22 has
910 3741 56 23 been
979 3746 13 17 a
1004 3739 45 23 fair
1061 3739 132 23 attendance

1290 169 25 19 at
1335 167 97 26 practice
1454 167 23 20 of
1498 166 53 21 late.
1593 166 48 20 The
1664 165 73 20 match
1762 165 51 20 with

1289 204 124 25 Amberley,
1430 202 72 21 which
1515 208 45 15 was
1576 201 59 21 fixed
1647 202 35 20 for
1694 202 40 20 the
1752 202 61 23 26th,

1285 240 42 21 has
1336 241 57 20 been
1402 239 122 28 postponed
1537 240 60 20 until
1606 239 118 26 Saturday,
1736 238 78 20 March

1288 277 47 24 Bth,
1347 278 72 25 owing
1428 278 25 19 to
1460 277 41 20 the
1510 276 92 20 absence
1616 276 23 20 of
1648 275 86 21 several
1746 281 68 14 mem-

1284 314 50 20 be-s
1353 314 24 20 of
1395 314 38 20 the
1456 313 57 21 Club
1536 313 25 20 at
1582 313 40 21 the
1644 310 103 22 Dttnedin
1770 311 43 20 Ex-

1284 349 103 19 hibition.

1312 385 45 21 The
1367 386 89 21 district
1465 386 85 20 schools
1564 386 24 20 at
1597 384 61 23 Oust,
1670 383 65 22 West
1743 383 68 26 Eyre-

1284 421 45 25 ton,
1342 423 44 19 and
1397 422 148 25 Summerhill,
1560 422 47 20 will
1615 426 88 21 re-open
1712 427 27 14 on
1749 420 62 20 Mon-

1284 458 44 24 diy
1336 460 61 19 next.

1310 495 42 20 We
1361 495 53 20 note
1427 495 52 20 that
1497 496 37 19 Mr
1548 496 25 19 G.
1588 494 89 20 Palmer
1688 494 121 25 Cqapman,

1282 528 49 23 who
1345 537 45 14 was
1403 532 80 20 absent
1494 532 58 19 from
1569 531 40 20 the
1625 531 55 19 Cust
1692 529 35 20 for
1739 536 14 13 a
1766 529 43 19 ftsw

1282 568 71 19 weeks
1364 573 28 14 on
1402 574 14 13 a
1425 568 83 26 fishing
1515 566 131 27 expedition,
1657 567 41 20 has
1705 564 103 23 returned

1282 603 63 20 home
1359 604 66 19 much
1442 604 105 26 gratified
1559 603 53 20 with
1627 603 40 20 the
1681 608 85 15 success
1775 603 33 19 at-

1281 639 94 26 tending
1383 640 36 20 his
1425 641 100 19 venture.
1556 639 90 26 Beyond
1651 639 40 20 the
1696 638 113 27 capsizing

1282 676 23 20 of
1318 676 35 20 his
1369 682 96 14 caravan
1478 677 25 20 in
1519 682 41 15 one
1574 676 24 20 of
1611 676 41 20 the
1663 675 108 21 branches
1785 674 22 21 of

1281 713 40 20 the
1330 713 161 23 Waimakariri,
1507 713 93 25 thereby
1609 713 77 25 giving
1701 712 30 20 its
1745 717 62 15 occu-

1280 749 66 26 pants
1365 755 14 14 a
1398 749 128 26 drenching,
1546 749 98 26 nothing
1661 748 104 21 occurred
1783 748 23 20 to

1280 792 49 14 mar
1337 786 39 20 the
1385 786 100 25 pleasure
1494 787 24 19 of
1527 787 39 20 the
1576 787 44 24 trip

1307 822 35 20 On
1350 823 102 25 Tuesday
1461 823 64 19 there
1534 829 44 13 was
1588 829 14 13 a
1611 822 54 26 good
1676 822 131 20 attendance

1280 858 24 20 of
1321 859 108 20 members
1447 860 26 19 at
1494 858 40 21 the
1559 858 139 21 Oddfellows'
1722 857 81 27 Lodge.

1280 896 47 20 The
1336 895 109 27 principal
1454 896 103 20 business
1571 902 45 14 was
1625 895 40 21 the
1673 895 102 26 question
1784 895 23 21 of

1279 932 41 20 the
1344 932 89 20 Annual
1457 932 185 25 Demonstration,
1668 931 71 21 which
1761 937 44 14 was

1279 968 60 21 fixed
1347 968 35 21 for
1391 969 115 25 Thursday
1527 968 78 21 March
1614 968 59 26 23th,
1685 969 25 20 to
1723 968 84 21 consist

1280 1006 23 20 of
1313 1006 80 26 Sports,
1405 1006 51 24 Tea,
1468 1006 99 24 Concert,
1579 1005 45 20 and
1633 1005 57 20 Ball.
1729 1005 25 20 It
1762 1009 44 16 was

1281 1041 88 21 decided
1377 1043 25 19 to
1411 1042 71 20 invite
1491 1042 90 20 tenders
1590 1042 36 20 for
1633 1042 40 20 the
1682 1041 94 21 services
1785 1041 22 20 of

1280 1084 14 13 a
1304 1078 66 20 Brass
1379 1077 70 25 Band,
1466 1077 72 21 which
1546 1077 73 21 would
1627 1077 28 21 be
1668 1077 106 26 expected
1782 1077 24 20 to

1280 1114 112 21 discourse
1406 1114 71 21 music
1485 1114 58 21 from
1553 1115 25 19 11
1588 1121 51 14 a.m.
1658 1116 23 19 to
1690 1116 48 19 4.30
1753 1120 52 20 p.m.

1278 1151 47 20 The
1341 1151 117 25 Secretary
1471 1157 42 13 was
1525 1150 126 21 iustructed
1666 1151 23 20 to
1699 1151 64 20 make
1772 1157 33 13 ar-

1278 1187 141 25 rangements
1445 1187 35 21 for
1508 1187 101 26 catering
1635 1187 35 21 for
1691 1187 40 21 the
1752 1187 53 21 Tea.

1279 1225 141 20 Committees
1430 1231 56 14 were
1492 1224 119 26 appointed
1621 1225 23 19 to
1653 1225 69 20 select
1727 1230 14 14 a
1750 1225 55 19 suit-

1278 1261 49 20 able
1336 1261 111 26 paddock;
1464 1262 24 19 to
1498 1262 39 24 get
1546 1267 29 18 up
1586 1261 38 20 the
1637 1262 106 22 Concert;
1761 1260 44 21 and

1278 1303 14 14 a
1315 1299 101 25 separate
1435 1304 41 14 one
1494 1298 24 20 to
1541 1298 64 20 make
1628 1298 39 21 the
1689 1303 115 21 necessary

1277 1336 168 25 arrangements
1456 1336 22 19 in
1489 1335 129 21 connection
1628 1335 53 21 with
1695 1335 39 21 the
1744 1335 57 20 Ball.

1278 1372 20 20 A
1308 1372 94 20 circular
1411 1378 45 14 was
1464 1372 103 20 received
1574 1373 57 19 from
1640 1372 110 24 Dunedin,
1762 1378 21 14 re
1792 1377 13 15 a

1278 1409 101 21 Monster
1384 1409 108 27 Friendly
1499 1409 111 21 Societies*
1616 1409 186 23 Demonstration,

1277 1446 72 19 which
1358 1446 21 19 it
1387 1446 20 20 is
1416 1446 108 26 proposed
1538 1448 21 18 to
1567 1446 54 19 hold
1630 1452 28 13 on
1668 1446 78 19 March
1755 1446 45 24 6th,

1277 1482 34 20 for
1320 1482 72 20 which
1402 1482 106 25 specially
1515 1483 96 19 reduced
1619 1483 58 18 fares
1692 1482 75 20 would
1776 1482 28 19 be

1278 1518 103 26 charged.
1412 1518 47 20 The
1468 1517 108 21 members
1585 1519 23 19 of
1616 1518 39 19 the
1664 1517 75 26 Lodge
1748 1523 57 15 were

1278 1555 128 20 summoned
1425 1557 24 18 to
1472 1555 80 20 attend
1574 1555 55 20 next
1651 1555 103 26 meeting,
1779 1555 25 20 to

1277 1592 64 20 make
1360 1592 89 20 further
1461 1594 166 24 arrangements
1640 1592 25 19 in
1682 1592 82 26 regard
1779 1592 25 20 to

1278 1629 40 20 the
1332 1629 81 23 Sports.

1305 1665 33 20 St.
1356 1664 137 21 Valentine's
1509 1666 48 25 Day
1569 1665 81 26 passed
1665 1665 30 20 off
1711 1665 92 20 without

1278 1703 40 19 out
1333 1702 109 26 anything
1457 1703 99 19 unusual
1567 1702 80 25 taking
1659 1702 69 25 place.
1771 1701 32 21 Its

1278 1738 133 22 observance
1421 1745 71 15 seems
1500 1739 25 20 to
1533 1739 28 21 be
1577 1739 47 21 f«i3t
1634 1739 70 26 dying
1716 1739 46 25 out,
1778 1745 25 14 as

1277 1777 96 25 scai'cely
1382 1783 44 19 any
1435 1776 100 21 business
1550 1783 44 14 was
1604 1776 57 20 done
1675 1776 25 20 in
1708 1776 95 26 thejdis-

1276 1814 63 25 posal
1357 1813 23 20 of
1397 1814 130 24 valentines,
1548 1813 73 20 which
1639 1813 58 20 have
1712 1814 24 19 to
1752 1819 51 20 give

1276 1851 62 25 place
1347 1851 24 19 to
1381 1851 37 19 the
1428 1851 67 19 much
1509 1851 24 19 to
1542 1850 29 20 be
1586 1849 113 26 preferred
1712 1849 91 21 method

1276 1892 49 14 now
1343 1887 25 19 in
1385 1892 73 20 vogue
1476 1887 23 19 of
1520 1886 136 26 forwarding
1679 1886 122 19 Christmas

1277 1923 68 21 Cards
1354 1923 23 20 of
1386 1929 15 14 a
1408 1922 120 21 handsome
1537 1928 142 20 appearance.
1700 1934 4 4 •
1714 1943 5 5 ,
1751 1938 5 6 

1304 1985 475 45 CORRESPONDENCE.

1279 2069 65 20 While
1353 2075 37 14 our
1399 2069 86 20 columns
1494 2075 35 13 are
1539 2074 49 19 open
1597 2070 20 17 to
1631 2067 36 24 all,
1678 2073 29 14 we
1726 2068 25 19 do
1769 2070 35 17 not

1302 2096 89 24 identify
1395 2096 98 19 ourselves
1498 2095 51 20 with
1553 2100 41 20 any
1600 2094 93 25 opinions
1700 2094 104 25 expressed

1306 2122 84 18 therein.
1519 2137 3 2 .

1439 2172 194 20 INGRATITUDE.

1359 2226 28 20 To
1397 2226 33 20 tlie
1439 2226 74 20 Editor
1522 2230 21 19 oj
1555 2226 6 9 '
1568 2226 41 19 The
1616 2225 109 20 Observer.*

1307 2262 45 24 Siu,
1360 2273 26 4 —
1394 2262 50 25 May
1465 2262 12 20 I
1494 2262 38 20 ask
1551 2261 91 20 whether
1665 2266 82 19 anyone
1769 2259 38 20 has

1281 2293 90 26 thought
1380 2294 22 19 of
1411 2294 69 25 giving
1498 2293 32 20 Mr
1540 2293 32 21 W.
1581 2293 26 19 A.
1617 2292 76 20 Nalder
1702 2297 57 15 some
1774 2297 32 14 as-

1280 2331 87 14 surance
1376 2326 21 19 o/
1407 2325 37 20 the
1452 2326 80 24 respect
1548 2324 23 20 in
1581 2324 69 19 which
1659 2323 27 20 he
1694 2329 18 14 is
1722 2322 49 21 he'd
1785 2322 22 21 in

1282 2356 84 23 Oxford,
1377 2362 24 14 or
1411 2356 91 20 whether
1511 2361 42 18 any
1568 2355 60 19 effort
1638 2354 39 20 has
1684 2353 53 23 .been
1747 2353 60 21 made

1280 2388 23 21 to
1312 2393 87 21 procure
1405 2388 32 20 for
1446 2386 45 21 him
1501 2393 58 14 some
1566 2386 54 21 little
1630 2386 103 19 memento
1742 2386 22 19 of
1773 2385 34 20 the

1280 2420 73 25 people
1361 2425 77 19 among
1449 2419 66 19 whom
1525 2418 27 20 he
1567 2418 39 19 has
1623 2417 55 20 lived
1695 2418 33 18 for
1745 2423 62 19 tunny

1279 2456 67 20 years.
1386 2451 31 20 To
1426 2456 36 14 use
1477 2449 36 20 the
1523 2449 95 20 tiresome
1632 2448 35 19 old
1673 2447 84 25 .phrise,

1280 2482 19 20 is
1308 2483 38 19 not
1355 2482 35 19 the
1399 2480 104 23 intrinsic,
1510 2480 61 21 value
1580 2479 21 21 of
1611 2480 36 19 the
1661 2480 31 23 gif
1694 2484 14 19 i,
1721 2480 41 20 but
1773 2479 34 20 the

1280 2513 119 26 expression
1408 2513 22 20 of
1444 2518 57 14 some
1512 2511 74 25 Madly
1602 2510 75 24 feeling
1713 2510 46 20 thai
1769 2515 38 14 one

1281 2545 67 20 would
1358 2544 41 20 like
1409 2545 21 19 to
1440 2548 33 14 see
1485 2542 58 20 when
1557 2549 12 13 a
1578 2547 50 14 man
1639 2541 41 20 line
1690 2541 32 19 Mr
1731 2540 76 21 Nalder

1282 2576 69 19 leaves
1361 2581 31 14 us.
1435 2594 3 2 .

1307 2612 12 20 I
1327 2610 76 21 should
1411 2610 52 20 have
1472 2609 98 26 expected
1580 2610 21 19 to
1611 2608 50 20 hear
1672 2607 47 21 that
1729 2607 36 20 the
1774 2606 33 21 In-

1280 2642 99 21 oumbeut
1395 2641 43 20 and
1447 2641 72 26 Vestry
1535 2640 22 20 of
1567 2640 35 20 the
1618 2639 84 21 O'aaioli
1721 2640 22 18 of
1753 2639 54 23 Eng-

1281 2674 52 20 land
1340 2674 43 19 had
1392 2673 48 24 long
1450 2677 39 20 ago
1504 2671 100 21 bestirred
1615 2672 124 19 themselves
1748 2672 24 18 to
1782 2669 27 20 do

1281 2705 67 21 honor
1364 2707 22 17 to
1395 2709 40 15 one
1449 2703 45 19 who
1505 2703 38 19 lias
1559 2701 76 26 helped
1649 2698 57 23 tliein
1722 2702 87 24 loyally.

1280 2737 44 20 Bat
1333 2741 28 16 no
1370 2741 71 14 rumor
1451 2734 21 20 of
1482 2740 41 19 any
1537 2733 70 21 action
1618 2733 38 20 has
1665 2733 88 20 reached
1762 2738 33 15 me
1803 2739 6 18 ;

1280 2769 44 21 and
1331 2768 12 19 I
1352 2767 54 20 have
1414 2772 28 13 no
1451 2766 64 19 donbt
1524 2765 47 20 that
1580 2764 17 21 it
1609 2766 17 17 is
1644 2770 45 13 now
1706 2765 36 18 too
1758 2764 48 20 late.

1281 2800 78 20 Shame
1367 2804 29 14 on
1411 2797 52 20 such
1472 2797 85 25 poverty
1573 2796 22 19 of
1606 2795 80 25 feeling,
1703 2796 44 20 Sir!
1789 2795 22 20 It

1282 2831 73 20 makes
1363 2835 34 14 me
1407 2828 61 21 think
1482 2827 58 20 there
1555 2827 20 19 is
1590 2832 57 15 some
1662 2827 59 19 truth
1737 2827 23 19 in
1777 2827 35 20 the

1284 2863 75 23 charge
1381 2860 21 21 of
1428 2859 96 21 coldness
1552 2858 85 20 levelled
1667 2858 83 24 against
1778 2856 34 23 the

1282 2893 91 22 Ohurch,
1382 2891 60 20 when
1452 2891 11 19 I
1479 2896 33 14 see
1521 2889 37 20 her
1574 2889 120 25 prominent
1709 2889 103 21 members

1283 2924 96 24 allowing
1394 2928 39 14 one
1444 2921 22 20 of
1482 2921 54 19 their
1553 2920 45 20 best
1614 2920 79 20 friends
1708 2922 23 19 to
1740 2921 72 26 depart

1284 2954 113 21 unnoticed
1406 2953 42 20 and
1456 2951 131 21 unthanked.
1759 2962 1 2 ■

1310 2990 66 21 There
1386 2994 41 15 was
1437 2994 12 14 a
1458 2988 60 19 short
1533 2987 43 20 and
1586 2987 88 20 suitable
1691 2987 118 26 paragraph

1284 3022 64 22 about
1359 3021 32 20 Mr
1399 3018 78 23 Nalder
1485 3018 23 20 in
1518 3024 39 14 one
1568 3018 22 20 of
1598 3024 53 20 your
1660 3020 69 19 recent
1738 3019 73 23 issues,

1284 3055 17 20 it
1308 3054 19 20 is
1337 3054 45 21 true
1390 3058 5 17 ;
1415 3051 38 21 but
1463 3056 29 15 we
1501 3049 67 26 ought
1586 3051 21 19 to
1621 3049 52 21 have
1689 3050 44 21 had
1748 3057 65 15 some-

1284 3086 61 24 thing
1353 3084 33 20 far
1395 3087 58 15 more
1462 3082 111 19 deliberate
1588 3082 42 19 and
1639 3082 123 26 interesting
1771 3083 42 20 and

1283 3115 116 27 important
1408 3114 53 20 than
1470 3120 28 14 an
1508 3119 136 21 anonymous
1662 3115 118 25 paragraph
1790 3115 23 19 in

1284 3154 12 14 a
1304 3150 126 22 newspaper.
1458 3145 47 19 And
1515 3144 42 20 this
1567 3145 20 19 is
1600 3145 112 25 especially
1721 3145 36 21 the
1767 3151 46 15 case

1284 3180 56 20 since
1346 3177 51 20 such
1404 3177 65 24 cheap
1476 3176 77 20 honors
1558 3181 23 14 as
1591 3176 58 19 these
1659 3182 35 15 are
1700 3177 113 25 gushingly

1284 3209 98 23 accorded
1391 3209 22 19 in
1421 3214 53 19 your
1484 3208 94 19 columns
1597 3209 21 18 to
1628 3214 12 13 a
1652 3209 53 19 local
1715 3209 98 25 publican

1284 3241 80 22 —who,
1373 3241 99 22 however,
1482 3239 35 20 did
1526 3241 38 18 not
1574 3245 26 18 go
1609 3246 61 17 away
1680 3240 54 20 after
1743 3241 37 20 all.

1309 3275 194 25 Notwithstanding
1521 3275 35 20 the
1571 3275 82 25 disgust
1668 3277 69 19 which
1753 3277 12 19 I
1774 3278 39 20 feel

1284 3310 22 20 at
1322 3308 43 21 this
1381 3307 56 26 piece
1450 3307 22 19 of
1487 3307 80 20 Oxford
1581 3313 117 19 meanness,
1715 3308 11 20 I
1735 3310 79 20 cannot

1284 3341 49 25 help
1341 3339 120 25 expressing
1480 3344 36 20 my
1532 3338 134 21 satisfaction
1682 3340 47 21 that
1745 3341 17 20 it
1778 3341 39 21 has

1283 3375 36 17 not
1327 3369 97 23 occurred
1438 3371 22 19 to
1470 3375 82 19 anyone
1567 3371 22 19 to
1599 3370 50 20 offer
1668 3371 33 20 Mr
1712 3371 76 22 Nalder
1804 3380 13 14 a

1284 3401 172 26 '•banquet"—
1465 3408 13 13 a
1497 3401 117 24 blow-out;
1639 3402 50 21 beer
1708 3404 42 20 and
1768 3408 49 22 long

1283 3429 70 31 pipes;
1385 3433 33 20 for
1426 3432 45 21 he's
1487 3438 13 14 a
1508 3433 52 25 jolly
1572 3433 57 23 good
1639 3434 67 20 fellow
1714 3443 5 17 ;
1743 3447 26 4 —
1771 3437 46 20 that

1283 3464 91 22 coarsest
1385 3463 42 21 and
1435 3464 56 20 most
1506 3463 149 26 contemptible
1664 3465 22 20 of
1700 3468 113 25 pretences,

1283 3503 13 14 a
1305 3496 49 19 bore
1362 3496 23 19 to
1393 3500 14 15 a
1416 3495 119 24 gentleman
1545 3496 22 18 of
1581 3495 32 20 Mr
1623 3496 96 21 Nalder's
1728 3498 85 25 calibre,

1283 3526 43 22 and
1341 3532 13 14 a
1369 3526 141 24 gratification
1529 3527 50 24 only
1595 3528 23 19 to
1634 3528 36 21 the
1686 3529 77 24 guttler
1772 3530 45 22 and:

1287 3557 89 25 guzzler.
1408 3559 22 17 ;;•

1308 3593 26 20 In
1352 3593 126 23 conclusion,
1494 3593 12 19 I
1520 3594 55 19 trust
1591 3594 34 20 Mr
1638 3594 77 22 Nalder
1731 3597 43 21 will
1783 3604 30 14 re-

1283 3623 91 22 member
1383 3623 48 22 that
1446 3625 27 19 he
1482 3625 39 19 has
1537 3625 39 21 left
1585 3626 76 22 behind
1677 3627 44 21 him
1731 3628 23 21 in
1771 3630 40 21 Ox-

1282 3655 47 21 fora
1343 3655 45 26 just
1397 3661 40 15 one
1452 3662 23 13 or
1491 3656 40 20 two
1548 3657 75 25 people
1642 3658 87 26 capable
1746 3661 22 19 of
1785 3667 31 14 re-

1284 3681 90 27 gretting
1383 3681 33 21 his
1426 3682 54 21 loss.
1527 3697 58 11 .._:..;
1611 3703 19 4 ...
1641 3703 1 1 .
1689 3700 3 2 .

1440 3722 9 4 -
1478 3712 75 26 Yours,
1568 3714 38 24 &o,
1608 3729 5 12 t

2064 159 93 19 LABOR
2179 159 88 19 UNION.

1980 214 28 19 To
2018 214 33 19 the
2060 213 75 20 Editor
2144 213 24 20 of
2176 213 6 10 '
2189 213 41 19 The
2241 211 106 22 Observer.'

1930 251 41 23 Sib,
1973 260 25 5 —
1998 250 46 20 'The
2061 250 61 20 letter
2137 249 67 20 whioh
2219 248 102 26 appeared
2336 248 23 21 in
2374 253 52 20 your

1901 282 96 19 columns
2005 281 97 25 recently,
2110 280 72 26 signed
2385 284 41 15 was

1901 313 38 19 not
1948 312 46 20 half
2002 312 41 21 bad
2051 320 5 18 ;
2070 313 36 20 but
2115 312 27 21 he
2151 312 74 20 misses
2235 316 39 15 one
2283 311 66 25 point,
2358 310 68 21 which

1899 342 12 20 I
1920 343 75 21 should
2005 344 41 20 like
2062 344 21 19 to
2093 342 63 21 touch
2166 348 63 20 upon.
2241 350 3 2 •
2269 341 36 21 He
2319 342 68 24 forgot
2403 343 22 18 to

1899 374 93 19 mention
2003 374 47 21 that
2059 381 58 14 some
2132 380 54 17 men,
2197 373 46 20 who
2252 373 53 20 have
2342 373 36 19 the
2385 372 40 25 gift

1899 404 22 20 of
1936 404 36 20 the
2053 405 43 21 and
2105 411 35 14 are
2155 399 87 26 "icl'at
2336 408 36 15 are
2386 404 40 19 not

1898 435 66 20 worth
1975 436 54 20 their
2038 437 41 20 salt
2096 439 23 17 at
2128 442 41 19 any
2179 436 58 20 'kind
2252 436 22 19 of
2279 435 77 24 'work;
2375 434 51 25 they

1898 472 35 15 are
1941 468 98 21 first-rate
2048 469 23 20 at
2081 468 71 25 telling
2162 467 47 20 how
2219 473 13 14 a
2242 467 60 24 thing
2311 465 77 21 should
2397 465 25 20 be

1898 498 58 24 done,
1976 498 36 20 but
2028 501 37 23 put
2081 499 57 20 them
2154 500 21 19 to
2184 498 27 20 do
2217 514 3 2 .
2225 498 17 19 it
2251 497 43 20 and
2308 502 34 15 see
2354 496 67 21 where

1896 527 70 26 they'll
1983 529 57 20 land.
2082 530 58 23 Now,
2156 529 13 20 I
2183 529 64 19 think
2260 528 57 20 there
2333 533 36 15 an
2385 528 37 20 too-

1895 564 65 20 many
1978 560 22 20 of
2018 561 46 19 that
2083 562 45 19 sort
2146 560 85 25 making
2255 566 12 14 a
2289 559 11 20 f
2302 564 44 15 ussr
2354 558 67 22 about

1896 590 81 20 Unions
1992 593 23 18 at
2024 593 91 23 present;
2136 592 38 19 tall
2183 591 44 20 talk
2236 590 18 20 is
2263 590 29 21 all
2302 595 48 19 very
2365 589 45 20 well
2412 603 8 10 r

1895 620 37 20 but
1942 627 12 13 a
1962 621 39 20 few
2009 622 71 24 grains
2089 622 22 20 of
2124 627 97 17 common
2231 627 58 14 sense
2299 621 18 19 is
2329 620 66 22 worth
2404 626 14 15 a

1893 652 33 20 lot
1935 653 22 19 of
1965 653 23 19 it.
2028 653 100 26 Working
2144 659 48 15 men
2201 653 50 26 keep
2265 657 54 21 your
2333 658 47 19 eyes
2389 654 31 18 da

1894 683 58 20 these
1957 690 56 17 men,
2018 684 69 20 whose
2094 684 57 21 chief
2153 685 140 24 employment
2301 683 19 20 is
2349 684 40 24 gab

1894 714 48 24 they
1951 715 54 25 hope
2015 718 21 17 to
2045 717 34 23 get
2089 721 28 15 an
2126 721 50 19 easy
2185 715 68 26 living
2262 715 38 20 out
2309 715 21 19 of
2338 720 42 20 you
2390 714 32 25 by

1893 745 28 19 its
1931 750 42 14 use.
2194 763 2 2 .
2283 751 3 3 •
2411 759 15 5 T>

1918 781 29 21 As
1955 787 53 20 your
2015 782 94 20 columns
2115 788 35 15 are
2157 788 53 20 open
2220 783 22 20 to
2249 782 36 24 all,
2294 781 35 21 Mr
2333 781 87 25 Editor,.

1891 812 14 20 I
1913 813 54 19 trust
1976 818 42 18 you
2027 813 42 20 will
2076 813 66 20 insert
2151 813 43 19 this
2202 813 23 19 in
2234 818 52 20 your
2295 813 50 24 n,ext
2353 812 70 24 isaue,t

1893 842 42 21 and
1944 843 67 25 oblige
2298 868 4 2 .
2350 849 14 19 V

2088 874 75 26 Yours,
2176 875 37 21 &c.
2215 889 6 11 f
2296 884 39 16 ■-.■-.
2367 883 2 12 ;
2377 891 3 8 :

2015 992 78 22 HOLE
2104 993 60 20 AND
2183 992 130 22 CORNER.

1968 1045 28 19 To
2006 1045 33 19 the
2048 1046 74 19 Editor
2131 1046 24 24 of
2163 1046 57 18 'The
2227 1041 111 25 Ob%rver.'
2384 1039 8 21 '■'
2406 1034 23 43 ||

1918 1079 43 26 Sir,
1964 1091 26 4 —
1990 1080 18 20 A
2016 1080 31 20 lot
2055 1081 22 19 of
2088 1080 191 22 dissatisfaotionds
2288 1080 37 21 felt
2334 1070 95 43 here;^

1892 1111 35 20 the
1936 1111 89 20 conduct
2034 1112 22 19 of
2064 1117 53 19 your
2126 1112 53 20 local
2183 1107 93 30 reporter
2279 1111 136 25 'incareiuUy
2428 1117 2 4 '

1891 1142 112 26 forgetting
2012 1143 23 19 to
2042 1142 93 21 mention
2142 1143 23 19 in
2171 1148 52 19 your
2231 1143 95 20 columris
2333 1139 85 29 the^day,
2426 1153 3 7 .

1891 1174 23 19 of
1922 1173 87 26 electing
2018 1180 13 14 a
2043 1174 111 25 Licensing
2169 1166 171 38 CommittW^for
2356 1165 62 39 G^st'.

1893 1204 43 21 The
1945 1205 88 20 election
2043 1205 50 20 took
2102 1206 59 24 place
2169 1211 28 14 on
2206 1202 210 27 Monday|Pebraary
2417 1201 11 18 !i

1893 1235 56 24 10th,
1959 1236 42 20 and
2018 1237 17 19 it
2044 1236 18 20 is
2072 1236 46 20 said
2127 1235 47 21 that
2189 1235 35 21 the
2232 1241 45 15 new
2293 1235 125 21 Committee

1893 1267 41 19 will
1944 1272 57 16 serve
2009 1267 33 20 for
2052 1267 57 21 three
2117 1272 65 21 years.
2211 1266 48 20 And
2267 1272 31 19 so,
2314 1266 22 20 in
2346 1271 68 16 conse-

1891 1304 78 19 quence
1977 1299 22 20 of
2008 1298 36 21 the
2215 1298 22 21 of
2246 1298 35 22 the
2287 1303 75 20 person
2368 1296 50 21 who

1892 1330 19 19 is
1921 1329 90 21 believed
2020 1331 22 19 to
2051 1330 25 20 be
2085 1335 52 20 your
2152 1329 160 26 correspondent
2320 1328 55 24 here,
2390 1328 25 20 in
2428 1331 1 13 '■

1891 1361 85 25 making
1985 1367 28 14 no
2022 1361 92 20 allusion
2123 1364 21 17 to
2154 1361 36 20 the
2200 1360 88 23 election
2296 1359 72 23 which.
2371 1363 44 16 was

1891 1393 23 20 to
1922 1398 59 15 come
1989 1392 35 24 off,
2033 1392 27 21 he
2069 1398 41 15 was
2120 1392 112 21 successful
2238 1392 24 20 in
2269 1390 79 26 getting
2354 1395 59 16 some
2426 1397 3 18 ;

1891 1424 22 19 of
1929 1424 34 20 his
1983 1429 46 15 own
2180 1423 79 20 friends
2272 1421 83 21 elected.
2397 1420 26 21 A.

1891 1454 99 27 majority,
1997 1455 23 20 of
2070 1454 124 21 Committee
2199 1460 46 14 now
2254 1453 85 24 belongs
2347 1453 23 19 to
2378 1451 38 21 the

1891 1486 63 19 Pioub
1964 1484 122 21 Teetotaller
2101 1484 74 24 crowd,
2192 1484 43 20 and
2243 1489 28 14 no
2279 1489 40 15 one
2327 1488 41 15 can
2376 1488 39 20 say
2427 1488 2 14 :

1891 1517 59 18 what
1958 1516 36 19 the
2002 1516 65 19 result
2075 1515 42 20 will
2126 1516 31 19 be.
2285 1522 3 13 ;

1917 1552 13 21 I
1939 1552 51 21 hear
1999 1552 47 21 that
2051 1554 18 19 -V
2076 1552 36 20 the
2200 1557 36 15 are
2238 1565 3 9 :
2245 1550 97 26 thinking
2350 1550 22 21 of
2380 1550 35 21 tar

1892 1583 43 21 and
1949 1583 90 21 feathers
2055 1583 33 19 for
2103 1589 39 13 one
2158 1588 81 20 persoq,
2255 1582 46 23 who
2318 1582 39 20 has
2375 1586 40 15 run

1893 1615 83 26 against
1993 1614 70 27 pnblio
2079 1614 85 25 opinion
2180 1614 23 20 in
2218 1619 56 15 more
2291 1618 54 19 ways
2361 1613 54 20 than

1892 1652 52 20 one;
1967 1646 38 21 but
2020 1646 11 20 I
2046 1646 53 25 hope
2116 1645 43 22 this
2172 1644 19 21 is
2207 1646 37 19 not
2260 1646 51 21 true,
2329 1644 33 20 for
2378 1643 38 26 the.

1892 1678 68 20 surest
1975 1683 47 19 way
2035 1679 22 18 to
2072 1677 60 19 make
2141 1682 13 14 a
2170 1676 137 25 disagreeable
2315 1674 101 28 neighbor

1892 1709 89 26 popular
1996 1709 18 20 is
2030 1709 22 19 to
2069 1709 59 19 make
2140 1714 15 15 a.
2168 1709 78 24 martyr
2255 1707 22 19 of
2285 1706 52 21 him.
2376 1705 39 21 Let

1891 1740 46 21 him
1947 1740 67 24 alone,
2024 1745 39 21 say
2071 1739 18 25 I,
2099 1738 42 22 and
2150 1740 17 19 if
2175 1744 42 20 you
2226 1738 44 26 give
2279 1738 45 20 him
2333 1736 82 26 enough

1891 1778 50 20 rope
1950 1772 26 20 he
1986 1773 41 19 will
2037 1773 58 23 hang
2103 1770 85 22 himself
2196 1771 23 19 in.
2229 1771 60 20 time.
2321 1790 3 1 .

2090 1802 74 25 Yours,
2179 1803 43 24 &0.,

2292 1829 99 22 'OOBTixB.
2401 1829 11 26 '.-

2045 1874 67 15 seems
2129 1874 67 19 angry
2213 1867 71 25 about,
2292 1865 123 26 something.

1918 1901 37 20 We
1964 1900 54 26 hope
2027 1900 26 20 he
2063 1900 40 21 will
2110 1900 40 20 feel
2159 1900 65 19 better
2232 1904 47 15 now
2284 1898 48 21 that
2340 1896 27 21 he
2375 1896 40 21 has

1917 1932 68 21 blown
1995 1932 29 20 off
2032 1933 99 19 steam.—
2132 1931 50 25 Ed.]
2236 1948 48 9 ...
2323 1956 3 2 .
2354 1946 3 12 ;

1890 2019 72 19 EAST
1982 2018 112 20 OXPOED
2114 2017 111 21 SCHOOL
2240 2013 173 24 COMMITTEE.

1968 2073 28 19 To
2006 2072 33 20 tJie
2053 2072 76 19 Editor
2137 2071 24 22 of
2164 2070 65 20 MPlie.
2234 2068 111 21 Observer.'

1919 2109 43 22 Sib,
1963 2119 28 4 —
1991 2108 43 20 The
2043 2113 90 14 manner
2142 2106 22 20 of
2172 2105 87 25 electing
2269 2104 77 21 School
2355 2103 61 21 Com-
2420 2110 9 11 ■:

1893 2141 87 22 mitten,
1999 2139 42 20 and
2063 2139 35 19 the
2117 2138 54 19 class
2184 2134 3 20 i
2192 2137 22 19 of
2230 2142 49 14 men
2300 2135 128 25 frequently:

1892 2170 83 25 elected,
1994 2170 52 20 have
2140 2168 60 25 given
2215 2166 159 26 opportunities;
2385 2165 33 21 for

1893 2208 68 14 severe
1978 2201 111 23 comment,
2108 2200 43 19 and
2168 2205 28 14 no
2215 2198 63 20 doubt
2300 2197 76 20 reform
2397 2196 20 21 ifi

1895 2234 61 20 much
1968 2232 82 20 needed.
2092 2232 109 19 Instances
2209 2235 35 14 are
2259 2229 41 19 not:
2304 2229 46 19 few.'
2352 2228 66 23 where

1893 2271 49 14 men
1957 2264 52 21 have
2019 2262 76 26 sought
2110 2262 89 20 election
2208 2260 50 25 only
2263 2279 3 3 .
2273 2260 33 20 for
2305 2273 3 9 :
2319 2259 37 21 the
2371 2264 47 21 pur-
2425 2271 2 11 ;

1895 2302 48 20 pose
1952 2296 21 20 of
1982 2294 117 24 furthering
2116 2292 53 21 their
2178 2297 47 15 own
2234 2291 80 25 private
2323 2290 57 25 ends,
2395 2295 24 16 or

1895 2334 12 14 a
1926 2327 66 20 desire
2011 2325 23 21 of
2056 2324 100 24 assisting
2180 2329 13 14 a
2215 2322 107 26 neighbor,
2345 2322 76 26 totally

1892 2357 113 27 regardless
2014 2356 21 21 of
2045 2356 34 21 the
2088 2355 100 21 interests
2194 2354 21 20 of
2225 2353 36 21 the
2271 2353 86 22 School.:
2375 2352 44 22 The

1895 2390 144 22 inconsistent,
2049 2389 38 19 not
2097 2390 29 18 to.
2135 2393 38 19 say
2182 2385 85 29 selfish,.
2272 2384 95 28 eopdaot,
2370 2384 23 21 of
2406 2391 14 15 a

1896 2421 90 21 member
2002 2420 23 21 of
2042 2425 39 15 our
2098 2424 47 15 own
2163 2416 126 22 Committee
2295 2438 3 2 .
2305 2415 54 25 (who
2369 2416 51 21 -first

1896 2452 101 25 voted^or
2006 2452 36 19 the
2051 2449 147 27 appointment
2213 2448 23 20 of
2244 2454 14 14 a
2268 2441 154 39 MistreJ^and

1895 2485 23 19 at
1936 2483 36 21 the
1990 2483 50 20 next
2058 2480 91 26 meeting
2168 2469 264 42 B)iuUified.hiigßeif^ij^v

1896 2515 71 24 voting
1976 2516 23 18 to
2008 2513 38 21 the
2055 2513 107 24 contrary)
2171 2512 19 19 is
2199 2517 14 14 a
2228 2517 47 13 case
2284 2504 101 43 in^pbint.
2397 2510 30 35 ,J|

1896 2546 63 19 think
1968 2545 46 20 that
2023 2550 42 19 any
2075 2548 51 15 man
2139 2542 46 20 who
2194 2537 113 40 interfere^
2320 2541 33 26 (in
2367 2534 63 42 $ag-\

1896 2582 47 14 ever
1952 2574 132 22 subordinate
2092 2581 13 14 a
2114 2572 102 27 position)
2230 2572 52 23 with
2291 2572 132 21 educational

1897 2607 95 24 matters,
2011 2605 77 21 should
2103 2602 55 23 have
2175 2605 23 20 at
2221 2604 53 21 least
2297 2599 74 34 tassel'
2379 2624 3 5 :
2387 2603 37 21 the
2429 2624 2 3 .

1896 2638 89 26 Elysian
1994 2637 72 27 spring
2074 2635 92 22 himself.
2176 2657 3 4 ,
2242 2659 5 2 .
2252 2662 3 2 .
2279 2651 2 9 :
2295 2654 2 3 ■
2321 2651 3 12 ;
2409 2646 26 20 ,4

2088 2687 1 8 :
2093 2673 75 24 Yours,
2185 2667 44 32 &b.,
2252 2671 15 23 '.
2289 2689 3 10 ;
2314 2696 2 1 .
2329 2694 2 3 .
2346 2682 28 21 u.y
2400 2668 20 32 >-'.:
2420 2684 2 8 ;

2150 2719 3 4 .
2234 2704 168 23 HpUfiBHOLDEBi
2412 2703 4 11 ;

2062 2793 71 24 THE
2162 2793 101 24 FARM.

2070 2857 174 26 [CoMJUJMCATED
2251 2857 10 27 ]

1927 2895 44 20 The
1980 2895 74 27 potato
2063 2901 61 20 crops
2140 2901 35 14 are
2184 2895 85 25 looking
2278 2896 52 25 well,
2341 2895 41 20 and
2397 2901 29 15 we

1902 2929 72 24 expect
1993 2933 13 14 a
2025 2927 54 25 good
2095 2926 56 26 yield
2170 2923 43 24 this
2232 2933 81 18 season,
2332 2927 95 20 notwith-

1903 2959 99 24 standing
2012 2964 58 14 some
2079 2958 65 26 sharp
2153 2959 65 19 frosts
2227 2956 71 27 lately.
2324 2959 32 24 Jtfo
2364 2959 63 19 doubt

1903 2996 12 15 a
1924 2990 54 25 good
1987 2990 47 19 rain
2048 2990 69 20 would
2132 2990 25 19 be
2170 2989 113 25 beneficial,
2300 2990 35 20 the
2349 2989 79 26 ground'

1904 3022 61 24 being
1975 3027 48 19 very
2032 3020 38 21 hot
2081 3021 91 25 through
2185 3021 37 20 the
2230 3020 39 26 dry
2277 3018 113 23 Weather—
2390 3019 38 23 hot

1904 3053 38 24 dry
1951 3052 82 25 ground
2042 3053 18 19 is
2070 3053 38 20 not
2121 3053 54 24 good
2183 3053 33 19 for
2227 3054 98 23 potatoes;
2389 3056 3 6 '
2398 3052 3 6 '
2407 3052 3 10 ;

1911 3091 3 4 '
1931 3089 37 21 We
1984 3089 75 21 should
2070 3089 25 20 be
2111 3095 49 20 very
2169 3088 49 26 glad
2232 3089 18 20 if
2258 3088 94 23 softiebrie
2361 3088 67 21 would

1905 3121 46 25 give
1969 3127 28 14 an
2015 3121 88 24 opinion
2122 3126 24 14 as
2162 3122 22 18 to
2199 3121 37 19 the
2249 3121 108 19 rettsonof
2372 3126 57 19 some,

1906 3154 74 24 potato
1996 3152 71 26 plants
2082 3152 114 26 beginning
2213 3154 23 18 to
2251 3152 71 19 wither
2331 3152 41 19 and
2387 3151 43 25 die;

1905 3185 61 20 when
1983 3190 30 14 we
2029 3183 111 21 examined
2155 3180 147 29 thei-epbtatib
2317 3185 57 18 roots
2389 3182 41 22 list

1906 3222 50 19 year
1964 3222 31 14 we
2003 3215 66 21 found
2079 3222 12 14 a
2101 3216 98 24 quantity
2209 3216 21 19 of
2241 3215 59 20 white
2309 3214 70 20 mould
2387 3215 42 20 and

1907 3248 36 20 the
1953 3248 95 26 potatoes
2064 3246 114 21 somewhat
2188 3247 47 20 aoft.
2237 3249 4 9 ;
2275 3246 60 25 Now,
2411 3246 19 19 is

1907 3279 45 21 this
1961 3279 64 20 white
2033 3279 72 19 mould
2113 3279 10 20 ?
2147 3277 59 21 Does
2215 3279 17 20 it
2237 3284 57 14 come
2302 3277 87 25 through
2396 3277 34 20 the

1909 3311 37 25 dry
1954 3310 98 23 weather,
2062 3316 24 14 or
2094 3310 18 20 is
2121 3310 17 20 it
2148 3316 27 14 an
2185 3310 92 21 insect?'
2290 3309 24 20 'If
2323 3309 26 20 rin
2359 3309 71 23 inaeot,

1908 3342 61 21 could
1979 3341 104 26 anything
2093 3342 24 20 be
2127 3342 53 20 done
2191 3344 21 19 to
2222 3342 80 24 destroy
2312 3341 16 20 it
2335 3340 11 20 ?
2385 3340 19 21 If
2413 3342 17 19 it

1907 3375 19 19 is
1936 3374 51 25 only
1996 3373 76 21 caused
2080 3374 28 25 by
2118 3374 36 21 the
2170 3375 37 24 dry.
2222 3373 99 22 weather,'
2333 3373 66 20 would
2413 3373 18 20 it

1908 3405 25 21 be
1943 3405 106 21 advisable
2060 3406 21 19 to
2091 3407 33 24 try
2133 3407 23 19 to
2165 3411 58 20 grow;
2229 3406 94 25 potatoes
2331 3409 27 14 on
2368 3403 63 27 damp

1909 3443 23 14 or
1941 3439 39 18 wet
1990 3436 51 20 land
2048 3437 11 20 ?.
2063 3445 4 5 '
2084 3437 39 21 We
2131 3437 54 21 have
2201 3436 51 21 tried
2261 3432 170 30 potato'g'rpwirig

1909 3475 57 20 upon
1976 3471 73 22 strong
2058 3469 67 26 heavy
2140 3470 47 25 day
2202 3468 54 23 Jand;
2272 3467 51 21 and;
2328 3467 105 25 generally

1908 3500 67 21 found
1984 3500 17 21 it
2011 3502 22 18 to
2042 3500 45 25 fail,
2099 3502 72 24 except
2187 3504 56 21 upon
2251 3498 49 21 land
2310 3497 77 21 brokin
2401 3504 29 20 up

1909 3533 36 19 out
1962 3532 22 20 of
2000 3531 36 21 the
2049 3537 60 19 grass
2118 3551 3 5 ,
2124 3531 42 21 and
2178 3530 85 27 planted
2278 3529 50 20 with
2337 3531 93 23 potatoes

1907 3564 34 21 for
1957 3564 37 21 the
2002 3564 46 19 first
2056 3564 63 26 Jcrop,
2129 3570 24 13 as
2169 3563 35 20 the
2214 3562 42 21 turf
2271 3561 60 26 keeps
2339 3561 18 20 it
2365 3566 64 18 some?

1909 3596 57 20 *hat
1974 3596 69 24 loose.;
2078 3596 45 19 Too
2133 3595 64 23 mu«jh.
2204 3593 103 24 Bttentiqn
2312 3603 2 9 :
2321 3592 61 21 could
2391 3594 38 19 not

1908 3626 25 21 be
1943 3627 49 25 paid
2002 3628 22 18 to
2034 3626 179 27 potato-growing,
2215 3625 118 27 jseeipg.we
2342 3623 53 23 send,
2404 3629 25 14 so

1908 3658 64 21 much
1980 3664 76 20 money
2065 3665 24 14 or
2098 3658 90 25 money's
2196 3656 65 24 w,orth
2270 3657 36 18 out
2314 3655 28 19 of:
2345 3654 35 20 the
2388 3653 41 21 dis-

1909 3691 53 21 trict,
1969 3697 61 19 every
2038 3697 49 19 year
2087 3697 2 17 ;
2100 3691 9 19 f
2109 3696 24 14 or
2145 3679 100 37 poiatoffl.
2284 3687 40 20 Let.
2331 3691 25 15 us
2366 3687 33 23 try.

1907 3721 90 27 produce
2006 3728 38 16 our
2060 3727 46 16 own
2122 3721 102 27 potatoes;:
2230 3718 42 22 and
2287 3717 91 21 inoreaae
2390 3721 43 29 our^

1905 3754 84 21 wealth.
2002 3759 28 16 ■;,.
2046 3759 12 16 :.
2083 3748 74 27 ..:.'"■
2183 3765 2 3 ■
2199 3754 8 17 •'
2219 3763 28 12 =.■
2267 3762 13 13 ■.;
2309 3754 40 21 .;■',.,
2363 3764 15 11 ..<
2394 3765 4 5 ■

631 61 135 25 OXFORD
800 60 69 24 AND
903 60 86 24 CUST
1024 57 189 29 OBSERVER,
1250 58 189 28 SATURDAY,
1473 53 183 27 FEBRUARY
1692 56 39 26 22,
1767 53 62 24 1889
