2480 3830
90 166 208 30 SERIAL
343 167 186 29 STORY.

73 231 105 27 Specially
188 233 81 21 written
274 233 36 25 for
326 234 33 18 the
372 235 6 8 '
386 233 40 19 The
437 230 108 22 Observer.'

209 285 69 24 OUR
296 285 112 24 PICNIC,

235 344 165 30 (Concluded.)

85 400 74 25 Some
170 400 98 28 danced,
281 400 80 25 others
381 400 87 32 played
479 400 96 27 cricket,

51 432 45 24 the
106 435 50 22 rest
168 433 84 30 sitting
263 432 24 23 in
299 433 42 23 the
352 433 76 24 shade
440 432 98 30 singing
549 439 27 16 or

51 465 97 31 talking
159 465 39 24 till
208 465 20 23 it
239 472 49 16 was
306 465 59 24 time
377 468 23 20 to
421 466 40 29 get
477 464 41 23 the
536 466 40 21 tea

51 497 83 30 ready.
185 496 67 24 John
274 497 47 23 and
344 505 67 15 some
432 496 71 24 other
519 503 58 16 men

54 531 64 22 went
139 528 164 31 pig-hunting,
327 529 49 23 and
398 528 89 29 caught
508 522 68 29 thre^e

54 559 65 25 little
138 560 56 25 wild
209 560 61 30 pigs,
291 560 68 23 John
378 560 102 30 keeping
498 567 45 16 one
555 559 25 23 of

53 592 78 24 them.
165 592 53 24 The
228 592 110 24 children
353 600 67 16 came
432 593 25 22 to
469 599 28 16 us
508 591 71 24 laden

54 622 62 26 with
127 625 73 27 ferns,
212 632 73 22 green
296 624 103 30 boughs,
412 623 47 24 and
470 623 108 24 bunches

54 656 30 24 of
89 656 62 24 bush
162 655 99 28 flowers,
273 656 49 23 and
340 656 62 24 little
413 655 50 24 flax
482 654 96 25 baskets

54 685 70 26 filled
129 687 60 25 with
195 687 84 25 konini
287 687 97 25 berries.
418 687 45 23 We
470 687 109 23 mothers

54 719 51 24 laid
117 721 43 23 out
169 719 43 24 the
223 719 77 24 cloths
315 719 45 24 full
380 719 25 24 of
421 719 53 24 nice
489 719 89 29 things,

55 752 50 23 and
117 752 51 23 Mrs
186 751 78 25 Wood
275 755 63 20 went
353 752 33 24 off
405 753 25 22 to
449 750 72 24 make
539 751 40 23 the

55 785 41 23 tea
107 784 36 24 for
153 792 45 16 our
207 785 71 29 party
278 798 32 4 —
312 784 66 24 John
389 783 48 25 and
449 783 39 24 Mr
500 782 79 25 Wood

61 824 63 16 were
141 816 92 31 boiling
250 816 41 24 the
307 820 73 20 water
397 825 30 15 on
447 816 40 23 the
510 816 70 30 stony

58 848 66 24 bank
134 849 27 23 of
170 849 39 23 the
220 848 78 24 creek.

93 880 39 24 'If
139 880 73 32 you'll
223 880 91 24 believe
325 888 44 19 me,
382 880 62 23 Miss
455 879 77 24 Edith
543 887 5 20 ;
567 879 13 22 I

58 912 69 25 clean
132 913 89 30 -forgot
240 913 72 23 about
331 912 80 24 Dick's
432 912 61 23 little
510 910 70 25 trick.

58 945 182 31 But:presently
252 952 106 16 screams
369 945 46 22 and
423 944 85 23 shouts
518 943 63 23 from

59 977 42 24 the
123 976 146 25 tea-makers
291 977 69 23 made
382 985 30 15 us
433 984 46 15 run
497 978 25 21 to
543 983 38 16 see

58 1010 66 24 what
135 1009 44 24 Kftd
191 1008 128 32 happened,
342 1010 47 23 and
402 1017 14 16 a
426 1009 47 23 fine
484 1007 98 25 hubbub

59 1042 127 24 theie'was
202 1043 33 27 to*
246 1040 29 25 be
293 1049 60 16 sure.
388 1041 65 24 John
473 1040 110 32 (looking

59 1082 57 23 very-
118 1073 58 25 'hoV
188 1074 66 25 and.,
255 1074 86 31 angry)
362 1081 49 16 was
429 1073 99 30 helping
546 1072 35 23 fat

59 1099 42 40 o|d
112 1106 51 23 Mrs
168 1112 3 21 ;
174 1106 80 23 Jone*
260 1113 32 22 up
304 1107 42 22 out
357 1105 27 24 of
392 1106 43 22 the
446 1105 75 26 creek,
534 1104 47 23 and

59 1138 68 31 Susy
136 1138 76 24 Gates
217 1145 53 19 .was
277 1136 101 31 holding
388 1145 14 16 a
413 1135 171 25 handkerchief

59 1171 25 23 to
96 1178 42 16 ner
148 1170 61 27 face,
212 1169 57 26 jiand
279 1169 91 31 crying,
390 1168 61 28 'Oh,
471 1168 41 28 oh,
531 1168 48 24 oh!

57 1202 49 23 I'm
232 1209 6 21 ;
264 1201 47 24 I'm
328 1202 82 28 burnt;
439 1201 33 24 oh
493 1201 88 24 dear!'

60 1233 210 32 Sharp-tempered
289 1234 71 31 Mary
371 1234 80 24 Green
462 1233 49 23 and
530 1233 51 23 Mrs

58 1267 80 24 Wood
147 1274 60 17 were
218 1266 96 31 talking
328 1274 27 16 as
365 1266 58 25 loud
434 1274 27 15 as
478 1265 104 31 possible

58 1301 27 22 to
97 1300 58 23 each
165 1298 78 25 other.
256 1298 60 24 —Mr
326 1299 81 23 Wood
424 1306 49 16 was
484 1298 99 30 pickaag

57 1331 91 24 beetles
159 1331 36 24 off
202 1331 40 24 his
252 1331 75 24 wife's
338 1339 78 23 gown,
428 1330 49 24 and
489 1330 90 31 saying,

59 1368 7 10 '
77 1363 81 29 Come,
170 1371 76 20 come,
259 1363 68 24 don't
338 1362 95 32 quarrel
442 1370 6 22 ;
466 1362 13 24 I
489 1362 92 25 believe

57 1396 42 24 it's
113 1397 51 30 just
174 1404 13 15 a
205 1395 61 25 trick
278 1395 27 25 of
321 1395 84 25 Dick's
416 1403 6 21 ;
447 1395 58 25 wait
517 1395 38 25 till
566 1395 13 23 I

58 1428 68 25 catch
138 1428 60 28 him,
211 1428 43 24 the
261 1435 85 22 young
356 1427 122 30 monkey.'

90 1460 26 24 It
138 1461 93 24 seemed
252 1459 56 25 that
325 1468 28 16 as
370 1459 150 25 Mrs^Wood
533 1467 49 16 was

57 1492 75 31 going
142 1492 69 25 down
228 1492 42 24 the
281 1491 65 24 bank
357 1492 26 23 of
398 1493 41 22 the
450 1489 72 26 creek
540 1491 42 24 she

57 1524 91 31 poured
167 1532 15 16 a
200 1524 64 24 little
282 1525 40 23 tea
340 1524 37 31 (as
385 1524 3 5 '
400 1524 43 24 she
465 1523 116 32 thought)

58 1556 60 24 from
131 1556 43 25 the
186 1555 183 26 cannister'into
380 1565 13 14 a
405 1563 54 23 cup,
473 1555 49 24 and
532 1563 49 16 was

56 1588 10 31 j
69 1590 39 22 list
119 1589 75 30 going
205 1590 25 22 to
242 1588 53 30 give
314 1588 16 24 ii
344 1590 26 22 to
381 1588 67 24 Jolin
458 1588 69 24 when
539 1588 42 24 she

57 1628 51 17 saw
119 1629 15 16 a
145 1621 42 30 big
197 1620 75 24 beetle
283 1628 32 16 on
327 1621 42 23 her
379 1620 68 24 hand
458 1620 48 24 and
517 1628 64 16 more

58 1647 102 37 coming"'
165 1661 33 22 up
209 1652 42 25 the
261 1653 49 24 side
322 1652 26 25 of
357 1652 41 25 the
410 1661 53 22 cup.
497 1652 32 24 In
539 1652 43 24 her

57 1685 75 31 fright
144 1685 42 25 she
197 1685 68 30 flung
277 1685 42 24 the
330 1693 46 22 cup
396 1685 27 23 in
435 1685 84 23 John's
531 1689 50 19 lace

57 1717 50 24 and
117 1717 43 24 the
175 1717 37 24 tin
223 1717 26 24 in
268 1717 102 24 another
388 1717 124 28 direction,
533 1717 48 23 and

57 1749 79 31 began
155 1749 133 30 screaming
307 1750 47 23 and
370 1750 112 30 jumping
499 1749 81 24 about.

58 1781 67 24 John
144 1781 99 31 stepped
262 1781 60 24 back
341 1782 68 23 when
428 1781 43 24 the
486 1789 46 23 cup
543 1781 39 24 hit

58 1814 53 24 him
133 1822 33 16 on
183 1814 43 24 the
244 1821 66 21 nose,
329 1813 48 24 and
397 1814 107 23 knocked
524 1821 58 23 poor

59 1845 53 24 Mrs
123 1845 74 25 Jones
208 1846 53 23 into
280 1847 40 23 the
337 1846 77 24 creek.
464 1846 53 24 The
535 1853 46 22 cup

57 1877 42 24 fell
111 1899 3 3 .
125 1877 53 24 into
205 1877 43 24 the
275 1877 91 31 boiling
387 1878 82 27 water,
492 1878 48 23 and
562 1877 20 24 it

58 1905 114 34 splashed
193 1917 57 17 over
271 1917 33 17 on
325 1912 25 21 to
373 1910 90 24 several
484 1917 98 23 persons

57 1942 115 31 standing
203 1949 65 21 near,
297 1950 88 24 among
417 1940 68 27 tliem
513 1942 69 32 Mary

59 1974 89 23 Green.

85 2006 61 30 ;Mrs
158 2006 78 25 Green
251 2007 130 28 screamed,
394 2007 48 24 and
454 2007 77 25 called
548 2007 34 25 for

59 2038 67 24 John
134 2039 42 31 (an
182 2039 57 31 ugly
247 2040 146 30 scarecrow),
401 2040 49 24 and
458 2040 124 30 expressed

59 2070 46 24 her
115 2070 97 31 opinion
223 2070 55 24 that
289 2072 66 23 'Mrs
366 2072 76 24 Wood
455 2072 88 24 should
554 2072 28 24 be

60 2103 56 24 sent
126 2105 26 22 to
162 2102 43 25 the
218 2102 94 32 'sylum.
347 2103 48 26 She
407 2103 61 25 ain't
476 2103 29 26 fit
516 2106 24 23 to
552 2113 30 23 go

60 2134 83 30 about,
155 2143 16 16 a
181 2136 82 30 stupid
273 2136 85 30 thing.'

72 2171 29 17 *-'
111 2167 14 24 I
145 2167 107 25 couldn't
273 2167 58 32 help
353 2169 36 28 it,'
413 2168 90 24 sobbed
530 2169 51 23 Mrs

61 2198 86 25 Wood.

94 2235 7 16 '
110 2232 35 24 To
156 2232 76 24 throw
240 2240 14 15 a
262 2240 46 23 cup
318 2232 26 24 in
355 2232 42 26 the
404 2233 92 31 boiling
503 2235 79 26 water,

59 2264 51 23 and
128 2264 133 30 a-scalding
278 2264 27 24 of
322 2272 28 17 us
370 2265 33 24 all
422 2265 49 24 like
486 2265 48 24 this
544 2273 6 21 ;
565 2273 17 16 &

59 2303 75 23 goose
144 2296 115 25 wouldn't
270 2296 31 24 do
312 2296 35 29 it,'
367 2298 52 23 said
431 2298 50 23 Mrs
494 2298 87 24 Green.

95 2328 39 24 'It
155 2336 50 17 was
226 2329 69 24 those
322 2329 105 29 beetles,'
456 2331 52 23 said
531 2331 51 23 Mrs

60 2359 79 26 Wood
146 2369 7 20 ;
182 2364 6 12 «
201 2361 13 24 I
242 2361 63 25 can't
331 2362 83 25 a-bear
440 2362 44 25 the
510 2364 72 29 nasty

59 2392 91 31 things.
183 2393 48 23 Let
241 2401 39 15 me
289 2394 52 30 just
360 2394 72 24 catch
443 2395 54 23 that
509 2395 72 27 Dick,

59 2424 43 25 the
117 2433 81 22 young
209 2425 83 25 Turk,'

70 2464 4 6 '
92 2457 65 25 Poor
176 2457 68 25 Mrs"'
250 2458 74 24 Jones
331 2468 1 1 '
351 2460 41 29 got
419 2459 44 24 her
489 2461 93 30 tea-pot

57 2489 86 33 filled^
151 2490 50 24 and
212 2490 99 31 trudged
331 2491 41 24 off.
424 2491 107 25 'Bother
541 2493 41 22 the

58 2521 91 27 beetles
160 2522 49 25 and
219 2523 40 23 the
266 2522 124 32 picnicirig
397 2525 63 25 too,*'
468 2524 44 23 she
521 2524 60 24 said.

59 2551 39 26 '"A
108 2553 53 25 fine
170 2555 62 23 state
249 2554 52 25 Ibe
312 2555 33 28 in,
364 2559 25 21 to
400 2555 30 25 be
442 2563 53 17 sure
506 2563 6 22 ;
537 2558 45 22 wet

57 2586 28 24 to
91 2585 113 30 ■ti;e,-skm
214 2587 15 22 I
238 2585 38 25 Be.
327 2587 73 24 What
411 2595 15 16 a
437 2588 35 24 lot
484 2591 24 21 ot
519 2588 62 24 fools

58 2616 114 29 w^'be^o
172 2620 5 10 s*leave5
177 2618 7 7 *
189 2618 67 26 leave
276 2627 45 15 our
338 2619 93 29 homes,
449 2620 48 23 and
515 2628 66 16 come

56 2649 59 25 here
127 2656 2 4 '
138 2650 111 31 a-taking
270 2658 44 16 our
329 2651 101 24 victuals
458 2652 59 23 with
539 2653 43 23 the

56 2681 89 25 beetles
156 2682 47 23 and
214 2682 91 32 spiders
322 2684 49 23 arid
381 2684 40 24 all.
471 2684 13 23 I
495 2684 87 24 believe

56 2714 45 26 it's"
109 2715 98 30 coming
217 2722 32 24 up
261 2722 15 17 a
287 2718 51 22 sou'
341 2719 103 25 -wester,
456 2717 101 24 because
568 2717 14 23 I

56 2747 62 24 ain't
129 2749 47 22 wet
187 2747 104 31 enough,
308 2747 14 24 I
333 2748 119 30 suppose/

92 2779 52 24 Our
160 2781 70 30 party
249 2782 42 29 got
310 2782 26 24 to
354 2783 40 23 tea
416 2783 26 23 at
460 2781 55 29 last,
536 2781 45 25 but

55 2812 67 25 Pick
133 2812 78 24 didn't
222 2815 43 28 put
276 2813 27 23 in
322 2821 32 16 an
365 2822 153 22 appearance.
568 2814 13 23 I

56 2853 102 22 suppose
169 2845 31 24 lie
212 2845 84 24 hadn't
308 2846 59 24 done
375 2846 117 30 laughing
503 2848 24 22 at
539 2846 41 24 the

55 2884 98 29 success
164 2876 26 24 of
198 2877 39 24 his
248 2877 70 24 trick.
367 2879 71 23 After
451 2881 38 21 tea
500 2886 35 16 we
546 2879 34 23 all

56 2908 69 32 sang'
146 2933 4 9 r
150 2914 6 10 «
167 2909 61 24 Auld
251 2909 72 29 Lang
455 2911 47 22 and
521 2912 60 23 then

54 2942 84 33 began,
144 2943 34 27 .'to
193 2945 41 27 get
251 2940 73 33 ready
343 2944 24 22 to
387 2951 31 22 go
437 2942 80 26 homo.
568 2943 13 25 I

51 2974 98 26 noticed
160 2974 61 25 then
230 2973 54 25 that
292 2975 41 24 the
342 2975 64 24 wind
414 2975 49 24 had
472 2975 109 31 changed

52 3008 27 24 to
102 3007 43 24 the
165 3009 51 22 sou*
220 3008 82 28 -west,,
317 3008 48 24 and
384 3008 20 24 it
423 3007 86 25 looked
531 3008 49 26 like

53 3040 64 25 rain.

89 3077 5 11 1
105 3072 71 26 friake
188 3071 77 29 haste,
277 3071 83 29 John,'
373 3072 13 23 I
397 3072 77 24 called
486 3074 24 22 to
522 3072 55 25 him.

88 3110 6 11 1
103 3105 73 26 We'll
186 3105 30 24 be
228 3105 72 31 lucky
312 3107 26 23 to
357 3107 41 29 get
416 3112 66 24 away
502 3105 26 25 in
547 3113 32 16 an

52 3138 70 28 hour,
127 3140 5 10 1
151 3138 52 25 said
215 3138 29 24 he
255 3145 5 21 ;
289 3138 62 24 'For
371 3138 78 32 Gipsy
466 3138 20 23 is
505 3138 73 28 loose,

53 3171 50 25 and
115 3171 64 25 she's
191 3178 14 18 a
222 3172 76 24 terror
310 3172 24 24 to
345 3171 88 24 catch.'

87 3205 70 28 Well,
170 3211 118 24 everyone
297 3204 43 24 but
347 3212 45 16 our
403 3205 35 24 lot
446 3212 59 16 were
516 3212 62 22 gone

52 3237 32 32 by
104 3237 43 25 the
166 3237 61 25 time
247 3237 53 24 that
317 3237 73 24 horse
409 3245 50 16 was
478 3237 99 31 caught,

52 3271 51 25 and
114 3271 40 24 the
164 3270 67 25 wind
241 3278 49 18 was
301 3270 97 31 bitterly
415 3270 63 27 cold,
491 3270 49 24 and
558 3270 21 23 it

51 3311 52 18 was
115 3303 102 31 spitting
227 3303 57 22 with
301 3303 61 25 rain.
398 3302 43 25 We
453 3303 90 22 started
554 3303 25 22 at

51 3336 56 28 last,
120 3336 47 24 and
178 3335 20 25 it
209 3343 47 17 was
272 3335 84 33 nearly
375 3334 59 27 dark
452 3334 73 26 when
544 3343 34 17 we

50 3368 103 25 reached
164 3367 42 26 the
218 3368 78 25 river.,
440 3379 1 2 ■
458 3377 10 11 r
577 3388 2 2 .

55 3416 2 5 .
86 3400 65 26 •I'm
170 3399 76 27 afraid
264 3398 88 27 there's
370 3408 14 14 a
402 3399 67 24 fresh
490 3399 35 24 in.
528 3399 51 27 ..the

51 3433 82 28 river,'
145 3433 52 25 said
217 3432 39 25 Mr
267 3431 85 29 Wood,
375 3432 35 25 'it
422 3432 90 26 sounds
530 3428 49 30 like

50 3466 22 26 it
81 3473 5 21 ;
98 3468 6 9 '
122 3466 48 25 and
182 3473 26 15 so
220 3465 68 26 there
299 3471 50 16 was
370 3471 34 16 we
415 3465 83 24 found.
548 3465 31 25 In

51 3498 44 26 the
107 3498 96 31 deepest
214 3498 55 31 part
280 3496 43 25 the
333 3498 75 24 water
417 3504 46 15 ran
474 3496 52 25 into
538 3497 40 25 the

51 3531 68 31 dray,
140 3530 57 27 arid,
210 3529 66 26 what
286 3527 59 26 with
364 3528 20 25 it
396 3528 48 25 and
456 3529 41 25 the
514 3529 62 28 rain,

51 3572 35 17 we
97 3571 60 17 were
170 3570 55 22 very
236 3562 53 26 wet,
302 3560 36 23 for
349 3560 42 26 the
402 3560 54 25 rain
467 3569 48 17 was
526 3569 53 17 now

54 3596 97 30 coming
162 3595 69 24 down
241 3593 28 25 in
279 3594 113 25 torrents,
404 3592 49 24 and
464 3593 41 25 the
516 3593 63 25 wind

50 3628 89 24 —well
150 3628 14 23 I
175 3626 64 25 often
250 3625 71 25 think
333 3625 13 24 I
354 3632 73 17 never
438 3624 43 25 felt
488 3633 14 17 a
513 3626 66 25 wind

52 3668 27 19 so
93 3659 64 25 cold.
192 3658 99 27 Esther,
309 3664 59 23 poor
382 3656 56 31 girl,
459 3656 118 28 shivered,

51 3692 98 26 indher
157 3690 68 27 teeth
234 3687 133 28 chattered,
376 3690 41 29 yet
424 3687 43 26 she
476 3687 103 35 laughed

51 3724 50 29 &nd
111 3724 71 25 made
193 3722 44 26 fun
248 3721 75 25 about
333 3720 21 26 it
365 3720 39 26 all.

85 3756 93 27 'Don't
200 3755 107 28 Esther,'
327 3753 13 26 I
359 3752 53 27 said
429 3753 30 25 to-
470 3752 58 31 her;
554 3753 25 25 'I

662 169 67 22 can't
745 167 56 24 bear
818 168 26 22 to
861 166 58 24 hear
939 174 56 23 you,
1013 167 21 23 it
1051 166 85 24 makes
1146 174 41 16 me

663 198 71 26 think
745 207 48 23 you
804 207 40 16 are
857 199 55 31 fey.'

696 236 5 10 1
713 232 96 24 What's
821 231 45 31 fey,
884 232 61 23 Miss
957 230 77 24 Edith
1046 232 4 22 !
1069 230 65 31 Why
1145 230 42 24 it's

665 265 69 24 when
746 272 91 23 anyone
847 263 22 24 is
884 272 57 22 very
952 270 81 23 merry
1042 261 51 31 just
1110 263 80 24 before

665 305 65 17 some
741 296 143 25 misfortune
899 296 108 30 happens
1020 296 25 22 to
1056 295 84 24 them.'

698 329 52 23 The
761 330 57 29 boys
828 327 50 25 had
888 336 14 15 a
920 327 61 31 good
999 327 43 23 fire
1061 327 49 23 and
1125 334 65 17 some

665 360 44 25 hot
720 360 110 31 porridge
841 359 74 31 ready
926 359 37 24 for
981 366 28 16 us
1020 359 72 24 when
1102 367 35 16 we
1149 361 42 28 got

665 393 79 28 home,
773 392 56 28 and,
858 392 62 24 after
947 400 13 15 a
987 390 80 29 while,
1089 399 36 16 we
1147 390 44 24 felt

665 432 102 17 warmer
778 425 47 24 and
838 425 69 22 drier.

701 457 74 24 'How
793 456 40 24 did
850 463 48 23 you
920 455 72 31 enjoy
1013 455 21 24 it
1056 454 41 30 all,
1121 455 70 31 Mary

666 489 80 28 Jane,'
759 488 74 25 asked
844 487 66 25 John
921 487 26 25 of
957 495 43 16 me.

701 526 5 9 '
719 521 33 24 So
770 520 90 28 much,'
879 520 52 24 said
949 520 20 28 I,
991 523 6 9 '
1006 519 66 24 That
1087 519 14 23 I
1118 526 74 17 never

666 553 86 24 intend
764 554 24 23 to
807 560 28 23 go
847 553 25 23 to
884 560 14 16 a
908 551 80 32 picnic
1008 551 72 30 again
1091 559 28 17 as
1136 551 56 30 long

666 593 28 16 as
705 585 14 22 I
729 585 63 24 live.'

699 617 97 30 During
814 617 41 23 the
872 620 60 20 next
950 615 66 25 week
1035 615 94 24 Esther
1143 622 48 17 was

666 649 74 24 taken
759 649 26 23 ill
800 648 60 24 with
877 648 134 24 rheumatic
1021 647 72 28 fever,
1112 646 49 25 and
1171 647 21 24 it

667 689 49 16 was
738 678 101 26 months
858 680 80 24 before
957 680 42 23 she
1018 687 49 16 was
1089 679 55 24 able
1166 680 26 22 to

667 712 64 24 walk
741 712 74 24 about
825 712 72 30 again
907 721 6 20 ;
936 712 20 24 it
966 719 51 16 was
1034 712 31 23 all
1086 710 106 31 through

668 745 43 23 the
728 744 102 30 wetting
849 745 42 22 she
908 746 42 27 got
965 744 53 23 that
1028 743 80 31 night.
1160 742 32 25 So

668 784 48 23 you
734 784 47 20 see,
801 776 61 24 Miss
880 776 86 29 Edith,
987 776 52 24 that
1056 783 50 16 was
1117 783 15 16 a
1143 774 49 25 real

668 809 157 24 unfortunate
836 808 53 31 day,
908 810 43 23 not
962 816 56 23 very
1037 807 111 32 pleasant
1166 809 26 22 to

667 849 47 19 me,
727 841 49 24 and
793 842 42 22 not
847 848 14 16 a
872 840 36 25 bit
919 842 25 23 of
963 840 61 30 good
1035 848 68 16 came
1121 840 26 24 of
1165 839 27 24 it.

701 877 6 10 '
719 873 74 23 What
805 872 30 24 do
846 880 47 23 you
906 880 42 23 say
955 874 12 22 ?
1016 872 46 24 We
1080 872 50 24 had
1150 871 43 25 the

668 904 56 25 wild
735 905 72 31 pig!'
841 905 66 31 Why
917 905 56 24 that
990 905 42 30 pig
1042 912 49 16 was
1110 903 84 31 nearly

668 938 41 23 the
720 939 72 22 worst
803 937 27 23 of
837 937 30 24 it.
910 938 35 23 As
956 937 65 24 John
1032 945 50 15 was
1093 936 101 30 turning

668 969 52 24 him
732 971 42 23 out
785 969 52 25 into
856 969 44 25 the
911 971 39 29 sty
960 969 42 25 the
1021 969 84 25 horrid
1124 968 70 31 thing

668 1002 35 24 bit
725 1002 52 23 him
799 1009 31 17 on
849 1002 43 24 the
912 1002 94 28 thumb,
1023 1002 49 24 and
1090 1002 41 28 oh,
1150 1000 43 25 the

669 1042 53 16 sore
733 1034 70 31 thing
813 1035 29 23 he
853 1034 50 24 had
912 1035 38 23 for
960 1034 79 24 weeks
1049 1034 48 24 and
1107 1033 86 25 weeks.

669 1067 40 23 He
720 1066 107 24 couldn't
844 1067 31 24 do
886 1074 15 16 a
920 1067 37 24 bit
968 1066 27 24 of
1009 1066 65 24 work
1086 1066 33 24 all
1138 1065 56 25 that

669 1098 97 24 harvest
777 1098 63 24 time,
853 1098 50 24 and
912 1099 43 24 the
966 1106 60 16 man
1040 1106 37 16 we
1087 1098 70 24 hired
1167 1098 27 23 in

669 1130 40 24 his
720 1130 68 31 place
799 1130 52 24 told
866 1131 50 23 him
927 1131 55 24 that
993 1130 32 24 he
1044 1130 71 24 could
1126 1129 68 25 stack

669 1176 32 4 —
701 1162 51 23 had
762 1161 68 25 often
840 1162 63 24 done
913 1162 28 29 it,
951 1162 32 23 he
991 1162 60 23 said.
1087 1162 33 25 So
1127 1161 68 24 John

669 1195 95 23 trusted
774 1194 54 24 him
839 1196 26 23 to
877 1195 68 23 stack
957 1202 66 17 some
1034 1195 67 29 grain
1112 1195 37 23 for
1155 1202 38 19 us,

669 1227 44 24 but
724 1227 41 24 the
777 1227 81 24 stacks
868 1235 60 16 were
947 1235 26 17 so
985 1227 70 31 badly
1066 1227 62 24 built
1139 1226 55 25 that

669 1259 72 24 when
752 1267 36 16 we
799 1267 68 16 came
878 1261 25 23 to
914 1260 83 24 thresh
1009 1260 57 30 they
1075 1267 64 17 were
1149 1260 46 23 wet

669 1292 66 30 right
762 1292 116 31 through,
906 1293 49 23 and
981 1292 44 24 the
1046 1292 78 24 wheat
1147 1299 48 16 was

671 1324 98 30 spoiled.

703 1365 6 11 '
720 1361 71 32 Pity,'
809 1360 71 25 Miss-
888 1362 86 28 Edith,
995 1365 6 11 '
1012 1362 59 28 Yes,
1091 1360 87 26 indeed
1186 1368 7 21 ;

670 1393 47 24 and
728 1394 55 23 that
793 1396 87 21 wasn't
897 1394 40 28 all,
949 1395 46 27 for,
1016 1394 62 24 after
1096 1402 36 15 we
1146 1393 49 24 had

670 1425 57 31 kept
739 1426 55 24 that
805 1426 41 30 pig
856 1426 28 23 in
901 1426 41 24 the
960 1428 39 29 sty
1017 1426 49 24 and
1082 1426 41 24 fed
1142 1425 53 24 him

670 1458 55 24 well
736 1459 36 23 for
783 1457 68 25 three
859 1459 107 28 months,
978 1466 34 16 we
1023 1459 85 23 turned
1117 1459 20 23 it
1148 1457 49 25 and

671 1490 46 23 five
735 1491 81 23 others
833 1491 53 24 into
904 1491 41 23 the
966 1491 96 24 stubble
1077 1490 118 31 paddock,

671 1522 49 24 and
731 1522 14 23 I
755 1522 93 24 declare
859 1522 18 24 if
884 1522 21 23 it
915 1522 78 24 didn't
1001 1531 30 22 go
1043 1522 69 24 clean
1120 1530 75 22 away,

670 1555 46 23 and
734 1554 56 25 took
809 1554 42 24 the
870 1554 83 25 others
971 1555 60 24 with
1049 1555 28 28 it,
1095 1555 48 24 and
1160 1562 37 17 we

669 1595 77 19 never.
751 1586 76 25 heard
837 1587 42 24 tell
898 1588 26 23 of
934 1587 68 24 them
1013 1587 81 31 again:
1127 1586 68 29 Now,

670 1621 87 22 wasn't
777 1619 55 24 that
844 1627 15 15 a
877 1619 113 25 tiresome
1002 1620 69 30 thing
1079 1628 6 19 ;
1110 1628 26 16 so
1148 1627 48 23 you

671 1659 39 16 see
721 1651 13 24 I
745 1651 100 24 haven't
863 1652 70 23 much
945 1651 27 25 of
981 1659 14 16 a
1012 1652 72 30 fancy
1095 1651 36 24 for
1147 1651 49 31 pic-

670 1684 59 27 nics,
741 1683 48 25 and
801 1691 30 17 no
842 1684 105 24 wonder.
998 1684 87 24 Thank
1102 1692 46 23 you
1159 1683 38 25 for

670 1715 85 31 asking
776 1724 49 19 me,
846 1715 45 25 but
913 1717 14 22 I
950 1716 108 24 couldn't
1076 1724 30 23 go
1129 1716 66 28 dear,

668 1748 74 31 really
753 1748 14 24 I
785 1748 45 24 feel
841 1748 65 31 quite
923 1750 70 29 upset
1005 1749 47 24 still
1072 1749 126 24 whenever

668 1780 14 24 I
693 1780 70 24 think
771 1780 26 24 of
805 1780 56 25 that
871 1781 86 31 picnic.

1130 1812 34 25 H.

857 1845 62 30 [The
937 1845 74 30 End.]

670 1936 143 26 HAPPY'S
830 1937 70 24 THE
918 1938 138 24 WOOING
1074 1938 123 24 THAT'S

760 1969 66 25 NOT
843 1968 91 26 LONG
954 1970 149 24 A-DOING.

712 2028 114 26 (Specially
836 2030 81 19 written
922 2030 37 24 for
971 2032 5 8 *
984 2030 42 19 The
1036 2028 121 28 Observer.')

851 2081 163 33 (Continued.)

922 2140 52 24 said
1002 2140 48 28 she,
1108 2141 45 23 has
1180 2148 14 16 a

671 2173 98 29 strange
780 2173 82 22 mania
872 2172 36 24 for
926 2173 134 30 borrowing
1070 2173 70 27 tools,
1160 2180 35 20 or,

670 2204 28 23 in
716 2204 56 28 fact,
789 2204 118 31 anything
924 2204 57 28 else,
1002 2205 48 23 and
1068 2212 73 16 never
1159 2213 36 15 re-

670 2236 116 25 members
797 2235 62 26 from
869 2237 80 24 whom
969 2237 30 24 he
1011 2237 45 24 has
1067 2237 129 28 borrowed,

670 2268 49 24 and
729 2268 22 25 is
762 2268 131 32 extremely
909 2268 88 25 careful
1007 2271 46 22 not
1063 2271 24 22 to
1099 2270 54 30 give
1164 2277 33 23 up

669 2308 15 16 a
694 2300 124 25 borrowed
828 2310 20 14 ai
855 2301 57 25 tide
922 2303 25 23 to
959 2301 42 25 the
1013 2310 82 22 wrong
1105 2309 86 17 owner.

671 2333 32 24 So
720 2341 47 23 you
785 2341 38 16 see
840 2334 31 30 by
890 2333 50 24 this
954 2334 63 24 little
1029 2334 121 24 weakness
1162 2333 32 24 he

669 2365 46 25 has
726 2366 97 24 become
833 2367 126 29 possessed
974 2367 25 23 of
1011 2375 26 15 as
1049 2375 72 22 many
1133 2366 61 25 tools

668 2398 47 23 and
726 2397 156 31 implements
902 2406 26 16 as
942 2398 78 24 would
1037 2399 88 30 justify
1142 2398 54 23 him

668 2429 26 24 in
706 2430 107 30 opening
830 2439 14 14 a
863 2430 167 25 second-hand
1049 2430 51 25 tool
1119 2438 78 18 ware-

668 2461 77 26 house
763 2470 27 17 or
1098 2472 27 16 as
1143 2463 20 24 it
1173 2463 21 25 is

773 2495 48 23 and
831 2502 33 17 no
884 2495 75 24 doubt
969 2496 50 23 will
1034 2496 30 23 do
1083 2503 26 16 so
1128 2496 22 23 if
1158 2495 32 24 he

668 2533 45 16 can
741 2526 58 31 only
825 2526 92 24 borrow
947 2535 15 16 a
988 2526 112 32 building
1126 2527 66 30 large

670 2558 104 30 enough.
809 2558 105 29 Mother,
926 2560 48 27 too,
994 2559 43 24 she
1047 2559 61 24 likes
1119 2567 75 21 roses,

672 2590 96 28 shrubs,
788 2590 103 28 flowers,
912 2592 48 23 and
975 2591 128 28 such-like,
1115 2590 81 25 whioh

670 2622 42 24 she
735 2622 57 24 sells
799 2635 5 7 «
814 2623 26 23 to
862 2623 109 32 anybody
989 2623 102 31 starting
1109 2632 13 16 a
1141 2630 55 18 new

700 2686 90 31 Acting
811 2694 32 16 on
865 2687 42 24 the
927 2688 63 27 hint,
1011 2688 13 23 I
1043 2688 114 30 procured,
1179 2695 15 17 a

666 2718 166 24 second-hand
859 2719 72 31 spade
959 2719 48 24 and
1028 2728 16 15 a
1065 2720 126 30 blooming

665 2750 104 31 cabbage
780 2758 62 20 rose,
861 2751 49 24 and
920 2752 72 24 made
1003 2752 37 24 for
1057 2752 133 24 Priscilla's

670 2783 115 31 dwelling
792 2790 43 17 one
844 2787 126 22 summer's
974 2785 111 31 evening.
1101 2785 94 31 Taking

668 2822 15 17 a
694 2815 69 24 short
774 2817 40 22 cut
826 2816 105 30 through
947 2816 42 24 the
1000 2817 117 30 paddock,
1129 2818 14 23 I
1154 2825 37 16 ar-

667 2847 66 24 rived
745 2849 25 22 at
781 2855 15 17 a
807 2856 46 22 gap
865 2848 26 24 in
909 2848 43 25 the
963 2849 43 23 tall
1018 2857 69 22 gorse
1105 2849 86 31 hedge,

668 2879 77 24 where
767 2880 13 23 I
799 2888 48 15 saw
865 2888 42 23 my
925 2881 112 24 charmer
1054 2882 25 23 in
1098 2882 33 23 all
1152 2882 42 23 her

666 2912 97 24 maiden
773 2912 89 31 beauty
872 2921 6 21 ;
904 2912 44 24 her
959 2912 88 25 sleeves
1065 2914 74 24 rolled
1157 2922 33 23 up

666 2945 27 22 to
704 2943 42 24 the
764 2943 95 28 elbows,
872 2945 117 31 exposing
999 2945 43 24 the
1060 2945 89 32 beauty
1166 2946 28 24 of

667 2975 44 24 her
731 2976 138 24 nut-brown
896 2977 49 24 and
972 2978 124 24 muscular
1117 2985 75 18 arms.

666 3008 53 24 The
731 3009 148 26 extremities
896 3009 27 24 of
939 3009 44 25 her
1002 3009 125 32 charming
1144 3011 48 23 and

666 3040 156 31 stockingless
833 3041 72 24 limbs
915 3049 61 16 were
988 3043 135 23 ensconced
1134 3043 25 23 in
1178 3051 14 17 a

667 3072 53 31 pair
741 3073 27 24 of
786 3072 100 24 hobnail
907 3073 78 29 boots,
1009 3082 14 16 a
1040 3077 98 28 present
1159 3083 33 17 no

668 3105 74 25 doubt
764 3105 61 23 from
847 3105 44 24 her
917 3106 78 24 father
995 3121 32 3 —
1028 3114 14 16 a
1063 3107 54 31 pair
1138 3106 56 26 that

667 3137 106 31 pinched
784 3137 37 24 his
833 3138 154 26 corns—and
1004 3138 26 24 in
1048 3139 45 24 her
1111 3140 80 25 hands

669 3170 44 24 she
724 3170 56 24 bore
791 3172 45 21 two
847 3170 61 30 pails
919 3171 27 24 of
963 3171 67 28 swill,
1043 3172 48 24 and
1102 3180 31 16 on
1150 3173 44 23 her

668 3202 78 32 lovely
768 3203 132 24 unwashed
921 3203 53 24 face
995 3203 69 25 there
1086 3204 73 26 dwelt
1178 3213 16 17 a

671 3235 70 25 smile
741 3250 33 4 —
774 3235 142 27 benevolent
938 3235 68 28 born,
1018 3236 26 25 of
1052 3236 43 25 the
1106 3237 86 25 innate

666 3268 90 24 virtues
767 3267 26 24 of
801 3267 45 24 her
863 3276 43 15 sex
906 3282 32 4 —
939 3268 123 24 conscious
1079 3269 56 24 that
1150 3269 44 27 she

669 3307 50 18 was
749 3300 73 24 about
846 3300 32 28 (to
906 3300 87 24 relieve
1015 3300 43 26 the
1084 3302 111 31 pressing

667 3333 78 23 wants
756 3332 24 24 of
792 3333 47 24 two
851 3332 85 31 sturdy
948 3331 105 32 porkers,
1065 3333 54 25 who
1131 3342 62 16 were

667 3364 124 31 squealing
811 3364 84 31 loudly
915 3364 28 25 in
965 3371 15 19 a
1002 3366 39 28 sty
1067 3365 60 26 hard
1153 3366 39 30 by.

667 3397 106 31 Peeping
783 3396 106 31 through
901 3397 41 25 the
960 3404 53 24 gap,
1026 3396 14 24 I
1050 3404 49 17 was
1119 3399 72 23 about

665 3430 26 23 to
703 3430 64 23 utter
804 3429 116 28 Priscilla,
933 3437 41 21 my
984 3429 60 28 love,
1056 3436 43 24 my
1109 3429 41 25 life
1160 3437 5 21 ;

666 3462 70 24 when
746 3462 44 25 the
807 3462 41 24 old
859 3462 139 29 gentleman
1018 3462 90 29 caught
1128 3463 65 30 Bight

666 3493 27 25 of
713 3502 45 20 me,
782 3493 55 28 and,
860 3493 92 31 having
973 3492 74 32 lately
1064 3493 47 26 lost
1127 3502 64 17 some

666 3526 77 29 fowls,
766 3526 38 25 his
828 3526 136 31 suspicions
986 3533 61 16 were
1069 3527 102 24 aroused
1179 3534 11 22 ■;

665 3559 97 33 quickly
772 3559 32 25 he
815 3567 60 22 gave
886 3567 15 15 a
913 3557 70 27 shrill
1000 3557 104 29 whistle,
1117 3559 47 23 and
1176 3567 14 17 a

666 3591 67 31 surly
755 3591 68 24 collie
851 3591 116 30 appeared
989 3597 31 18 on
1041 3589 41 24 the
1108 3598 80 22 soene,

694 3624 61 24 Sowl
767 3623 62 27 him,
945 3622 52 24 said
1007 3621 42 25 the
1060 3621 40 25 old
1116 3623 73 28 fiend,

665 3655 55 28 and,
734 3655 71 30 quick
817 3662 27 16 as
856 3655 111 29 thought,
987 3653 42 24 the
1042 3655 50 24 seat
1103 3655 28 25 of
1147 3663 42 23 my

665 3689 74 28 pants
749 3686 84 33 parted
844 3693 120 24 company
981 3684 61 27 with
1053 3693 39 23 my
1108 3687 84 31 manly

665 3719 71 26 form.
771 3719 88 25 Across
879 3718 43 26 the
939 3717 108 34 paddock
1067 3718 27 26 in
1108 3719 82 32 racing

666 3751 63 26 form
741 3759 36 19 we
788 3751 58 33 sped
863 3750 65 27 until
945 3757 35 20 we
997 3756 63 21 were
1075 3751 116 34 suddenly

1278 168 154 24 interviewed
1439 169 32 31 by
1482 178 32 15 an
1522 170 98 23 ancient
1631 178 50 16 cow
1687 171 56 24 who
1752 171 52 22 had

1279 199 50 28 iust
1340 199 99 26 become
1450 209 15 16 a
1475 201 102 24 mother.
1623 202 73 31 Typo,
1708 203 43 23 the
1762 211 42 22 ag-

1277 239 99 22 gressor,
1389 233 47 23 had
1448 241 54 17 now
1519 235 26 23 to
1564 242 55 23 pass
1637 235 38 23 his
1693 234 64 24 hand
1776 237 26 21 to

1277 264 43 25 the
1332 272 50 17 cow
1394 265 47 24 and
1453 268 40 21 act
1512 266 136 31 vigorously
1660 275 31 15 on
1702 268 41 23 the
1762 266 40 24 de-

1277 296 99 29 fensive,
1389 298 57 27 and,
1458 298 95 30 fearing
1563 298 21 24 if
1600 299 13 23 I
1625 299 84 30 stayed
1719 301 24 22 to
1762 306 39 16 see

1278 329 43 24 the
1332 336 70 23 game
1413 329 87 31 played
1510 331 51 27 out,
1574 331 13 22 I
1598 331 78 30 might
1687 331 28 24 be
1727 331 76 24 called

1279 368 66 23 upon
1364 362 25 22 to
1407 361 56 24 take
1480 362 43 23 the
1540 362 97 29 winner,
1657 362 15 24 I
1691 363 67 23 made
1771 362 34 24 off

1279 393 103 23 towards
1404 393 64 24 Host
1488 393 116 31 Hodges'.
1656 395 146 28 Breathless,

1279 425 136 27 mutilated,
1427 426 94 30 ragged,
1542 426 59 23 livid
1611 427 58 24 with
1681 435 55 22 rage
1757 426 47 24 and

1279 458 64 29 pain,
1356 457 13 23 I
1378 456 89 25 rushed
1473 458 52 23 into
1532 458 105 31 Hodges'
1645 459 51 24 bar.
1723 458 82 24 Frank

1278 488 58 24 held
1347 496 33 23 up
1392 489 39 24 his
1442 489 79 24 hands
1534 491 48 22 and
1594 491 69 26 cried,
1712 491 89 30 Angels

1279 521 47 23 and
1338 521 118 24 ministers
1465 522 26 23 of
1500 530 69 21 grace
1580 522 87 24 defend
1679 531 26 15 us
1717 524 5 22 !
1741 522 63 24 shall

1280 552 13 24 I
1304 560 45 16 run
1360 552 37 24 for
1407 552 35 24 Dr

1404 585 56 24 dear
1477 585 91 28 Frank,
1588 594 28 16 as
1633 595 48 22 you
1698 586 55 24 love
1764 593 40 16 me

1279 624 55 23 pass
1357 617 69 23 down
1448 618 43 24 the
1517 618 109 30 whisky;
1660 627 29 15 no
1716 619 91 23 matter

1279 649 65 23 what
1355 648 84 29 brand,
1451 649 73 31 quick
1539 650 99 28 uncork,
1658 651 33 24 let
1707 650 21 24 it
1745 658 62 22 pour

1279 682 43 23 not
1333 680 85 25 trickle
1429 681 52 24 into
1493 682 42 23 the
1547 682 88 30 crystal
1648 682 73 31 glajs,
1733 682 36 23 fill
1780 683 26 22 to

1279 714 42 22 the
1332 712 72 29 brim,
1416 713 21 24 if
1453 714 21 24 it
1484 713 118 25 o'erflows
1613 714 68 25 what
1697 717 88 21 matter
1797 722 7 21 ;

1281 745 33 24 let
1326 745 41 24 the
1378 753 117 23 generous
1510 746 63 31 liqor
1583 746 93 32 ming-le
1687 746 58 24 with
1764 753 42 24 my

1281 776 71 26 blood
1372 778 48 24 and
1437 779 52 24 still
1507 778 50 25 this
1577 779 129 32 throbbing
1727 778 79 29 heart,

1280 809 74 31 patch
1369 818 40 24 my
1426 812 89 30 ragged
1530 813 72 29 pants
1615 821 5 21 ;
1644 812 45 24 but
1699 820 40 20 no,
1752 811 54 24 that

1280 842 21 24 is
1313 844 41 22 not
1371 844 110 29 possible.
1532 844 108 24 Another
1657 844 74 31 glass,
1749 844 58 23 dear

1282 873 82 25 Frank
1388 875 72 30 (brim
1481 875 66 29 full),
1569 878 48 22 and
1639 877 40 23 I'll
1695 884 66 22 away
1778 877 26 23 to

1282 906 82 25 Tailor
1381 907 84 29 Jones,
1486 908 49 24 and
1554 908 43 24 ask
1615 908 54 25 him
1691 908 71 32 quick
1781 910 25 23 to

1282 939 80 24 clothe
1373 939 69 25 these
1454 940 90 30 aching
1554 940 83 24 bones.
1688 940 38 24 Oh
1741 940 64 23 Pris-

1282 971 66 31 cilla;!
1361 971 196 32 willinglywould
1564 973 12 23 I
1583 973 60 24 have
1648 973 111 24 forfeited
1767 973 39 27 all,

1282 1011 59 17 even
1368 1004 41 24 life
1436 1004 72 28 itself,
1536 1005 39 23 for
1601 1006 62 28 thee,
1691 1004 45 24 but
1762 1013 43 22 my

1282 1036 127 31 charming
1426 1037 103 30 Kaiapoi
1548 1037 56 29 suit,
1625 1040 26 21 at
1665 1038 38 23 £2
1715 1039 35 26 ss,
1764 1037 40 24 'tis

1282 1070 40 23 too
1343 1068 72 24 much
1425 1076 7 21 ;
1458 1069 44 24 but
1520 1077 41 20 no,
1580 1070 12 23 I
1602 1070 49 23 will
1667 1071 43 22 not
1721 1069 30 24 be
1762 1077 46 16 un-

1282 1100 103 31 grateful
1385 1115 33 4 —
1418 1101 56 23 that
1484 1102 57 23 dear
1552 1101 40 25 old
1603 1109 57 21 cow,
1672 1101 56 25 who
1738 1109 70 16 came

1283 1141 27 15 so
1321 1133 143 30 generously
1474 1134 26 23 to
1512 1141 39 23 my
1562 1134 48 28 aid,
1622 1134 22 23 if
1652 1133 55 31 gold
1719 1141 47 16 can
1776 1133 32 24 do

1282 1164 74 31 aught
1379 1165 41 23 she
1441 1165 63 24 shall
1525 1165 30 24 be
1572 1166 76 29 mine,
1669 1165 48 25 and
1735 1165 73 25 when

1281 1205 69 23 years
1361 1197 62 24 have
1439 1198 86 30 passed
1543 1206 75 23 away,
1637 1199 42 23 her
1693 1206 115 23 presence

1283 1229 80 32 (when
1374 1230 100 31 grazing
1484 1230 79 24 round
1582 1239 44 15 our
1635 1230 110 32 peaceful
1756 1230 50 32 cot)

1284 1261 61 26 shall
1357 1263 96 24 remind
1471 1271 30 17 us
1521 1264 26 24 of
1562 1264 42 24 the
1622 1264 110 31 pleasant
1749 1263 60 31 days

1283 1294 27 24 of
1318 1302 43 16 our

1388 1359 3 3 .
1425 1339 43 30 (To
1480 1340 26 22 be
1517 1340 146 31 continued.)

1305 1413 285 30 MOTHERS'
1624 1413 158 30 PAGE.

1310 1479 112 20 EDITED
1437 1479 41 20 BY
1495 1479 167 20 "MOTHERS'

1311 1533 50 19 The
1366 1531 64 26 Lady
1439 1531 79 20 Editor
1525 1531 74 20 would
1613 1531 45 21 like
1664 1531 24 21 to
1696 1531 29 20 be
1737 1537 14 14 a
1755 1531 54 26 help

1284 1559 25 20 to
1321 1558 40 21 the
1373 1558 98 20 mothers
1483 1557 45 21 and
1542 1557 122 26 daughters
1679 1557 24 21 of
1716 1557 40 21 the
1766 1557 44 21 dis-

1284 1585 60 24 trict,
1355 1585 43 20 but
1410 1591 61 14 more
1483 1583 118 28 especially
1610 1585 24 20 to
1649 1585 40 20 the
1704 1584 104 24 mothers,

1284 1612 46 20 and
1338 1611 146 20 invitesthem
1488 1612 24 20 to
1518 1611 64 20 write
1586 1612 24 19 to
1615 1611 41 20 her
1658 1611 36 20 for
1699 1611 111 26 anything

1284 1639 55 25 they
1348 1644 51 19 may
1408 1638 56 20 wish
1471 1638 24 20 to
1502 1637 71 20 know.
1602 1637 44 21 She
1651 1638 46 20 will
1700 1637 110 20 endeavor

1284 1665 25 20 to
1324 1665 52 26 give
1389 1665 62 19 them
1469 1664 39 20 the
1525 1663 52 21 best
1594 1670 96 14 answers
1709 1665 24 19 to
1750 1664 60 20 their

1285 1691 119 26 questions,
1416 1691 51 24 and,
1478 1691 24 19 in
1511 1691 83 22 return,
1606 1691 73 20 would
1686 1691 30 20 be
1724 1690 54 26 glad
1786 1691 24 19 to

1285 1718 86 20 receive
1387 1724 45 18 any
1446 1717 146 25 suggestions,
1610 1717 57 25 good
1679 1717 84 25 recipes
1775 1717 35 20 for

1285 1745 99 24 cookery,
1405 1743 144 24 needlework,
1570 1750 25 13 or
1613 1743 122 24 otherwise,
1758 1744 52 20 that

1284 1771 56 26 they
1352 1771 66 19 think
1427 1771 47 19 will
1488 1771 28 19 be
1529 1770 75 20 useful
1613 1771 25 19 to
1652 1770 60 20 their
1725 1769 84 21 friends

1257 1797 3 7 '
1285 1798 46 20 and
1347 1797 127 26 neighbors.
1502 1797 38 19 All
1553 1797 185 26 conespondence
1745 1797 25 19 to
1782 1797 27 20 be

1285 1824 120 20 addressed
1411 1825 25 19 to
1446 1825 5 8 '
1456 1825 5 9 '
1467 1823 107 21 Mother's
1583 1823 67 26 Help,
1669 1825 5 9 '
1679 1823 121 21 Observer
1804 1823 5 9 '

1286 1851 71 23 Office,
1369 1850 56 20 East

1391 1908 150 21 DOMESTIC
1556 1908 143 21 ECONOMY.

1317 1947 35 24 To
1375 1947 107 24 Remove
1501 1945 167 31 Disagreeable
1691 1945 85 24 Odors.
1778 1959 32 4 —

1285 1979 72 25 Place
1369 1987 14 15 a
1393 1979 45 23 few
1449 1986 87 17 ounces
1548 1978 24 24 of
1583 1978 79 24 whole
1673 1978 74 24 coffee
1757 1978 27 23 in
1796 1986 15 16 a

1285 2013 178 24 coffee-roaster
1471 2020 27 16 or
1506 2011 53 25 iron
1567 2019 58 22 pan,
1634 2019 56 17 over
1698 2011 42 24 the
1748 2010 44 25 fire
1804 2020 5 20 ;

1285 2044 57 27 and,
1353 2044 74 24 while
1438 2044 42 24 the
1498 2044 78 23 fumes
1587 2051 41 16 are
1638 2043 85 30 rising,

1284 2077 21 23 it
1316 2077 73 23 about
1400 2076 43 24 the
1454 2083 69 17 room
1535 2083 27 15 or
1580 2084 100 21 passage
1691 2075 27 23 in
1729 2075 80 24 which

1284 2109 43 24 the
1338 2108 160 31 disagreeable
1515 2108 58 24 odor
1591 2108 110 30 prevails.
1752 2107 59 25 This

1285 2142 47 22 will
1343 2140 210 30 instantaneously
1564 2142 48 21 and
1624 2140 138 30 effectually
1772 2148 37 16 re-

1284 2181 72 16 move
1377 2173 28 28 it,
1428 2173 115 30 provided
1562 2172 43 24 the
1626 2180 72 16 cause
1717 2171 53 25 also
1788 2173 22 23 is

1285 2205 117 24 removed.
1437 2204 99 25 Pastille
1546 2211 75 23 paper
1631 2204 20 24 is
1661 2212 56 16 now
1729 2204 57 28 sold,
1796 2213 14 14 a

1285 2237 73 25 small
1377 2237 67 30 piece
1464 2237 25 23 of
1510 2236 87 28 which,
1616 2238 37 22 set
1670 2236 80 31 alight
1760 2236 50 24 and

1285 2269 98 25 allowed
1393 2271 26 22 to
1428 2269 122 24 smoulder
1560 2269 51 24 will
1618 2269 63 24 have
1692 2269 43 24 the
1746 2276 64 17 same

1285 2302 78 24 effect.

1318 2335 33 23 To
1363 2342 96 16 remove
1466 2333 94 25 Insects
1568 2333 61 24 from
1638 2333 72 24 Beds.
1711 2347 33 3 —
1745 2333 65 24 Once

1285 2375 15 16 a
1315 2375 57 22 year
1391 2375 72 22 every
1481 2366 116 24 bedstead
1614 2366 27 23 in
1660 2366 42 24 the
1723 2365 86 28 house,

1284 2399 111 24 whether
1404 2399 69 24 wood
1483 2406 27 16 or
1520 2397 63 28 iron,
1595 2397 89 25 should
1694 2396 30 25 be
1734 2397 75 24 taken

1284 2432 26 24 to
1320 2431 87 32 pieces,
1424 2430 49 25 and
1483 2430 43 25 the
1541 2430 77 31 joints
1636 2429 98 25 washed
1750 2429 58 24 with

1281 2463 94 31 boiling
1385 2465 74 23 water
1470 2463 48 24 and
1531 2462 90 32 lyellow
1633 2470 57 23 soap
1692 2476 30 4 —
1722 2462 84 31 plenty

1283 2497 27 23 of
1318 2496 68 24 both.
1437 2496 25 23 If
1479 2495 51 24 this
1548 2495 57 23 does
1616 2497 44 22 not
1674 2495 81 22 insure
1765 2494 44 23 the

1283 2528 101 24 absence
1396 2527 27 24 of
1430 2527 97 27 insects,
1541 2534 70 22 every
1629 2525 91 25 morsel
1731 2525 27 24 of
1766 2525 41 24 the

1282 2560 46 24 bed
1356 2561 66 23 must
1451 2559 30 25 be
1503 2558 99 26 washed
1622 2558 61 26 with
1710 2557 101 32 paraffin

1282 2592 42 26 oil.

1390 2651 61 19 THE
1470 2651 223 19 HOUSEKEEPER.

1315 2688 83 28 Queen
1409 2687 85 25 Cakes.
1496 2702 32 3 —
1530 2688 52 23 One
1601 2688 83 29 pound
1696 2687 27 24 of
1736 2687 71 28 flour,

1282 2719 147 32 half-pound
1441 2728 80 23 sugar,
1533 2719 146 32 half-pound
1690 2721 117 26 currants,

1282 2752 143 30 half-pound
1436 2752 81 24 butter
1533 2752 97 24 worked
1647 2754 26 23 to
1691 2759 15 18 a
1721 2760 88 20 cream,

1281 2785 128 30 teaspoonf
1410 2784 24 24 ul
1454 2784 27 25 of
1498 2784 128 25 carbonate
1644 2785 26 24 of
1687 2784 65 29 soda,
1764 2784 45 25 few

1282 2818 71 30 drops
1376 2825 95 16 essence
1494 2817 27 24 of
1539 2817 91 28 lemon,
1654 2825 27 16 or
1703 2817 104 26 almond.

1282 2850 68 23 Bake
1360 2849 28 23 in
1400 2849 72 23 small
1483 2850 51 23 tins
1544 2849 27 23 in
1583 2857 15 15 a
1609 2849 73 29 quick
1692 2857 72 16 oven.

1313 2882 69 31 Drop
1411 2881 83 24 Cakes.
1506 2886 5 14 :
1511 2895 29 4 —
1550 2881 151 31 Half-pound
1728 2889 80 23 sugar,

1281 2914 55 24 half
1336 2914 92 30 -pound
1434 2913 89 28 butter,
1532 2914 64 23 three
1606 2921 67 23 eggs,
1682 2911 127 33 teaspodn-

1281 2946 35 23 ful
1330 2945 103 31 brandy,
1446 2946 95 30 enough
1553 2945 63 24 flour
1627 2947 26 23 to
1664 2945 72 24 make
1748 2946 58 25 stiff,

1281 2978 72 24 make
1374 2979 40 23 the
1436 2978 105 24 mixture
1563 2978 51 24 into
1642 2978 78 26 small:
1737 2978 71 25 cakes

1282 3010 75 24 about
1367 3010 44 24 the
1423 3011 48 23 size
1483 3010 26 24 of
1518 3018 15 16 a
1543 3010 98 29 walnut,
1654 3010 48 24 and
1713 3008 61 27 bake
1784 3011 25 26 in

1281 3051 15 16 a
1307 3042 71 31 quick
1389 3050 61 17 oven
1461 3044 26 23 to
1495 3051 15 16 a
1521 3042 62 31 light
1593 3042 92 27 brown,

1280 3102 81 25 What
1384 3107 17 18 a
1420 3102 108 25 Certain
1550 3102 67 24 Poet
1637 3110 56 16 says
1711 3110 31 16 on
1761 3111 48 16 the

1330 3134 84 24 Great
1426 3135 108 24 Subject
1546 3142 29 15 of
1589 3135 170 26 Gastronomy,

1362 3183 58 23 may
1431 3176 47 24 live
1494 3175 105 27 without
1609 3178 93 31 poetry,
1720 3178 88 30 music,

1345 3208 49 26 and
1404 3208 69 25 heart
1486 3216 6 20 ;

1280 3241 45 25 We
1335 3248 58 24 may
1403 3241 48 26 live
1469 3241 105 25 without
1594 3242 147 29 conscience,
1760 3244 49 24 and

1346 3273 46 24 livfi
1404 3274 103 24 without
1518 3273 70 25 heart
1596 3281 6 21 ;

1282 3305 46 25 We
1339 3313 57 23 may
1407 3305 48 25 live
1466 3305 103 25 without
1580 3305 90 25 friends
1678 3314 7 21 ;
1703 3314 36 17 we
1751 3315 58 25 may

1346 3337 49 24 live
1406 3338 102 26 without
1518 3338 75 24 books
1602 3346 6 23 ;

1282 3369 51 27 But
1344 3369 111 26 civilized
1464 3378 60 18 men
1542 3372 89 24 cannot
1641 3371 48 25 live
1704 3371 105 28 without

1346 3401 81 26 cooks,

1283 3434 38 26 He
1332 3442 56 23 may
1407 3434 47 25 live
1472 3433 103 27 without
1593 3435 177 28 bobks-^What
1788 3437 21 26 is

1346 3466 141 32 knowledge
1494 3467 46 25 but
1550 3468 111 30 grieving
1669 3470 11 23 ?

1282 3498 41 25 He
1339 3506 56 24 may
1416 3498 48 26 live
1481 3499 105 25 without
1604 3498 83 33 hope—
1687 3500 80 26 -what
1788 3502 21 25 is

1346 3530 64 33 hope
1420 3531 44 25 but
1476 3531 124 32 deceiving
1607 3533 52 23 ?■•-.-

1281 3564 41 25 He
1340 3571 58 23 may
1417 3564 48 26 live
1486 3564 105 25 without
1612 3565 88 25 love—
1700 3566 67 26 what
1789 3568 20 24 is

1344 3596 100 30 passion
1455 3597 42 25 but
1505 3596 88 32 pining
1601 3598 13 25 ?

1280 3627 50 26 But
1347 3629 79 23 where
1445 3629 22 25 is
1485 3630 41 23 the
1544 3637 61 18 man
1622 3630 57 25 that
1696 3637 48 19 can
1760 3631 49 27 live

1345 3660 103 26 without
1460 3661 83 29 dining

1435 3719 217 23 NEEDLEWORK.

1316 3756 104 26 Knitted
1434 3756 156 27 Pattern-for
1611 3756 104 27 Shawls,
1734 3758 75 25 &o,—

1895 169 77 24 Allow
1990 170 39 23 six
2051 169 102 25 stitches
2174 170 37 24 for
2232 169 60 26 each
2313 172 109 30 pattern.

1896 201 67 24 First
1974 209 48 17 row
2022 216 33 4 —
2055 202 60 24 Purl
2127 202 75 29 three,
2222 202 72 25 make
2305 210 54 20 one,
2372 205 49 21 two

1893 234 118 30 together,
2025 234 55 23 knit
2090 242 52 17 one.
2151 237 6 6 *
2178 235 93 24 Second
2281 242 50 17 row
2331 249 30 3 —
2365 232 60 25 Purl

1893 266 76 28 three,
1986 266 54 24 knit
2060 266 74 24 three.
2186 266 74 25 Third
2283 275 47 16 row
2330 282 31 3 —
2364 265 61 25 Purl

1893 298 73 28 three,
1980 298 54 25 knit
2043 307 54 20 one,
2106 299 72 24 make
2187 308 54 19 one,
2251 301 46 22 two
2307 299 116 31 together.

1895 330 94 24 Fourth
2011 339 49 16 row
2060 345 33 4 —
2093 331 59 23 Purl
2173 331 75 27 three,
2269 331 56 24 knit
2344 331 78 24 three.

1895 362 92 29 Eepeat
1997 366 62 21 from
2071 362 54 24 first
2136 370 56 17 row.

1926 394 101 24 Pattern
2037 395 38 24 for
2083 395 200 24 Antimacassars.
2284 409 33 3 —
2318 394 61 24 Cast
2387 402 33 16 on

1895 426 94 24 sixteen
1996 427 108 27 stitches,
2110 427 48 23 and
2169 427 55 23 four
2234 428 69 22 extra
2314 426 38 23 for
2362 426 59 30 edge

1895 457 106 30 stitches,
2010 457 80 25 which
2096 458 87 24 should
2191 452 90 37 always
2287 459 8 21 I
2302 466 14 16 e
2325 457 96 25 knitted

1894 490 74 30 plain.
2002 491 67 24 First
2079 499 49 16 row
2129 505 32 3 —
2161 490 60 25 Purl
2227 490 61 28 four;
2300 490 66 27 wool,
2373 490 48 24 for-

1894 523 74 22 wards
1978 523 47 23 and
2033 523 54 23 knit
2095 524 48 22 two
2151 523 111 30 together
2272 522 56 24 four
2338 523 83 27 tunes,

1894 553 55 30 purl
1959 554 61 24 four.
2067 554 93 25 Second
2180 563 49 16 row
2233 569 29 4 —
2263 554 60 25 Knit
2345 554 76 31 plain.

1895 586 73 24 Third
1975 595 50 16 row
2025 601 32 4 —
2057 587 66 24 Purl.
2157 587 93 24 Fourth
2257 594 50 18 row
2307 600 33 5 —
2340 586 80 25 Plain.

1894 618 93 30 Kepeat
1997 619 63 24 from
2071 619 54 24 first
2137 627 55 16 row.
2210 640 2 3 .
2316 641 2 4 ;

2084 677 144 20 EXTRACTS.

2091 722 14 15 a
2126 720 95 17 woman
2243 711 31 26 be
2294 712 126 30 beautiful,

1894 744 85 29 clever,
1991 745 103 28 learned,
2111 745 87 31 gentle,
2211 745 99 28 refined,
2331 753 27 16 or
2376 746 43 23 the

1894 778 109 30 opposite
2022 778 28 25 of
2058 777 34 25 all
2110 778 77 27 these;
2201 779 42 24 she
2260 780 89 23 cannot
2365 779 28 23 be
2404 786 16 17 a

1893 810 91 30 perfect
2006 818 103 20 woman,
2133 811 60 24 such
2212 819 28 16 as
2257 811 41 24 she
2317 818 48 17 was
2384 811 36 24 in-

1893 843 90 23 tended
2001 844 26 23 to
2038 843 38 28 be,
2097 851 43 16 nor
2151 851 45 16 can
2216 843 44 24 she
2276 843 144 32 adequately

1893 875 37 23 fill
1952 875 44 24 her
2016 875 66 30 place
2101 875 27 24 in
2147 875 42 24 the
2208 874 73 25 world
2298 876 21 23 if
2336 876 44 23 she
2396 876 23 24 is

1894 907 103 25 without
2008 908 43 24 the
2069 907 44 31 gift
2124 907 27 25 of
2158 908 74 31 piety,
2250 916 14 16 a
2275 908 45 31 gift
2338 908 81 24 which

1895 939 102 25 elevates
2013 940 43 24 the
2067 936 132 33 humblest,
2218 940 49 24 and
2277 942 41 30 yet
2328 941 92 24 invests

1895 971 42 24 the
1947 972 114 30 proudest
2080 972 61 25 with
2151 972 120 32 humility.
2314 991 56 9 ...

1895 1004 39 24 On
1945 1004 42 24 the
1999 1005 70 24 other
2079 1004 74 29 hand,
2173 1005 21 24 it
2204 1006 20 23 is
2235 1005 138 32 impossible
2391 1007 27 24 to

1895 1038 37 29 try
1943 1042 25 19 to
1980 1037 79 31 depict
2077 1045 94 16 woman
2182 1045 27 17 as
2221 1038 42 24 she
2283 1038 90 25 should
2388 1038 31 25 be

1894 1069 102 24 without
2006 1070 115 30 referring
2131 1070 38 24 for
2179 1078 15 16 a
2204 1073 110 21 moment
2325 1072 26 23 to
2361 1071 56 23 that

1896 1101 151 30 'intelligent
2065 1102 197 30 comprehension
2281 1103 45 23 and
2349 1110 69 17 cour-

1894 1141 88 22 ageous
1994 1133 122 31 discharge
2126 1134 26 23 of
2169 1142 69 22 every
2250 1134 75 30 duty,'
2336 1134 80 24 which

1894 1164 22 25 is
1927 1165 87 31 taught
2025 1165 30 32 by
2066 1165 30 31 pi-
2105 1167 26 30 ty
2142 1165 49 25 and
2201 1166 65 31 piety
2276 1166 95 27 alone.*'

1954 1207 54 25 Life
2026 1208 22 24 is
2065 1216 54 21 one,
2135 1209 49 24 and
2203 1209 27 24 in
2248 1208 34 25 its
2291 1217 67 24 warp
2369 1209 49 25 and

1991 1241 62 24 worf

1927 1273 77 25 There
2023 1281 60 17 runs
2105 1282 15 16 a
2140 1273 85 25 thread
2247 1273 27 25 of
2289 1274 56 31 gold
2363 1275 56 24 that

1992 1306 93 30 glitters
2096 1306 51 28 fair,

1927 1338 57 24 And
1994 1338 140 24 sometimes
2145 1339 25 23 in
2182 1339 42 25 the
2229 1341 98 29 pattern
2338 1339 83 25 shows

1991 1372 66 23 most
2069 1372 73 23 sweet

1927 1402 89 25 Where
2027 1403 69 24 there
2107 1411 42 17 are
2163 1404 96 24 sombre
2270 1404 83 24 colors.

2235 1436 24 25 It
2265 1437 26 24 ds
2302 1439 54 22 true

1928 1467 64 24 That
2002 1475 36 17 we
2049 1468 63 24 have
2122 1470 70 29 wept;
2225 1469 51 24 But
2289 1469 33 24 oh
2336 1471 6 22 !
2359 1469 64 25 This

1991 1499 86 25 thread
2088 1500 28 24 of
2123 1500 64 31 gold,

1928 1531 45 25 We
1983 1532 81 24 would
2074 1534 43 21 not
2131 1532 63 25 have
2204 1533 21 24 it

2160 1583 3 17 :
2170 1590 33 3 —
2204 1577 63 25 Jean
2277 1576 112 32 Ingelow.

2002 1648 22 24 A
2042 1648 161 24 GHASTLY
2220 1648 92 25 JOKE.

1930 1706 52 23 The
1993 1706 152 25 inhabitants
2156 1707 27 24 of
2203 1707 90 24 Zurich
2314 1706 109 25 received

1897 1738 67 30 quite
1981 1747 14 15 a
2008 1738 77 24 shock
2095 1747 32 15 on
2138 1739 97 31 waking
2245 1747 45 17 one
2300 1739 126 30 mornings,

1898 1771 24 23 It
1934 1778 101 23 appears
2046 1771 54 24 that
2109 1772 106 30 recently
2225 1771 68 25 there
2304 1769 46 26 has
2360 1771 64 24 been

1898 1803 92 24 erected
2001 1803 25 23 in
2038 1811 15 16 a
2069 1804 92 23 central
2178 1806 54 28 part
2248 1804 28 24 of
2289 1804 44 24 the
2348 1805 75 26 town,

1896 1835 38 24 for
1952 1835 42 24 the
2008 1843 102 23 purpose
2129 1837 28 23 of
2174 1835 111 32 carrying
2294 1835 129 32 telephone

1896 1867 76 28 wires,
1984 1876 14 14 a
2009 1869 100 29 support
2119 1869 136 30 consisting
2265 1869 26 22 of
2300 1870 49 22 two
2359 1868 60 30 higb

1896 1899 76 30 poles,
1995 1900 182 30 over-towering
2194 1900 42 23 the
2256 1900 99 28 houses,
2374 1900 49 24 and

1896 1931 109 25 fastened
2016 1931 111 31 together
2136 1933 26 23 at
2173 1932 41 24 the
2225 1934 40 28 top
2276 1931 33 31 by.
2318 1940 14 15 a
2343 1939 78 17 cross-

1895 1964 48 28 bar,
1956 1964 43 24 the
2009 1966 123 22 staucture
2147 1964 148 30 resembling
2315 1964 107 31 nothing

1895 2004 27 16 so
1933 1996 75 24 much
2019 2004 28 17 as
2057 2005 19 15 a.
2081 1996 59 31 lofty
2151 1996 107 32 gollows.
2291 1996 51 25 One
2352 2004 70 17 more

1895 2029 63 31 ning
1968 2029 41 24 the
2019 2032 65 21 town
2095 2037 50 16 was
2155 2029 113 25 horrified
2278 2030 26 23 to
2312 2029 110 24 discover

1896 2069 15 15 a
1921 2069 59 15 man
1990 2062 110 30 hanging
2110 2062 32 29 by
2152 2062 43 24 the
2210 2060 62 25 neck
2293 2062 62 23 from
2376 2061 44 24 the

1896 2092 126 25 cross-bar.
2072 2093 22 24 A
2116 2093 77 25 crowd
2212 2093 140 28 assembled;
2371 2093 50 24 and

1896 2126 124 24 discussed
2029 2126 27 24 in
2067 2126 74 24 much
2152 2126 132 31 perplexity
2295 2127 54 23 how
2376 2126 46 24 the

1896 2157 156 25 unfortunate
2063 2158 89 25 suicide
2164 2158 68 25 could
2240 2157 106 32 possibly
2356 2157 64 26 have

1896 2190 117 24 mounted
2023 2192 26 22 to
2060 2198 27 16 so
2098 2192 68 29 great
2175 2199 19 16 a:
2201 2189 85 32 height
2293 2190 49 25 and
2352 2190 70 25 there

1896 2222 62 24 have
1971 2223 93 24 carried
2075 2224 41 23 out
2127 2223 161 31 hig^purppse;
2305 2246 2 2 .
2311 2242 5 10 ;
2332 2222 33 24 In
2375 2222 45 25 the

1896 2255 128 24 meantime
2036 2255 42 24 the
2089 2255 75 31 police
2181 2263 60 17 were
2251 2255 103 31 p,uzzled
2364 2255 57 24 how

1896 2288 26 22 to
1933 2288 101 29 proceed
2045 2290 26 22 to
2089 2295 97 18 remove
2197 2288 43 23 the
2256 2287 72 31 body.
2362 2288 61 24 This

1895 2327 48 16 was
1961 2321 26 22 at
1997 2319 84 31 length
2099 2320 99 24 effected
2208 2321 31 29 by
2258 2327 14 16 a
2283 2327 57 17 man
2357 2319 65 30 who,

1895 2351 60 25 with
1975 2352 80 30 spikes
2072 2352 64 24 fixed
2154 2354 26 23 to
2199 2352 40 25 his
2256 2351 79 29 boots,
2347 2352 76 25 clam-

1895 2383 73 24 bered
1990 2392 33 22 up
2045 2392 44 16 one
2108 2384 27 24 of
2150 2385 41 23 the
2210 2384 73 31 poles^
2303 2385 56 27 and,
2376 2390 46 18 not

1896 2415 101 25 without
2019 2416 157 24 considerable
2194 2416 51 25 risk
2267 2418 25 22 to
2309 2416 41 25 his
2366 2424 56 17 own

1895 2448 49 28 life,
1956 2455 45 17 ran
2009 2448 69 25 down
2086 2448 43 25 the
2136 2448 111 33 hanging
2256 2448 86 32 figure,
2354 2450 69 26 amid

1902 2481 42 23 the
1962 2481 94 23 intense
2077 2481 145 24 excitement
2243 2481 27 24 of
2286 2481 44 24 the
2348 2483 78 24 crowd

1896 2512 83 24 below.
2028 2512 166 31 Immediately
2216 2513 61 24 after
2298 2514 41 23 the
2359 2514 66 30 body

1896 2544 100 24 reached
2013 2544 43 25 the
2076 2544 90 32 ground^
2181 2545 21 25 it
2220 2552 50 17 was
2282 2538 141 33 discovered

1896 2577 49 24 and
1966 2577 154 31 proclaimed,
2143 2577 63 24 amid
2228 2577 42 25 the
2291 2580 66 29 mqst
2377 2586 45 24 up-

1898 2609 107 24 roarious
2016 2610 148 27 merriment,
2173 2634 3 4 ,
2182 2610 54 24 that
2246 2610 43 28 tbje
2301 2611 120 31 supposed

1900 2641 89 25 suicide
2005 2650 50 17 was
2072 2641 57 31 only
2149 2650 15 16 a
2182 2635 106 37 skiifully
2298 2642 125 25 contrived

1895 2674 109 30 dummy,
2015 2674 80 24 which
2109 2683 13 15 a
2140 2674 135 31 policeman
2292 2674 127 26 forthwith
2425 2679 2 3 '

1896 2706 89 25 tucked
1996 2707 77 24 under
2083 2707 37 24 his
2132 2714 50 17 arm
2193 2707 48 24 and
2251 2707 89 24 carried
2352 2715 70 24 away

1896 2739 66 24 amid
1981 2739 67 31 peals
2068 2739 26 24 of
2110 2739 119 31 laughter.
2277 2739 26 25 It
2321 2747 101 24 appears

1896 2771 56 25 that
1962 2771 44 26 the
2013 2771 57 32 joke
2081 2780 50 18 was
2142 2771 42 26 the
2190 2771 64 28 work
2265 2771 26 25 of
2299 2772 123 31 students,

1896 2811 15 17 a
1921 2804 63 31 body
1995 2804 27 25 of
2030 2806 76 23 whom
2126 2804 121 25 contrived
2263 2807 27 22 to
2305 2804 61 32 keep
2378 2805 43 25 the

1895 2836 76 31 police
1992 2837 114 31 occupied
2130 2845 64 17 some
2222 2837 108 26 distance
2351 2845 70 23 away

1900 2868 63 25 from
1975 2869 41 24 the
2053 2869 99 31 gallows
2193 2868 72 25 while
2277 2867 64 26 their
2357 2877 66 18 com-

1898 2902 104 31 panions
2013 2909 63 17 were
2087 2902 107 31 engaged
2200 2902 27 23 in
2237 2901 41 25 the
2284 2901 141 31 'dangerous

1902 2933 65 25 work
1989 2934 25 24 of
2035 2933 108 32 hoisting
2163 2933 43 28 ths
2228 2934 98 31 dummy
2343 2935 27 23 to
2390 2934 35 25 its

1897 2966 95 25 exalted
2003 2966 112 31 position.
2199 2966 4 11 ;
2270 2966 44 12 '"•'■"'"
2354 2976 5 3 -

1931 3039 134 24 Extensive
2084 3047 98 23 surveys
2203 3047 40 16 are
2264 3038 27 26 in
2312 3046 109 25 progress

1896 3071 59 25 with
1978 3079 15 17 a
2009 3072 61 25 view
2081 3071 28 26 of
2116 3071 100 32 making
2227 3078 83 18 anew-
2318 3071 69 25 chair
2392 3071 28 25 in

1896 3105 40 23 the
1959 3104 110 28 Thames,
2092 3104 97 31 capable
2210 3104 27 25 of
2255 3103 102 33 floating
2377 3104 43 25 the

1896 3136 89 31 largest
1996 3137 62 30 ship.
2172 3153 3 9 :
2243 3160 1 2 .
2257 3160 3 2 .

1929 3170 53 23 The
1992 3169 106 24 Eussian
2108 3169 84 26 nobles
2209 3176 41 19 are
2270 3169 104 32 rushing
2394 3171 27 23 to

1896 3202 150 31 bankruptcy
2067 3201 27 25 in
2115 3203 68 29 great
2215 3200 122 26 numbers.
2366 3202 52 25 The

1896 3235 74 24 credit
1981 3234 65 25 bank
2057 3234 38 24 for
2105 3233 99 31 lending
2214 3241 88 23 money
2308 3235 26 24 to
2349 3234 69 27 them

1896 3275 36 17 on:
1935 3270 122 28 mortgage
2068 3265 27 24 of
2100 3266 42 24 the
2153 3266 58 24 land
2220 3266 146 26 established
2387 3266 33 32 by
2439 3279 5 4 ~

1898 3299 44 25 the
1954 3299 164 24 Government
2128 3300 48 22 two
2187 3306 28 16 or
2224 3298 69 26 three
2298 3306 70 23 years
2376 3306 46 24 ago

1898 3332 43 24 has
1960 3339 55 17 now
2025 3339 34 16 no
2080 3331 49 24 less
2151 3330 62 25 than
2234 3331 65 23 2000
2321 3333 97 27 estates,

1898 3364 80 24 which
1989 3364 48 24 will
2048 3363 62 24 have
2121 3364 26 23 to
2158 3364 28 22 be
2208 3362 52 24 sold
2281 3362 33 31 by
2335 3363 83 31 publio

1898 3396 97 27 auction
2006 3399 24 22 at
2041 3396 40 25 the
2092 3395 47 25 end
2150 3395 26 26 of
2186 3394 50 26 this
2246 3402 56 23 year
2311 3395 109 26 forjnon-.

1896 3430 114 31 payment
2021 3429 26 25 of
2056 3427 229 27 interesfc.oa.loans.
2328 3444 2 6 .
2427 3440 3 11 ■-.

1912 3471 3 17 ;
1929 3462 23 23 A
1971 3463 153 29 temperance
2142 3468 73 23 paper-
2225 3457 209 41 s.ays.t^atJpurj

1900 3494 82 28 drjnks
1994 3502 15 16 a
2020 3492 160 33 day.nqUibujr
2190 3499 15 18 a
2222 3499 57 17 man
2297 3500 37 18 .an
2355 3501 78 23 over-,

1899 3528 54 25 coat
1963 3527 27 24 in
2001 3525 68 28 three
2079 3524 106 29 months;,
2291 3533 37 18 we
2342 3525 89 35 woul^'

1896 3567 43 23 say
1947 3568 15 17 a
1973 3560 99 26 wooden
2082 3556 44 26 oiie
2141 3560 5 3 '

622 52 138 26 OXFORD
793 52 74 24 AND
900 52 85 25 CUST
1019 51 189 28 OBSERVER,
1245 51 187 30 SATURDAY,
1467 52 188 27 FEBRUARY
1689 56 39 27 22,
1765 56 63 24 1890

1895 3632 101 25 Printed
2016 3630 49 26 and
2091 3628 131 27 Published
2246 3629 36 39 by
2283 3625 10 36 ;•'
2302 3628 121 30 i&JHAiJtD

1928 3665 107 26 HoiJtiN
2051 3663 102 26 Parish,
2174 3662 30 23 at
2219 3661 41 26 his
2262 3663 5 14 5
2279 3659 145 38 Bolstered

1922 3694 6 18 :
1929 3695 112 33 Priiitinig
2059 3694 87 28 Officer
2157 3693 71 33 High
2249 3694 91 32 StrftetV
2349 3698 73 31 lE^s*

1912 3738 11 12 :'-
1929 3729 105 26 Oxford,:
2040 3727 156 30 Canterbury^
2206 3727 126 35 Saturday
2334 3744 7 17 j
