2480 3830
677 52 138 26 OXFORD
851 52 67 23 AND
954 52 86 24 CUST
1075 49 186 27 OBSERVER,
1299 45 186 27 SATURDAY,
1520 41 184 25 FEBRUARY
1740 41 39 26 22,
1816 40 61 21 1890

1908 230 211 22 oxpobd
2162 228 240 21 ba-dkhezeatt-

1995 279 208 29 Established
2227 278 84 28 1862,

2062 359 57 30 ON
2143 353 114 40 SALE;

1898 414 121 27 FLOUR,
2032 414 54 23 best
2096 408 79 28 brand
2186 412 57 32 only
2255 412 65 31 kept.

1901 456 139 28 SHARPS,
2100 454 169 28 OATMEAL,
2326 453 92 26 BRAN

1992 497 284 25 OHICKENWHEAT'
2286 495 40 25 &c.

1902 541 43 24 AT
1964 540 142 25 LOWEST
2129 540 160 24 CURRENT
2314 536 112 27 RATES

1905 696 139 76 G.E.
2063 693 363 99 Weylaadt

2009 817 108 27 FAMILY
2178 816 143 30 BUTCHER*

2044 874 85 41 High
2158 873 122 39 Street

1937 945 152 41 EAST
2131 945 242 40 OXFORD

1904 1057 325 48 MimEWOOB
2277 1059 150 46 AEHS

1905 1206 87 30 Since
2003 1207 52 28 the
2071 1206 173 39 Proprietor
2267 1207 54 28 has
2335 1206 94 29 taken

1905 1258 169 39 possession
2088 1258 31 28 of
2127 1258 61 28 this
2202 1258 102 35 Hotel,
2319 1258 38 29 he
2375 1258 54 29 has

1905 1308 63 30 had
1980 1308 26 29 it
2020 1307 185 40 thoroughly
2220 1307 130 29 Painted
2367 1308 63 30 and

1905 1359 176 30 Renovated
2095 1357 33 31 in
2147 1370 18 19 a
2182 1367 125 22 manner
2329 1359 101 30 which

1904 1409 104 31 makes
2022 1411 24 28 it
2061 1409 111 30 second
2186 1413 32 26 to
2237 1417 78 22 none
2328 1411 30 28 in
2374 1410 53 29 the

2108 1460 136 30 District.

1903 1547 195 23 HANDSOMELY
2110 1547 162 24 FURNISHED
2281 1548 100 23 SUITES
2394 1549 36 22 09

2003 1587 97 20 ROOMS
2112 1587 56 20 FOR
2180 1587 143 22 FAMILIES.

1966 1663 81 25 BESS
2222 1660 123 28 KE^CST.

1907 1789 131 43 Cust
2052 1789 177 43 FLOim
2246 1786 184 46 Mills.

1931 1921 44 21 The
1992 1919 139 28 undersigned
2148 1922 19 21 is
2189 1919 99 29 prepared
2302 1923 22 20 to
2340 1919 91 25 forward

1904 1954 102 23 FLOUR,
2020 1950 77 24 BRAN
2111 1954 39 21 snd
2165 1952 110 23 SHARPS
2289 1956 22 19 to
2324 1959 42 19 any
2375 1953 56 21 Rail-

1905 1991 45 19 way
1960 1985 84 20 Station
2054 1987 23 18 at
2085 1988 83 18 current
2178 1987 61 19 rates.
2273 1985 59 20 Grist
2340 1984 93 21 received

1904 2017 60 23 from,
1988 2016 42 20 and
2048 2014 101 22 delivered
2166 2017 28 22 to,
2214 2017 35 19 the
2265 2017 54 20 Oast
2336 2016 97 25 Railway

1905 2047 91 24 Station,
2006 2048 42 19 free
2062 2048 22 19 of
2097 2046 83 26 charge.

1905 2102 242 40 ARTHUR
2171 2100 261 42 SKARELL

1976 2229 53 50 S.
2092 2225 272 65 EARLY,

1997 2300 336 40 BTJILDEE,

2147 2361 62 19 AND

1910 2407 524 42 UNf)EHTAKEE»

1902 2626 94 27 Nothing
2006 2629 96 20 suoceeda
2119 2629 42 21 like
2168 2634 88 15 suceess.
2285 2630 53 21 7000
2352 2630 81 20 Bottles

2060 2655 84 26 already
2157 2657 46 19 sent
2212 2656 44 20 out.

2054 2746 244 47 Cottle's

1946 2803 270 47 Colonial,
2268 2805 140 45 Cure

2142 2864 61 21 THE
2347 2874 5 4 •

1905 2888 196 25 ETJGALYPTFS
2116 2890 182 23 HOUSEHOJLfi
2312 2891 127 23 REMEDY

1933 2945 45 20 The
1995 2946 122 25 Proprietor
2136 2945 3 9 ;
2139 2946 22 19 of
2186 2946 43 20 this
2250 2946 135 26 Preparation
2398 2946 40 20 has

1906 2972 51 21 been
1981 2972 63 21 much
2056 2972 95 25 gratified
2165 2976 21 17 to
2206 2972 68 21 notice
2286 2973 97 24 amongst
2403 2973 36 19 the

1908 3000 55 19 most
1976 3000 70 19 recent
2060 2998 87 21 medioal
2157 2998 122 21 discoveries
2288 2998 47 21 that
2344 2999 94 19 mentiou

1907 3026 18 19 is
1939 3026 60 19 made
2013 3025 22 20 of
2043 3030 57 15 some
2114 3024 22 20 of
2149 3024 36 21 the
2197 3024 126 26 ingredients
2335 3024 68 23 which
2412 3024 27 20 he

1907 3057 48 15 uses
1969 3053 22 18 to
2005 3051 62 20 blend
2073 3066 2 3 .
2085 3050 51 21 with
2145 3050 44 21 and
2196 3048 100 27 intensity
2305 3053 35 18 tae
2350 3050 88 21 wonder-

1907 3078 32 19 ful
1952 3077 112 20 medicinal
2078 3077 97 25 qualities
2189 3077 22 20 of
2223 3076 35 21 the
2271 3074 130 28 Eucilyptiis
2414 3076 23 21 ia

1907 3104 35 20 his
1956 3104 51 20 New
2020 3104 68 21 Curb.
2114 3103 59 26 They
2186 3109 36 15 are
2230 3102 68 21 stated
2307 3104 22 19 in
2338 3102 35 21 the
2382 3104 56 19 most

1908 3130 108 21 advanced
2035 3130 86 21 Medioal
2143 3130 101 23 Journals
2262 3131 22 18 to
2303 3130 24 19 be
2348 3129 90 25 signally

1908 3157 141 26 antagonistic
2057 3158 22 19 to
2088 3156 36 21 the
2133 3156 80 21 disease
2221 3162 67 19 germs
2302 3162 23 14 or
2338 3155 69 21 bacilli
2415 3155 24 21 ia

1908 3184 51 20 such
1980 3184 90 20 diseases
2093 3189 23 14 as
2140 3182 118 27 Diptheria,
2284 3182 153 25 Consumption

1908 3212 49 21 etc.,
1971 3210 43 20 and
2027 3210 99 26 specially
2140 3209 89 26 adapted
2242 3209 32 20 for
2287 3209 29 20 all
2330 3208 106 21 BronohU

1908 3237 110 20 Ailments.
2046 3236 82 25 Taking
2135 3236 42 20 this
2185 3236 43 19 fact
2236 3235 45 19 into
2286 3234 153 21 consideration

1909 3263 58 20 there
1980 3262 19 21 is
2003 3262 64 21 .little
2080 3263 82 20 wonder
2183 3262 59 22 that,,
2255 3267 24 14 as
2288 3278 3 2 .
2299 3261 140 20 testimonials

1909 3290 54 19 from
1978 3290 33 22 all,
2020 3291 58 23 parts
2091 3289 23 19 of
2126 3288 49 21 N.Z.
2186 3288 63 21 show,
2259 3287 84 20 Cottle's
2352 3287 89 20 Colonal

1910 3316 53 19 Cure
1973 3315 75 20 should
2057 3315 53 20 have
2119 3311 83 28 already
2211 3308 59 26 made
2279 3313 33 21 for
2323 3313 57 21 itself
2389 3314 52 21 such

1910 3348 12 14 a
1932 3342 126 25 widespread
2067 3342 118 25 reputation
2196 3347 22 14 as
2227 3346 13 15 a
2252 3339 108 22 Universal
2369 3341 70 20 Home

1911 3369 47 20 hold
1966 3369 87 25 Remedy
2054 3381 28 3 —
2082 3370 17 19 A
2110 3369 101 20 Medicine
2227 3368 61 20 Gliest
2298 3368 21 20 in
2328 3374 35 14 one
2373 3368 67 25 bottle,

1910 3395 63 24 ready
1987 3396 33 19 for
2033 3396 77 19 almost
2124 3400 59 19 every
2196 3400 127 18 emergency.

1940 3426 5 6 •
1985 3421 132 22 COTTLE'S
2131 3420 137 21 COLONIAL
2281 3418 83 22 CURE.

1935 3447 117 27 Interaally
2060 3448 33 20 for
2104 3449 47 19 Sore
2161 3447 55 21 Thro
2222 3449 36 21 its,
2269 3446 90 26 Ojiija-i.
2370 3444 64 24 Gild*

1908 3474 49 24 Hay
1970 3474 67 25 (fever,
2048 3473 28 22 all
2090 3473 113 22 Bronchial
2213 3474 111 23 Ailraaats,
2335 3474 91 25 Djmit

1910 3500 119 25 Diarrhoea,
2041 3503 50 18 etc

1936 3527 127 26 Externally
2071 3528 33 20 for
2111 3526 154 22 Rheumatism.
2273 3525 91 24 Braises,
2372 3524 69 22 Barns

1912 3550 89 27 Scalds,,
2012 3553 59 25 Cuts,
2081 3553 95 21 Wounds
2178 3565 12 13 c
2192 3551 67 24 Sores,
2273 3553 37 19 ete.

1935 3579 124 26 Admirably
2074 3579 92 27 adapted
2178 3580 33 20 for
2225 3585 44 13 new
2287 3577 116 21 treatment
2415 3575 24 20 of

1911 3605 87 26 Throat,
2012 3605 70 26 Chest,
2098 3606 43 20 and
2153 3606 61 24 Lung
2224 3605 95 19 Diseases
2332 3603 26 23 by
2392 3623 6 2 .

2065 3630 132 22 ittSAtiATIOS
2223 3642 7 5 -
2257 3630 29 18 28.

1936 3658 51 20 Also
1998 3659 133 25 Veterinary
2140 3655 96 24 Colonial
2249 3654 52 19 Cure
2316 3653 34 19 for
2364 3652 73 19 Inter*

1910 3685 44 20 and
1963 3683 102 23 External
2077 3690 44 17 use.
2135 3680 144 24 Testimonials
2296 3679 54 20 from
2368 3678 55 23 large

1910 3710 62 21 horse
1981 3717 80 14 owners
2070 3711 23 20 in
2103 3707 131 25 Canterbury.
2239 3725 9 5 ..
2291 3704 58 21 P'We
2364 3704 12 18 2
2379 3709 15 13 j.
2403 3706 12 16 f»

1908 3734 121 24 Wholesale
2043 3738 78 25 Agents
2125 3734 71 19 -Ns.v
2210 3731 97 26 Zs^sn
2394 3728 13 20 J

1296 602 518 58 RAINBOW'S

1376 666 344 42 PREPARATIONS-

1515 732 84 11 •-♦•*-•

1320 760 171 31 GENUINE
1510 757 271 31 PREPERATIONS

1425 805 228 22 MANUFACTURED
1667 803 37 21 BY

1294 848 77 77 Wb
1402 847 42 76 E
1474 880 321 40 AINBOW,

1296 938 50 39 Of
1353 937 105 37 Ferry
1472 935 92 30 Road
1578 932 224 31 Christchurch.

1332 1016 157 22 RAINBOW'S
1503 1014 163 21 FURNITURE
1680 1012 107 21 POLISH.

1320 1050 57 25 Wilf
1380 1055 59 20 clean
1449 1054 30 19 all
1487 1052 112 20 Furniture
1609 1052 22 18 in
1646 1050 80 25 private
1735 1049 82 22 houses,

1294 1082 72 23 Hotel,
1377 1081 53 19 Club
1440 1081 82 20 houses,
1538 1077 136 24 Steamships,
1688 1077 41 22 &c.,
1752 1075 66 19 better

1292 1110 23 18 in
1325 1108 58 19 three
1392 1108 64 18 hours
1466 1106 51 19 than
1536 1104 47 19 bees
1598 1110 45 13 wax
1653 1103 66 19 would
1728 1102 22 19 in
1761 1101 57 20 three

1294 1136 56 23 dajs.
1377 1133 91 24 Require
1477 1138 28 13 no
1513 1127 81 24 iabour.
1602 1130 67 20 leaves
1679 1135 27 13 no
1715 1133 70 20 grease
1795 1133 23 13 or

1294 1162 55 18 stain
1360 1161 20 18 of
1391 1165 41 19 any
1447 1159 55 18 kind.
1544 1158 39 18 Get
1598 1156 17 20 it
1632 1156 21 19 at
1670 1158 56 16 bnee.
1753 1154 64 18 Don't

1293 1188 65 21 delay.
1386 1184 44 21 You
1440 1191 39 12 can
1490 1184 27 19 do
1531 1190 12 13 a
1552 1183 52 24 good
1614 1183 58 24 day's
1681 1181 55 19 work
1746 1181 21 18 in
1778 1185 40 14 one

1293 1214 60 19 hour.
1412 1211 58 20 Price
1481 1212 22 18 Is
1520 1216 35 19 per
1564 1210 68 19 bottle.

1346 1258 56 20 Who
1412 1263 35 14 are
1456 1255 132 22 RAINBOW
1601 1254 56 20 AND
1672 1252 76 22 SON'S
1756 1252 10 21 ?

1423 1289 54 24 Why
1492 1288 51 19 dont
1558 1292 41 19 you
1611 1287 61 18 know

1299 1323 14 11 r
1313 1322 26 18 T~
1339 1322 7 10 v
1348 1320 58 21 HAT
1419 1318 120 21 Rainbow's
1548 1318 129 23 Invigorator
1686 1317 33 19 for
1727 1317 49 19 New
1785 1315 36 19 life

1313 1341 22 31 X
1376 1348 17 17 is
1404 1346 35 19 the
1448 1346 45 19 best
1503 1344 64 20 Blood
1577 1344 86 19 Purifier
1676 1343 22 19 in
1713 1343 35 19 the
1757 1341 63 19 world

1291 1375 17 19 it
1319 1375 44 19 also
1372 1379 58 13 cures
1439 1372 61 19 Liver
1506 1370 131 26 complaints,
1647 1370 78 19 creates
1732 1368 87 25 appitite

1293 1401 43 20 and
1352 1405 59 14 cures
1427 1398 128 25 Indigestion
1570 1398 65 19 better
1644 1392 53 24 than
1706 1402 44 19 any
1759 1395 59 19 other

1292 1425 102 22 Medicine
1402 1431 42 20 you
1454 1431 38 14 can
1503 1424 78 20 obtain.

1346 1471 53 21 Who
1414 1477 34 14 are
1466 1469 135 21 RAINBOW
1615 1468 60 19 AND
1689 1466 92 21 SON'S?

1425 1502 54 24 Why
1493 1501 51 20 dont
1557 1506 41 19 you
1613 1498 74 21 know?

1295 1534 107 20 'THHAT
1415 1533 117 20 Rainbow's
1556 1531 128 26 Superlative
1700 1529 90 21 Mixture
1800 1529 18 19 is

1308 1551 22 35 X
1372 1561 35 19 the
1417 1560 44 19 best
1472 1558 70 25 Cough
1553 1559 90 19 Mixture
1663 1557 46 19 that
1728 1563 24 13 as
1761 1555 10 9 r
1771 1562 47 14 ever

1294 1588 51 19 been
1353 1586 75 21 offered
1435 1588 21 18 to
1463 1586 35 19 the
1507 1586 78 21 Public,
1593 1584 46 25 why
1648 1584 17 20 it
1675 1589 58 14 cures
1740 1583 78 24 coughs

1295 1614 42 20 and
1346 1614 58 20 colds
1413 1615 22 18 at
1444 1618 51 15 once
1504 1612 67 20 Never
1580 1611 55 20 fails.

1347 1670 54 20 Who
1415 1675 36 14 are
1464 1668 64 20 RAIN
1532 1667 61 20 ROW
1608 1667 58 20 AND
1681 1665 74 21 SON'S
1764 1665 9 20 ?

1425 1701 53 25 Why
1493 1701 51 19 dont
1557 1705 42 19 you
1613 1698 74 20 know?

1295 1735 110 24 ''T^HAT
1425 1737 118 20 Rainbow's
1552 1736 95 21 Carbolic
1665 1734 109 21 Ointment
1800 1734 20 19 is

1309 1756 22 33 X
1372 1765 35 20 the
1416 1765 45 19 best
1472 1764 59 24 thing
1541 1764 23 19 in
1574 1762 35 20 the
1618 1761 63 20 world
1696 1761 33 19 for
1741 1760 79 25 Curing

1294 1791 61 20 Sores
1369 1797 26 14 on
1409 1791 50 19 Man
1470 1797 23 13 or
1512 1790 63 19 Beast
1593 1788 47 20 that
1649 1788 38 19 has
1706 1793 46 14 ever
1769 1786 51 20 been

1295 1818 82 19 known.

1351 1873 56 20 Who
1421 1879 35 13 are
1469 1871 130 20 RAINBOW
1613 1870 56 19 AND
1682 1870 75 19 SON'S
1759 1870 20 22 ■?.

1421 1904 56 24 Why
1491 1904 51 18 dont
1556 1908 42 20 you
1613 1902 75 19 know?

1296 1937 108 20 HPHAT
1418 1936 119 20 Rainbow's
1546 1934 124 21 Rheumatic
1684 1933 89 20 Mixture
1780 1932 39 20 has

1309 1957 22 30 X
1359 1963 61 20 cured
1428 1962 115 20 thousands
1552 1962 22 19 of
1581 1961 78 25 people,
1669 1960 17 19 it
1696 1960 19 19 is
1724 1960 96 25 pleasant

1296 1990 21 19 to
1328 1990 53 23 take,
1396 1990 37 19 but
1442 1989 17 20 it
1469 1988 94 20 searches
1573 1989 35 18 the
1615 1989 78 22 system
1702 1986 53 19 from
1766 1985 54 20 bead

1295 2017 22 18 to
1326 2017 50 22 foot,
1387 2016 42 19 and
1438 2016 16 18 if
1462 2014 152 22 Rheumatism,
1625 2012 96 23 Sciatica,
1731 2018 22 14 or
1762 2012 58 19 Gout

1294 2042 19 19 is
1323 2042 22 19 in
1355 2042 36 19 the
1399 2044 83 22 system,
1494 2040 118 20 Rainbow's
1627 2039 125 19 Rheumatic
1765 2038 54 19 Mix-

1295 2069 46 18 ture
1352 2068 40 19 will
1401 2067 57 20 drive
1466 2068 16 18 it
1493 2068 41 18 out.

1478 2103 64 23 Price*
1557 2103 29 19 Is.
1599 2101 33 21 6d.

1356 2164 152 22 RAINBOW'S
1524 2163 102 20 INFANT
1639 2162 128 21 OOBDIAL.

1294 2198 45 20 The
1359 2197 97 19 Mother's
1466 2195 75 20 Friend
1543 2206 28 3 —
1572 2197 4 16 I
1579 2195 26 19 he
1623 2194 82 19 Babies'
1720 2193 100 20 Comfort.

1322 2228 50 19 This
1383 2227 35 20 Co»
1423 2227 71 20 dialis
1504 2226 99 20 intended
1618 2225 103 25 expressly
1736 2225 33 19 for
1785 2225 36 19 In-

1296 2254 63 23 fants,
1371 2259 22 14 as
1403 2253 17 20 it
1430 2259 57 14 eases
1496 2253 56 24 pain,
1561 2252 100 25 disperses
1671 2251 61 21 wind,
1741 2250 79 25 regula-

1297 2282 30 19 tes
1337 2282 84 23 system,
1431 2280 41 18 and
1482 2280 60 23 keeps
1552 2279 36 19 the
1598 2278 81 23 bowels,
1688 2277 23 19 in
1720 2277 65 19 order.
1800 2277 20 19 It

1295 2307 18 20 is
1324 2306 98 25 perfectly
1439 2308 45 17 sale
1501 2307 23 17 to
1543 2305 52 22 take,
1614 2310 23 14 as
1651 2303 17 19 it
1682 2303 95 19 contains
1792 2308 28 14 no

1295 2333 121 19 laudanum,
1436 2331 43 21 and
1496 2331 92 20 mothers
1605 2330 42 20 will
1672 2329 68 19 derive
1759 2329 62 25 great

1296 2359 77 20 benefit
1382 2361 26 23 by
1425 2359 63 24 using
1504 2359 23 19 it.
1555 2357 107 24 Everyone
1680 2356 18 19 is
1717 2355 104 25 delighted

1295 2386 51 19 with
1355 2386 24 19 it-.
1459 2385 80 19 Price—
1545 2385 22 17 ls
1576 2389 36 20 per
1621 2383 71 20 bottle.

1295 2440 65 23 What
1369 2442 49 20 does
1428 2441 36 20 Site
1477 2440 54 25 good
1545 2439 112 21 housewife
1672 2439 26 20 do
1715 2439 23 19 to
1759 2439 61 25 study

1374 2468 114 24 economy?
1503 2467 41 20 She
1554 2472 46 14 uses
1609 2465 120 21 Rainbow's

1322 2500 112 20 GOLDEN
1452 2499 70 20 STAR
1540 2498 106 20 BAKING
1663 2497 127 20 POWDER.

1334 2531 92 20 Because
1435 2531 17 19 it
1461 2531 18 19 is
1489 2531 36 19 the
1534 2530 45 20 best
1588 2529 22 20 in
1625 2529 36 20 the
1676 2529 104 20 Colonies.

1552 2566 11 15 ♦

1319 2590 117 19 Rainbow's
1460 2589 94 20 ROYAL
1572 2588 96 20 READY
1682 2587 110 22 RELIEF.

1319 2621 31 19 Its
1361 2620 67 25 magic
1438 2627 77 19 powers
1525 2620 18 20 is
1552 2620 83 25 beyond
1644 2620 120 24 describing.
1798 2620 21 19 It

1293 2653 58 14 cures
1362 2647 120 19 Toothache
1491 2647 22 19 in
1524 2653 12 13 a
1552 2647 80 18 minute
1640 2654 6 16 ;
1668 2646 112 19 Headache
1795 2651 24 15 or

1292 2674 120 22 Neuralgia,
1424 2675 87 23 Cramps
1519 2679 22 13 or
1552 2672 63 19 Pains
1627 2672 24 19 in
1669 2672 36 19 the
1723 2672 95 20 stomach

1292 2703 23 16 at
1324 2705 58 14 once.
1415 2700 45 20 One
1470 2700 64 19 bottle
1544 2700 18 19 is
1571 2700 59 24 equal
1640 2700 21 19 to
1671 2698 32 20 six
1713 2698 75 21 bottles
1798 2698 22 20 of

1292 2727 120 23 Painkiller,
1423 2726 41 21 and
1474 2733 39 13 one
1522 2726 52 25 drop
1588 2727 18 18 is
1623 2726 60 24 equal
1702 2728 20 17 to
1741 2727 38 18 five
1797 2726 22 19 of

1292 2753 32 20 St.
1335 2754 75 19 Jacobs
1421 2753 38 20 Oil.
1522 2753 59 19 Price
1593 2753 24 19 2s
1632 2759 35 18 per
1677 2752 70 20 bottle.

1473 2794 17 3 _
1551 2787 11 14 *

1398 2815 227 29 RAINMW'S?AND
1645 2820 67 19 SONS

1371 2848 97 29 Other
1482 2848 223 38 Preperations
1705 2865 40 3 —

1318 2888 64 20 Great
1391 2888 77 19 Indian
1485 2888 68 19 Tootb
1572 2887 88 20 Powder.

1317 2915 109 19 Linirnent
1427 2930 4 8 ;
1442 2914 33 19 for
1484 2914 90 24 sprains,
1586 2919 89 19 mumps,
1686 2913 61 26 pains
1757 2915 35 19 &e.

1317 2941 87 20 Cholera
1426 2940 42 20 and
1484 2940 118 20 Diarrhoea.
1619 2940 95 21 Mixture.

1319 2967 62 21 Scald
1390 2968 42 19 and
1442 2967 58 19 Burn
1510 2967 101 20 Powders.

1317 2994 83 22 Lotion,
1410 2994 34 20 for
1454 2999 56 14 sores
1520 2994 22 19 of
1552 2994 28 20 all
1590 2994 69 20 kinds.

1317 3021 95 19 Reliable
1421 3021 18 18 &
1499 3020 107 24 Lozenges
1614 3020 33 19 for
1657 3026 46 13 sore
1715 3020 96 21 throats.

1317 3046 61 20 Fruit
1387 3046 84 23 Saline,,
1477 3046 117 26 preventive
1600 3046 25 19 ■*!
1635 3046 98 21 sickness.

1552 3086 12 14 ♦
1637 3091 3 5 ■
1662 3098 6 3 ..

1319 3118 30 20 To
1359 3119 24 19 be
1398 3118 98 21 obtained
1512 3119 54 20 from
1584 3119 27 21 all
1629 3119 36 21 the
1680 3119 143 27 Storekeepers

1292 3145 104 25 throught
1405 3145 36 20 the
1449 3145 69 21 North
1527 3146 130 25 Canterbury
1666 3147 94 24 District,
1781 3147 42 20 and

1294 3171 118 21 Wholesale
1421 3172 55 20 from
1486 3173 36 19 the
1531 3173 167 20 Manufacturers
1700 3185 26 3 —

1327 3209 94 20 FERRY
1430 3209 82 25 ROAD,
1560 3209 229 22 CHRISTOHURCH.

1460 3246 71 20 Local
1549 3247 84 20 Agknts
1635 3258 25 4 —

1320 3271 32 19 Mr
1359 3269 27 22 4.
1395 3270 24 22 5P.
1428 3272 108 23 •Prkhard,
1546 3273 60 20 West
1616 3274 85 21 Oxford.

1320 3297 33 19 Mr
1362 3298 21 19 J.
1393 3298 91 23 Weeber,
1493 3300 53 18 Easr,
1557 3300 82 20 Oxford.

1320 3323 34 19 Mr
1362 3324 26 18 E.
1399 3324 30 20 W.
1441 3324 86 25 Cooper,
1538 3326 59 20 Cusfc.

1312 3444 45 59 J.
1379 3445 44 61 J.
1447 3444 350 65 WEEBER,

1376 3508 68 30 High
1456 3506 86 29 Street,
1563 3506 61 24 East
1640 3507 98 29 Oxford,

1327 3568 91 22 Dealer
1428 3566 25 22 in
1466 3564 56 30 Oils,
1536 3564 90 29 Colors,
1651 3566 74 30 Lead,
1745 3568 78 29 Glass,

1297 3599 84 28 Scrim,
1395 3599 46 24 and
1452 3606 70 23 every
1533 3599 69 30 thing
1613 3601 134 23 connected
1765 3602 60 24 with

1296 3632 43 24 the
1350 3632 75 24 trade.

1327 3665 85 24 •Direct
1427 3663 117 30 importer
1554 3662 27 24 of
1589 3662 208 34 Paperhangings.

1400 3721 90 24 -Paiats
1501 3718 84 27 Mixed
1597 3723 25 24 te
1635 3721 82 26 Dr&ef-.

713 620 191 38 CHEAP
907 614 239 61 JBOOTS.

670 689 88 45 OUR
774 687 103 24 Friends
887 687 26 23 in
924 685 43 24 the
979 682 91 26 Oxford
1080 682 49 24 and
1140 680 60 24 Oust

743 720 116 24 Districts
870 719 50 24 will
929 718 82 30 please
1021 718 58 21 note
1089 714 56 24 that

670 761 45 43 J.
755 760 255 42 Goodman
1045 755 40 42 &
1117 752 81 43 Co.

744 819 77 19 HAVE
838 816 138 21 RESUMED
990 814 137 21 BUSINESS

671 852 35 23 At
732 850 44 23 the
804 849 41 24 old
871 849 73 23 home
972 847 49 24 and
1049 845 151 24 well-known

865 880 128 27 Premises,

672 922 46 23 135
732 920 116 25 Colombo
863 918 49 28 St.,
926 913 274 29 CHRISTCHURCH,

670 958 70 25 With
762 965 32 16 an
816 956 102 30 entirely
947 955 57 24 New
1033 953 49 24 and
1110 951 92 25 Varied

711 991 75 24 Stock
797 989 26 25 of
833 988 108 24 BOOTS
953 987 69 23 AND
1041 984 118 26 SHOES.

672 1049 75 20 Orders
764 1054 23 14 as
802 1047 61 20 usual
882 1045 90 21 received
988 1044 42 20 and
1048 1043 105 25 promptly
1172 1045 29 17 at-

724 1074 74 21 tended
809 1076 26 17 to.
863 1072 87 25 Bepah-s
960 1071 70 25 neatly
1044 1069 102 21 executed.

724 1106 134 23 Punctuality
868 1104 42 19 and
918 1103 107 26 Despatch
1033 1103 4 8 '
1054 1107 38 14 our
1101 1101 73 19 Motto.

698 1287 190 33 WHY
925 1281 274 39 COTJG-H?

755 1332 73 19 ONCE
1002 1330 36 20 AS
1053 1329 68 21 SAFE

748 1357 87 20 TRIED
1020 1357 34 19 AS
1068 1356 30 19 IT

727 1384 113 21 ALWAYS
1051 1383 26 19 IS

751 1410 79 21 USED.
1003 1409 129 20 CERTAIN.

807 1461 281 27 BONNINGTON'S

674 1504 171 46 PECTOEAL
860 1503 121 23 OXYMEL,
1005 1508 27 14 on
1052 1502 148 20 CARAGEEN

936 1539 26 14 OF

787 1560 135 31 IRISH
969 1559 123 31 MQSS

673 1616 49 20 Will
731 1615 52 20 Cure
790 1620 41 19 any
839 1613 51 20 kind
899 1614 22 19 of
929 1612 73 25 Cough
1009 1618 23 13 or
1178 1618 24 13 or

706 1652 99 25 chronic),
816 1651 118 22 Influenza,
943 1650 52 20 Loss
1005 1651 22 17 of
1036 1649 70 22 Voice,
1117 1649 49 19 Sore

732 1685 78 27 Lungs,
826 1687 96 23 Asthma,
935 1686 139 22 Hoarsenebs,
1084 1685 65 23 Tick-

769 1725 43 24 ling
820 1725 22 19 of
850 1724 23 20 th
894 1723 85 23 Throat,
986 1722 127 24 Bronchitis,

798 1757 103 29 Incipient
912 1760 159 25 Consumption,

811 1797 43 21 and
867 1797 29 20 all
909 1797 60 20 other
981 1796 81 19 similar

885 1833 132 25 complaints.

732 1887 20 20 It
761 1887 18 19 is
788 1885 128 27 guaranteed
926 1885 21 20 to
957 1885 45 23 give
1011 1881 137 23 satisfaction.
1160 1901 3 2 .
1245 1891 2 8 >

674 1939 44 21 Itis
724 1938 108 20 Endorsed
838 1938 27 25 by
872 1937 95 20 Vocalist
974 1936 42 20 and
1022 1936 72 19 Public
1102 1936 100 25 Speakers

713 1971 21 25 It
743 1971 66 25 clears
819 1976 35 19 the
863 1974 78 23 throat,
951 1979 91 14 removes
1052 1973 26 20 all
1086 1972 71 20 huski-

781 2018 54 17 ness,
845 2011 42 20 and
896 2012 60 19 other
965 2016 72 14 causes
1051 2009 47 20 that

812 2048 47 20 lead
872 2049 22 19 to
908 2048 42 19 loss
965 2047 21 19 of
999 2046 62 20 voice.

844 2247 173 21 WHOLESALE

757 2303 124 36 TIMBER
925 2298 175 40 MERCHANT
1245 2280 2 32 !

831 2367 192 28 WOODSIDE

675 2425 209 34 WEST
907 2422 293 35 OXFORD

699 2571 146 34 THE
897 2564 276 38 SINGER

776 2611 231 23 MANUFACTURING
1023 2611 55 21 CO.,

675 2644 51 24 I*4-2
751 2646 58 23 and
837 2640 54 25 I*4-4-
916 2642 143 25 Colombo
1085 2642 112 24 Street,

801 2678 273 27 CHRISTCHURCH.

684 2724 50 21 And
747 2725 22 19 at
783 2723 127 24 Ashburton,
923 2721 97 26 Kaiapoi,
1036 2721 41 20 and
1092 2721 93 20 Timaru.
1241 2727 2 14 ;

671 2751 39 20 We
718 2750 133 26 respectfully
860 2750 38 19 ask
913 2748 110 23 intending
1038 2747 123 26 purchasers
1177 2748 22 18 to

671 2775 40 23 tall
721 2775 22 23 at
753 2783 42 19 any
804 2776 22 21 of
835 2783 38 14 our
888 2776 98 25 premises
1003 2774 42 21 and
1061 2774 80 25 inspect
1156 2774 43 19 and

882 2804 33 23 try
929 2808 38 13 our

673 3420 109 28 Improved
791 3416 84 25 Family
884 3415 113 24 Ocillating
1011 3413 82 21 Shuttle
1102 3412 100 20 Machine

699 3453 45 21 The
757 3452 45 20 best
816 3448 97 22 Machine
924 3447 22 20 in
962 3446 103 19 existence
1073 3445 33 19 for
1114 3443 54 26 light
1178 3450 23 13 or
1241 3449 3 16 ;

673 3482 67 21 heavy
750 3478 62 20 work.
848 3474 111 21 Noiseless,
968 3471 161 25 light-running,
1138 3470 62 25 high-

673 3513 63 18 arms,
755 3504 42 22 and
815 3500 124 24 self-setting
957 3498 77 21 needle.
1069 3496 93 27 Enquire
1180 3496 22 20 of

673 3536 51 19 hose
738 3533 48 19 who
797 3533 37 17 ttse
848 3528 65 20 them.
1242 3538 2 9 <

725 3648 169 69 Shop
939 3645 222 54 Before

676 3732 38 34 12
733 3730 30 33 -a*
767 3726 86 37 clock
887 3738 39 20 on
952 3722 227 41 Weclßescla/s,
1241 3721 4 31 S

264 634 37 20 GO
327 631 37 21 TO

52 671 224 84 WEBBERS
288 667 143 33 FANCY
442 664 134 32 STORE

224 724 74 21 EAST
325 720 120 22 OXFOUD.

275 763 85 12 »44»«
360 765 22 3 —
382 765 16 3 —

53 796 43 20 For
105 793 127 23 Stationery,
242 791 61 24 Toys,
320 789 71 23 Fancy
409 784 75 23 Goods,
498 783 82 20 Eazors

95 826 42 20 and
147 824 92 23 Shaving
249 820 108 25 requisites
369 817 43 21 and
421 817 127 21 Perfumery,

66 857 111 23 Birthdoy,
196 853 117 20 Christmas
330 850 40 20 and
390 848 88 24 Playing
494 844 64 22 Cards

148 884 90 24 SNUFF
249 883 40 20 and
299 880 126 21 Tobaeonist
432 878 77 20 Goods:

54 916 68 25 'Silver
132 916 110 22 Brooches-,
253 913 103 21 CLOCKS
369 918 51 12 iron,
435 910 31 19 sis
477 907 103 23 shillings.

54 951 83 20 Picture
148 949 76 20 Frame
243 945 115 22 Moulding.
395 942 81 20 Picture
494 939 87 19 Frames

238 977 60 19 made
318 979 21 16 to
350 974 71 20 Order.

52 1014 80 20 Sashes
151 1010 63 24 ieady
233 1007 72 26 glazed
323 1007 29 18 all
371 1006 61 20 sizes,
446 1009 26 13 on
483 1001 65 22 hand,
558 1005 23 14 or

199 1038 99 28 procured
315 1040 21 17 to
355 1036 71 21 Order.

55 1069 65 27 kgehfc
128 1063 32 26 lor
168 1067 95 21 Eilisdoh
273 1072 9 12 s
291 1063 111 24 Neuralgia
410 1061 74 24 Drops,
498 1059 42 19 and
548 1059 34 18 W.

186 1092 106 21 Bainbow'
303 1090 151 26 Preparations.

170 1272 292 45 SADDLER

289 1327 56 20 AND

53 1363 276 46 Hardware
346 1357 233 43 importer,

197 1431 91 26 SIGH
306 1426 139 30 STREET,

135 1496 52 54 C
223 1493 60 51 XT
322 1487 43 55 B
401 1481 53 56 T
482 1524 12 12 .

104 1590 54 21 EGS
168 1590 22 19 to
206 1586 66 21 thank
282 1582 36 23 the
331 1579 132 23 inhabitant's
479 1579 22 19 of
517 1576 68 21 Forth

133 1614 130 23 Canterbury
280 1613 31 18 for
327 1611 35 19 the
379 1607 74 21 libeial
471 1607 114 24 patronape

57 1642 92 22 received
170 1640 75 24 during
268 1638 36 20 the
327 1644 12 18 r
341 1638 33 18 ast
397 1637 34 17 ten
454 1638 67 20 years,
544 1629 42 20 and

57 1670 77 21 desires
144 1670 23 18 to
176 1667 38 21 call
226 1664 103 21 attention
341 1666 21 16 to
372 1662 33 20 his
416 1659 69 21 varied
496 1659 57 18 stock
563 1659 22 16 ot

83 1692 159 25 SADDLERY.
256 1692 27 19 &c
292 1706 4 4 .
311 1689 66 19 which
386 1689 19 18 is
414 1687 62 23 being
485 1686 76 18 oflered

231 1719 22 19 at
261 1717 82 20 Lowest
351 1714 65 21 Price.

92 1771 195 25 Specialities
301 1769 55 20 for
369 1766 58 20 the
440 1763 114 22 season.

57 1807 206 29 VALVOLINE,

188 1849 135 29 CASTORj

121 1910 4 8 ;
132 1914 4 3 .
247 1882 122 34 GOLZk,

313 1924 106 32 La.rd»

113 1960 37 35 ■'■*,
203 1983 5 5 -
381 1968 151 29 GOLDEN,

100 2013 276 46 MACHINE
390 2010 152 41 OILS.

58 2085 245 37 feINBEB.
356 2078 227 34 TWINE.

83 2140 68 24 Agent
159 2139 32 20 for
199 2136 57 23 Bale
266 2134 46 24 :and
322 2128 121 28 Donaghy's
463 2127 121 28 (DuiVedin),

53 2165 112 21 'Auckland
186 2162 63 23 Fibre
256 2172 12 10 ,-
276 2159 134 25 Company's,
440 2156 42 20 and
511 2155 73 18 Mason

52 2190 116 24 fetruth'ers'
173 2188 77 23 -famed
256 2183 13 16 v
268 2185 118 21 'Lurline"
399 2182 79 21 Brand.

80 2213 27 26 jfo
115 2219 42 20 thiß
165 2214 141 27 Department
320 2212 12 19 I
342 2212 53 19 have
404 2216 13 14 a
426 2209 56 24 large
496 2207 58 19 stock
563 2207 22 18 of

51 2239 79 31 teemp,
149 2242 96 21 Manilla,
264 2240 51 19 Star
332 2237 44 20 and
390 2236 60 23 Flax,
470 2233 67 20 which
551 2232 34 19 for

52 2266 83 31 Quality
144 2268 79 22 cannot
233 2266 26 20 be
269 2266 81 20 beaten.

148 2320 83 25 Always
240 2324 28 14 on
280 2317 66 22 hand,
357 2322 12 13 a
379 2313 80 26 Supply
469 2313 21 18 of

71 2351 163 48 :horSe
275 2347 284 45 medicines,

52 2400 117 28 including
179 2414 24 4 —
213 2400 110 21 Ellimans
341 2398 68 25 Royal
427 2395 157 20 JL-mbrocation,

55 2432 89 21 dottle's
167 2426 96 23 Cotonial
284 2426 61 22 Cure,
369 2421 115 28 Ste]»heus',
508 2420 71 20 James

54 2457 125 25 •Slesinger's
214 2449 129 29 ktisrerings.
376 2449 82 25 Fryer's
490 2447 94 21 Balsam,

52 2486 73 21 Worm
136 2483 43 20 and
187 2479 116 22 Condition
311 2477 105 21 Powders.

82 2531 116 31 •I&acMae
207 2533 95 31 Aprons
313 2529 72 25 made
398 2529 26 23 at
438 2526 110 29 Smartest

273 2562 93 26 Notice-.

79 2628 69 26 •Agent
158 2627 58 20 for—

272 2656 86 22 Time's"
369 2656 114 23 Company,

129 2688 70 22 igouth
209 2686 81 21 British
304 2684 113 20 Insurorice
426 2679 115 26 Company.

50 2777 72 44 M.
187 2757 396 62 SA'STOSTEIN

56 2836 93 58 HAS
172 2840 47 19 rtow
234 2835 73 21 moved
323 2835 46 19 fnto
385 2832 34 21 hiß
436 2830 65 21 NEW
519 2829 63 20 PBE-

141 2865 93 23 MISES,
252 2868 28 14 on
299 2861 37 21 the
352 2861 43 19 Site
413 2857 68 20 which
499 2856 26 20 he
543 2856 40 19 has

49 2894 103 25 Occupied
162 2891 75 24 during
247 2889 36 19 the
297 2888 49 25 past
355 2886 146 22 twenty-peven
513 2887 63 21 .years

49 2921 47 20 'and
210 2917 33 19 his
262 2914 67 20 NKVV
352 2912 57 19 STO.
421 2911 26 22 IC,
466 2907 117 27 purchased

49 2946 64 21 \vhen
122 2952 29 14 on
158 2950 35 14 rns
203 2943 49 20 visit
266 2947 21 14 to
296 2941 89 23 Europe.

77 2975 166 27 Arrangements
250 2973 77 22 having
333 2971 50 19 been
394 2968 60 19 made
463 2967 31 18 for
501 2964 81 25 regular

49 2999 102 30 loathly
166 3001 123 26 Shipments
300 2999 26 18 'Of
348 2997 48 19 New
413 2993 75 22 Goods,
501 2992 26 19 he
542 2990 40 20 has

49 3030 90 22 tnarked
155 3029 36 20 the
207 3026 62 22 Stock
289 3025 21 19 at
325 3023 51 20 such
391 3026 66 21 pnoeß
471 3016 111 23 aßoannot

48 3055 155 23 feflto-eecure
216 3060 13 14 a
238 3051 62 26 quick
316 3049 49 20 sale.
406 3047 44 20 The
459 3044 77 26 capital
545 3049 38 14 m-

48 3077 75 27 *veste&
132 3082 58 20 must
198 3081 26 19 be
233 3076 104 28 promptly
347 3073 75 22 turned
431 3077 55 15 over.

75 3115 36 20 Se
131 3114 42 20 tias
196 3113 95 23 pleasure
314 3107 22 20 in
356 3104 102 24 directing
477 3102 104 20 attention

48 3140 103 26 %pecfelly
167 3140 22 19 to
207 3138 35 19 the
257 3129 152 26 DIAMONDS,
426 3130 56 19 loose
491 3128 43 20 and
543 3128 38 22 set,

47 3168 47 20 <3fta
99 3161 64 26 'ot'her
172 3164 97 21 Precious
278 3160 82 22 Stone's.

76 3195 139 23 WATCHES
231 3194 54 24 -By
295 3190 77 27 special
390 3185 156 27 arrangements
554 3185 27 19 he

45 3225 24 21 Ss
82 3218 91 28 Ena'bred
186 3222 25 20 to
221 3221 45 25 give
283 3218 36 21 the
326 3216 48 21 test
390 3215 60 20 value
459 3213 22 20 in
492 3211 89 26 genuine

45 3228 165 48 SngUsh^ade
221 3228 66 44 liver
303 3244 41 20 and
353 3241 54 21 Gotd
419 3239 96 21 Watches
529 3237 52 21 that

45 3272 45 26 W
99 3282 47 15 ever
153 3277 54 19 been
217 3272 77 22 offered
302 3277 23 14 in
336 3270 43 19 this
389 3267 86 24 Colony.

78 3310 85 21 Havttfg
172 3305 75 24 family
263 3302 135 22 con-nections
409 3298 50 19 with
470 3296 59 19 Pans
539 3295 43 19 acd

46 3329 25 27 %J
71 3343 12 13 O
84 3317 179 38 nadn%iam6nd
276 3331 2 7 :
280 3328 41 21 tod
333 3326 106 23 Jewellery
456 3322 118 21 Merchant,

47 3362 75 26 places
137 3354 47 26 tem
203 3359 23 19 in
245 3362 14 14 a
273 3354 94 26 -position
384 3354 23 18 to
426 3350 37 20 sell
482 3349 35 19 the
534 3347 49 42 bej

48 3373 88 36 grfcicle*
146 3387 22 20 a't
178 3392 12 14 a
333 3385 62 21 price.
439 3376 44 20 Ihe
492 3374 91 23 Jobbing

49 3409 254 27 •AndManufadftaringis
319 3406 79 22 carried
403 3406 48 23 .out
468 3402 65 20 nnder
548 3402 34 18 his

48 3442 51 20 «dwn
108 3439 131 27 supervisi6n
249 3437 22 19 at
278 3434 35 21 the
318 3434 82 19 Lowest
406 3431 70 20 Prices
483 3427 100 22 Possible.

80 3492 24 22 M
290 3489 40 18 has
345 3484 112 27 appointed
467 3483 43 19 Mr.
520 3481 24 20 B.
554 3480 29 20 H.

144 3523 28 16 -U
187 3517 36 20 MS
235 3512 81 24 'Oxford
329 3512 102 23 •A'GENT,
447 3509 47 21 who
510 3507 43 21 will
562 3506 22 21 at

49 3549 47 20 •fe-ay
103 3547 55 19 time
167 3545 92 24 prdcure,
273 3546 27 13 on
312 3538 149 26 Approbation,
480 3536 104 20 Watches,

49 3568 87 27 <{^6dks,
146 3570 42 20 Snd
198 3566 113 24 Jewellery,
318 3565 35 20 for
369 3564 34 20 his
416 3561 78 22 Oxford
510 3561 74 20 clients

48 3596 29 24 %6
87 3596 62 22 delect
158 3593 65 24 'from,
234 3595 22 18 at
266 3592 35 20 the
319 3596 57 15 same
384 3590 56 28 price
457 3595 23 14 as
496 3589 91 22 charged

49 3625 27 21 *!&
86 3619 36 26 fee
133 3619 150 24 Chrlstchurch
295 3616 173 22 Establishment.

94 3669 62 45 it*
195 3661 346 58 SANpSTEIN*

204 3721 109 23 OASHEL
325 3719 117 23 STBEET,

132 3752 364 34 •^&^-t-Sr^H^-RG-H,

656 169 11 9 »
679 166 76 25 QUOD
769 165 127 21 FAriMUS,
912 163 91 19 VALPE
1448 181 147 10 „„___.
1644 158 141 33 /S^T^??^

59 187 256 314 tTHE
340 195 264 33 CHRISTCHURCH
620 193 139 25 DENTAL
772 190 170 27 SURGERY,
966 189 136 25 CORNER
1113 189 42 23 OF
1168 186 134 26 CASHEL
1315 187 17 22 &
1343 183 91 25 HIGH
1447 181 150 26 STREETS
1630 179 161 49 Jg^&i

238 239 28 18 rV
304 209 176 48 mr^Titia
506 241 32 16 V-
562 233 60 24 HA
653 230 131 21 SURGEON
799 228 129 20 DENTIST.
943 227 160 20 SPECIALIST
1118 226 34 19 OF
1161 224 160 21 AIiTIFICIAL
1332 220 161 21 DENTISTRY

238 245 30 44 S
304 242 178 47 MYEKp
562 252 60 28 UXJ
758 259 129 20 PAINLESS
896 255 200 21 EXTRACTIONS.
1123 255 106 19 Moderate
1239 253 41 20 and
1289 252 99 20 Uniform
1397 250 58 20 Fees.
1635 242 160 47 /^WiJ

237 278 55 43 IT-m
311 309 7 12 t
332 304 111 17 mnomriW
454 300 92 21 reolaced
557 297 76 21 almost
643 294 142 24 immediately
795 294 52 19 after
858 290 120 21 extraction.
1006 290 37 18 Art
1052 288 56 19 ficial
1118 287 64 20 Teeth
1193 286 42 20 and
1244 286 104 20 Dentures
1359 283 60 20 made
1429 282 25 25 by
1472 282 59 20 other
1545 281 54 20 Den-
1630 278 11 23 /
1679 297 7 9 ,
1728 278 62 21 ASM

239 412 72 20 FEKS
318 422 18 4 -
347 410 163 20 A.nini,lr,Uio.i
521 406 22 19 of
553 405 84 17 Nitroub
656 400 62 20 Ox.dc
796 406 30 37 J-
976 421 102 20 Ordinary
1094 418 141 20 Extractions,
1247 417 23 17 2s
1280 415 25 20 6d
1317 415 64 26 (local
1400 413 128 20 anaesthetic
1548 412 56 22 used,
1635 400 106 44 fij^
1757 400 32 38 \

1014 449 47 22 P^
1070 452 23 13 or
1104 443 96 24 months
1211 421 142 47 paymenJto
1362 440 42 20 .nit
1412 440 61 19 those
1487 439 91 24 desiring
1588 438 17 19 it
1616 421 177 55 .£^/^J
1788 457 15 17 H

520 511 30 24 By
560 510 28 18 its
600 513 36 14 use
645 505 95 25 Decayed
758 504 65 20 Teeth
833 477 127 50 Ts^ps
971 480 148 41 attracted
1127 495 89 21 without
1225 494 57 26 pain,
1310 492 103 24 Perfectly
1432 492 54 21 Safe.
1505 490 112 21 Harmless
1633 489 42 20 ,nd
1693 487 102 21 Effective
