2480 3830
637 43 135 24 OXFORD
807 40 68 24 AND
910 36 85 26 CUST
1030 33 189 27 OBSERVER,
1256 33 188 31 SATURDAY,
1479 34 183 25 FEBRUARY
1698 35 38 28 2<2,
1772 35 61 24 1889

1901 3626 84 21 Printed
1995 3628 42 19 and
2052 3628 114 20 Published
2184 3629 28 24 hy
2231 3628 93 20 Richabd
2342 3628 86 21 Holman

1926 3657 85 24 Parish,
2034 3661 23 18 at
2074 3659 33 20 his
2125 3659 119 25 Registered
2258 3660 96 25 Printing
2367 3660 61 21 Office

1926 3688 59 26 High
1995 3690 74 25 gtreet,
2077 3691 54 20 East
2141 3692 86 23 Oxford,
2237 3691 134 27 Canterbury.

1980 3720 110 25 Saturday,
2100 3722 108 23 February
2221 3724 34 21 22,
2283 3723 59 22 1890.

1928 146 111 74 W.
2093 146 301 91 STOCKS,

2020 370 128 29 Madras
2171 371 142 34 Strebet,

1940 411 442 31 CHRISTCHURCH.

1896 492 30 28 A
1937 491 83 40 large
2036 493 87 28 stock
2137 493 33 29 of
2184 491 194 30 Monuments
2392 494 32 26 to

1896 531 94 30 select
2010 533 78 29 from
2104 537 31 25 at
2149 533 107 29 lowest
2269 536 91 26 rates.

1928 646 76 43 W.
2025 647 365 53 MITCHELL,

1896 721 357 38 BOARDIN6HOUBE
2291 722 129 38 KEEPER

1896 776 190 32 EAST
2117 777 301 33 OXFORD

1912 856 165 33 TKHMS
2111 860 263 31 MODERATE

1892 908 116 25 EVERY
2016 909 185 26 ATTENTION
2213 912 28 23 to
2250 911 169 26 BOARDERS

1893 968 524 124 rCOCKBURN

1974 1187 137 31 WEST
2144 1189 196 33 QXFQBD.

1922 1320 74 51 A.
2035 1321 357 65 ANOAIiL,

2053 1420 198 33 BUTCHER

1988 1526 317 42 OZFOED
2309 1557 15 12 n

1995 1696 286 35 PLANTS

1966 1744 55 20 FOR
2035 1744 119 20 SUMMER
2166 1745 172 24 FLOWBBIN(1'

1890 1796 90 19 nnflß
2011 1796 138 25 undersigned
2171 1798 61 19 offers
2251 1797 38 21 the
2309 1798 108 26 following

1903 1817 22 29 JL
1952 1823 75 20 Plants
2037 1822 67 21 which
2111 1822 41 21 will
2157 1823 46 25 give
2211 1830 13 14 a
2234 1824 75 21 wealth
2318 1825 22 20 of
2347 1824 69 21 bloom

1889 1848 74 26 during
1981 1850 36 19 the
2033 1855 91 14 summer
2144 1850 166 26 months:—viz.,
2327 1850 90 21 Dahlias

1887 1875 65 22 show,
1959 1876 117 24 fPompom,
2088 1875 71 24 Single
2168 1876 42 20 and
2224 1876 76 20 Cactus
2313 1876 104 25 varieties,

1888 1900 208 25 Chrysanthemums,
2104 1900 102 26 Japanese
2217 1902 42 19 and
2266 1901 86 21 Chinese
2359 1902 56 19 vari-

1888 1926 57 24 eties,
1961 1926 112 25 Verbenas,
2082 1926 106 25 Petunias,
2197 1927 152 24 Pentstemons,
2359 1928 56 20 Mar-

1888 1953 96 24 guerites.
1994 1953 107 23 Fuchsias,
2112 1952 160 25 Pelargoniums.
2283 1954 130 24 Geraniums,

1888 1979 77 24 Asters,
1975 1978 79 25 Stocks,
2065 1978 103 25 Lobelias,
2185 1978 66 21 Phlox
2267 1979 149 21 Drurnmondit

1888 2006 123 23 Ageratums
2017 2004 138 21 Calceolarias
2162 1999 129 32 Heliotropes
2299 2005 119 25 Marigolds,

1887 2032 46 23 etc.,
1947 2032 38 19 etc.
2020 2031 124 22 Collections
2154 2031 21 19 of
2180 2027 89 32 '-Plants.
2276 2029 31 29 6/-
2321 2029 42 28 10/-
2373 2032 43 25 20/*

1887 2057 43 26 40/-
1945 2056 56 27 100/-
2028 2057 125 19 Purchasers
2163 2055 149 31 ofcc^llegtions
2321 2057 96 26 liberally

1890 2083 55 28 dealt
1952 2083 56 20 with.
2018 2083 124 24 Catalogues
2148 2083 102 24 post-freer
2253 2090 26 13 on
2290 2081 127 28 application

2048 2119 87 20 NAIRN
2149 2109 142 42 A3Mi|OT|B:

2020 2150 77 20 Florist
2104 2149 50 21 land
2166 2139 145 45 N^s^r^i;

2079 2181 92 22 Lincoln
2185 2182 65 30 %ad,
2264 2181 135 31 phristchuro

2129 2441 58 21 AND

1896 2574 140 37 PLAIN,

1997 2652 151 36 FANCY,

2074 2728 305 37 ORNAMENTAIi,

1882 2814 18 31 :(
2105 2805 89 30 AND
2217 2804 203 32 GENEEAL

1897 2882 264 39 PRINTING
2206 2881 200 39 OFFICE.

1987 2960 334 40 O2FOED.

2132 3040 83 29 ',»'""•
2215 3050 73 4 ——
2333 3040 23 31 '.
2403 3058 1 1 ■

1960 3187 422 55 PRINTING

1903 3294 43 31 Of
1956 3305 91 30 every
2069 3294 191 40 Descriptiou
2284 3294 78 29 done
2387 3304 40 19 on

1983 3388 53 29 the
2050 3388 134 30 shortest
2207 3386 118 36 Notice,

1902 3479 80 39 And
1997 3480 40 38 at
2050 3479 249 40 Christchurch
2314 3478 114 40 Prices

1390 141 77 44 W.
1510 142 212 51 MUNN,

1318 218 164 31 WEST
1526 219 244 30 OXFORD.

1293 319 64 30 The
1372 319 128 40 Largest
1509 320 149 40 Cheapest
1669 322 60 28 and
1743 322 73 28 Best

1498 376 69 14 STOCK
1581 376 28 14 Oi'

1370 407 135 20 ENGLISH
1519 407 61 21 AND
1595 408 149 20 COLONIAL

1357 521 45 29 IN
1424 522 87 28 THE
1532 522 204 31 DISTRICT.

1287 753 77 51 H.
1392 754 60 52 J.
1470 753 343 54 LAMING

1377 853 341 33 SADDLER

1516 919 60 20 AND

1289 976 281 38 HARNESS
1604 977 207 37 MAKER

1431 1050 70 24 Neaii
1519 1050 146 29 Saleyakds,

1478 1126 35 26 T?
1513 1126 10 19 8
1546 1126 45 26 f^
1617 1126 43 26 IS
1698 1127 43 25 TS

1286 1190 88 26 Orders
1385 1192 50 23 and
1446 1192 101 31 Eepairs
1560 1192 123 31 promptly
1695 1194 116 23 executed

1442 1236 26 23 at
1479 1235 84 25 lowest
1574 1238 72 22 rates.

1331 1286 165 39 BDTDER
1540 1288 227 38 CABTASES

1284 1337 97 38 made
1405 1338 35 37 to
1462 1338 96 38 order
1573 1338 67 38 and
1655 1339 154 48 repaired

1503 1562 61 20 THE

1288 1602 182 37 LIGHT
1496 1604 71 35 OF

1342 1670 133 37 NEW
1503 1670 303 45 ZEALNAD,

1472 1726 55 19 HAS
1542 1726 84 20 OOMB.

1284 1777 75 25 People
1369 1784 38 13 can
1418 1778 52 20 Talk
1480 1778 42 19 and
1531 1779 24 19 be
1564 1785 48 17 very
1625 1778 68 20 Proud
1710 1779 22 18 to
1750 1778 59 19 think

1298 1803 48 20 that
1355 1804 49 24 they
1414 1804 53 19 have
1477 1807 96 22 amongst
1583 1804 57 19 them
1648 1811 12 13 a
1670 1804 38 19 iew
1718 1805 21 18 of
1748 1804 35 20 the

1364 1830 56 20 Most
1430 1830 80 25 Expert
1521 1837 45 13 men
1578 1830 21 20 in
1611 1830 35 20 the
1656 1830 61 20 world

1323 1861 55 20 Who
1396 1867 34 14 are
1447 1862 135 20 EAINBOW
1596 1862 58 20 AND
1670 1862 59 20 SON'
1754 1862 9 20 ?

1415 1893 55 24 Why
1484 1893 50 19 dout
1548 1899 41 17 you
1604 1894 59 18 know
1672 1893 12 19 ?•

1284 1918 135 50 WHEN
1428 1919 38 19 Dr.
1475 1919 61 19 Soule
1545 1919 122 19 introduced
1677 1919 45 19 Hoc
1733 1918 78 20 Bitters

1385 1950 63 20 many
1465 1945 89 25 thought
1563 1945 47 21 that
1625 1945 53 26 they,
1692 1945 63 25 opuld
1773 1947 38 18 not

1283 1970 25 19 be
1324 1971 78 23 beaten,
1417 1971 37 19 but
1468 1971 59 19 when

1401 2002 133 20 P.AINBOW
1550 2002 55 20 AND
1619 2002 75 20 SON'S

1441 2039 134 14 INTKODUCJ3D
1590 2039 63 14 THEIK

1327 2064 24 20 A.
1367 2065 18 19 I.
1411 2064 124 24 QUALITY
1565 2065 56 19 HOP
1647 2063 119 21 BITTEBS

1286 2095 36 19 Dr.
1331 2095 80 19 Soule's
1419 2096 55 18 went
1481 2095 59 19 down
1550 2095 21 19 in
1582 2095 69 25 public
1659 2095 93 25 opinion,
1763 2096 49 20 thus

1285 2121 79 24 setting
1377 2121 36 20 the
1426 2121 121 20 Americans
1560 2121 22 20 in
1597 2122 36 19 the
1646 2122 71 19 shade.

1291 2173 120 51 MANY
1425 2179 13 13 a
1452 2173 99 26 Sleepless
1565 2173 65 25 Night
1643 2173 39 20 has
1696 2173 51 20 been
1763 2175 48 24 past

1352 2210 4 5 •
1381 2199 26 25 by
1421 2199 89 28 Experts
1523 2200 22 20 of
1553 2201 28 19 all
1591 2200 88 20 Naiiuns
1689 2203 21 17 to
1720 2199 44 21 find
1773 2203 38 18 out

1286 2225 46 20 how
1348 2227 21 18 to
1389 2225 80 26 Supply
1489 2226 36 20 the
1547 2227 70 24 public
1638 2227 51 19 with
1703 2232 12 14 a
1737 2226 74 25 Beally

1287 2251 58 21 Good
1360 2252 96 25 SAUCE,
1472 2253 42 20 and
1528 2254 22 18 at
1560 2259 12 14 a
1582 2253 38 19 low
1630 2253 55 24 price
1695 2255 22 18 to
1727 2258 85 20 surpass

1287 2278 35 20 the
1332 2279 129 19 well-known
1470 2279 42 19 Lee
1520 2279 42 19 and
1571 2279 89 20 Perrins.
1687 2279 46 19 The
1742 2279 71 25 public

1288 2304 22 20 of
1323 2304 49 20 New
1386 2305 91 20 Zealand
1498 2311 39 14 can
1560 2305 60 20 boast
1643 2307 22 18 of
1688 2305 36 20 the
1749 2305 59 26 objee

1287 2330 78 25 having
1378 2331 50 20 been
1443 2331 103 20 obtained,
1560 2331 43 20 and
1616 2331 47 21 that

1398 2362 135 20 EAINBOW
1546 2363 56 19 AND
1616 2363 76 20 SON'S

1313 2394 115 31 PINE
1446 2395 154 30 APPK&
1617 2395 161 30 BHAN3O

1287 2431 19 19 is
1320 2431 35 19 the
1370 2431 45 20 best
1429 2431 67 20 Sauce
1512 2431 22 20 in
1553 2432 37 19 the
1609 2436 85 15 wund—
1698 2440 35 11 i.-<u-
1754 2439 54 12 nu.it:

1388 2494 28 20 all
1425 2493 54 21 have
1487 2493 65 21 heard
1561 2500 12 14 a
1583 2495 57 23 great
1650 2494 45 20 deal
1707 2494 62 20 about
1781 2495 32 20 St.

1303 2520 21 23 X
1367 2521 78 19 Jacobs
1458 2521 42 24 Oil,
1508 2520 38 20 but
1561 2527 30 14 we
1606 2527 45 14 now
1670 2523 54 18 state
1743 2523 21 17 to
1778 2521 37 21 tha

1289 2547 70 24 public
1369 2547 47 20 that
1426 2554 39 13 one
1475 2547 50 24 drop
1535 2547 22 19 of

1476 2573 152 21 RAINBOW'S
1649 2583 4 3 •

1381 2599 92 21 BOYAL
1491 2599 99 21 BEADY
1607 2599 103 21 KELEIF

1316 2626 18 20 is
1345 2626 66 20 worth
1426 2627 50 20 Five
1490 2627 69 24 Drops
1574 2627 22 19 of
1611 2627 31 20 St.
1658 2626 76 21 Jacobs
1750 2627 39 20 Oil,

1395 2653 41 26 Try
1446 2653 17 20 it
1475 2653 42 20 and
1527 2653 57 20 don't
1593 2653 25 19 be
1627 2653 72 23 gulled.

1290 2678 55 26 Keep
1363 2679 36 20 the
1415 2680 75 24 Money
1500 2681 22 18 in
1532 2679 36 19 the
1578 2680 92 24 Country
1684 2679 42 20 and
1736 2681 33 23 get
1781 2679 34 21 the

1482 2706 51 20 Best
1543 2706 80 20 article.

1316 2758 37 20 We
1364 2759 62 19 won't
1440 2758 69 20 deceiv
1520 2765 41 19 you
1571 2765 24 13 or
1607 2758 88 20 mislead
1711 2763 48 20 you,
1774 2757 42 21 and

1291 2791 28 14 we
1329 2785 75 25 openly
1418 2785 115 24 Challenge
1548 2785 36 20 the
1599 2785 76 19 World'
1686 2788 21 15 to
1726 2784 47 19 beat
1792 2790 24 13 us

1448 2811 58 20 thals
1515 2810 46 21 who
1575 2817 29 14 we
1614 2817 34 14 are

1291 2846 257 44 Rainbow
1566 2857 105 32 and
1692 2846 123 44 Sons

1456 2911 94 19 FEERY
1562 2911 81 22 EOAD,

1322 2948 450 40 C..HRIS-TCHURCH.

1303 3015 45 21 Oan
1362 3015 24 21 be
1399 3015 104 21 Obtained
1516 3016 22 20 at
1553 3015 28 20 all
1596 3015 143 26 Storekeepers
1754 3014 43 22 and

1397 3042 121 21 Merchants
1531 3043 22 19 in
1568 3043 135 24 Canterbury.

673 356 182 44 JOHN
919 350 275 46 INGRAM

672 421 62 20 HAS-
741 421 56 19 FOE
810 419 69 21 SALE
895 417 38 21 BY
948 417 120 20 PEIVATE
1082 415 117 23 TEEATY,

772 457 32 19 On
815 455 93 20 Account
917 454 22 20 of
948 454 47 19 Mbs
1006 453 95 22 Agassiz,

671 493 46 19 Her
727 493 94 24 compact
832 492 54 19 little
905 491 99 24 Property
1023 490 21 19 of
1062 488 50 20 nine
1131 487 68 22 Acres,

671 519 50 19 with
738 518 144 19 four-roomed
901 517 77 22 House,
997 516 40 19 and
1056 515 52 24 good
1128 514 71 20 Stable

670 545 92 20 thereon.
774 544 78 24 Alarge
859 543 90 19 Orchard
954 542 57 20 filled
1015 542 50 19 with
1070 541 127 25 well-grown

671 573 52 17 trees
733 571 21 18 in
764 571 38 18 full
813 570 90 24 bearing,
912 569 68 24 nicely
989 567 97 24 situated,
1096 567 42 19 and
1147 566 51 20 land

670 597 21 19 of
719 596 34 20 the
781 595 76 20 richest
885 595 88 25 quality.
1002 594 64 24 Price,
1084 599 49 19 very
1152 593 43 20 low.

670 623 71 19 Terms
750 623 112 19 moderate.

758 676 32 19 On
800 675 88 19 account
898 674 22 18 of
929 673 35 20 the
974 673 134 24 Mortgagees,

668 712 55 19 That
728 711 99 25 Property
834 711 22 19 at
864 710 82 25 present
953 709 98 25 occupied
1063 708 26 25 by
1096 709 99 19 Eichabd

666 738 75 22 Kkats,
752 737 125 25 comprising
892 736 46 19 four
948 741 56 14 acres
1014 735 49 18 with
1074 734 52 24 good
1136 734 59 19 dwel-

667 763 136 24 ling-house
818 763 17 18 &
853 761 76 20 Stable.
957 761 54 24 Very
1027 760 88 20 suitable
1133 761 32 18 for
1183 765 13 14 a

668 791 72 21 carter,
759 788 92 24 fronting
865 788 37 19 the
911 788 57 19 main
978 786 50 20 road
1039 788 21 18 to
1077 786 35 19 the
1140 785 55 20 mills

667 815 38 20 but
715 821 56 14 more
780 821 23 13 so
812 815 32 18 for
854 820 12 13 a
875 814 127 23 fellmonger,
1018 819 24 12 as
1060 812 57 19 three
1127 817 68 14 never-

666 841 75 23 failing
751 843 87 17 streams
847 845 40 14 run
906 841 47 23 past
971 838 57 21 three
1046 838 54 19 sides
1119 838 21 19 of
1160 836 35 21 the

667 868 102 24 property.
797 866 57 20 Price
864 871 48 19 very
922 866 46 20 low.
993 883 9 6 

666 920 55 19 That
740 921 96 23 property
854 920 75 19 known
948 924 23 13 as
990 916 95 25 Skippers
1104 915 91 20 situated

667 946 94 24 opposite
770 946 90 19 Pearson
871 945 53 20 Park
933 943 50 20 with
1000 943 45 19 half
1063 948 27 13 an
1110 948 45 13 acre
1174 942 21 19 of

666 972 51 19 land
727 977 25 14 on
763 972 68 19 which
840 972 58 19 there
906 970 18 19 is
933 976 12 12 a
952 970 58 23 Shop
1016 968 101 24 Dwelling
1124 968 71 19 House

667 998 71 20 Stable
748 998 41 19 and
799 1004 12 13 a
820 998 52 23 good
882 996 44 20 well
936 996 17 19 &
962 995 99 20 Orchard.

665 1050 56 19 That
731 1050 101 26 Property
840 1050 74 19 known
925 1054 23 14 as
957 1046 112 21 Fenwick's
1087 1047 108 24 adjoining

665 1076 34 20 Mr
707 1076 74 20 Aliens
791 1076 127 20 Blacksmith
929 1075 64 23 Shop,
1004 1073 126 24 comprising
1148 1073 47 19 half

666 1109 26 13 an
703 1108 52 17 acre,
766 1103 49 19 with
833 1103 54 24 good
906 1101 96 24 dwelling
1020 1099 65 19 house
1103 1099 17 19 &
1138 1099 57 24 large

668 1129 56 20 Shed
734 1130 16 19 &
760 1129 77 20 Stable.

665 1181 55 19 That
739 1181 130 19 iwo-storied
887 1179 99 24 Building
1004 1184 27 14 on
1050 1178 36 20 the
1102 1177 93 25 Terrace,

666 1207 107 26 adjoining
783 1208 33 18 Mr
825 1207 120 19 Pritchards
955 1207 61 19 store.

759 1261 32 19 On
800 1261 89 19 account
898 1261 22 18 of
930 1256 34 22 Mr
973 1259 29 19 H.
1013 1258 74 19 Beabn

665 1297 40 19 His
713 1301 50 20 very
779 1302 85 18 compac
893 1295 54 20 little
964 1294 99 26 Property
1083 1293 22 19 in
1125 1293 69 23 Queen

665 1323 72 23 Street,
747 1322 122 24 containing
878 1322 63 19 about
950 1321 27 25 4^
987 1321 60 18 Acres
1057 1320 22 18 of
1086 1318 45 20 rich
1139 1318 56 23 land,

666 1348 122 21 subdivided
798 1349 46 19 into
854 1348 77 19 several
942 1348 60 18 small
1014 1345 111 25 paddocks,
1145 1345 49 19 with

665 1375 53 23 good
736 1374 71 20 House
826 1374 92 23 thereon,
936 1373 58 24 bripk
1013 1372 51 19 well.
1089 1371 50 19 Cost
1159 1371 35 19 the

664 1407 69 13 owner
742 1401 61 18 £250.
832 1400 48 19 Will
892 1400 24 18 be
926 1399 47 19 sold-
981 1400 21 18 at
1013 1403 11 15 a
1034 1403 48 19 very
1092 1397 101 19 consider-

664 1426 46 21 able
719 1426 107 21 reduction
836 1431 27 15 on
873 1425 43 20 this
926 1426 61 24 price.

753 1479 32 19 On
795 1479 88 19 account
893 1478 21 19 of
924 1478 33 19 Mr
965 1477 136 20 Wooldrige.

666 1516 39 19 His
713 1516 46 19 nice
768 1515 55 20 little
833 1516 105 23 Property,
948 1513 91 21 situated
1049 1514 22 18 at
1080 1513 34 19 the
1122 1518 72 14 corner

666 1543 21 19 of
697 1542 83 20 Church
787 1542 66 19 Street
861 1542 18 18 &
886 1541 44 24 Bay
938 1540 57 22 road,
1002 1539 125 25 comprisin/j
1136 1538 58 20 three

666 1570 61 18 Acres
736 1568 22 19 of
768 1568 44 19 rich
821 1567 58 24 land,
891 1566 57 20 filled
956 1566 50 20 with
1016 1565 51 19 fruit
1082 1565 41 19 and
1134 1565 59 19 other

665 1597 58 18 trees.
754 1594 48 20 The-
809 1593 109 24 Buildings
927 1592 102 25 comprise
1040 1592 76 24 House,
1128 1591 62 25 S-'hop.

665 1621 41 19 and
721 1621 63 26 large
796 1620 55 20 Shed
867 1619 51 20 with
930 1619 46 20 iron
993 1618 51 20 roof.
1079 1618 59 20 Price
1147 1623 48 19 very

666 1648 45 20 low.

759 1700 31 20 On
802 1701 88 19 account
900 1699 21 19 of
931 1699 33 19 Mr
973 1698 133 19 Brettaugh.

665 1737 113 25 Fifty-four
788 1737 63 18 Acres
861 1736 21 19 of
891 1734 52 26 good
953 1734 57 24 land,
1021 1732 121 21 subdivided
1149 1732 46 20 into

665 1765 40 18 two
713 1763 103 25 paddocks
824 1763 29 18 all
859 1762 70 19 fenced
938 1761 41 19 and
986 1760 42 19 laid
1033 1760 60 19 down
1100 1759 22 19 in
1129 1764 65 19 grass,

666 1790 89 19 situated
766 1788 93 25 opposite
875 1788 35 19 the
926 1786 146 25 Immigration
1085 1785 109 20 Barracks.

731 1821 48 18 very
786 1815 44 19 low.
841 1814 71 19 Terms
922 1819 55 18 easy.

665 1867 89 25 Seventy
763 1868 61 19 Acres
833 1866 134 25 unimproved
978 1865 48 19 land
1035 1871 26 14 on
1071 1864 62 20 Ellis'
1140 1865 55 23 Flat,

665 1894 108 25 adjoining
782 1894 32 19 Mr
825 1894 70 19 James
905 1892 99 19 Wilson's
1013 1891 69 20 Farm.

664 1946 77 25 Eighty
752 1946 60 20 Acres
823 1945 106 27 adjoining
938 1944 33 20 Mr
979 1943 145 21 O'Halloran's
1133 1943 61 20 farm;

785 1999 32 19 On
828 1998 87 20 account
925 1997 21 19 of
958 1997 32 19 Mr
999 1997 68 19 Eowr.

665 2031 38 20 116
722 2031 62 19 Acres
804 2030 21 19 of
843 2029 57 23 land,
918 2028 115 26 adjoining
1047 2027 36 20 Mr
1100 2026 95 21 Dueler's

664 2056 60 25 land,
738 2058 21 18 at
768 2056 56 19 View
835 2056 52 19 Hill.
893 2054 156 24 frontingFour
1054 2053 66 20 Chain
1129 2053 65 20 Eoad.

665 2084 71 19 Water
745 2088 47 14 race
800 2082 92 23 running
901 2080 106 24 alongside
1014 2080 21 19 of
1044 2080 36 19 the
1089 2080 106 25 Property.

746 2134 32 19 On
788 2134 88 19 account
886 2134 22 18 of
917 2133 35 19 Mr
960 2133 27 19 H.
1000 2132 105 25 Dudding.

663 2167 52 19 2529
727 2167 62 18 Acres
802 2165 21 19 of
831 2164 53 24 good
891 2163 85 25 grazing
985 2163 55 22 land,
1048 2169 49 13 near
1107 2163 86 19 Master-

666 2195 44 21 ton,
725 2191 81 27 (North'
811 2190 86 25 lsland),
915 2190 51 19 with
975 2190 53 19 2000
1038 2189 66 25 sheep.
1135 2188 60 20 Good

667 2219 112 24 Buildings
799 2217 41 20 and
859 2216 63 25 sheep
940 2216 61 25 yards
1020 2216 91 19 thereon.
1134 2214 63 21 Land

666 2245 70 26 partly
746 2244 115 25 improved.

759 2307 33 20 On
803 2307 88 20 account
901 2306 21 20 of
933 2306 32 20 Mr
974 2305 13 21 J
998 2305 20 20 M
1027 2304 70 21 Booth

666 2338 139 25 Ninty-seven
816 2339 61 18 Acres
886 2337 57 20 Bush
953 2336 56 24 land,
1020 2336 60 19 West
1091 2334 82 21 Oxford.

668 2370 50 18 Also
727 2376 13 13 a
749 2369 88 20 number
847 2369 21 19 of
877 2368 59 19 other
945 2367 122 25 Properties,
1086 2367 50 19 with
1155 2366 42 20 and

669 2395 87 20 without
765 2395 111 24 buildings,
886 2394 41 20 and
938 2400 12 13 a
959 2393 88 20 number
1063 2393 21 19 of
1103 2392 94 26 building

668 2422 90 20 sections
765 2423 21 18 in
797 2421 82 20 various
886 2421 58 25 parts
954 2421 22 18 of
986 2420 35 19 the
1028 2419 109 25 township.

821 2473 36 20 TO
872 2473 99 20 LETOE
985 2472 70 20 SELL

758 2505 32 20 On
800 2505 88 19 account
898 2504 21 19 of
929 2503 33 19 Mr
970 2503 25 20 D.
1008 2503 100 19 Sladden.

670 2538 38 19 His
730 2537 43 19 late
783 2535 120 22 Kesidence,
920 2535 67 24 nicely
1003 2534 97 23 situated,
1110 2540 23 13 so
1143 2539 23 14 as
1176 2534 22 19 to

671 2563 111 20 command
792 2568 12 13 a
813 2561 50 20 view
873 2562 21 18 of
905 2560 35 20 the
949 2560 140 24 surrounding
1104 2562 93 23 country,

671 2588 126 26 comprising
807 2589 33 18 ten
851 2593 64 16 acres,
923 2587 50 19 with
984 2588 33 18 ten
1026 2586 84 19 roomed
1118 2586 78 24 House,

670 2615 51 21 with
730 2616 63 19 water
803 2614 43 20 laid
856 2620 34 16 on,
898 2613 53 25 good
959 2613 51 20 bath
1018 2618 64 17 room,
1091 2612 41 20 and
1140 2618 59 19 every

671 2641 143 21 convenience.
849 2640 44 19 The
906 2639 51 20 land
966 2639 18 19 is
999 2639 80 19 divided
1089 2639 45 19 into
1141 2639 58 19 three

670 2668 111 26 paddocks,
792 2673 12 13 a
815 2666 95 25 splendid
919 2665 77 25 garden
1004 2664 42 21 and
1054 2664 87 21 orchard
1154 2664 45 21 well

670 2694 59 21 filled
738 2694 50 20 with
797 2693 52 19 fruit
858 2693 42 19 and
910 2691 132 20 ornamental
1051 2693 59 18 trees.

891 2746 55 19 Also
946 2756 28 3 —

670 2785 64 24 Forty
751 2783 63 19 Acres
828 2782 22 19 of
867 2781 70 25 partly
953 2780 80 20 worked
1050 2780 36 19 out
1105 2779 60 20 bush.
1181 2779 19 20 A

670 2816 47 18 very
728 2810 56 23 early
803 2808 104 20 selection,
918 2807 41 19 and
969 2807 39 20 300
1019 2809 61 16 Acres
1089 2806 21 19 of
1120 2806 80 19 worked

670 2838 37 19 out
717 2835 53 21 bush
779 2835 63 23 lately
852 2833 96 25 occupied
959 2833 26 24 by
993 2834 34 18 Mr
1036 2832 131 24 Youngman.

881 2886 36 20 TO
926 2885 55 20 LET

671 2941 87 25 Cottage
771 2940 95 26 opposite
879 2939 33 20 Mr
925 2937 136 26 Weylandt's.
1098 2936 62 25 Bent,
1174 2936 25 21 4s

670 2974 36 19 per
714 2968 60 19 week.

670 2999 118 20 Furnished
795 2998 87 24 Cottage
892 2995 107 26 adjoining
1009 2995 36 20 the
1054 2994 47 20 Sale
1110 2994 75 20 Yards.

764 3058 33 20 On
807 3057 88 20 account
905 3056 21 19 of
936 3056 37 19 Mb
981 3055 84 20 Fbohm.

671 3095 57 20 Four
739 3095 61 19 Acres
810 3094 22 19 of
839 3092 61 20 Land
910 3091 50 20 with
969 3091 73 20 House
1050 3089 149 20 andOutbuid-

671 3122 48 23 ings
729 3121 91 20 thereon,
841 3125 48 17 very
908 3118 45 19 rich
971 3117 51 20 land
1037 3116 94 24 fronting
1140 3115 59 20 main

671 3147 113 20 road-Ea3t
799 3145 83 20 Oxford.

778 3178 31 19 On
820 3176 88 20 account
918 3175 22 20 of
949 3180 57 14 same
1016 3179 70 15 owner

671 3206 25 20 20
706 3204 63 20 Acres
778 3204 21 19 of
809 3202 126 20 worked-out
953 3200 54 21 bush
1023 3199 51 21 land
1089 3198 108 25 adjoining

672 3233 33 18 Mr
715 3231 70 19 Friars
795 3230 58 19 West
863 3228 84 20 Oxford.

750 3283 33 20 On
793 3282 88 20 account
891 3281 21 19 of
920 3281 35 19 Mr
964 3280 57 19 John
1030 3278 88 19 Fisheb.

671 3321 42 19 His
723 3319 95 21 valuable
828 3317 64 20 Stone
903 3316 80 24 Quarry
993 3315 21 19 at
1023 3314 56 19 View
1088 3312 45 20 Hill
1150 3317 47 15 con-

672 3346 83 24 taining
766 3345 35 20 the
810 3344 45 19 best
865 3342 94 24 building
968 3342 60 19 stone
1037 3340 22 19 in
1069 3338 130 25 Canterbury

671 3373 50 19 with
731 3372 26 20 20
766 3371 63 19 Acres
839 3370 21 19 of
868 3368 61 20 Land
939 3374 28 13 on
985 3366 68 21 which
1072 3364 57 20 there
1147 3364 19 19 is
1184 3370 13 14 a

670 3405 57 15 seam
737 3398 22 21 of
767 3396 127 21 Limestone.

672 3477 189 34 JOHN
892 3470 304 38 INGEAM

816 3542 236 27 AUCTIONEER,

752 3600 365 36 OXFORD.

132 164 218 23 CALEDONIAN
383 163 125 20 HOUSE.

55 216 213 46 JAMES

143 278 84 28 BOOT;
248 276 86 31 SHOE,
346 276 24 26 &
381 274 121 27 SLIPPER

205 314 253 30 Manufacturer

55 365 210 34 WEST
287 362 291 34 OXFORD

54 410 53 23 Has
125 417 33 16 on
169 407 68 24 hand
247 415 15 15 a
273 405 112 32 splendid
401 405 145 23 assortment
558 403 27 24 of

54 443 75 23 Boots
141 441 49 24 and
203 440 75 24 Shoes
289 438 71 24 made
372 445 32 16 on
415 437 43 24 the
464 436 117 31 premises

54 477 26 22 at
91 474 78 31 prices
180 473 55 24 that
246 471 55 31 defy
308 470 163 31 competition.
506 469 65 30 Boys

56 506 87 26 School
153 506 82 26 Boots,
247 503 62 25 back
320 510 78 17 seams
407 502 18 23 &
437 502 65 23 front
514 501 67 23 hand

54 547 71 20 sewn,
134 539 89 23 cannot
230 537 28 23 be
266 535 134 30 surpassed.
435 534 80 23 Men's
527 533 54 23 best

52 570 151 31 •watertiglits
214 568 92 32 pegged
317 569 59 27 15/-,
411 565 108 31 Bespoke
538 565 40 24 de-

52 604 124 31 partment
193 601 114 27 carefully
324 599 114 24 attended
456 600 33 22 to.
539 598 41 23 Fit

52 636 49 24 and
106 633 186 29 Workmanship
298 630 167 26 Guaranteed.'
478 631 101 29 Eepairs

52 668 83 31 neatly
142 667 49 24 and
197 664 122 33 promptly
326 664 62 24 done
400 665 26 22 at
437 662 142 24 reasonable

52 702 87 30 prices.

103 892 160 33 TIMBER
284 889 246 32 MERCHANT.

53 1014 119 39 FOREST
189 1012 67 39 SAW
273 1010 105 39 MILLS,
397 1009 79 37 VIEW
493 1007 81 38 HILL

132 1064 137 33 WEST
299 1060 195 33 QXFCMEU).

52 1181 121 29 Timber
191 1181 53 28 cut
265 1180 33 25 to
318 1185 60 29 any
408 1172 166 31 dimension

51 1230 33 27 at
97 1226 53 29 the
165 1224 141 31 Shortest
325 1220 118 34 Notice,
470 1217 60 30 and
544 1219 32 26 at

192 1275 119 29 Lowest
331 1271 101 30 Rates.

70 1533 483 47 COACHBUILDER,

282 1639 57 20 AND

48 1722 519 56 UNDERTAKER

103 1846 142 40 EAST
269 1840 236 42 OXFORD

163 1959 119 28 COALS!
318 1955 120 27 COALS!
454 1957 5 22 !

51 2028 141 26 Newcastle,
226 2024 130 30 Westport,
397 2018 176 32 Coalpitlieatli,

219 2056 119 27 Malvern,
355 2053 50 24 and

82 2090 174 27 Blacksmiths'
275 2089 111 23 Bruuner
403 2085 63 23 Nuts
476 2082 66 24 Coal.

51 2156 150 22 FIBEWOOD
215 2154 23 20 in
251 2153 92 24 Lengths
356 2151 22 19 to
392 2148 47 21 Suit
458 2146 116 21 CLIENTS

119 2214 86 25 ggp°AT
219 2212 85 21 Lowest
317 2211 102 19 Current
432 2207 78 19 Ratb3.

52 2275 21 24 A
80 2275 158 29 (Conveyance
244 2272 77 22 meets
328 2275 69 23 every
404 2266 80 37 train._
495 2263 81 25 Goods

64 2306 119 32 conveyed
194 2306 25 22 to
231 2310 70 22 every
308 2303 54 29 part
373 2299 26 25 of
409 2299 42 23 the
462 2296 102 24 district.

109 2338 99 25 Booked
218 2335 91 32 parcels
320 2331 120 27 delivered
451 2331 62 23 Free

165 2368 86 25 within
267 2367 43 23 the
325 2363 122 31 Borough.

52 2402 158 28 Commercial
237 2398 142 25 Travellers'
407 2394 171 32 requirements

80 2437 49 24 will
140 2435 92 24 receive
241 2432 32 24 all
285 2437 129 22 necessary
421 2427 129 26 attention.

121 2477 76 33 W
225 2475 63 32 A-
307 2470 206 35 BUBT-

151 2517 169 28 GENERAL
338 2513 159 28 CARRIER,

54 2564 91 26 COAL
160 2564 18 23 &
190 2558 181 30 FIREWOOD
382 2554 197 28 MERCHANT,

247 2604 133 23 Rangiora.

56 2682 86 26 Orders
150 2689 57 23 may
219 2680 30 25 be
257 2679 43 24 left
308 2679 25 23 at
345 2677 40 24 Mr
392 2675 26 26 0.
429 2675 22 25 1.
460 2673 121 31 Jennings

171 2712 129 28 Stationer,
322 2709 129 32 Rangiora.

289 3007 57 21 AND

76 3056 496 47 PERAMBULATOR

56 3130 523 46 MANUFACTURER,

99 3204 171 35 QUEEN
323 3200 213 31 STREET,
592 3214 3 10 •.

56 3265 183 38 EAST
280 3261 292 36 OXFORD

57 3503 44 33 J.
131 3498 448 37 SPILLEE-^

56 3578 113 28 removed
180 3578 62 23 irora
258 3576 113 25 Colombo
387 3575 37 25 St.
444 3577 26 22 to
491 3575 90 24 Oxford

66 3624 102 24 Terrace
179 3620 65 25 close
255 3620 26 23 to
293 3618 86 24 Cashel
392 3617 78 25 Street
482 3617 90 31 Bridge

180 3660 273 29 CERISTCHURCH.

89 3743 115 27 Cabinets
223 3743 31 25 10
266 3739 113 31 shillings
392 3744 41 24 per
445 3736 85 25 dozen.
