3300 4360
185 149 419 115 Hot
744 149 697 115 Lakes
1581 149 1395 115 Chronicle.

713 414 497 42 TOURISTS'

458 526 452 92 Circulating
931 528 456 88 throughout
1409 528 127 69 the
1560 529 289 72 Tourist
1895 533 302 73 Resorts
2245 540 80 68 of
2359 541 127 68 the
2531 541 267 72 World.

74 678 61 19 VOL.
150 680 19 16 4.
199 679 40 18 No.
254 680 45 17 206.

1224 681 138 22 EOTORUA,
1378 681 59 20 N.Z.,
1455 680 184 23 WEDNESDAY,
1657 681 156 20 NOVEMBER
1828 684 29 21 11,
1876 684 47 18 1896

2844 696 133 21 PBICE—T]
2984 696 116 25 IKEEPEN
3105 702 33 19 CE.

139 823 48 25 Do
200 823 56 25 not
269 822 119 28 Forget

100 934 167 20 CURIOSITY
286 933 81 19 SHOP
385 932 48 18 and
458 929 27 31 f|l

71 953 2 31 ,!
195 962 141 22 MUSEUM,

53 992 21 42 I]
124 1003 114 24 Opposite
245 1001 79 20 Grand
331 1000 78 23 Hotel,
458 1004 27 17 m

51 1042 212 23 HPRTNfiFRRT
283 1040 149 25 niir.KLRNI

138 1166 140 17 lIS.SUFS6
304 1165 94 16 iAiITH

52 1201 136 18 THESOUTH
198 1199 98 18 BRITISH
301 1199 58 16 FIRE
365 1198 13 17 &
386 1197 100 17 MARINE

126 1223 42 16 Coy.
179 1222 30 16 OF
219 1221 56 17 NEW
283 1220 121 17 ZEALAND.

51 1249 1 20 i
59 1256 66 13 -.ini.vi,
381 1249 104 19 £1,900,000

94 1281 97 18 Unlimited
205 1281 74 20 liability
288 1280 18 15 of
313 1279 129 18 Shareholders,

52 1304 54 19 Being
115 1309 9 10 u
135 1303 76 16 Colonial
225 1302 102 16 Institution
341 1300 63 16 Profits
417 1305 29 11 aro
458 1299 18 16 in-

201 1324 58 16 vested
266 1322 68 21 locally.

51 1348 5 15 1
61 1347 39 16 Toad
117 1347 58 18 Office,
394 1342 92 18 Auckland

51 1368 50 17 Local
111 1369 53 18 agent
343 1365 11 16 J
371 1364 28 18 W.
407 1363 79 21 Wrigley

54 1434 162 43 ROTORUA
239 1434 90 41 BOOT
352 1433 24 41 &
395 1432 92 42 SHOE

205 1499 126 42 DEPOT,

54 1894 14 18 A
89 1893 68 26 Large
177 1893 61 21 Stock
259 1894 21 18 of
296 1892 96 23 Gorman,
408 1888 79 21 French

120 1920 41 19 and
171 1919 93 20 Colonial
273 1919 63 19 Boots
346 1918 77 24 always

216 1947 21 18 in
256 1945 66 20 .Stuck.

56 1984 69 20 BEST
132 1984 155 19 MATERIAL.
324 1982 16 19 15
347 1980 46 21 EST
403 1980 86 20 WORK

52 2104 164 24 Hand-sewn
228 2103 78 23 Boots
316 2109 15 16 a
348 2100 138 30 Specialty.

160 2224 219 35 HAHAKU

51 2265 74 41 SAW
141 2265 26 41 &
193 2264 154 40 PLANING
367 2261 119 42 MILLS,

212 2370 42 14 THE
267 2370 53 13 OXLY

53 2395 135 22 GENUINE
203 2396 59 19 DRY
280 2394 78 20 LAND
376 2393 113 20 TIMBER

158 2427 29 18 IN
200 2426 53 17 THE
266 2424 115 19 MARKET.

64 2473 118 43 MESSRS
201 2472 100 18 KUSABS
318 2471 72 18 EROS,
404 2471 38 22 beg
459 2476 20 11 re-

129 2493 103 28 spectfully
237 2497 20 19 to
265 2495 69 20 infonn,
345 2495 31 18 the
390 2494 67 17 Public
470 2493 20 18 of

52 2520 79 17 Rutorua
139 2520 33 15 and
185 2519 72 21 vicinity
266 2519 39 16 lhat
313 2520 40 19 they
369 2518 44 15 have
429 2519 49 14 estab-

52 2542 55 16 lished
116 2548 9 9 a
136 2542 43 20 yard
187 2541 17 16 in
219 2540 126 19 Hiuenioa-st.,
354 2540 34 14 and
404 2544 31 10 can
450 2544 39 10 now

52 2565 63 19 supply
124 2563 30 16 the
161 2562 52 17 finest
221 2562 44 16 class
278 2561 20 16 of
311 2560 84 20 Building
409 2560 80 16 Materiul

53 2585 16 16 iu
78 2586 30 15 the
117 2584 74 19 Market,
208 2584 18 15 If.
235 2583 14 16 is
256 2588 27 11 un<
290 2582 68 23 quailed
367 2582 18 16 in
394 2580 95 21 durability

52 2607 34 15 and
95 2607 107 20 impervious
211 2607 16 13 to
237 2607 29 13 the
274 2605 68 15 attacks
357 2603 19 16 of
390 2603 49 16 borer
454 2603 35 14 and

53 2628 30 20 dry
96 2631 32 13 rot.
153 2626 52 17 Their
213 2626 85 16 sawmills
305 2631 29 10 are
342 2625 50 16 fitted
402 2624 42 16 with
460 2624 29 15 the

52 2652 44 12 must,
106 2648 69 17 modern
185 2648 99 20 appliances
294 2647 33 15 and
338 2647 27 15 the
374 2647 38 15 firm
426 2646 14 15 i-<
451 2645 38 15 able

52 2674 18 12 to
86 2671 63 19 supply
166 2674 34 16 any
216 2669 82 23 quantity
314 2669 18 14 of
348 2667 37 22 Dry
405 2667 84 19 Building

52 2692 82 15 Material
143 2697 21 10 on
174 2692 29 15 the
212 2693 74 13 shortest,
295 2690 60 16 notice.

54 2743 142 29 Skirtings,
204 2741 181 27 Architraves,
390 2739 83 24 Mould-

89 2779 68 28 ings,
170 2778 51 23 and
231 2777 112 23 Dressed
352 2777 104 22 Timber

119 2817 28 24 of
157 2824 80 22 every
252 2816 167 29 description,

147 2861 110 27 Always
268 2866 33 15 on
311 2859 84 22 Hand.

78 2894 121 25 HENATJ
211 2894 107 23 HOUSE
331 2892 130 23 BLOCKS.

74 2944 50 15 Trice
133 2943 48 16 Lists
189 2948 21 10 on
219 2941 104 21 application
335 2943 17 13 to

55 2976 226 34 KUSABS
318 2974 151 33 BB.OS
488 2974 3 36 .

129 3028 118 17 MAMAKU
261 3032 26 12 on
299 3025 114 20 OHATJPO,

183 3066 27 17 Or
219 3065 20 18 at
247 3065 32 17 the
292 3064 68 19 Yards,

77 3101 126 19 HINEMOA
216 3100 101 21 STREET,
338 3099 129 19 ROTORUA,

153 3236 21 10 u
197 3229 28 17 vj
244 3228 30 14 w
294 3229 35 13 -kt
346 3228 33 14 rrr
449 3227 28 18 x>

162 3278 104 19 FENTON
284 3277 102 21 STREET,

151 3330 100 19 Opposite
299 3329 80 17 Gkaxd.

101 3412 14 17 ~<
138 3412 16 17 E
168 3412 22 16 O.
212 3410 49 22 ivr
278 3410 14 18 c
315 3411 17 21 A
359 3409 75 18 Cili

58 3490 123 24 Plumber
198 3489 22 22 &
231 3487 111 24 General
355 3487 138 23 Mechanic

106 3653 137 44 HORACE
265 3652 179 42 STEWART,

68 3723 99 20 iADDLE,
182 3720 125 20 HARNESS,
322 3720 53 18 AND
393 3720 101 19 COLLAR

230 3752 99 20 MAKER,

102 3793 182 23 FENTON-ST.,
299 3792 153 19 ROTORUA.

60 3860 104 21 Saddles,
182 3857 95 22 Bridles,
292 3856 94 22 Collars,
402 3856 91 22 Chains,

82 3892 56 22 Bits,
146 3891 81 23 Spurs,
235 3888 104 19 Harness
353 3887 68 26 Soap,
430 3887 40 20 &c.

82 3956 120 21 Coachalino,
212 3961 11 11 it
239 3951 114 25 waterproof
370 3952 126 23 preservative

59 3982 30 18 for
97 3981 26 17 all
132 3979 55 19 kinds
197 3977 19 20 of
228 3977 78 18 loathor,

84 4012 85 21 Axloine,
188 4016 11 12 a
212 4009 72 23 perfect
300 4006 96 20 lubrinunt
411 4007 29 17 for
454 4013 31 11 car-

59 4037 67 21 riages,
137 4038 98 20 waggons,
246 4033 31 17 &c,

82 4067 73 18 Collars
164 4065 55 19 made
232 4065 20 17 to
266 4067 86 13 measure
365 4067 25 11 on
407 4061 32 19 the
452 4067 33 17 pro-

59 4091 56 17 mises
124 4097 11 11 ti
143 4088 104 24 speciality.
285 4084 126 25 Lpngthonod
422 4084 64 22 experi-

58 4120 45 12 ence
112 4113 19 18 in
141 4112 25 19 all
176 4112 68 17 classes
252 4110 21 17 of
278 4106 94 21 Saddler's
381 4108 59 18 work.
465 4107 33 18 All

59 4137 65 18 orders
134 4134 98 24 promptly
240 4131 90 20 attended
343 4131 27 19 to.

64 4186 76 24 Agent
150 4185 35 19 for
194 4184 29 20 H.
233 4183 28 19 H.
273 4180 113 23 Howden,
400 4179 82 19 Watch-

83 4210 81 22 maker
171 4207 45 19 and
223 4205 112 25 Jeweller,
343 4202 129 23 Hamilton,

799 912 281 49 ROTORUJI,
1127 912 126 45 .NEW
1288 910 275 46 ZEJILJWD.

509 999 37 43 I)
554 999 109 19 GTORTTA.
665 999 68 19 —This
741 1001 105 17 wonderful
853 1001 75 19 district
935 1002 16 18 is
959 1001 130 24 unparalleled
1096 1002 20 17 in
1125 1002 32 17 the
1165 1001 71 18 known
1244 1001 59 18 world
1312 1001 30 17 for
1350 1001 32 17 the
1391 1000 81 18 number
1480 1001 37 17 and
1526 1001 72 22 variety
1609 1001 19 17 of
1637 1001 24 18 its
1670 1001 88 18 Thermal
1768 1001 83 23 Springs.

533 1022 19 19 \i
577 1023 25 16 As
612 1028 10 12 a
632 1022 64 18 health
705 1025 60 15 resort
773 1023 24 19 its
805 1025 110 23 popularity
922 1025 16 18 is
947 1025 75 23 rapidly
1030 1025 112 23 increasing,
1152 1025 38 16 and
1202 1025 44 19 that
1259 1024 80 22 entirely
1357 1030 24 11 on
1394 1024 24 17 its
1437 1030 42 11 own
1496 1025 70 19 merits,
1585 1029 19 12 as
1620 1024 84 18 hitherto
1721 1025 82 22 nothing
1820 1025 33 17 has

508 1046 47 17 been
564 1045 48 18 done
620 1045 21 18 in
648 1045 34 18 the
689 1051 44 18 way
741 1047 20 16 of
769 1048 122 23 advertising.

531 1069 86 17 Patients
626 1069 90 22 suffering
725 1069 48 18 from
782 1070 86 23 Chronic,
879 1073 101 18 Articular,
990 1072 37 16 and
1035 1071 98 17 Muscular
1141 1070 128 22 rheumatism,
1279 1070 57 21 Gout,
1346 1070 103 18 Rhumatic
1456 1070 56 19 Gout,
1527 1070 46 18 Slrin
1581 1070 91 20 Diseases,
1690 1071 87 20 Sciatica,
1794 1070 45 19 Lum-

510 1092 54 23 bago,
583 1092 110 22 Neuralgia,
710 1093 86 19 Nervous
812 1094 126 21 Exhaustion,
956 1095 78 17 Uterine
1051 1095 99 20 Ailments,
1168 1094 38 17 and
1222 1094 55 22 tardy
1294 1094 141 18 convaloscense
1453 1094 49 17 from
1518 1095 55 17 acute
1590 1093 79 18 diseases
1686 1100 44 16 may
1746 1094 39 23 rely
1804 1100 49 17 upon

508 1116 100 22 obtaining
616 1115 90 17 immense
714 1116 60 20 relief,
783 1117 38 18 and
829 1119 20 16 in
856 1119 32 16 the
897 1117 90 23 majority
997 1118 19 17 of
1025 1123 50 12 cases
1084 1124 11 11 a
1103 1117 93 23 complete
1205 1122 49 13 cure.

531 1176 54 17 THE
597 1175 111 18 PRIEST'S
718 1176 76 20 BATH.
795 1178 68 18 —This
872 1178 16 18 is
896 1178 87 23 strongly
992 1178 47 18 acid,
1054 1178 112 20 aluminous,
1183 1178 79 22 sulphur
1277 1178 65 19 water,
1361 1177 65 23 acting
1443 1183 20 12 as
1480 1183 11 11 a
1507 1177 93 23 powerful
1617 1178 42 17 skin
1676 1178 104 18 stimulant.
1814 1178 41 18 Hot

508 1199 38 18 and
555 1199 42 17 cold
606 1199 87 21 showers,
703 1199 37 17 and
750 1200 81 18 douches
839 1208 31 10 are
879 1201 90 23 provided
978 1202 38 17 and
1024 1201 127 22 comfortably
1159 1201 87 17 enclosed
1254 1201 86 22 dressing
1349 1206 62 12 rooms

531 1222 115 19 MADAME
667 1223 125 19 RACHEL'S
813 1225 145 17 BATH.—This
967 1224 105 19 celebrated
1082 1225 70 21 Spring
1159 1223 17 19 is
1185 1230 10 11 a
1210 1224 62 17 Saline
1286 1225 59 16 water
1359 1224 47 17 with
1422 1223 91 21 Silicates,
1528 1224 38 17 and
1578 1225 34 16 has
1629 1230 25 11 an
1667 1224 82 17 alkaline
1765 1225 88 17 reaction.

508 1246 39 17 The
557 1248 58 15 water
623 1246 15 16 is
647 1246 40 17 also
696 1252 22 11 us
724 1246 18 18 id
750 1247 101 23 internally
861 1249 29 16 for
898 1249 25 16 its
931 1247 97 18 beneficial
1037 1248 63 17 action
1109 1253 24 12 on
1142 1248 33 16 the
1183 1247 85 22 kidneys.

532 1270 53 16 THE
606 1269 69 17 BLUE
695 1269 145 19 BATH.—This
856 1272 16 16 is
888 1272 33 16 the
936 1271 73 22 largest
1024 1271 76 17 natural
1117 1270 108 23 swimming
1241 1270 46 17 hath
1301 1270 20 17 in
1336 1270 32 17 the
1385 1270 95 18 Southern
1488 1270 130 23 Hemisphere.
1645 1271 19 17 It
1674 1270 68 18 affords
1750 1271 105 17 rheumatic

508 1293 82 16 invalids
598 1298 11 12 a
618 1298 64 11 means
691 1293 19 16 of
719 1293 68 21 taking
794 1295 81 21 painless
884 1295 87 19 exorcise,
982 1295 61 16 which
1051 1295 46 21 they
1105 1293 69 23 highly
1183 1293 111 23 appreciate.

532 1316 53 17 THE
594 1316 124 17 SULPHUR
726 1316 105 19 VAPOUR
839 1317 146 19 BATH.—This
992 1317 15 17 is
1013 1324 10 11 a.
1029 1317 77 17 natural
1111 1317 34 18 hot
1150 1323 79 16 vapour,
1235 1317 67 21 highly
1309 1316 82 22 charged
1397 1316 46 17 with
1450 1316 79 22 sulphur
1538 1323 59 16 gases,
1611 1317 104 17 conducted
1730 1317 40 18 into
1785 1323 11 11 a
1810 1323 33 17 pro-

508 1339 54 22 perly
571 1339 120 17 constructed
697 1339 57 20 chest,
762 1340 19 16 in
788 1341 60 18 which
855 1341 32 16 the
894 1342 32 15 the
931 1341 74 22 patient
1011 1341 38 19 sits,
1057 1341 56 16 while
1121 1340 78 23 sulphur
1205 1340 19 17 in
1230 1345 23 12 an
1259 1340 114 21 impalpable
1381 1340 48 19 form
1436 1339 15 18 is
1456 1340 58 22 being
1521 1340 106 22 constantly
1634 1340 97 22 deposited
1737 1346 24 11 on
1768 1340 31 17 the
1807 1340 46 19 skin,

533 1362 53 18 THE
606 1362 59 17 NEW
686 1363 123 18 SULPHUR
829 1364 146 17 BATH.—This
987 1364 15 17 is
1016 1370 10 10 a
1039 1370 45 15 very
1096 1365 67 20 strong
1176 1363 58 17 acidic
1246 1364 58 16 water
1317 1363 20 17 of
1349 1363 47 22 high
1409 1364 133 21 temperature,
1556 1363 36 17 and
1610 1364 86 21 strongly
1713 1363 142 19 recommended

508 1386 20 17 in
545 1391 50 12 cases
613 1385 19 17 of
648 1385 123 19 rheumatism
780 1387 37 17 and
827 1387 55 18 allied
891 1387 86 17 diseases.
1002 1387 40 17 The
1049 1387 47 17 bath
1111 1387 58 17 house
1186 1387 15 16 is
1219 1386 74 17 divided
1309 1386 40 17 into
1366 1386 68 17 Ladies
1451 1387 39 16 and
1505 1387 121 17 Gentlenions
1643 1387 128 22 departments
1787 1387 37 17 and
1839 1387 16 17 is

510 1409 77 21 capable
595 1409 20 16 of
624 1408 163 24 accommodating
794 1412 35 15 400
837 1410 77 18 bathers
924 1410 56 22 daily.

533 1432 100 17 LADIES'
646 1432 59 17 NEW
715 1432 140 19 SWIMMING
867 1434 146 18 BATH.—This
1020 1434 16 17 is
1045 1439 10 12 a
1070 1434 64 18 recent
1146 1439 72 11 annexe
1227 1434 20 16 to
1255 1432 32 19 the
1296 1433 72 17 Rachel
1377 1433 93 17 Pavilion.
1496 1434 20 16 It
1524 1434 15 17 is
1548 1435 22 15 50
1580 1434 38 16 feet
1627 1434 47 19 lomr
1682 1434 25 19 by
1717 1435 21 16 24
1749 1434 39 17 feet
1800 1434 53 19 wide,

509 1455 24 18 its
543 1457 84 20 greatest
634 1455 59 22 depth
701 1455 16 18 is
726 1457 10 15 4
746 1457 37 16 feet
792 1457 37 17 and
837 1457 24 17 its
872 1457 86 23 capacity
967 1457 65 21 25,000
1042 1457 79 22 gallons.
1147 1457 19 17 It
1175 1457 15 17 is
1199 1457 51 17 filled
1263 1456 46 17 with
1319 1462 57 11 water
1385 1457 49 17 from
1445 1457 32 17 the
1486 1457 68 17 Rachel
1566 1457 59 22 Sprin.

510 1479 19 17 at
538 1485 11 10 a
558 1479 126 21 temperature
693 1479 19 17 of
722 1480 21 16 98
752 1479 83 21 degrees.

533 1502 54 17 THE
595 1498 162 21 ELECTRICAL
766 1503 252 18 DEPARTMENT.—This
1028 1503 119 23 department
1162 1503 16 17 is
1195 1503 71 22 replete
1281 1503 48 17 with
1342 1503 33 16 the
1391 1503 50 17 most
1455 1503 78 17 modern
1549 1503 107 23 appliances
1674 1504 29 17 for
1720 1504 88 22 carrying
1823 1505 32 16 out

509 1525 76 18 various
593 1526 58 16 forms
661 1526 20 16 of
689 1525 79 18 medical
776 1527 93 16 electrical
878 1528 103 15 treatment
989 1527 19 16 in
1017 1527 49 16 their
1077 1526 87 22 entirety.

534 1549 53 16 THE
592 1549 189 17 HYDROPATHIC
790 1550 114 17 PACKING
912 1550 53 18 AND
973 1550 118 17 MASSAGE
1098 1549 225 19 DEPARTMENT.—A
1330 1549 55 17 series
1391 1550 20 17 of
1417 1556 62 11 rooms
1486 1556 31 12 are
1526 1549 97 21 furnished
1632 1550 38 17 and
1679 1551 27 17 set
1713 1551 55 22 apart
1775 1550 29 17 for
1811 1550 44 18 each

510 1577 38 15 sex,
555 1571 19 18 in
581 1571 54 18 order
641 1573 19 16 to
670 1578 54 17 carry
729 1574 35 15 out
771 1573 38 17 this
814 1573 105 22 important
924 1573 80 22 adjunct
1009 1575 19 15 to
1035 1573 108 18 treatment.
1150 1573 39 17 The
1195 1574 77 16 services
1279 1573 20 17 of
1304 1579 12 11 a
1320 1573 90 23 qualified
1416 1573 96 19 Masseuse
1518 1573 38 17 and
1561 1574 85 18 Masseur
1654 1579 30 11 are
1694 1573 114 18 obtainable.

510 1628 89 17 Resident
609 1628 96 21 Engineer
713 1628 4 21 :

581 1651 116 18 CAMILLE
710 1652 131 20 MALPROY,
852 1653 46 19 Esq.

1403 1629 91 17 Resident
1502 1629 81 19 Medical
1592 1629 170 22 Superintendent:

1481 1653 103 17 ALFRED
1597 1653 120 18 GIXDERS.
1731 1653 54 17 M.D.

1484 1785 56 40 TV
1559 1785 80 40 A.

719 1898 58 23 Two
790 1898 69 23 miles
874 1898 74 31 front
967 1898 121 28 Rotorua,
1111 1897 133 33 adjoining
1259 1897 150 30 interesting
1419 1897 83 23 native
1513 1898 142 23 settlement.

1033 2055 68 23 PA
1126 2054 24 24 T
1164 2055 25 23 R
1210 2053 21 25 O
1248 2053 33 25 N
1298 2054 21 23 S
1329 2062 9 17 ;

653 2095 55 19 Earl
732 2095 27 18 of
780 2094 106 23 Kintore,
914 2094 54 18 Earl
992 2094 26 18 of
1041 2095 100 21 Onslow,
1164 2094 103 24 Marquis
1288 2094 27 19 of
1333 2093 130 26 Drogkeda,
1486 2093 62 19 Lord
1568 2093 147 23 Carrington.

512 2128 89 18 nnTIIS
614 2128 94 18 HOTEL
718 2127 37 18 has
765 2127 89 22 recently
865 2127 51 18 been
926 2126 142 25 considerably
1078 2126 102 23 enlarged,
1192 2126 115 23 renovated,
1319 2126 40 19 and
1370 2126 130 18 refurnished
1510 2125 114 26 regardless
1634 2126 20 18 of
1670 2132 93 18 expanse,
1784 2126 40 18 and
1839 2126 16 18 is

527 2148 7 27 |
580 2154 71 24 widely
662 2154 73 19 known
747 2154 32 18 for
788 2154 27 18 its
825 2152 99 20 excellent
935 2152 177 20 accommodation.
1124 2152 87 23 Cuisine,
1224 2153 34 18 &c.

889 2187 73 23 Here
975 2195 45 15 are
1032 2187 40 24 the
1086 2187 81 31 Chief
1175 2187 87 32 Sights
1273 2187 32 32 of
1312 2187 41 23 the
1365 2187 119 23 District.

642 2230 46 18 The
697 2229 140 19 Wonderful
847 2229 81 19 Steam
937 2229 46 18 and
992 2229 48 18 Hot
1049 2228 84 19 Water
1141 2228 129 24 Petrifying
1279 2228 99 23 G-eysers
1394 2229 79 22 playing
1486 2229 65 20 nearly
1570 2228 31 17 100
1619 2228 38 17 feet
1672 2228 53 21 high.

511 2253 132 24 Petrifying
652 2253 105 23 Geysers,
769 2253 129 18 Cauldrons
908 2252 26 18 of
940 2252 91 23 Boiling
1039 2252 57 18 Mud
1105 2252 46 17 and
1162 2252 41 18 Oil.
1230 2252 75 24 Spout
1314 2252 65 22 Bath,
1392 2251 35 18 Oil
1436 2252 66 22 Bath,
1512 2251 71 18 Alum
1592 2251 60 18 Bath
1662 2251 19 18 &
1696 2251 79 18 Jack's
1788 2251 66 18 Bath.

512 2278 81 19 Known
603 2278 32 17 for
642 2277 34 18 the
684 2277 153 23 extraordinary
846 2283 57 12 cures
911 2278 20 17 of
941 2275 149 25 Kheumatisni,
1102 2276 118 24 .Neuralgia,
1232 2276 112 24 Lumbago,
1353 2276 92 23 Sciatica,
1454 2275 88 24 Kidney,
1555 2274 60 19 Liver
1623 2274 41 19 and
1670 2275 59 18 other
1737 2275 118 25 complaints

629 2311 42 47 C.
698 2312 40 45 E.

923 2367 104 26 Guide

1323 2366 125 32 Sophia.

1460 2309 279 56 Proprietor.

933 2530 40 23 On
997 2531 38 22 the
1060 2530 90 23 Direct
1174 2531 80 23 Route
1274 2533 23 21 to
1317 2530 119 24 Roionia-

748 2572 45 18 For
810 2572 107 21 Scenery,
933 2570 109 19 Curative
1054 2570 132 24 Properties
1195 2571 26 18 of
1227 2570 39 21 the
1276 2570 73 19 Baths
1359 2571 46 18 and
1413 2570 207 21 accommodation,

657 2603 122 27 EXCEL
810 2602 70 26 ALL
913 2601 140 26 PLACES
1085 2602 46 25 OF
1161 2602 73 25 THE
1268 2603 88 24 KIND
1390 2603 32 25 IN
1454 2603 74 25 THE
1561 2602 160 26 COLONY.

538 2671 66 18 These
616 2669 92 26 Springs,
719 2667 66 21 which
795 2667 31 19 for
838 2667 53 19 their
910 2666 95 20 Curative
1016 2666 116 26 Properties
1143 2666 40 19 and
1193 2666 137 19 Comfortable
1340 2666 97 25 Fittings,
1448 2667 52 18 have
1512 2666 50 19 been
1579 2667 130 25 pronounced
1724 2667 28 25 by
1768 2667 27 19 all
1812 2667 44 19 who

512 2697 53 19 have
584 2696 75 19 visited
678 2695 55 19 t.hem
750 2699 75 14 second
843 2699 23 13 to
885 2697 53 15 none
955 2698 23 13 iw
994 2692 52 19 New
1063 2692 106 21 Zealand.
1197 2692 42 19 The
1253 2698 109 13 numerous
1373 2692 134 19 testimonials
1518 2692 91 19 received
1620 2699 21 12 as
1654 2695 19 16 to
1684 2693 54 19 their
1748 2700 57 12 cures
1815 2693 41 20 and

512 2723 85 19 comfort
609 2721 75 20 should
703 2721 26 18 be
746 2720 98 19 sufficient
863 2721 21 16 to
900 2718 73 19 induce
987 2718 92 19 Tourists
1095 2718 41 19 and
1149 2719 67 18 others
1233 2720 20 17 to
1263 2718 47 19 visit
1322 2718 62 19 them.
1413 2718 32 19 No
1456 2722 58 15 extra
1523 2718 74 26 charge
1609 2719 16 18 is
1635 2719 60 18 made
1705 2719 31 20 for
1747 2719 33 20 the
1791 2726 34 13 use
1836 2720 20 19 of

512 2749 35 19 the
558 2749 60 19 baths
629 2751 20 15 to
659 2753 84 20 persons
753 2746 82 25 staying
844 2747 21 17 at
875 2745 35 18 the
919 2744 62 19 hotel.

832 2791 82 26 THE
940 2778 532 41 OEQRraRE~SANATORIUM

539 2838 23 19 Is
571 2836 109 21 connected
690 2835 50 19 with
750 2835 35 18 the
795 2833 135 25 Telegraphic
940 2834 74 23 system
1025 2833 21 18 of
1056 2833 34 18 tho
1101 2832 82 25 Colony,
1194 2833 33 18 the
1235 2833 115 24 Telegraph
1362 2833 61 19 Office
1434 2833 107 25 adjoining
1552 2833 34 19 the
1597 2833 69 20 Hotel,
1696 2833 35 19 All
1738 2834 118 25 Telograms

513 2864 102 26 promptly
625 2862 79 25 replied
713 2865 27 15 to.

539 2890 96 22 Coaches,
648 2888 98 25 Buggies,
758 2887 40 19 and
809 2885 141 24 Conveyances
960 2885 20 17 of
992 2884 26 19 nil
1027 2884 61 18 kinds
1107 2885 57 17 leave
1182 2885 40 17 this
1240 2884 62 18 Hotel
1319 2891 24 11 on
1363 2885 111 24 Tuesdays,
1495 2884 124 26 Thursdays,
1637 2885 41 19 and
1698 2885 118 25 Saturdays,
1836 2892 21 12 or

513 2917 55 22 daily
578 2916 17 19 if
606 2915 102 24 required.
750 2913 88 19 Persons
857 2918 25 12 en
900 2913 58 16 route
977 2911 32 18 for
1026 2910 92 19 Kotoruu
1133 2917 33 11 are
1186 2910 102 19 therefore
1308 2910 86 20 enabled
1415 2914 19 15 to
1453 2911 48 19 visit
1511 2911 34 19 tho
1562 2911 91 19 wonders
1662 2911 21 20 of
1698 2911 103 24 Okoroiro,
1817 2912 39 19 and

513 2943 61 16 PTiiov
585 2942 34 17 the
630 2940 90 19 Natural
729 2939 44 19 Hot
783 2938 65 19 Baths
858 2937 39 19 and
906 2944 11 11 a
927 2936 57 23 day's
995 2939 40 16 rest
1044 2936 94 23 previous
1150 2940 19 14 to
1181 2935 138 24 undertaking
1329 2943 12 12 a
1350 2937 88 22 -journey
1448 2939 20 16 to
1479 2937 35 19 the
1524 2937 73 19 Lakes.

1072 2984 84 16 THIS
1181 2985 120 16 HOTEL

686 3017 45 19 Has
739 3015 89 24 recently
839 3015 49 17 been
900 3012 85 24 erected,
995 3012 38 19 and
1048 3013 17 18 is
1075 3012 77 26 replete
1163 3014 48 17 with
1228 3020 59 16 every
1298 3014 85 17 comfort
1394 3014 32 18 for
1435 3014 92 18 Tourists
1538 3013 38 19 and
1587 3014 98 18 Invalids.

543 3045 65 19 Note.
637 3043 92 19 Tourists
738 3044 21 16 to
769 3038 103 26 Potorua!
900 3039 29 18 Be
940 3045 46 12 sure
999 3041 21 16 to
1036 3038 48 19 take
1103 3045 51 18 your
1172 3040 30 17 mi
1211 3046 43 18 way
1274 3039 73 19 tickets
1365 3040 32 18 for
1414 3039 114 20 Okokoibe.
1566 3039 141 25 Conveyances
1722 3042 53 17 meet
1794 3040 63 19 trains

515 3071 103 24 Okoroire,
630 3070 95 24 carrying
735 3073 121 21 passengers
865 3069 21 15 to
896 3065 64 18 Hotel
969 3065 44 18 froo
1027 3064 21 19 of
1058 3065 81 23 charge.

689 3104 21 23 T
778 3099 136 28 riTT
938 3099 203 28 I(flI-TIM
1255 3125 17 2 _
1372 3125 16 2 _
1484 3099 240 28 Wn«ftn.A4i

774 3434 243 43 EXPRESS
1054 3434 136 38 LINE
1224 3435 70 41 OF
1332 3436 265 38 COACHES.

517 3493 228 59 Carrying
765 3490 96 46 JKer
887 3486 252 56 Majesty's
1176 3486 134 46 .Mails
1343 3499 51 34 as
1433 3499 82 44 per
1545 3488 311 55 Time-tables,

679 3558 274 24 TAURANGA-ROTORITA
965 3557 70 18 LINE,

671 3595 68 22 depart
784 3591 87 22 Tuesday
879 3589 38 17 and
926 3588 93 23 Saturday
1076 3589 10 16 8
1096 3594 43 12 a.m.

669 3619 61 20 arrive
817 3628 11 8 „
972 3625 12 8 »
1034 3612 52 16 10-30
1095 3617 44 12 a.m.

669 3642 68 22 depart
817 3652 11 7 „
972 3648 12 7 »
1034 3634 51 18 10.40
1095 3639 44 13 a.m.

671 3666 61 17 arrive
817 3674 11 9 „
972 3671 11 8 •■
1076 3660 4 23 (
1081 3663 58 17 >P-'»-

668 3689 68 19 depart
781 3684 87 22 Monday
883 3681 38 18 and
937 3681 71 21 Friday
1075 3680 9 19 7
1094 3686 44 12 a.m.

667 3712 60 18 arrive
815 3721 11 7 „
970 3717 11 8 ..
1031 3703 53 18 12.30
1092 3708 46 17 p.m.

666 3735 69 22 depart
749 3726 3 31 •
814 3744 12 8 „
970 3740 11 7 »
1031 3726 51 18 12-45
1092 3731 46 18 P-«.

668 3758 61 15 nrrive
812 3766 12 7 „
968 3763 11 8 ■-
1042 3749 41 17 3.10
1092 3754 46 18 p.m.

1188 3589 83 17 Rotorua

1188 3612 97 17 Atcamuri

1188 3634 92 20 Wairakai

1188 3658 68 22 Taupo,

1187 3681 69 22 Taupo,

1186 3703 94 18 Wairakoi

1187 3726 102 21 Atoamuri,

1186 3749 90 21 Rotorua,

1365 3558 217 18 ROTORUA-TATJPO
1599 3559 69 17 LINE,

1327 3589 68 22 depart
1442 3589 118 24 Wednesday
1576 3591 38 17 and
1635 3590 96 23 Saturday

1443 3681 99 24 Thursday
1556 3681 38 18 and
1610 3681 85 23 Monday

685 3810 124 36 Special
823 3809 230 29 Conveyances
1065 3805 158 31 arranged
1235 3805 49 27 tor
1297 3804 34 25 at
1343 3804 54 25 the
1411 3804 146 27 Shortest
1569 3805 121 25 Notice.

842 3842 199 30 STABLES:
1059 3841 170 26 Tutanekai
1257 3841 112 30 Street,
1392 3841 142 26 Rotorua.

681 3891 113 33 Buggies,
812 3885 118 33 ©oaefyes
947 3883 51 33 <3i?cd
1015 3882 96 29 <§addle
1130 3882 93 32 %r§e§
1238 3890 32 24 orj»
1287 3881 52 32 tyre
1356 3890 32 22 ei?
1405 3881 46 33 tf?e
1605 3881 94 33 Notice.

1002 3923 130 18 TER7WS
1159 3923 216 18 7UtODEFe7=CTf3.

867 3956 144 31 Telegrams
1023 3953 54 25 and
1085 3953 101 24 Letters
1193 3951 150 33 punctually
1356 3951 117 26 attended
1482 3955 29 22 to,

518 4037 30 24 ■NT
560 4036 28 26 b
631 4031 115 28 Please
758 4026 75 26 note
845 4022 133 28 address

640 4073 61 64 e.
750 4058 459 75 ROBERTSON
1256 4058 48 63 &
1339 4058 127 66 CO.,
1504 4064 234 47 Rotorua.

848 4139 307 49 contractor's
1179 4132 75 47 for
1268 4132 183 48 .Messrs
1470 4132 46 45 T.
1539 4130 126 49 Cook.
1685 4132 48 48 &
1753 4133 105 47 Son.

2071 986 37 19 Six
2117 987 58 19 miles
2184 988 52 19 from
2246 988 56 19 Lake
2312 988 71 27 Taupo
2394 990 101 25 (Eotorua
2504 992 58 24 side.)

2052 1049 180 27 SUPERIOR
2253 1052 332 30 ACCOMMODATION.

2076 1105 51 18 ALL
2139 1106 52 17 THE
2204 1106 134 19 COSIFOBTS
2351 1108 33 18 OP
2396 1110 16 16 A
2425 1109 76 19 HOME

2123 1141 146 20 TOURISTS
2285 1143 65 18 AND
2364 1144 154 20 INVALIDS.

1877 1211 65 26 Hot
1966 1211 190 33 Swimming
2178 1214 108 31 Baths,
2312 1214 186 28 Kiri-o-Kai
2519 1224 34 18 or
2579 1219 79 26 New
2683 1219 80 26 Skin

1952 1253 94 31 Bath,
2058 1254 66 25 Hot
2137 1254 130 26 Douche
2280 1256 111 31 Baths,
2413 1257 109 27 Grand
2544 1259 143 28 Climate.

1995 1294 171 26 Elevation
2187 1296 91 31 1,350
2297 1297 64 26 feet
2373 1299 101 25 above
2489 1305 53 20 sea
2554 1301 91 25 level.

1879 1342 197 24 COMPETENT
2091 1344 120 24 GUIDES
2228 1352 121 19 nccompanv
2365 1348 83 18 tourists
2465 1350 19 17 to
2501 1349 35 20 the
2556 1350 81 19 various
2658 1352 68 24 places
2744 1353 21 18 of

2008 1371 91 21 interest,
2110 1371 65 19 which
2186 1371 59 21 baffle
2256 1372 34 20 the
2300 1376 52 16 most
2363 1373 59 20 facile
2432 1380 45 18 pen,
2490 1376 39 18 and
2546 1383 37 12 can
2601 1377 48 25 only
2669 1378 24 19 be
2712 1378 43 19 real-

2008 1395 44 19 ized
2063 1397 58 18 when
2131 1404 53 12 seen.

2250 1464 42 23 ?Y
2307 1465 92 19 contains
2415 1465 35 19 tho
2468 1466 103 26 following
2589 1468 123 24 unequalled
2722 1468 29 20 Na-

1957 1492 55 13 tural
2032 1492 92 15 wonders
2145 1490 4 29 :
2152 1490 149 22 —lutiuatahi,
2322 1497 23 11 or
2368 1491 63 19 Great
2455 1492 131 25 Clmnipngue
2604 1492 113 27 Cauldron;
2730 1494 36 20 the

1957 1512 63 19 Great
2030 1513 107 20 Wairakei
2146 1513 77 25 Goyser
2231 1512 4 33 ;
2248 1516 34 18 tho
2293 1516 86 25 Donkey
2389 1517 92 24 Engine;
2496 1518 34 19 tho
2540 1519 54 19 Bath
2605 1520 20 18 of
2635 1520 35 19 tho
2680 1520 85 25 Fairies;

1956 1539 36 18 the
2011 1538 115 26 Lightning
2142 1541 49 18 Tool
2201 1538 3 33 ;
2219 1541 33 19 tho
2270 1541 88 20 Cascade
2374 1543 83 23 Gevser,
2475 1550 22 12 or
2514 1545 102 24 Dragon's
2634 1545 71 20 Mouth
2714 1538 4 33 ;
2732 1547 34 18 tho

1957 1564 64 19 Black
2032 1565 88 24 Geyser;
2137 1567 34 18 the
2183 1567 50 19 Mud
2246 1564 87 33 Geyser;
2349 1569 34 19 the
2402 1568 52 20 Blue
2471 1569 69 26 Lake;
2550 1571 35 19 the
2603 1571 31 19 Oil
2653 1571 65 26 Bath;
2732 1573 34 19 the

1956 1590 83 26 Eagle's
2048 1590 62 32 Nest;
2125 1592 33 19 the
2166 1592 77 20 Devil's
2250 1593 70 20 Punch
2330 1590 69 32 Bowl;
2416 1595 34 19 tho
2459 1596 71 19 Prince
2538 1597 21 19 of
2568 1597 77 19 Wales'
2653 1597 98 21 Feathers
2761 1590 4 32 ;

1957 1617 35 18 tho
2011 1616 86 25 Mirror;
2113 1619 34 17 the
2167 1619 57 18 Twin
2244 1619 87 25 Geyser:
2346 1621 35 19 tho
2399 1621 59 19 Coral
2475 1622 88 25 Geyser;
2578 1623 34 19 the
2623 1623 65 20 Green
2704 1616 61 31 Pool:

1959 1642 128 19 Torekerehe
2098 1651 23 12 or
2139 1644 48 19 Hell
2208 1645 85 25 Geyser;
2317 1647 35 18 the
2371 1647 68 19 Steam
2460 1647 105 21 Hammer.
2593 1649 85 20 Guide's
2695 1651 32 19 fee
2746 1654 20 16 to

1957 1669 79 25 Geyser
2044 1668 79 26 Valley,
2135 1677 22 12 os
2166 1668 4 29 ;
2185 1670 89 21 distance
2284 1673 52 18 from
2344 1673 35 18 tho
2394 1673 61 24 hotel,
2470 1668 4 29 1
2488 1674 52 20 mile.

2348 1738 22 12 or
2388 1732 81 19 Ladder
2487 1732 83 27 Rapids.
2607 1734 43 20 The
2667 1735 99 20 Grandest

2196 1764 28 11 •rn
2236 1757 146 26 Hemisphere;
2397 1759 74 24 fulling
2488 1759 19 19 in
2524 1760 32 19 six
2575 1760 80 19 distinct
2674 1762 92 19 cascades

1959 1784 94 22 amongst
2063 1782 63 18 weird
2137 1783 39 18 and
2186 1783 79 25 rugged
2283 1790 81 18 scenery
2392 1785 96 19 .Distance
2507 1786 51 18 from
2578 1786 32 20 the
2629 1787 61 24 hotel,
2710 1788 56 19 three

1959 1807 63 18 miles.
2051 1807 74 19 Saddle
2136 1809 68 18 horses
2215 1813 19 15 to
2243 1810 48 18 visit
2305 1809 34 20 tho
2354 1809 79 26 Eapids
2448 1811 22 19 7s
2481 1811 24 19 Cd
2516 1813 54 19 each.

2132 1875 22 11 or
2164 1868 33 18 the
2208 1868 77 19 Devil's
2295 1868 98 26 Trumpet
2411 1870 17 18 is
2448 1871 42 18 snid
2509 1873 21 16 to
2548 1872 46 18 emit
2616 1879 10 11 a
2644 1879 93 18 pressure
2746 1873 20 19 of

1961 1893 69 19 180lbs
2041 1895 21 17 of
2072 1897 64 15 steam
2149 1897 20 15 to
2178 1894 35 18 tho
2223 1894 52 24 inch,
2289 1896 50 18 from
2351 1901 26 13 an
2394 1900 94 21 aperture
2497 1898 21 17 of
2537 1898 62 19 about
2618 1899 70 18 twelve
2698 1900 68 18 inches

1958 1919 20 18 in
1990 1919 105 19 diameter.
2124 1920 96 19 Distance
2239 1920 20 20 fr
2272 1928 19 12 m
2312 1921 56 19 hotel
2387 1921 56 20 three
2462 1923 40 18 and
2522 1930 12 11 a
2553 1923 44 20 half
2615 1924 67 24 miles;
2697 1926 69 18 saddle

1957 1945 72 19 horses
2038 1948 20 16 to
2065 1946 49 19 visit
2124 1946 34 19 tho
2168 1946 70 23 above,
2249 1948 22 18 2s
2282 1947 25 19 (id
2317 1948 56 19 each.

2193 2026 9 2 _
2217 2007 109 25 JLL-S,
2343 2006 35 19 tbe
2396 2007 99 19 Grandest
2514 2007 54 21 Falls
2580 2009 18 18 in
2618 2009 33 19 tho
2670 2010 95 19 southern

1962 2031 135 25 hemisphere.
2126 2032 43 19 The
2179 2032 55 19 Falls
2244 2039 44 18 may
2303 2033 23 19 bo
2336 2033 73 18 visited
2419 2039 25 12 on
2454 2033 34 20 tho
2500 2040 54 13 same
2574 2035 114 24 expedition
2698 2042 23 12 as
2732 2037 34 18 the

1961 2056 78 19 Devil's
2050 2058 104 25 Trumpet.
2184 2058 95 19 Distance
2290 2060 52 18 from
2352 2058 56 19 hotel
2418 2059 56 19 three
2486 2060 38 19 und
2535 2067 11 12 a
2563 2061 43 18 half
2616 2061 67 24 miles;
2697 2062 68 19 saddle

1957 2082 59 20 horse
2027 2090 22 11 or
2060 2083 70 26 buggy
2142 2086 22 17 2s
2173 2084 26 19 Cd
2214 2085 55 18 each,

2001 2145 9 23 ?
2037 2143 33 41 H
2109 2140 80 44 ftR
2195 2144 39 40 A
2242 2143 138 41 HAM
2438 2146 314 38 PrnnpipfFp^^

2037 2180 12 15 a
2058 2175 25 19 Bi*
2109 2171 40 24 %3t
2156 2176 33 19 Bh
2195 2171 42 24 iP&
2243 2173 38 23 Bl
2286 2171 42 25 j£3a
2335 2171 45 25 IWI
2389 2186 12 10 n
2438 2171 10 18 *
2469 2180 10 10 *
2584 2171 79 21 IOUI
2679 2173 84 19 000.

2082 2289 58 26 Hot
2168 2289 95 26 Lakes
2283 2290 33 25 of
2333 2289 71 26 New
2422 2289 143 26 Zealand.

1883 2445 262 60 BRENTS
2172 2451 347 57 BATOOTE
2547 2454 217 52 HOILOSI.

2020 2554 27 19 IS
2060 2554 23 19 A
2096 2555 190 19 FIHST-CLASS
2300 2555 205 20 TEMPERANCE
2519 2556 106 20 HOTEL.

1968 2623 238 23 HIN6MOH

2442 2623 237 24 ROTORUH.

1881 2686 82 31 npHIS
1976 2687 60 18 NEW
2049 2688 54 16 AND
2117 2687 188 18 COMFORTABLE
2319 2687 215 19 ESTABLISHMENT
2543 2688 15 17 is
2568 2687 81 18 situated
2658 2687 19 17 in
2686 2687 32 18 the
2726 2691 40 12 new

1887 2706 20 23 JL
1942 2710 95 23 township
2046 2711 21 17 of
2076 2710 88 22 Rotorua,
2175 2711 48 17 close
2232 2712 20 16 to
2261 2711 32 17 the
2302 2711 127 17 Government
2444 2711 119 17 Sanatorium
2576 2711 38 17 and
2626 2711 66 20 Baths,
2706 2708 60 19 which

2201 2735 90 21 comprise
2300 2734 32 17 the
2342 2734 104 17 celebrated

1880 2762 92 19 Priest's
1981 2762 65 22 Bath,
2059 2762 107 18 Madame
2176 2762 86 18 Rachel
2270 2762 79 23 Baths,
2361 2761 138 20 Chameleon
2509 2762 94 18 Douche
2613 2762 65 22 Bath,
2694 2762 72 23 Largo

1950 2785 56 19 Blue
2016 2785 138 24 Swimming
2163 2785 65 23 Bath,
2245 2785 102 24 Sulphur
2360 2785 95 25 Vapour
2464 2786 60 18 Bath
2532 2785 46 19 and
2587 2784 111 20 Galvanic

2236 2809 98 23 Battery
2342 2809 66 21 Bath,

1880 2832 69 17 OVER
1960 2832 92 17 WHICH
2069 2832 87 17 LARGE
2172 2832 118 18 BATHING
2306 2832 140 17 PAVILIONS
2467 2832 71 17 HAVE
2559 2832 70 17 BEEN
2650 2830 116 19 ERECTED

1984 2855 45 17 with
2040 2862 100 10 numerous
2150 2856 90 21 Dressing
2256 2856 75 20 Rooms,
2342 2857 35 15 etc.
2403 2855 75 17 Besides
2486 2855 52 18 these
2547 2856 52 16 there
2608 2855 14 17 is
2631 2855 32 17 the

1880 2878 134 20 Pain-killer
2025 2878 66 24 Bath,
2108 2878 133 23 Coffee-pot,
2256 2878 132 19 Cameron's
2402 2878 46 18 and
2462 2878 127 18 Hinemaru
2604 2878 72 18 Baths
2690 2877 24 19 in
2727 2877 39 18 the

2184 2902 150 18 Sanatorium
2351 2902 113 19 Grounds.

1881 2947 113 19 Bathgate
2013 2946 73 19 House
2103 2946 37 19 has
2157 2946 51 19 been
2227 2946 80 25 greatly
2324 2945 98 26 enlarged
2436 2947 33 17 for
2484 2946 91 18 Tourists
2592 2952 22 12 as
2633 2945 46 21 well
2697 2952 21 12 as
2737 2946 12 18 i<
2758 2952 9 12 r

2116 2973 72 24 people
2202 2972 72 25 taking-
2284 2979 11 11 a
2305 2979 70 13 course
2385 2973 21 17 of
2416 2973 34 17 the
2461 2972 70 18 Baths.

2135 3006 132 19 TERMS
2288 3007 230 20 MODERATE.

2057 3069 53 34 S.
2157 3069 53 34 T.
2264 3070 43 33 B
2334 3070 180 34 ReN
2537 3070 52 37 T,

2203 3114 241 17 PROPRIETOR.

1881 3140 125 19 N.B.—Most
2015 3142 19 17 of
2043 3142 54 17 those
2106 3142 43 18 who
2156 3143 45 17 visit
2208 3144 75 17 Brent's
2292 3144 24 17 do
2325 3150 20 12 so
2355 3145 84 23 through
2447 3145 32 18 the
2493 3145 47 18 kind
2552 3147 180 17 recommendations
2748 3147 19 17 of

2219 3167 87 22 previous
2315 3170 109 16 customers.

1972 3276 229 47 ROBERT
2234 3278 254 48 FuRcNESS
2520 3280 46 46 &
2599 3280 80 50 Co.,

1919 3377 379 29 MANUFACTURERS
2335 3380 112 26 AND
2483 3381 251 32 IMPORTERS,

2016 3597 161 25 ROTORUA.

1903 3820 49 25 (One
1959 3821 89 18 minute's
2055 3822 50 16 walk
2114 3822 49 17 from
2170 3822 32 19 tho
2208 3822 72 19 Govern-

2031 3846 54 16 ment
2093 3845 75 24 Baths,)

2007 3940 182 25 reßms:

1907 3982 46 23 35s
1960 3989 46 22 per
2025 3984 88 27 week;
2133 3984 28 22 6s
2175 3990 46 23 per
2229 3984 57 30 day.

1909 4020 60 23 Two
1981 4021 89 24 weeks
2079 4028 28 16 or
2117 4021 98 30 longer,
2232 4023 54 23 30s.

2007 4168 185 22 PEOPEIETOE.

2337 3602 34 20 TO
2387 3601 57 20 THE
2459 3601 104 21 PUBLIC
2577 3602 34 20 OF
2629 3602 137 20 BOTOEUA.

2340 3705 25 42 I
2379 3704 55 20 BEG
2444 3709 20 14 to
2474 3705 64 19 thank
2547 3705 35 19 the
2595 3705 72 20 Public
2678 3706 21 18 of
2705 3705 49 19 Koto-

2393 3737 39 12 run
2450 3731 32 18 for
2495 3731 53 19 their
2554 3732 82 19 favours
2648 3731 74 26 during
2733 3731 33 19 tho

2338 3759 47 23 past
2394 3756 69 20 fifteen
2472 3763 64 19 years,
2549 3757 40 19 and
2603 3761 19 15 to
2640 3758 64 24 notify
2723 3758 43 18 that

2338 3783 33 18 for
2381 3782 34 19 the
2426 3782 131 20 convenience
2567 3784 21 17 of
2598 3784 97 18 residents
2705 3784 20 19 in
2733 3783 33 18 the

2340 3808 51 19 .New
2401 3808 114 25 Township,
2528 3808 40 20 and
2577 3815 33 18 my
2622 3809 57 19 trade
2697 3815 58 19 gener-

2339 3834 47 24 ally,
2397 3834 12 19 I
2419 3834 51 19 have
2481 3834 52 19 built

2365 3888 53 20 New
2426 3889 102 20 Pkeiiises
2535 3895 23 12 in
2565 3888 43 20 Pen
2613 3895 35 14 ton
2655 3888 84 24 Street,

2339 3946 65 19 which
2415 3952 34 14 me
2458 3952 46 13 now
2513 3952 52 20 open
2571 3946 33 19 for
2613 3945 98 24 business,
2728 3945 38 20 and

2338 3972 11 19 I
2360 3978 32 13 am
2411 3972 97 26 propnrcd
2530 3975 21 16 to
2563 3972 73 26 supply

2478 4010 69 19 PiiiME
2567 4010 62 21 Meat

2338 4050 21 18 in
2371 4050 51 19 both
2431 4050 50 19 New
2492 4050 39 19 and
2542 4049 38 19 Old
2590 4049 124 26 Townships.

2365 4128 49 23 'An
2426 4128 150 30 Inspection
2591 4127 22 23 is
2628 4128 107 23 invited.

2546 4173 101 21 HENEY
2661 4172 81 22 KIBE,

2823 816 122 23 FORT

2914 856 160 21 AUCKLAND.

2799 982 181 31 High-class
2999 985 108 26 Wines
3128 987 61 25 and

2892 1016 114 31 Spirits
3019 1018 82 31 kept.

2829 1094 39 25 W.
2903 1096 30 24 H.
2963 1096 200 33 PEARCE,

2909 1133 175 33 Proprietor.

2786 1188 47 26 W.
2846 1189 36 25 H.
2902 1190 29 25 &
2949 1191 37 26 H.
3014 1193 30 25 C.
3074 1194 134 32 Wright,

2859 1238 128 20 SURGEON
3001 1240 135 21 DENTISTS.

2831 1307 121 24 (Successors
2963 1310 19 16 to
2994 1308 23 19 A.
3029 1309 22 18 L.
3067 1308 100 28 Wright.)

2813 1340 72 24 Notify
2893 1340 45 20 that
2949 1341 47 25 they
3004 1350 33 12 are
3048 1345 116 25 continuing
3176 1345 34 21 the

2787 1366 96 19 Business
2893 1369 20 16 at
2921 1367 35 19 the
2965 1367 99 21 Promises
3074 1372 33 22 top
3114 1371 21 18 of
3142 1371 57 20 Short-

2787 1391 125 21 land-street.
2941 1394 40 18 The
2992 1394 110 24 high-class
3119 1397 54 19 work
3190 1399 21 17 of

2788 1418 34 19 the
2831 1418 40 19 late
2881 1418 32 19 Mr
2922 1418 25 19 A.
2957 1420 22 18 L.
2992 1420 82 26 Wright
3086 1421 37 20 will
3134 1422 24 19 bo
3175 1424 24 18 ad-

2789 1444 59 18 hered
2860 1446 24 21 to,
2895 1445 40 18 and
2945 1452 39 18 any
2999 1446 37 19 left
3053 1448 113 20 unfinished
3184 1449 27 25 by

2789 1471 43 17 that
2842 1470 114 24 gentleman
2968 1472 38 18 will
3018 1473 23 18 bo
3057 1475 111 23 completed
3184 1475 27 25 by

2880 1496 34 19 tho
2921 1503 42 13 now
2973 1502 146 21 management.

2789 1529 113 25 Telephone
2912 1532 42 18 657.

2823 1583 22 25 J.
2867 1584 31 25 H.
2919 1585 260 33 BUCHANAN,

2862 1634 94 25 Stone
2969 1635 170 27 Merchant

2881 1680 174 20 ESTABLISHED
3072 1684 49 17 1892.

2813 1729 115 23 Statuary,
2956 1730 159 20 Monumental
3146 1733 45 19 and

2905 1753 95 18 General
3010 1754 88 19 Mason.

2789 1787 106 18 MARBLE
2904 1788 15 17 it
2925 1788 147 20 FREESTONE
3081 1790 121 20 CHIMNEY
3208 1792 5 16 i

2812 1810 95 21 PIECES,
2925 1811 124 23 MANTELS,
3064 1813 83 22 VASES,
3157 1815 32 18 &c.
3212 1810 1 25 '

2816 1844 137 28 VICTORIA
2971 1846 117 27 STREET
3105 1848 80 29 EAST,

2792 1883 419 40 HUCKLHND,

2815 1945 87 24 Designs
2921 1947 39 18 and
2978 1947 66 19 Prices
3061 1948 112 20 forwarded
3192 1951 20 18 to

2839 2055 160 45 Steele
3022 2056 119 46 Bros

2789 2253 40 26 JIJ
2855 2261 53 22 past
2922 2261 77 18 favors
3013 2261 45 19 and
3074 2262 43 23 beg-
3135 2263 25 18 to
3174 2269 26 12 an-

2788 2288 89 14 nounce
2886 2283 52 19 that
2946 2284 85 23 having
3040 2290 13 12 a
3067 2285 61 23 large
3143 2286 68 17 stock

2789 2306 25 18 of
2823 2306 172 19 well-seasoned
3003 2307 119 19 first-class
3130 2309 82 18 timber

2789 2334 29 13 on
2827 2329 61 18 hand
2896 2330 56 22 they
2960 2335 38 13 are
3007 2331 110 22 prepared
3124 2332 23 17 to
3156 2332 35 18 ful:

2792 2420 49 44 T.
2879 2420 63 43 M.
2982 2420 46 44 H
3030 2421 144 22 AEEISON,B
3176 2420 4 44 -
3183 2422 11 18 A-

2823 2483 141 18 BARRISTER
2978 2484 51 16 AND
3039 2483 137 22 SOLICITOR,

2802 2523 38 21 lIS,
2861 2522 96 19 Victoria
2977 2523 86 21 Arcade,
3084 2523 117 20 Auckland.

2789 2602 90 18 Barrister
2892 2602 37 17 and
2943 2602 84 17 Solicitor
3042 2603 19 17 of
3077 2603 32 17 the
3124 2603 87 23 Supreme

2881 2625 62 20 Court,
2950 2625 83 21 Ontario,
3041 2625 79 18 Canada.

2879 2759 64 51 Or
2943 2759 11 11 3
2961 2758 31 25 K?
2999 2759 11 24 il
3019 2763 32 20 ir*
3060 2759 31 24 B?

2790 2857 72 17 Losses
2870 2857 69 16 Paid:'.
3093 2856 119 23 £20,000,000

2790 2888 51 17 Fire
2853 2887 97 18 Premium
2965 2887 93 18 Exceeds
3105 2888 107 21 £1,100,000

2790 2919 147 18 Accumulated
2940 2919 68 17 Fuots
3013 2918 83 18 Exceed
3105 2918 108 23 £1,000,000

2858 2957 37 20 W.
2917 2958 92 18 WARD
3028 2958 108 22 BAKER,

2822 2997 95 18 District
2926 2997 113 23 Manager,
3049 2998 129 19 Auckland.

2874 3036 37 20 W.
2926 3037 25 18 A.
2966 3036 162 23 WILLIAMS,

2848 3076 69 19 Local
2936 3077 82 22 Agent,
3046 3076 107 19 Rotorua.

2876 3213 108 20 FAMILY
3003 3212 133 26 BUTCHER,

2844 3264 14 18 A
2865 3269 58 13 kawa
2945 3264 89 21 Street,
3058 3263 104 18 Kotouua.

2816 3312 22 19 Is
2856 3319 44 11 now
2919 3312 92 23 carrying
3029 3317 25 13 on
3073 3311 34 19 tiie
3123 3311 91 19 business

2791 3347 60 24 lately
2872 3345 108 20 conducted
3000 3345 27 24 by
3043 3344 74 19 Messrs
3134 3346 79 19 Jecklin

2790 3380 40 19 and
2841 3380 73 23 Cotter,
2926 3379 40 19 and
2975 3379 16 19 is
3001 3379 97 24 prepared
3109 3382 19 15 to
3142 3379 71 25 supply

2791 3415 34 18 tho
2836 3414 66 25 public
2913 3414 46 19 with
2970 3413 62 25 prime
3040 3413 77 25 quality
3128 3413 21 19 of
3161 3416 52 16 meat

2791 3449 40 18 and
2839 3449 57 18 small
2907 3448 61 25 goods

2862 3492 35 19 AT
2912 3491 115 19 LOWEST
3041 3490 102 20 PRICES.

2817 3572 171 24 WYMYARD
3001 3570 185 28 &PUHCHAS,

2790 3678 77 19 B.N.Z.
2876 3678 116 22 Chambers,
3001 3676 68 21 Queen
3074 3676 28 24 St,
3109 3675 103 20 Auckland

2792 3772 79 43 WE
2884 3772 51 19 have
2945 3779 70 17 money
3025 3774 19 16 to
3055 3771 44 19 lend
3110 3777 25 12 on
3150 3769 48 18 Mort-

2879 3805 53 17 gage
2942 3798 21 18 of
2977 3796 97 21 Freehold
3089 3796 37 19 and
3141 3794 57 20 Lease-

2790 3825 47 18 hold
2848 3827 93 21 property
2952 3826 19 15 at
2982 3826 79 16 current
3069 3826 56 14 rates.

2836 3872 153 18 UCKLAND
3003 3867 206 21 ADVERTISING

2811 3887 23 28 A.
2943 3894 108 18 AGENCY.

2813 3927 98 18 Victohia
2922 3925 87 20 Arcade,
3023 3924 69 18 Queex
3107 3921 80 17 Street.

2845 3986 119 21 Advertising
2969 3986 19 16 in
2997 3984 25 17 all
3033 3983 23 17 its
3064 3981 92 18 brunches.

2790 4010 52 21 Now,
2857 4010 74 22 Unique
2947 4008 36 18 and
2996 4005 80 21 Tasteful
3093 4003 118 23 Advertising

2960 4030 86 18 Medium.

2815 4055 67 18 Orders
2890 4055 48 17 from
2947 4054 24 17 all
2980 4054 49 20 parts
3037 4049 87 19 attended
3133 4050 19 16 to
3166 4048 46 18 with

2792 4085 40 12 care
2841 4078 37 20 and
2887 4076 110 25 expedition.

2792 4125 68 43 JOB
2884 4121 136 23 PRINTING
3043 4120 19 19 of
3073 4119 4 49 _
3086 4125 58 19 every
3168 4119 45 19 des-<

2849 4151 85 24 cription
2945 4146 94 21 executed
3056 4146 45 18 with
3121 4146 92 19 ueatnesi

2792 4177 38 21 and
2841 4175 94 28 despatch
2945 4175 21 21 a,t
2966 4189 8 11 4
2975 4169 33 24 the
3018 4172 117 20 Chronicle
3145 4172 68 19 Office.
