3300 4360
1543 930 123 18 VISITORS'
1680 931 62 17 LIST.

1555 990 83 18 Geyser
1654 991 76 17 Hotel.

1450 1021 105 18 Mesdames
1596 1022 98 21 Williams,
1731 1021 127 24 Wellington;

1428 1044 74 21 Bayles,
1521 1044 96 24 Victoria;
1640 1046 62 22 Kelly,
1720 1046 46 17 N.S.
1785 1044 73 24 Wales;

1428 1067 104 23 Robjohns,
1564 1068 70 20 Roach,
1668 1069 75 20 Cowell,
1783 1069 76 23 Napier.

1427 1090 67 17 Misses
1503 1091 74 22 Bayles,
1595 1091 84 17 Victoria
1687 1090 4 25 ;
1710 1093 78 22 Rogers,
1806 1093 40 22 Eng-

1427 1113 44 17 land
1478 1113 4 25 ;
1497 1114 79 20 French,
1586 1115 76 21 Napier.
1688 1116 54 22 Capt.
1755 1116 104 20 Anderson,

1428 1136 68 18 Messrs
1513 1137 70 22 Payne,
1610 1138 57 22 Gray,
1691 1139 108 20 Auckland;
1814 1140 35 16 Wil-

1428 1160 59 20 liams,
1498 1160 116 23 Wellington
1622 1160 4 23 ;
1640 1161 112 22 Mactavish,
1764 1162 94 21 Dunedin;

1428 1182 87 21 Surman,
1525 1182 104 26 Hastings;
1644 1185 62 21 Kelly,
1724 1185 80 20 Horder,
1823 1186 26 22 Ry-

1428 1206 59 19 lands,
1496 1206 24 19 N,
1531 1206 18 17 S.
1558 1207 60 17 Wales
1625 1206 4 25 ;
1644 1208 76 20 Martin,
1737 1209 53 19 Burt,
1807 1209 40 22 Eng-

1427 1229 45 17 land
1480 1229 4 24 ;
1498 1230 104 21 Robjohns,
1612 1231 70 20 Roach,
1698 1232 80 21 Napier;
1793 1232 56 17 Hilde-

1428 1253 65 19 sheim,
1504 1253 84 17 Holland
1597 1253 3 24 ;
1616 1254 109 23 Cummings
1736 1255 25 22 (3)
1771 1255 58 17 Melb.

1493 1308 88 17 Brent's
1593 1308 112 18 Bathgate
1717 1309 77 17 House.

1452 1338 106 18 Mesdames
1567 1340 75 19 Brown,
1653 1340 56 19 Back,
1727 1341 67 18 Baker,
1811 1341 37 17 Wel-

1428 1362 75 22 lington
1510 1362 3 24 ;
1524 1362 91 23 Ambury,
1619 1362 72 23 Withy,
1701 1364 73 22 Rogan,
1785 1364 64 18 Worth-

1428 1385 75 22 ington,
1522 1386 99 16 Auckland
1632 1385 3 24 ;
1664 1387 76 22 Tinghi,
1767 1385 93 24 Victoria;

1428 1408 103 23 Langrige,
1541 1409 76 20 Nelson;
1632 1409 133 22 Engeibrccht,
1776 1410 17 17 S.
1803 1411 47 17 Aust-

1428 1431 47 17 ralia
1484 1431 4 21 ;
1510 1432 80 17 Beattie.
1608 1433 94 17 Dunedin.
1732 1434 67 17 Misses
1815 1435 31 16 Am-

1428 1455 54 22 bury,
1508 1455 47 17 New
1579 1455 102 22 Plymouth
1691 1461 5 14 ;
1725 1456 81 18 Siddells
1828 1456 32 24 (2),

1429 1478 65 20 Baker,
1519 1478 123 23 Wellington;
1672 1479 88 21 Graham,
1788 1481 73 21 Rogan,

1428 1501 97 17 Auckland
1532 1501 4 21 ;
1563 1502 27 16 Dr
1598 1502 80 20 Russell,
1696 1503 76 16 Ireland
1781 1501 4 21 ;
1800 1503 61 18 Lieut.

1428 1524 40 17 Col.
1494 1524 92 21 Ellisdon,
1611 1525 111 18 Melbourne
1737 1524 4 22 ;
1759 1526 47 17 Rev.
1831 1527 32 17 Mc

1429 1547 81 22 Kinney,
1520 1548 69 16 Messrs
1598 1549 91 22 Ambury,
1700 1549 71 22 Withy,
1781 1550 80 21 Harper,

1428 1570 141 23 Worthington,
1599 1572 99 17 Auckland
1712 1570 4 25 ;
1746 1572 115 23 Larigridge,

1428 1594 70 16 Nalson
1507 1594 4 23 ;
1531 1594 133 22 Engelbrecht,
1679 1596 60 17 South
1752 1596 95 17 Australia
1857 1594 4 23 ;

1430 1616 54 20 Kerr,
1514 1617 114 23 Cambridge
1637 1616 3 24 ;
1672 1618 81 18 Hunter.
1775 1619 73 17 Belfast
1857 1616 3 24 ;

1430 1640 99 22 Kennedy.
1543 1641 94 21 Glasgow.
1663 1641 62 23 Judge
1741 1642 73 22 Rogan,
1832 1643 31 16 Mr

1429 1663 38 16 and
1476 1663 46 17 Miss
1529 1663 99 21 Corcoran,
1636 1665 104 19 Auckland;
1750 1663 61 24 Right
1816 1666 45 17 Rev.

1430 1686 70 22 Bishop
1507 1686 81 21 Verdon,
1599 1687 88 18 Dunedin
1694 1686 4 23 ;
1713 1688 45 17 Rev.
1768 1688 31 17 Mr
1814 1689 36 16 Ten-

1429 1710 53 18 nant,
1491 1709 99 22 Scotland;
1604 1710 31 17 Mr
1647 1711 37 17 and
1699 1711 39 17 Mrs
1753 1712 108 19 Chambers,

1430 1732 113 22 Cambridge
1550 1732 3 25 ;
1568 1733 69 17 Messrs
1652 1735 98 22 Pengally,
1767 1732 94 25 Victoria;

1429 1756 84 19 Horden,
1524 1754 76 21 Martin,
1611 1756 90 23 Rylands,
1712 1757 85 23 Sydney;
1816 1758 34 17 Rid-

1429 1778 38 21 der,
1478 1778 99 23 England;
1592 1780 98 21 llallaran,
1701 1781 106 17 Litchfield.

1531 1825 58 18 Lake
1602 1826 71 18 House
1685 1827 77 17 Hotel.

1453 1857 106 19 Mesdames
1563 1858 65 22 Parry,
1634 1858 172 23 Brown-Douglas,
1811 1859 38 17 Lon-

1430 1882 37 17 don
1475 1881 4 22 ;
1501 1881 66 17 Misses
1585 1881 87 22 Makgill,
1691 1882 88 20 Waiuku;
1800 1882 49 17 John-

1430 1907 59 17 stone,
1500 1903 95 18 Tokaanu.
1622 1905 69 17 Messrs
1697 1905 166 22 Brown-Douglas

1430 1928 66 21 Parry,
1506 1927 82 20 Robson,
1607 1927 89 22 London;
1711 1928 21 17 C.
1747 1928 23 17 R.
1786 1928 75 21 Pinder,

1430 1951 19 17 S.
1466 1951 65 17 Africa
1538 1950 3 23 ;
1557 1950 80 21 Welton,
1665 1951 74 22 Sydney
1747 1950 3 23 ;
1773 1952 88 21 Moloney

1429 1974 37 17 and
1476 1980 39 13 son,
1534 1974 131 20 Queensland;
1679 1975 107 19 Blacklock,
1804 1975 45 17 Well-

1429 1997 67 22 ington
1505 1996 4 23 ;
1524 1996 54 21 Kerr,
1588 1997 63 22 Craig,
1663 1996 123 23 Cambridge;
1800 1998 61 20 Allen,

1430 2020 74 23 Spinks,
1524 2020 99 17 Auckland
1630 2020 4 23 ;
1649 2020 82 23 Sherley,
1755 2020 94 18 Putaruru
1857 2020 4 23 ;

1430 2044 92 21 Fleming,
1541 2044 90 21 Thames;
1654 2044 89 20 Robison,
1762 2044 99 21 Tokaanu;

1430 2067 69 20 Miller,
1511 2067 53 19 Gotz,
1575 2067 110 21 Tauranga;
1700 2067 39 17 Rev
1748 2067 21 17 F.
1779 2067 22 17 B.
1808 2067 53 21 Paul,

1429 2090 111 22 Plymouth.
1566 2090 66 20 Grant,
1642 2090 64 20 Webb,
1717 2090 78 17 Rotoiti.

1562 2122 44 16 The
1618 2121 111 17 Lanouam.

1452 2152 106 18 Mesdames
1572 2153 75 18 Parata,
1659 2153 112 22 Tauranga;
1783 2154 78 19 Wilson,

1428 2176 64 21 Judge
1501 2176 77 20 Wilson,
1594 2176 99 16 Auckland
1701 2172 4 25 ;
1718 2172 70 21 Messrs
1804 2177 46 17 Tara-

1429 2199 58 20 whiti,
1498 2199 76 21 Huntly
1581 2199 4 23 ;
1600 2199 75 19 Parata,
1684 2199 109 23 Tauranga;
1808 2201 53 18 Ross,

1428 2222 96 17 Wiiwaka
1531 2220 3 24 ;
1550 2220 79 24 Hyams,
1636 2222 116 22 Wellington
1759 2220 3 24 ;
1772 2222 89 21 Jackson,

1429 2244 32 23 (2),
1473 2246 90 16 Mamaku
1572 2244 4 23 ;
1598 2246 32 16 Mr
1646 2246 37 16 and
1697 2246 40 17 Mrs
1757 2246 104 20 O'Connor,

1428 2268 90 23 England
1525 2268 4 23 ;
1544 2269 32 17 Mr
1583 2269 38 16 and
1627 2269 46 17 Miss
1682 2269 86 20 Tunnell,
1786 2269 65 17 Strath-

1428 2298 57 11 more.

1564 2338 85 17 Mokoia
1661 2338 63 18 View.

1451 2370 106 17 Mesdames
1566 2370 87 19 Wallace,
1663 2370 46 17 New
1719 2370 60 17 South
1788 2370 72 21 Wales;

1428 2393 87 20 Wallace,
1525 2393 83 22 Huntly.
1633 2394 70 16 Messrs
1719 2393 74 20 Morris,
1812 2394 37 17 Can-

1428 2417 77 21 terbury
1513 2416 4 22 ;
1531 2417 103 21 Simpsons,
1647 2416 98 18 Auckland
1754 2416 4 22 ;
1772 2416 87 21 Jackson,

1428 2439 116 23 Wellington
1552 2446 5 14 ;
1571 2440 76 20 Brown,
1654 2439 74 23 Sydney
1736 2439 4 23 ;
1752 2440 108 20 Stevenson,

1427 2463 86 16 Thames.

1428 2521 57 23 THE
1507 2521 55 23 HOT
1579 2521 96 24 LAKES
1694 2521 165 24 CHRONICLE

1614 2570 57 12 AND

1530 2605 109 19 Tourists'
1655 2605 101 23 Journal.

1427 2673 171 19 WEDNESDAY,
1607 2673 146 17 NOVEMBER
1763 2674 26 18 11,
1801 2673 58 19 1896.

1428 2751 32 17 Dn
1472 2751 91 17 Gindkrs
1576 2750 15 17 is
1604 2751 20 16 in
1637 2751 69 22 receipt
1713 2751 21 16 of
1740 2756 11 12 a
1757 2751 91 17 communi-

1428 2776 61 15 cation
1507 2775 48 16 from
1576 2774 32 17 the
1631 2774 190 22 Inspector-General
1842 2775 20 16 of

1427 2797 99 21 Hospitals
1534 2797 72 21 stating
1614 2796 42 17 that
1664 2803 24 10 no
1702 2797 73 21 change
1791 2797 39 17 will
1839 2797 23 17 he

1427 2820 54 17 made
1489 2820 19 17 in
1518 2820 32 17 the
1559 2820 113 17 attendance
1684 2821 20 16 at
1712 2820 33 16 the
1754 2820 95 17 Post-mas-

1427 2845 29 15 ter
1465 2843 49 17 Bath
1524 2843 37 17 this
1570 2849 72 11 season.
1666 2843 39 17 The
1714 2845 76 20 present
1798 2845 52 15 atten-

1427 2867 46 18 dant
1482 2866 52 17 there
1545 2865 37 18 will
1592 2866 70 17 remain
1675 2866 18 17 in
1708 2866 70 21 charge
1791 2865 30 18 till
1830 2867 32 16 the

1428 2890 35 18 end
1474 2890 20 16 of
1507 2889 32 17 the
1555 2890 76 16 current
1647 2889 87 17 financial
1747 2895 50 16 year.
1823 2890 39 17 The

1427 2914 52 17 want
1487 2913 20 16 of
1515 2918 12 11 a
1536 2912 66 17 female
1612 2912 98 18 attendant
1725 2912 20 18 at
1761 2912 38 18 this
1815 2912 45 18 bath

1427 2943 38 11 was
1475 2935 55 17 much
1540 2935 34 17 felt
1581 2935 37 17 last
1624 2941 50 16 year,
1683 2935 38 17 and
1731 2935 38 17 will
1777 2935 24 17 be
1810 2942 51 10 more

1428 2960 34 17 felt
1468 2959 37 16 this
1514 2964 50 16 year.
1589 2958 39 17 The
1641 2960 66 15 waters
1724 2964 31 11 are
1772 2959 32 16 the
1813 2960 49 16 most

1427 2981 92 25 powerful
1534 2982 21 16 in
1571 2981 33 17 the
1626 2981 79 20 district,
1723 2981 37 17 and
1776 2987 32 12 are
1825 2982 37 17 fast

1428 3005 79 22 gaining
1516 3010 11 11 a
1535 3004 48 17 wide
1595 3004 109 23 popularity
1712 3010 25 12 on
1755 3006 80 16 account
1842 3006 21 16 of

1428 3029 49 17 their
1493 3027 86 23 splendid
1595 3028 83 17 curative
1694 3028 104 22 properties
1815 3028 20 17 in
1851 3034 11 11 a

1428 3052 79 17 number
1515 3051 20 16 of
1552 3050 97 22 desperate
1665 3056 57 12 cases.
1755 3050 46 18 Last
1818 3057 45 15 year

1428 3075 53 17 there
1489 3079 38 11 was
1543 3079 52 12 more
1616 3074 47 16 than
1679 3079 35 12 one
1731 3074 84 17 instance
1823 3074 20 17 of
1851 3081 11 10 a

1428 3099 68 17 female
1504 3097 84 22 fainting
1596 3097 20 16 in
1625 3097 32 17 the
1670 3098 59 16 water
1746 3097 37 16 and
1792 3097 71 22 having

1428 3123 21 16 to
1458 3121 23 18 be
1487 3119 86 23 dragged
1584 3121 34 16 out
1626 3119 26 22 by
1660 3119 33 18 the
1700 3119 48 18 male
1757 3120 105 17 attendant.

1430 3142 125 20 Instructions
1572 3143 48 16 have
1639 3142 46 17 been
1701 3142 63 18 issued
1788 3144 43 16 that
1839 3149 24 11 no

1430 3168 67 17 female
1507 3166 48 17 shall
1564 3166 22 16 he
1592 3166 78 16 allowed
1679 3166 20 16 in
1705 3166 33 17 the
1746 3166 46 17 bath
1801 3166 62 18 unless

1430 3189 132 24 accompanied
1569 3189 26 22 by
1613 3189 84 17 another.
1724 3189 44 17 This
1776 3189 35 17 has
1818 3195 33 17 pre-

1430 3213 68 18 vented
1507 3217 11 12 a
1527 3210 91 24 powerful
1632 3212 36 15 and
1686 3212 103 17 efficacious
1806 3214 58 15 water

1430 3238 48 16 from
1487 3235 59 21 being
1554 3235 45 17 used
1605 3241 20 11 so
1635 3235 107 22 frequently
1751 3241 20 11 as
1780 3236 15 16 it,
1804 3236 60 22 ought

1430 3260 37 17 and
1481 3260 32 17 the
1529 3264 80 11 revenue
1626 3258 34 17 has
1682 3258 79 21 thereby
1778 3258 84 18 suffered.

1430 3283 33 17 We
1479 3281 55 19 think
1551 3281 43 17 that
1610 3286 25 11 an
1652 3283 133 19 arrangement
1802 3281 62 23 might

1430 3306 47 17 have
1485 3306 46 17 been
1540 3304 54 17 made
1602 3304 88 22 whereby
1705 3304 31 17 the
1752 3304 78 17 services
1844 3306 21 16 of

1430 3336 10 10 a
1454 3329 67 17 female
1527 3327 100 19 attendant
1634 3327 60 22 might
1707 3327 48 17 have
1771 3326 47 18 been
1835 3334 19 11 se-

1430 3353 56 16 cured
1494 3353 30 16 for
1533 3350 32 19 the
1579 3350 47 16 batli
1646 3350 19 17 in
1682 3350 86 22 question
1783 3351 81 17 without

1430 3375 111 23 interfering
1550 3373 45 16 with
1605 3373 32 17 the
1654 3373 80 22 position
1744 3373 20 17 of
1772 3373 32 18 the
1820 3380 33 16 pre-

1430 3399 42 16 sent
1479 3398 49 17 male
1538 3396 107 20 attendant,
1654 3396 43 17 who
1705 3397 16 16 is
1730 3396 19 17 in
1758 3402 55 17 every
1822 3403 42 16 way

1430 3422 60 16 suited
1500 3422 19 16 to
1528 3422 33 16 the
1566 3419 58 22 place.
1653 3419 40 17 The
1700 3425 81 11 revenue
1788 3420 75 18 derived

1431 3445 47 16 from
1487 3445 34 16 the
1529 3443 46 18 bath
1584 3442 70 22 during
1662 3442 32 18 the
1707 3443 44 21 past
1767 3448 44 16 year
1824 3449 30 11 cer-

1430 3467 60 22 tainly
1499 3468 91 15 warrants
1599 3466 33 15 the
1641 3466 53 16 small
1707 3465 104 18 additional
1821 3468 32 15 out-

1430 3490 37 22 lay,
1486 3490 36 17 and
1536 3490 65 17 before
1617 3488 71 22 raising
1703 3488 33 17 the
1753 3488 75 18 salaries
1844 3490 21 16 of

1431 3514 53 16 other
1491 3512 82 20 officials,
1584 3517 28 12 we
1626 3511 55 17 think
1690 3511 32 17 the
1738 3511 90 17 demands
1844 3513 21 17 of

1432 3537 31 16 the
1473 3537 56 16 baths
1544 3542 20 11 as
1578 3540 10 13 a
1603 3534 60 17 whole
1679 3534 61 21 might
1754 3535 47 16 have
1817 3535 48 18 been

1431 3560 86 21 fittingly
1534 3557 114 19 considered.
1679 3558 75 17 Certain
1776 3558 77 22 appoint-

1432 3584 60 16 ments
1500 3588 54 13 were,
1562 3587 27 11 we
1595 3582 61 18 know,
1665 3580 199 18 undorconsideration

1431 3605 35 18 but
1475 3611 27 11 we
1512 3605 24 17 do
1545 3606 33 16 not
1587 3610 30 11 see
1625 3603 43 22 why
1677 3603 124 23 applications
1810 3604 55 18 could

1431 3630 34 16 not
1473 3628 23 17 be
1506 3627 60 18 called
1574 3628 30 17 for
1613 3628 19 16 in
1642 3627 44 16 such
1696 3633 56 14 cases,
1764 3627 37 17 and
1815 3627 50 18 dealt

1432 3652 45 17 with
1487 3657 25 11 on
1521 3652 48 16 their
1578 3651 65 18 merits
1651 3650 25 21 by
1686 3649 32 18 the
1726 3649 48 18 local
1786 3650 79 18 medical

1432 3674 160 23 superintendent.
1618 3674 59 17 There
1690 3673 15 17 is
1720 3679 23 11 an
1761 3673 93 22 objection-

1432 3698 42 17 able
1482 3699 70 21 system
1561 3697 18 17 in
1588 3703 68 15 vogue,
1668 3702 19 11 so
1696 3697 30 16 far
1733 3702 21 11 as
1759 3697 85 17 Rotorua
1849 3697 16 17 is

1432 3720 109 19 concerned,
1566 3720 87 22 whereby
1670 3720 141 21 appointments
1835 3726 31 11 are

1432 3744 54 17 made
1495 3744 19 16 in
1523 3743 116 22 Wellington
1649 3742 60 18 which
1719 3748 31 11 are
1759 3744 33 16 not
1801 3743 19 17 of
1832 3743 22 17 ad-

1432 3768 84 21 vantage
1524 3766 60 18 either
1592 3768 21 16 to
1621 3766 33 18 the
1668 3765 120 17 Sanatorium
1802 3772 21 12 or
1834 3767 32 17 the

1432 3789 69 23 public.

1903 131 74 17 Stead's
1985 129 123 24 Masterpiece
2117 128 88 21 Library,
2221 126 96 17 Numbers

1880 155 16 20 1,
1906 155 11 16 2
1926 154 38 17 and
1973 155 10 16 3
1992 156 20 15 to
2025 153 56 20 hand,
2100 153 118 20 Threepence
2235 149 46 17 each
2296 150 21 15 at

1879 178 118 17 Chronicle
2006 177 73 17 Office.*

1903 209 38 17 The
1950 208 80 22 Library
2046 207 111 18 Committee
2175 204 39 17 will
2228 203 47 18 hold
2293 203 26 17 its

1879 232 52 17 usual
1948 232 87 22 monthly
2049 230 84 22 meeting
2145 228 21 18 in
2174 228 33 17 the
2225 226 92 18 Institute

1879 261 24 12 on
1910 256 70 21 Friday
1988 252 61 25 night.

1903 284 31 16 Mr
1943 283 18 17 S.
1979 282 74 19 Dando,
2071 287 23 11 on
2112 280 29 17 his
2157 279 64 17 recent
2238 277 44 17 visit
2297 278 20 16 to

1879 306 106 20 Auckland,
1995 305 75 17 secured
2079 304 33 17 the
2120 306 73 20 agency
2202 301 20 18 of
2235 307 11 10 a
2265 300 42 17 well-

1879 329 70 17 known
1958 327 95 24 bicycling
2061 327 42 18 firm
2112 326 37 17 and
2159 331 34 12 can
2210 328 44 13 now
2272 329 34 16 sup-

1879 352 34 23 ply
1922 352 54 17 these
1984 352 94 17 machines
2087 351 20 16 at
2116 348 100 18 Auckland
2227 346 66 23 prices.

1903 381 40 17 The
1952 381 69 17 station
2030 379 96 20 buildings
2135 377 37 18 and
2187 377 85 21 cottages
2286 380 32 12 are

1880 404 59 22 being
1946 403 88 18 removed
2043 403 49 16 from
2101 400 92 18 Lichfield
2211 400 20 16 to
2247 399 24 17 be
2287 404 20 11 re-

1880 427 74 17 erected
1981 432 24 12 on
2022 426 32 17 the
2071 425 72 17 Mokau
2161 423 71 17 section
2251 422 20 17 of
2286 421 32 18 the

1880 451 54 16 Main
1943 449 64 18 Trunk
2016 448 52 18 Line.

1905 482 19 16 It
1933 482 16 17 is
1964 480 88 22 officially
2066 478 79 18 notified
2162 477 100 18 elsewhere
2275 476 44 17 that

1882 505 63 17 unless
1954 505 33 16 the
2004 503 80 17 overdue
2093 503 59 16 water
2159 502 50 16 rates
2226 505 31 12 are
2273 498 45 23 paid

1882 534 24 11 on
1916 534 22 11 or
1953 527 65 17 before
2026 526 33 17 the
2075 526 42 16 21st
2133 526 45 15 inst.
2204 524 32 17 the
2249 522 69 23 supply

1882 551 39 16 will
1930 551 23 16 bo
1959 552 33 15 cut
1998 549 30 18 off.

1905 581 131 23 Applications
2044 581 29 16 for
2082 580 32 17 the
2124 580 85 21 separate
2226 576 64 19 office*
2298 577 19 17 of

1882 605 68 17 Pound
1959 604 73 23 Keeper
2040 603 37 17 and
2086 604 76 21 Ranger
2171 607 26 16 up
2206 603 20 15 to
2235 601 69 17 Novem-

1882 628 34 17 ber
1936 629 43 16 1897
1989 633 31 11 are
2028 626 72 18 invited
2108 626 25 21 by
2142 625 32 17 the
2183 625 57 16 Town
2256 623 63 17 Board

1882 651 38 17 and
1929 651 39 17 will
1977 651 23 17 be
2009 649 83 18 received
2100 655 26 16 up
2143 651 20 14 to
2174 648 32 17 the
2215 647 45 17 25th
2274 647 43 16 inst.

1931 683 28 16 An
1969 682 85 17 Election
2159 678 83 19 founded
2249 684 24 11 on
2288 678 31 16 Mr

1884 706 73 21 Kelly's
1964 705 82 22 meeting
2055 704 15 17 is
2079 703 144 21 unfortunately
2232 701 86 18 crowded

1885 730 33 15 out
1928 729 20 16 of
1956 729 38 16 tliis
2002 728 54 19 issue,
2070 727 38 17 and
2123 727 32 16 the
2171 726 64 22 report
2251 725 19 16 of
2286 724 33 17 the

1886 752 54 17 Band
1949 751 86 22 Meeting
2043 750 56 23 again
2108 750 73 17 follows
2195 748 44 18 suit.

1907 783 39 17 The
1955 782 55 17 roads
2019 783 20 16 at
2047 781 173 18 Whakarewarewa
2237 785 31 11 are
2276 785 42 11 now

1884 806 111 22 completed,
2006 811 20 11 so
2035 806 29 15 far
2072 811 21 10 as
2101 805 33 17 the
2141 806 77 21 present
2226 802 93 23 spendiug

1883 835 64 16 power
1955 828 84 23 permits.
2063 828 40 17 The
2119 827 122 18 foundations
2258 826 21 16 of
2286 825 33 17 the

1882 858 42 11 new
1933 851 66 24 bridge
2016 857 30 11 are
2061 850 37 18 laid
2115 851 38 17 and
2169 850 32 17 the
2218 849 69 18 arrival
2300 849 19 16 of

1883 875 32 18 the
1924 875 67 17 timber
1999 875 15 16 is
2025 874 49 22 daily
2084 874 67 17 looked
2165 874 35 16 for.

1907 907 39 17 The
1965 906 84 22 Railway
2066 906 124 21 Department
2206 905 19 16 in
2240 903 80 18 another

1884 930 75 17 column
1969 929 73 17 notifies
2060 929 31 16 the
2108 927 143 24 arrangements
2265 926 54 17 made

1884 954 30 16 for
1923 953 33 17 the
1962 950 93 24 Birthday
2064 952 86 21 holidays
2156 950 130 22 commencing
2295 955 24 12 on

1885 976 95 21 Saturday
1990 976 36 16 last
2036 975 36 17 and
2082 974 105 22 extending
2195 976 20 15 to
2232 974 33 16 the
2276 973 43 17 14th

1882 999 44 17 inst.

1906 1030 40 17 The
1962 1030 88 17 Waikato
2070 1029 63 23 Argus
2155 1028 115 18 contradicts
2294 1028 25 16 its

1883 1053 88 23 previous
1992 1053 101 17 statement
2116 1052 43 18 that
2181 1052 53 16 there
2247 1057 39 11 was
2309 1056 11 11 a

1884 1077 116 21 probability
2016 1076 20 17 of
2049 1076 31 17 Mr
2101 1076 23 17 11.
2143 1075 53 21 King
2213 1074 107 22 contesting

1884 1100 38 17 this
1930 1100 105 18 electorate,
2044 1099 35 16 but
2087 1099 94 16 mentions
2190 1098 32 17 Mr
2230 1098 23 16 It.
2264 1097 55 18 Stark

1884 1123 20 17 of
1912 1122 76 18 Walton
1997 1128 20 12 as
2026 1122 57 21 likely
2091 1124 19 15 to
2120 1127 51 13 come
2180 1123 34 15 out
2223 1127 19 11 as
2251 1127 24 11 an
2285 1126 23 17 op-

1884 1146 80 22 position
1975 1145 104 17 candidate.

1906 1178 60 16 There
1984 1183 36 11 was
2034 1182 24 11 no
2075 1176 77 22 holiday
2161 1176 30 17 for
2207 1176 32 16 the
2256 1175 63 18 school

1884 1201 83 16 children
1976 1206 21 10 or
2006 1199 48 17 their
2061 1200 84 16 teachers
2154 1206 24 10 on
2189 1199 85 22 Monday
2283 1199 37 17 last

1883 1229 20 11 as
1912 1225 45 19 they
1975 1229 47 11 were
2035 1222 63 23 busily
2114 1222 87 23 engaged
2218 1221 102 24 preparing

1884 1246 29 17 for
1927 1246 32 17 the
1974 1246 68 17 annual
2059 1246 128 17 examination
2202 1243 61 19 which
2281 1246 39 16 will

1884 1270 43 16 take
1936 1270 52 21 place
1997 1271 111 15 to-morrow
2118 1269 35 17 and
2165 1270 46 16 next
2221 1268 42 23 day.
2287 1268 33 17 Mr

1883 1293 107 16 Dickenson
2000 1293 37 16 will
2046 1292 45 17 hold
2100 1293 32 16 the
2141 1292 129 17 examination
2283 1292 36 16 and

1883 1315 53 17 there
1948 1315 16 17 is
1971 1315 49 17 little
2028 1315 60 17 doubt
2096 1315 43 17 that
2147 1315 32 17 the
2188 1315 84 17 children
2282 1315 38 17 will

1884 1338 132 22 satisfactorily
2026 1344 42 16 pass
2086 1339 83 22 through
2177 1339 32 16 the
2218 1338 69 17 ordeal.

1907 1370 34 18 We
1950 1371 63 21 regret
2023 1371 18 16 to
2051 1369 50 18 learn
2112 1370 41 17 that
2163 1370 31 17 Mr
2203 1369 22 18 E.
2239 1370 69 17 Robert-

1884 1399 33 11 son
1926 1395 40 15 mot
1974 1393 44 17 with
2028 1399 11 10 a
2048 1394 73 21 painful
2132 1393 85 17 accident
2227 1399 24 11 on
2263 1394 42 16 Mon-

1885 1416 36 22 day
1932 1417 93 21 morning.
2064 1415 68 19 Whilst
2148 1417 23 16 he
2187 1422 38 11 was
2233 1416 87 23 cleaning

1885 1446 11 10 a
1913 1440 54 16 horse
1988 1439 19 17 in
2030 1445 34 11 one
2084 1440 21 16 of
2131 1439 33 17 the
2188 1439 51 17 loose
2262 1440 58 16 boxes

1885 1463 32 16 the
1926 1463 55 16 brute
1988 1462 92 22 suddenly
2087 1462 64 17 lashed
2160 1465 34 14 out
2203 1463 37 16 and
2256 1463 63 16 struck

1885 1486 39 17 him
1933 1493 11 9 a
1950 1486 75 16 terrible
2034 1484 48 18 blow
2091 1486 40 22 just
2140 1485 59 18 above
2213 1485 32 18 the
2258 1486 29 22 pit
2301 1486 19 17 of

1884 1509 32 17 the
1926 1509 89 17 stomach.
2039 1509 40 17 The
2087 1509 44 22 pain
2140 1515 38 11 was
2192 1510 128 21 excruciating

1884 1533 36 16 but
1933 1532 19 17 in
1962 1537 11 12 a
1984 1537 44 17 very
2042 1531 52 19 short
2108 1532 45 17 time
2167 1532 32 17 Mr
2214 1533 105 16 Robertson

1885 1561 38 11 was
1931 1556 59 21 going
1999 1555 57 16 about
2065 1556 29 15 his
2108 1556 52 16 work
2169 1562 21 10 as
2200 1556 60 16 usual.

1909 1586 29 17 On
1948 1586 103 17 December
2068 1586 37 17 2nd
2121 1592 12 11 a
2148 1592 43 11 new
2212 1587 108 17 time-table

1886 1609 38 17 will
1934 1616 52 10 come
2003 1609 39 17 into
2061 1610 50 17 force
2127 1615 25 12 on
2170 1609 32 17 the
2220 1610 99 17 Auckland

1886 1633 70 16 section
1966 1633 20 16 of
1994 1632 32 18 the
2033 1632 77 22 railway
2117 1633 88 22 whereby
2214 1639 23 10 an
2245 1638 75 18 express

1886 1656 49 16 train
1945 1656 38 16 will
2000 1662 35 10 run
2053 1656 107 21 tri-weekly
2176 1656 84 17 between
2277 1656 43 17 here

1886 1679 37 16 and
1933 1679 103 16 Auckland.
2061 1679 40 17 The
2110 1679 49 17 train
2168 1679 39 17 will
2216 1679 52 17 leave
2277 1679 43 17 here

1886 1708 22 11 on
1919 1702 99 22 Mondays,
2029 1700 125 24 Wednesdays
2164 1702 37 17 and
2211 1702 78 22 Fridays
2299 1704 20 15 at

1888 1726 41 16 8.30
1938 1732 10 10 a
1957 1731 24 11 m.
1992 1724 83 24 arriving
2084 1725 19 17 in
2118 1725 99 17 Auckland
2226 1727 20 15 at
2255 1724 10 19 5
2274 1732 45 16 p.m.

1886 1749 36 16 and
1933 1749 36 16 will
1977 1749 51 16 leave
2035 1748 98 17 Auckland
2140 1749 102 21 Tuesdays,
2249 1749 60 17 Thurs-

1885 1771 46 22 days
1941 1770 37 18 and
1987 1771 103 22 Saturdays
2102 1773 20 15 at
2130 1772 30 17 8.5
2169 1778 45 11 a.m.
2230 1772 91 22 reaching

1886 1795 85 16 Rotorua
1979 1797 16 14 at
2008 1795 41 17 4.40
2058 1799 45 17 p.m.

1908 1823 70 16 Messrs
1987 1822 104 17 Robertson
2101 1822 36 17 and
2145 1823 40 19 Co.,
2195 1823 33 16 the
2236 1822 83 24 sanitary

1886 1847 115 16 contractors
2010 1847 19 15 to
2040 1845 32 17 the
2083 1846 57 16 Town
2148 1846 61 16 Board
2218 1846 48 16 have
2272 1846 49 17 after

1886 1868 126 18 considerable
2027 1869 73 16 trouble
2112 1869 37 16 and
2164 1869 56 17 much
2240 1875 80 16 expense

1886 1891 99 18 succeeded
1994 1892 19 16 in
2027 1891 81 23 opening
2122 1898 25 16 up
2162 1892 157 18 communication

1886 1914 45 18 with
1938 1914 33 18 the
1978 1914 42 18 firm
2026 1914 20 17 in
2055 1914 112 19 Melbourne
2184 1916 42 16 who
2243 1915 77 23 provide

1886 1938 31 18 the
1927 1938 89 22 patented
2025 1938 106 22 appliances
2141 1939 29 16 for
2180 1939 33 16 the
2221 1938 58 18 work.
2300 1938 20 18 If

1886 1967 24 11 no
1918 1961 54 17 other
1987 1961 50 17 hitch
2049 1967 64 11 occurs
2122 1961 31 18 the
2171 1963 70 20 system
2260 1962 59 21 ought

1886 1986 19 15 to
1914 1985 22 16 be
1951 1983 19 18 in
1984 1984 35 17 full
2035 1984 61 23 swing
2112 1985 25 21 by
2150 1985 32 16 the
2199 1985 47 16 New
2262 1985 57 17 Year.

1886 2008 37 17 'Tis
1943 2013 11 11 u
1977 2008 147 17 consummation
2148 2008 90 22 devoutly
2258 2010 20 15 to
2298 2008 22 17 be

1886 2030 76 18 wished.

1908 2062 33 17 We
1951 2068 48 11 were
2011 2062 74 22 pleased
2099 2063 19 16 to
2135 2062 89 19 welcome
2240 2069 35 11 our
2289 2063 31 17 old

1886 2085 71 17 friends
1966 2086 31 16 Mr
2005 2085 36 17 and
2056 2085 39 17 Mrs
2110 2085 69 22 Taylor
2193 2086 42 17 who
2247 2086 44 22 paid
2309 2092 11 12 a

1886 2108 52 17 short
1957 2109 44 17 visit
2017 2109 19 16 to
2053 2109 84 17 Rotorua
2153 2109 37 17 last
2206 2109 57 17 week.
2289 2110 31 16 Mr

1885 2131 68 23 Taylor
1959 2132 33 17 has
1999 2131 19 17 in
2028 2137 63 12 course
2100 2132 20 18 of
2136 2133 82 16 erection
2227 2134 19 15 at
2261 2133 47 17 Coro-

1885 2154 75 18 raandel
1969 2161 10 10 a
1993 2154 53 21 large
2054 2154 52 18 Mart
2122 2155 37 16 and
2176 2155 77 23 general
2270 2157 49 16 store

1885 2178 19 17 to
1912 2178 60 17 which
1979 2178 24 16 he
2014 2178 74 16 intends
2098 2178 72 22 shortly
2178 2178 98 23 removing
2287 2179 32 17 the

1885 2201 74 17 residue
1967 2202 19 16 of
1995 2201 28 16 his
2036 2201 60 22 goods
2105 2202 47 16 from
2168 2202 91 16 Rotorua.
2284 2202 24 17 Al-

1884 2224 73 20 though
1967 2231 28 10 we
2004 2230 29 11 are
2051 2230 52 16 sorry
2119 2226 20 15 to
2155 2225 40 16 lose
2203 2225 32 16 Mr
2251 2225 68 22 Taylor

1884 2253 20 11 as
1910 2248 23 16 he
1941 2248 17 17 is
1966 2249 87 20 amongst
2063 2247 100 18 Rotorua's
2170 2248 60 17 oldest
2245 2248 74 17 settlers

1884 2277 28 11 we
1922 2271 45 17 wish
1978 2271 39 17 him
2026 2271 31 16 the
2066 2272 82 19 greatest
2158 2277 72 11 success
2246 2271 60 18 where-

1884 2299 43 12 ever
1939 2294 24 17 ho
1969 2300 44 15 may
2021 2293 28 18 be.
2075 2294 40 17 Mrs
2124 2294 78 22 Crosby,
2214 2295 103 20 ofPaeroa,

1884 2318 37 16 and
1931 2314 89 26 formerly
2028 2318 20 15 of
2056 2317 32 16 the
2097 2318 85 16 Rotorua
2191 2318 65 19 Hotel,
2265 2318 16 17 is
2290 2318 19 17 al-

1884 2347 20 11 so
1912 2342 87 19 amongst
2008 2346 21 11 us
2041 2346 23 10 on
2074 2345 11 13 a
2094 2340 52 17 short
2156 2342 41 21 stay
2207 2341 38 17 and
2254 2343 20 15 to
2288 2347 20 11 re-

1883 2370 41 12 new
1933 2364 32 17 old
1973 2363 149 22 acquaintances.

1906 2394 85 23 Monday
2000 2401 37 11 was
2044 2394 88 18 observed
2141 2401 20 11 as
2179 2401 11 11 a
2203 2395 49 18 close
2268 2396 40 17 holi-

1884 2419 36 22 day
1930 2420 18 16 in
1959 2418 83 18 Rotorua
2050 2418 32 17 the
2091 2418 84 18 business
2184 2418 62 23 places
2261 2419 58 23 being

1884 2442 61 18 closed
1960 2441 118 21 throughout
2093 2441 31 18 the
2133 2442 44 22 day.
2211 2442 108 23 According

1884 2467 19 16 to
1910 2472 11 11 a
1929 2464 116 19 notification
2054 2465 82 17 received
2145 2467 33 15 too
2187 2465 37 18 late
2234 2466 29 16 for
2268 2465 37 23 pub-

1884 2488 76 18 lication
1969 2488 19 17 in
2005 2494 34 11 our
2049 2487 37 18 last
2103 2488 48 17 issue
2170 2488 33 17 the
2219 2490 44 21 post
2280 2490 35 16 and

1884 2512 98 22 telegraph
2000 2511 51 17 office
2068 2516 38 12 was
2123 2511 63 17 closed
2206 2512 20 16 in
2243 2512 27 18 all
2293 2512 26 18 its

1883 2535 97 17 branches.
2011 2535 28 21 By
2072 2534 33 18 the
2138 2535 97 21 mornings
2268 2536 49 16 train

1883 2564 100 11 numerous
2004 2557 61 22 picnic
2080 2558 70 21 parties
2167 2558 35 17 left
2219 2558 32 17 the
2266 2560 51 15 town

1885 2582 29 16 for
1922 2582 33 16 the
1963 2581 74 17 various
2051 2581 80 17 stations
2146 2582 59 21 along
2223 2582 33 16 the
2272 2582 44 17 line.

1884 2604 90 18 Mamaku
1996 2610 37 11 was
2054 2604 87 17 however
2170 2605 32 16 the
2223 2605 94 17 favourite

1884 2628 73 20 ground
1973 2627 36 18 rand
2023 2627 18 17 in
2051 2627 42 18 that
2103 2627 92 18 beautiful
2206 2630 48 20 spot,
2271 2627 45 18 with

1882 2652 25 16 its
1917 2650 67 19 wealth
1993 2651 20 16 of
2044 2650 66 17 Prince
2119 2652 19 15 of
2147 2650 62 18 Wales
2216 2650 82 18 feathers

1884 2674 108 22 (rendering
2007 2674 16 16 it
2033 2679 12 11 a
2060 2675 50 15 most
2126 2674 121 22 appropriate
2264 2674 54 23 place

1884 2698 29 16 for
1921 2704 11 10 a
1941 2697 92 22 Birthday
2042 2696 75 23 outing)
2127 2697 44 22 they
2181 2703 48 11 were
2238 2698 79 17 enabled

1883 2722 20 15 to
1926 2720 73 22 disport
2015 2720 111 17 themselves
2141 2721 50 16 until
2206 2721 31 16 the
2253 2722 64 16 return

1883 2744 50 17 train
1942 2743 19 17 in
1971 2744 31 16 the
2011 2744 86 21 evening.

1906 2775 32 17 Mr
1946 2774 21 18 C.
1977 2773 83 24 Malfroy
2068 2775 35 16 has
2108 2774 66 22 kindly
2184 2775 83 17 afforded
2276 2782 22 10 us
2306 2782 11 11 a

1884 2805 10 10 a
1908 2798 36 17 few
1960 2798 112 22 particulars
2092 2798 103 22 regarding
2208 2798 32 17 the
2254 2801 64 16 recent

1883 2822 44 16 visit
1936 2821 20 17 of
1967 2822 31 16 Mr
2014 2821 71 17 Robert
2098 2821 50 22 Hay,
2164 2822 85 22 sanitary
2263 2823 44 21 engi-

1883 2850 50 14 neer,
1948 2844 43 17 who
2005 2850 51 11 came
2068 2845 44 16 here
2123 2845 60 16 tinder
2196 2845 122 18 instructions

1884 2867 47 17 from
1941 2866 32 18 the
1980 2868 126 16 Government
2114 2869 20 15 to
2143 2867 73 23 inspect
2224 2868 32 17 the
2265 2868 53 22 place

1884 2890 46 17 with
1945 2897 11 10 a
1972 2891 48 16 view
2033 2892 20 15 to
2071 2890 114 18 established
2200 2897 11 10 a
2228 2891 90 23 drainage

1884 2914 78 16 scheme.
1996 2913 65 18 Under
2070 2913 32 17 Mr
2118 2913 100 23 Malfroy's
2233 2916 85 21 auspices

1884 2937 31 16 Mr
1920 2937 45 21 Hay
1974 2942 38 12 was
2022 2937 64 16 shown
2096 2937 59 17 round
2164 2937 33 17 the
2211 2937 54 22 place
2281 2939 37 16 and

1884 2959 113 22 everything
2018 2959 81 23 possible
2117 2960 100 22 explained
2238 2962 20 16 to
2279 2961 40 18 him

1886 2983 42 16 that
1936 2982 63 21 might
2007 2983 47 16 have
2063 2989 37 15 any
2108 2982 80 23 bearing
2197 2989 24 11 on
2234 2984 33 17 the
2274 2984 33 18 sub-

1884 3005 44 22 ject.
1946 3006 32 17 Mr
1986 3005 43 22 Hay
2037 3005 45 17 took
2092 3006 75 22 copious
2176 3008 54 16 notes
2240 3007 37 17 and
2284 3008 22 17 be-

1884 3029 34 22 ing
1926 3029 95 21 possessed
2030 3029 19 17 of
2061 3035 53 16 maps
2131 3030 20 16 of
2163 3030 33 16 the
2213 3031 51 16 town
2281 3031 38 17 and

1884 3052 33 17 the
1929 3052 56 17 levels
1993 3052 56 17 taken
2057 3052 26 22 by
2101 3052 32 17 Mr
2140 3052 19 18 J.
2169 3053 17 17 I.
2196 3052 73 24 Philips
2282 3053 37 18 last

1884 3081 45 16 year
1937 3081 38 11 was
1982 3075 41 17 able
2032 3076 19 16 to
2059 3081 51 11 come
2117 3077 19 16 to
2146 3082 23 11 an
2179 3076 51 22 early
2238 3077 81 17 decision

1885 3104 20 10 as
1914 3100 20 15 to
1942 3097 33 18 the
1983 3098 42 17 best
2040 3099 76 17 method
2125 3105 20 11 to
2162 3099 59 22 adopt
2239 3100 19 16 in
2274 3107 33 16 sup-

1885 3121 68 22 plying
1960 3128 11 10 a
1980 3121 90 23 drainage
2077 3123 75 21 system.
2178 3123 31 17 He
2215 3123 63 17 favors
2296 3130 24 10 an

1886 3144 134 21 underground
2035 3146 75 21 system,
2124 3145 32 17 the
2173 3152 73 16 sewage
2260 3148 20 15 to
2296 3147 24 17 be

1887 3164 64 20 forced
1959 3168 26 21 by
1995 3169 58 15 steam
2061 3168 84 22 through
2152 3169 54 22 pipes
2214 3169 78 23 leading
2300 3172 20 15 to

1887 3189 33 18 the
1929 3191 63 21 depot,
2002 3191 31 17 the
2042 3193 69 15 matter
2120 3193 20 15 to
2150 3191 23 17 be
2181 3193 53 16 there
2247 3193 73 17 treated

1886 3213 37 17 and
1932 3213 33 17 the
1973 3213 72 18 residue
2051 3215 19 16 to
2079 3214 24 17 be
2118 3215 46 17 used
2176 3215 21 17 in
2213 3216 83 21 forming
2309 3222 11 11 a

1886 3235 52 22 large
1948 3242 72 16 sewage
2030 3238 46 16 farm
2086 3238 19 16 in
2122 3239 43 16 that
2182 3240 82 20 quarter.
2289 3239 32 17 Mr

1886 3259 45 22 Hay
1939 3266 39 10 was
1995 3260 63 17 shown
2069 3260 31 18 the
2109 3263 58 15 wafer
2176 3261 70 22 supply
2254 3262 20 17 of
2288 3263 32 17 the

1886 3284 52 15 town
1953 3283 35 16 and
2000 3283 31 17 the
2040 3283 54 17 creek
2102 3285 76 16 whence
2187 3285 15 16 it
2211 3285 16 17 is
2245 3285 75 17 derived

1886 3306 46 16 with
1947 3312 12 10 a
1974 3306 47 17 view
2039 3307 19 16 to
2077 3307 87 22 utilising
2180 3307 33 18 the
2228 3308 58 17 latter
2301 3309 18 17 in

1887 3328 66 21 giving
1960 3329 33 17 the
2001 3335 63 16 power
2070 3330 92 22 required.
2194 3331 31 16 Ho
2233 3332 87 17 however

1886 3351 81 17 adhered
1978 3353 20 15 to
2006 3353 29 16 his
2044 3352 41 18 idea
2093 3352 42 18 that
2144 3355 60 15 steam
2210 3360 64 15 power
2282 3355 39 17 will

1886 3374 23 17 be
1927 3375 32 17 the
1976 3374 43 18 best
2033 3376 39 17 and
2092 3376 94 22 cheapest.
2206 3377 39 17 The
2260 3378 60 17 whole

1887 3398 70 21 system
1973 3397 47 18 need
2033 3400 40 19 not,
2088 3398 24 18 he
2129 3399 73 22 thinks,
2220 3400 43 18 boa
2276 3407 45 16 very

1886 3421 60 21 costly
1955 3427 40 14 one,
2006 3421 38 17 and
2058 3428 20 10 as
2087 3422 30 17 far
2125 3429 20 11 as
2153 3423 25 17 he
2187 3424 15 16 is
2218 3424 103 17 concerned

1886 3449 24 11 no
1924 3444 46 17 time
1978 3444 38 17 will
2025 3445 22 16 be
2056 3445 37 17 lost
2101 3445 19 17 in
2130 3446 114 23 submitting
2253 3447 29 17 his
2291 3453 19 12 re-

1886 3467 44 21 port
1939 3468 20 15 to
1969 3466 31 17 the
2010 3467 133 18 Government.

1972 3494 110 18 WOLFE'S
2091 3495 138 19 SCHNAPPS.

1984 3528 2 13 .
2087 3528 22 13 -.

1886 3549 20 17 Is
1915 3556 22 11 an
1945 3549 130 19 all-sufficient
2081 3553 74 21 remedy
2161 3553 30 16 for
2199 3553 121 22 indigestion.

1886 3572 59 18 Weak
1952 3574 79 16 invalids
2040 3574 68 17 should
2117 3575 42 17 seek
2168 3576 16 17 it
2192 3576 82 17 without
2288 3577 22 17 de-

1886 3595 38 23 lay.
1950 3596 42 23 Buy
2000 3596 70 18 bottles
2080 3598 46 17 with
2140 3604 95 16 wrappers
2251 3600 67 17 intact.

1962 3646 57 19 THE
2037 3646 185 21 SHAUGHRAUN.

1915 3696 42 19 The
1969 3700 91 17 amateur
2075 3698 98 21 dramatic
2183 3701 139 24 performance

1888 3729 11 11 o
1902 3722 9 13 f
1922 3722 53 19 Dion
1986 3723 135 21 Bouoicault's
2128 3733 109 18 evergreen
2245 3727 75 25 drama,

1910 3748 44 19 The
2142 3752 41 19 will
2204 3753 47 19 take
2268 3754 55 24 place

1889 3781 22 11 aa
1922 3776 117 19 announced
2046 3777 108 19 olsewhero
2162 3785 26 12 on
2196 3778 77 26 Friday
2282 3780 39 19 nnd

1890 3800 102 25 Saturday
2002 3802 69 25 nights
2081 3802 20 19 in
2114 3804 35 18 the
2159 3803 97 22 Pukeroa
2265 3805 56 20 Hall.

1889 3826 21 18 It
1931 3826 18 19 is
1965 3833 44 13 now
2027 3834 46 13 over
2088 3830 24 17 20
2129 3836 60 18 years
2207 3831 54 20 since
2282 3832 41 18 this

1890 3852 71 18 drama
1970 3860 41 12 was
2020 3854 102 24 produced
2133 3858 21 16 at
2164 3856 33 19 old
2208 3858 68 24 iJrury
2283 3858 39 18 and

1889 3878 53 18 after
1952 3879 26 18 its
1988 3879 42 19 first
2045 3880 91 25 gigantic
2175 3889 39 12 run
2254 3884 16 18 it
2287 3884 36 18 has

1889 3903 52 19 been
1962 3905 78 24 subject
2063 3908 21 17 to
2108 3908 108 24 periodical
2236 3909 87 20 revivals

1890 3929 48 19 with
1950 3931 126 25 satisfactory
2094 3933 74 19 results
2185 3936 20 17 to
2220 3935 35 19 the
2270 3938 41 16 trea-

1890 3962 48 18 sury
1951 3956 61 20 chest.
2041 3957 20 20 It
2074 3959 17 18 is
2109 3959 85 20 without
2211 3960 65 20 doubt
2289 3961 34 19 the

1891 3983 51 16 most
1953 3982 89 24 piquant,
2053 3985 94 24 amusing
2155 3986 39 18 and
2202 3987 121 25 interesting

1890 4007 22 18 of
1921 4007 132 21 Boucicault's
2063 4016 109 14 numerous
2180 4012 64 25 plays.
2273 4013 38 19 Pre-

1890 4033 70 18 sented
1976 4034 47 19 here
2041 4035 17 19 it
2074 4037 40 18 will
2131 4037 21 19 of
2171 4044 70 13 course
2261 4039 62 19 suffer

1891 4058 51 19 from
1954 4059 34 18 the
1997 4061 105 20 restricted
2112 4067 57 20 stage
2179 4065 91 24 capacity
2281 4065 39 18 and

1891 4084 16 18 it
1917 4091 64 12 seems
1991 4087 20 17 to
2021 4086 25 19 be
2056 4094 13 11 a
2084 4089 69 18 rather
2169 4090 91 24 gigantic
2277 4091 46 19 task

1891 4110 31 18 for
1933 4116 11 13 a
1952 4111 64 25 newly
2027 4112 78 20 formed
2115 4118 91 16 amateur
2224 4123 99 18 company

1891 4138 20 17 to
1931 4136 44 19 first
1994 4143 62 20 essay.
2096 4139 119 28 Competent
2234 4143 88 24 opinion,

2339 125 99 23 however,
2450 126 76 20 formed
2535 129 52 18 after
2601 129 119 24 witnessing-
2736 129 35 17 Hie

2339 158 54 12 more
2401 154 67 16 resent
2476 152 117 25 rehearsals,
2603 158 73 16 asserts
2683 155 46 19 that
2736 155 36 18 the

2339 177 68 25 public
2417 178 52 18 have
2483 185 9 12 a
2511 180 42 18 real
2570 183 50 17 treat
2636 182 20 18 in
2674 183 54 16 store
2740 181 32 17 for

2340 229 43 19 title
2393 230 41 19 role
2448 230 40 18 will
2507 230 25 19 he
2549 233 94 19 assumed
2659 233 27 23 by
2702 233 33 18 Mr
2747 232 23 18 G.

2339 255 34 18 W.
2396 256 77 24 Mayes,
2498 256 50 19 than
2573 259 64 18 whom
2657 266 26 11 nn
2706 259 66 18 better

2362 282 56 19 Conn
2448 288 37 12 can
2497 284 23 17 bo
2530 283 63 20 found
2604 292 25 11 on
2639 285 34 18 the
2680 287 92 16 amateur

2340 309 64 22 stage.
2432 308 43 19 The
2485 308 58 19 other
2558 310 52 19 male
2629 313 56 22 parts
2696 310 40 19 will
2746 309 26 20 be

2340 333 61 19 taken
2412 334 27 24 by
2455 334 80 19 various
2553 336 114 24 gentlemen
2687 336 50 20 who,
2751 342 21 13 as

2339 363 40 22 yet,
2391 367 34 12 are
2434 363 21 16 to
2473 360 104 20 histrionic
2592 362 54 19 fame
2662 362 110 18 unknown.

2339 387 43 18 Tho
2392 386 64 19 ladies
2464 386 106 25 discreetly
2577 388 40 18 veil
2625 388 53 18 their
2684 388 86 23 identity

2340 412 65 19 under
2431 412 35 19 the
2485 412 120 26 ambiguous
2623 416 50 17 term
2716 413 56 24 Lady

2340 438 115 19 Amateurs.
2502 438 57 25 Why
2575 440 41 18 this
2633 439 73 19 should
2716 439 25 18 be
2751 445 22 12 so

2340 471 29 12 we
2380 463 59 19 know
2450 466 41 21 not,
2502 464 69 19 unless
2579 466 15 18 it
2605 466 25 18 be
2640 468 21 16 to
2681 465 47 25 give
2738 464 35 19 the

2340 490 97 19 audience
2450 497 24 11 an
2485 490 111 20 additional
2606 494 42 16 zest
2667 491 21 19 in
2707 490 65 19 deter'

2340 516 80 25 mining
2429 516 54 18 their
2497 518 139 23 personalities
2647 517 58 19 when
2725 516 47 24 they

2340 548 76 19 appear
2434 548 54 19 upon
2504 543 35 18 the
2551 546 62 22 stage.
2650 544 19 18 A
2688 543 86 24 bumper

2340 569 63 17 house
2413 568 17 18 is
2448 574 45 12 sure
2504 571 20 15 to
2543 572 57 21 greet
2619 569 41 19 this
2679 569 53 18 little
2741 575 22 11 co-

2340 594 51 19 terio
2401 594 21 18 of
2431 593 51 19 local
2492 594 80 25 players
2588 596 58 18 when
2657 595 48 24 they
2715 594 59 18 make

2340 620 54 18 their
2403 619 45 19 bow
2469 626 24 12 on
2513 620 74 25 Friday
2605 621 65 25 night,
2688 620 40 19 and
2746 626 28 12 wo

2340 645 67 20 would
2416 645 89 26 bespeak
2515 647 32 18 for
2564 647 55 19 them
2638 654 12 12 a
2669 647 40 18 fair
2727 645 48 19 field

2340 672 40 18 and
2391 671 45 19 that
2445 672 58 18 favor
2518 673 64 18 which
2600 673 53 19 their
2669 673 70 18 efforts
2754 675 21 15 to

2341 697 65 20 afford
2426 701 132 19 amusement,
2575 699 19 18 in
2604 706 11 12 a
2633 702 52 16 town
2704 698 71 19 almost

2340 724 106 24 neglected
2462 724 27 24 by
2504 725 133 24 professional
2653 724 121 25 companies,

2340 750 68 24 surely
2417 750 89 19 deserve.

2399 805 311 33 CORRESPONDENCE.

2377 871 135 18 PROPOSED
2530 871 66 18 MASS
2614 871 126 18 MEETING.

2471 918 27 16 To
2507 922 41 13 the
2562 918 85 18 Editor.

2365 950 123 19 Sir,After
2496 950 32 16 the
2537 950 83 22 meeting
2629 950 19 17 of
2657 950 33 17 the
2699 950 78 16 electors

2341 979 23 11 on
2375 973 69 22 Friday
2453 972 63 23 night,
2541 973 53 17 there
2618 979 37 11 was
2671 974 54 21 great
2739 972 28 17 dis-

2341 997 73 17 cussion
2424 1002 19 10 as
2451 998 20 15 to
2480 996 32 16 the
2526 995 120 24 advisability
2661 997 20 16 of
2696 1001 70 11 conven-

2340 1019 35 23 ing
2383 1025 11 12 a
2403 1019 83 22 meeting
2495 1019 20 17 of
2521 1019 33 17 the
2560 1019 77 18 electors
2644 1019 37 17 and
2687 1018 90 18 residents

2342 1044 19 16 of
2370 1043 38 16 this
2418 1042 74 17 district
2501 1048 24 11 on
2536 1042 32 17 the
2578 1042 86 17 Pukeroa
2675 1044 20 15 at
2709 1048 12 11 a
2734 1041 43 17 date

2341 1067 18 16 in
2370 1068 32 15 the
2417 1071 45 11 near
2478 1066 69 16 future.
2580 1066 28 17 Its
2624 1066 73 22 objects
2713 1065 63 22 being,

2341 1091 19 15 to
2370 1089 79 22 petition
2459 1089 32 17 the
2501 1089 88 18 Premier,
2607 1091 20 15 to
2640 1090 57 21 grant
2710 1094 22 11 us
2746 1088 33 17 the

2342 1113 99 22 privileges
2452 1112 80 22 enjoyed
2541 1111 26 23 by
2577 1113 24 16 Te
2610 1113 69 19 Arolia,
2692 1113 20 16 to
2729 1111 48 17 form

2341 1142 24 11 an
2375 1136 77 17 elective
2467 1136 51 21 body
2532 1136 29 16 for
2574 1136 32 16 the
2620 1135 73 18 control
2710 1134 20 17 of
2745 1134 34 17 the

2341 1159 101 22 Township
2462 1165 21 11 as
2504 1158 100 23 promised.
2644 1158 93 21 Secondly
2758 1159 19 15 to

2342 1183 53 22 point
2405 1184 33 15 out
2447 1182 32 17 the
2490 1184 54 20 great
2551 1182 145 22 disadvantages
2703 1187 27 10 we
2737 1181 30 16 suf-

2342 1207 28 16 fer
2389 1207 21 16 at
2431 1206 32 17 the
2479 1205 62 17 hands
2558 1205 20 17 of
2594 1205 33 17 the
2647 1204 130 22 monopolists.

2342 1230 77 21 Thirdly
2428 1231 20 15 to
2456 1230 32 21 try
2496 1228 38 17 and
2544 1230 31 21 get
2584 1234 50 11 some
2643 1228 49 17 local
2700 1228 52 16 voice
2758 1227 19 17 in

2342 1253 32 17 the
2382 1252 73 18 control
2464 1252 20 17 of
2492 1252 32 16 the
2533 1252 77 16 licenses
2619 1252 17 16 in
2647 1251 38 17 this
2698 1251 79 16 district.

2342 1276 42 17 And
2393 1276 57 22 lastly
2459 1277 20 15 to
2487 1275 79 22 impress
2575 1281 23 11 on
2608 1275 32 17 the
2648 1274 68 17 female
2730 1273 38 18 elec-

2342 1302 44 17 tors,
2397 1299 37 17 and
2443 1299 19 17 in
2476 1299 38 16 fact
2530 1298 25 17 all
2571 1298 69 21 others,
2654 1299 20 16 to
2688 1299 44 15 vote
2749 1297 30 16 for

2342 1323 60 17 either
2410 1329 11 10 a
2431 1322 97 17 reduction
2538 1322 20 16 in
2566 1322 78 16 licenses
2658 1327 20 11 or
2693 1319 74 24 prohibi-

2342 1347 46 17 tion.
2419 1346 10 16 I
2446 1345 91 22 sincerely
2554 1345 49 22 hope
2620 1345 32 17 tho
2669 1344 108 22 gentleman

2342 1370 42 16 who
2393 1369 94 23 promised
2497 1370 20 15 to
2526 1374 79 16 prepare
2614 1368 32 17 the
2654 1367 81 23 petition
2741 1366 37 17 and

2342 1399 82 11 convene
2433 1393 32 16 the
2474 1392 84 22 meeting
2572 1390 38 19 will
2626 1393 33 15 not
2676 1390 55 17 allow
2746 1390 33 17 the

2342 1418 69 15 matter
2420 1418 20 15 to
2450 1415 148 22 drop.--Yours,
2609 1415 38 19 &c,

2639 1437 115 17 Observer.

2366 1463 90 19 Rotorua,
2468 1462 43 17 10th
2521 1461 113 20 November,
2647 1461 50 16 1890.

2401 1515 52 16 THE
2467 1513 103 18 COMING
2582 1512 137 19 ELECTION.

2406 1560 36 19 Me
2455 1560 71 18 Kelly
2539 1566 26 12 at
2578 1560 135 18 Oiiinemutu.

2366 1594 25 16 As
2401 1593 29 17 far
2439 1599 20 10 as
2469 1593 37 16 this
2514 1592 104 23 particular
2627 1591 73 17 district
2709 1591 15 16 is
2733 1596 33 11 con-

2343 1616 66 18 cerned
2419 1616 31 18 the
2460 1616 40 17 first
2510 1617 44 15 note
2563 1616 20 16 of
2596 1615 32 17 the
2643 1614 76 23 coming
2730 1614 38 16 elec-

2342 1640 40 17 tion
2391 1646 39 10 was
2439 1639 84 17 sounded
2532 1645 24 11 on
2569 1639 69 21 Friday
2647 1637 81 22 evening
2742 1637 37 17 last

2343 1663 54 17 when
2406 1663 31 17 Mr
2446 1663 81 16 William
2534 1662 63 22 Kelly,
2605 1661 32 17 the
2644 1661 68 21 sitting
2718 1666 45 11 mem-

2342 1686 38 20 ber,
2391 1685 99 18 addressed
2500 1686 32 16 the
2541 1686 78 16 electors
2625 1686 20 15 at
2652 1684 33 17 the
2692 1684 86 17 Pukeroa

2343 1710 45 16 Hall
2398 1710 19 16 in
2427 1709 32 17 the
2468 1709 31 17 old
2511 1708 101 23 township,

2366 1733 31 16 Mr
2406 1733 18 17 8.
2434 1733 19 16 T.
2464 1733 60 16 Brent
2532 1731 89 22 occupied
2630 1731 32 17 the
2674 1731 53 17 chair
2740 1729 38 18 and

2342 1755 53 18 there
2412 1762 47 11 were
2473 1755 59 17 about
2553 1755 32 17 150
2601 1760 77 16 persons
2695 1755 82 21 present.

2342 1779 38 16 The
2390 1778 171 19 enfranchisement
2573 1778 20 16 of
2602 1778 32 16 the
2643 1777 35 17 fair
2688 1783 32 10 sex
2733 1776 44 17 doer

2342 1803 34 16 not
2385 1808 48 11 seem
2443 1804 19 15 to
2473 1802 47 16 have
2529 1800 78 18 effected
2619 1800 33 17 the
2665 1800 113 17 attendance

2342 1826 56 16 much
2417 1832 19 10 as
2457 1825 54 17 there
2531 1830 48 11 were
2599 1824 44 22 only
2660 1824 43 16 four
2720 1823 57 17 ladies

2342 1850 82 20 present.

2366 1872 54 17 After
2429 1872 57 21 being
2496 1870 88 23 formally
2593 1870 110 17 introduced
2713 1871 19 16 to
2745 1870 32 16 the

2342 1895 89 17 audience
2441 1895 24 22 by
2474 1894 32 17 the
2516 1894 107 19 Chairman,
2640 1894 31 16 Mr
2680 1893 56 22 Kelly
2744 1898 22 12 en-

2342 1918 52 17 tered
2403 1924 23 10 on
2437 1918 29 17 his
2479 1917 82 17 address.
2591 1916 39 17 The
2641 1916 100 17 substance
2758 1916 20 17 of

2342 1941 28 17 his
2379 1941 83 17 remarks
2472 1947 37 10 was
2518 1947 11 10 a
2538 1940 67 17 review
2617 1940 20 17 of
2653 1940 33 16 the
2702 1940 75 21 present

2342 1964 143 17 Government's
2497 1964 52 17 work
2566 1963 70 22 during
2648 1963 33 17 the
2695 1962 37 18 last
2748 1962 29 17 six

2342 1994 53 15 years
2405 1988 59 16 which
2474 1988 23 16 he
2507 1987 54 17 made
2570 1987 25 21 by
2610 1986 79 22 reading
2701 1986 48 16 from
2766 1992 11 10 a

2342 2011 80 17 number
2446 2011 20 17 of
2491 2011 147 21 parliamentary
2659 2009 116 19 documents,

2342 2034 89 17 statistics
2439 2034 38 17 and
2486 2039 20 12 so
2515 2039 31 11 on.
2571 2034 29 20 By
2606 2033 52 16 these
2670 2032 24 17 he
2706 2032 71 22 sought

2342 2059 19 16 to
2370 2063 57 17 prove
2436 2058 42 16 that
2486 2057 33 17 the
2528 2056 73 22 Colony
2610 2062 38 11 was
2657 2061 51 11 more
2722 2061 43 16 pros-

2342 2086 67 17 perous
2431 2080 69 22 to-day
2517 2080 47 16 than
2580 2079 55 17 when
2653 2079 32 17 the
2700 2080 77 21 present

2342 2104 151 17 administration
2523 2103 86 17 assumed
2642 2102 58 17 office.
2739 2101 37 18 His

2342 2127 66 22 speech
2418 2133 38 11 was
2465 2133 20 10 so
2493 2126 73 22 largely
2577 2126 53 17 made
2640 2131 25 16 up
2674 2126 21 17 of
2707 2127 57 20 quota-

2342 2151 38 16 tion
2390 2150 43 17 that
2445 2150 16 16 it
2476 2149 63 17 would
2553 2149 22 17 be
2589 2149 36 17 idle
2641 2150 21 16 to
2673 2150 63 21 report
2753 2148 21 17 it.

2342 2173 30 17 He
2380 2179 39 11 was
2427 2173 40 17 also
2476 2172 97 22 subjected
2582 2173 21 15 to
2608 2177 100 11 numerous
2716 2171 50 17 inter-

2341 2197 92 21 ruptions,
2443 2196 117 17 humourous
2568 2195 38 16 and
2619 2195 104 19 otherwise,
2738 2194 37 17 and

2341 2220 49 16 after
2399 2220 92 22 speaking
2499 2219 59 16 about
2566 2220 24 15 40
2598 2218 81 17 minutes
2690 2217 85 18 declared

2341 2242 75 18 himself
2430 2242 57 22 ready
2502 2244 20 15 to
2537 2248 73 10 answer
2624 2241 101 22 questions.
2758 2241 17 17 A

2342 2267 35 15 few
2386 2271 48 13 were
2441 2265 123 23 propounded
2581 2264 38 17 and
2631 2264 96 17 answered
2740 2264 36 17 but

2340 2289 33 17 the
2379 2289 77 22 hilarity
2461 2289 38 16 and
2507 2288 90 17 hub-bub
2605 2288 76 17 became
2690 2293 20 11 so
2721 2288 54 21 great

2340 2312 43 17 that
2400 2312 15 17 it
2429 2318 38 11 was
2481 2311 109 22 impossible
2606 2313 20 15 to
2645 2311 46 17 hear
2707 2310 68 18 almost

2340 2336 94 21 anything
2453 2336 21 16 of
2486 2334 34 18 the
2533 2334 73 22 subject
2621 2335 69 16 matter
2707 2334 20 17 of
2742 2334 33 17 the

2340 2359 97 22 questions
2445 2364 21 11 or
2474 2364 89 11 answers.

2364 2383 55 16 After
2427 2382 37 17 this
2473 2381 38 18 had
2520 2387 49 15 gone
2582 2387 24 10 on
2620 2381 30 16 for
2663 2380 57 17 about
2733 2380 42 17 half

2340 2411 24 11 an
2373 2406 48 16 hour
2430 2406 30 15 Mr
2469 2405 21 16 F.
2499 2405 22 16 B.
2528 2404 52 17 Scott
2591 2404 88 17 mounted
2685 2404 32 16 the
2723 2404 41 21 plat-

2340 2429 48 16 form
2398 2428 38 17 and
2445 2428 92 22 proposed
2546 2434 11 10 a
2566 2430 42 14 vote
2622 2427 20 17 of
2655 2427 69 17 thanks
2737 2427 37 16 and

2340 2451 113 17 confidence.
2478 2451 55 17 After
2542 2456 51 12 some
2606 2450 50 17 little
2668 2450 55 21 delay
2736 2450 38 17 this

2340 2481 38 11 was
2387 2474 91 18 seconded
2488 2475 25 21 by
2523 2474 31 17 Mr
2559 2473 18 18 J.
2584 2474 53 16 Karl.
2662 2474 39 15 The
2707 2473 56 17 Chair-

2340 2504 43 11 man
2393 2498 56 17 asked
2457 2498 54 16 those
2516 2498 19 16 in
2542 2498 53 16 favor
2601 2498 19 16 to
2627 2502 33 16 say
2737 2496 37 17 and

2340 2522 53 16 those
2402 2521 76 22 against
2486 2523 20 15 to
2512 2526 34 16 say
2556 2519 62 21 "no/'
2627 2519 37 17 and
2674 2519 59 17 about
2749 2526 25 10 an

2339 2545 55 21 equal
2408 2543 79 19 number
2500 2544 21 17 of
2535 2543 44 18 each
2594 2542 110 23 responded.
2735 2543 39 17 The

2340 2568 100 17 Chairman
2450 2568 45 16 then
2504 2567 59 17 called
2573 2567 29 16 for
2610 2572 11 11 a
2630 2566 51 17 show
2688 2566 19 16 of
2714 2565 60 18 hands

2340 2591 36 17 and
2386 2597 50 11 some
2445 2592 23 15 20
2476 2592 36 20 put
2518 2596 26 16 up
2553 2589 49 18 their
2613 2589 60 17 hands
2687 2589 19 17 in
2720 2590 54 16 favor

2340 2615 19 16 of
2368 2615 32 16 the
2408 2615 78 19 motion,
2497 2613 37 17 and
2543 2613 58 17 about
2610 2619 23 10 an
2648 2612 55 23 equal
2718 2618 42 11 num-

2339 2637 33 18 ber
2380 2637 81 22 against.
2492 2637 52 16 Most
2559 2635 18 19 of
2588 2637 53 16 those
2654 2637 76 20 present
2744 2642 20 10 re-

2340 2661 72 16 frained
2420 2661 47 16 from
2476 2660 71 22 voting.
2561 2660 39 16 The
2607 2659 106 18 Chairman,
2720 2659 40 16 how-

2339 2689 48 13 ever,
2398 2683 86 19 declared
2492 2683 33 17 the
2533 2682 72 18 motion
2619 2682 71 17 carried
2696 2682 36 16 and
2742 2682 32 17 the

2339 2707 83 22 meeting
2441 2707 45 17 then
2505 2706 93 22 dispersed
2619 2705 19 17 in
2659 2705 47 22 high
2723 2705 51 23 good

2339 2730 87 17 humour.

2363 2754 24 16 In
2401 2753 68 22 regard
2484 2754 20 15 to
2518 2752 33 17 the
2567 2752 58 18 above
2641 2752 84 21 meeting
2741 2752 33 16 the

2340 2777 44 17 Star
2399 2777 21 17 of
2434 2776 94 21 Saturday
2541 2775 37 17 had
2596 2775 32 17 the
2641 2775 133 22 following:

2413 2799 29 19 W.
2460 2799 56 22 Kelly
2533 2798 99 17 addressed
2648 2798 33 17 the
2697 2798 40 22 Bay
2754 2798 21 17 of

2340 2823 69 22 Plenty
2418 2823 77 17 electors
2505 2823 20 16 at
2533 2822 115 17 Ohinemutu
2658 2821 35 16 last
2711 2822 62 21 night,

2339 2846 20 17 in
2368 2847 32 16 the
2411 2846 86 17 Pukeroa
2506 2845 53 17 Hall.
2584 2845 20 17 It
2612 2850 37 11 was
2658 2844 32 16 the
2704 2844 70 21 largest

2339 2869 85 22 political
2433 2869 83 22 meeting
2525 2874 43 11 ever
2573 2867 44 17 held
2626 2868 19 16 in
2655 2867 32 17 the
2694 2867 79 17 district.

2340 2893 30 16 He
2380 2893 56 22 spoke
2446 2893 29 16 for
2483 2892 60 17 about
2556 2897 23 11 an
2594 2891 53 19 hour,
2662 2891 112 21 principally

2339 2916 20 17 in
2368 2916 33 17 the
2410 2916 77 17 interest
2497 2916 19 16 of
2522 2914 119 22 agriculture,
2650 2914 85 22 showing
2742 2914 33 17 the

2340 2945 86 16 progress
2435 2939 20 17 of
2469 2938 32 18 the
2516 2938 72 21 Colony
2605 2937 33 17 has
2654 2936 55 18 made
2725 2937 50 17 since

2342 2963 43 17 1891
2394 2962 61 17 under
2464 2962 31 16 the
2504 2963 75 20 present
2591 2960 122 17 Parliament.
2738 2960 37 17 His

2340 2986 90 17 statistics
2439 2990 48 12 were
2497 2984 92 22 complete
2603 2983 37 17 and
2655 2983 118 23 convincing,

2340 3009 86 21 shewing
2434 3015 24 10 an
2467 3008 82 17 increase
2558 3007 17 16 in
2586 3006 52 18 stock
2647 3007 19 16 of
2681 3006 25 17 all
2712 3006 61 17 kinds.

2340 3032 31 17 Ho
2380 3032 40 17 also
2436 3032 51 16 dealt
2500 3030 46 17 with
2560 3030 91 17 advances
2664 3031 21 15 to
2701 3030 74 17 settlers

2340 3055 37 17 and
2387 3055 32 17 the
2429 3055 55 17 tariff.
2504 3054 31 16 He
2544 3053 30 17 did
2582 3055 34 15 not
2624 3059 56 16 agree
2689 3053 45 16 with
2742 3053 33 17 the

2341 3079 127 16 Government
2477 3083 23 11 on
2510 3077 48 16 their
2566 3076 63 17 native
2645 3076 45 17 land
2705 3076 68 22 policy,

2340 3107 22 12 or
2378 3102 32 16 the
2427 3100 115 23 resumption
2559 3100 20 16 of
2594 3099 44 17 land
2656 3100 30 16 for
2702 3099 73 22 mining

2341 3130 92 17 purposes
2440 3124 60 17 under
2514 3123 70 17 certain
2601 3122 110 17 conditions.
2744 3122 32 18 He

2341 3147 85 17 received
2434 3154 11 10 a
2454 3149 43 15 vote
2506 3147 20 16 of
2535 3146 70 17 thanks
2617 3145 37 17 and
2668 3145 107 18 confidence

2342 3171 19 16 in
2371 3171 32 16 the
2412 3171 74 21 present
2501 3170 133 17 Government.

2366 3194 38 17 The
2414 3193 69 18 Herald
2492 3193 20 17 of
2520 3192 84 23 Monday
2613 3192 34 16 has
2655 3192 33 16 the
2701 3191 64 17 follow-

2342 3217 35 22 ing
2389 3218 49 16 from
2455 3217 24 16 its
2496 3216 84 18 Eotorua
2596 3215 144 21 correspondent
2747 3220 30 11 :

2441 3241 57 20 Kelly
2507 3238 99 18 addressed
2615 3244 11 11 a
2633 3237 143 18 well-attended

2343 3263 83 23 meeting
2435 3263 20 17 of
2464 3263 77 16 electors
2550 3262 18 16 in
2577 3262 33 16 the
2619 3261 67 16 Public
2697 3261 46 16 Hall
2752 3266 24 12 on

2343 3287 69 22 Friday
2431 3286 61 22 night,
2513 3284 32 18 Mr
2558 3284 19 18 S.
2594 3284 21 18 T.
2633 3284 59 17 Brent
2707 3283 20 17 in
2743 3284 34 17 the

2343 3310 57 17 chair.
2426 3309 31 17 Mr
2473 3309 57 21 Kelly
2544 3307 90 17 reviewed
2648 3307 33 17 the
2694 3307 52 17 work
2756 3308 21 16 of

2343 3333 32 17 the
2384 3334 74 21 present
2466 3332 127 17 Government
2601 3337 44 10 over
2653 3330 32 17 the
2693 3331 44 21 past
2746 3330 30 17 six

2342 3362 60 16 years,
2413 3356 89 21 claiming
2511 3355 42 16 that
2561 3354 55 17 much
2626 3353 36 17 had
2668 3353 47 17 been
2728 3353 49 17 done

2343 3379 82 17 towards
2434 3378 32 18 the
2474 3377 106 23 prosperity
2587 3377 20 16 of
2613 3376 32 18 the
2653 3376 77 22 Colony,
2739 3377 38 16 and

2342 3403 24 16 he
2372 3403 40 16 also
2419 3407 47 17 gave
2471 3401 67 17 details
2544 3400 36 17 aud
2587 3399 117 23 particulars,
2714 3399 50 17 show-

2343 3426 34 21 ing
2386 3425 42 17 that
2436 3425 38 16 this
2484 3424 105 19 electorate,
2600 3422 31 18 the
2640 3423 41 21 Bay
2690 3423 20 16 of
2718 3423 46 16 Plen-

2343 3450 27 21 ty,
2380 3448 39 17 had
2429 3453 44 16 very
2483 3446 104 21 materially
2603 3445 93 17 benefited
2709 3447 20 15 at
2744 3446 33 17 the

2342 3472 61 16 hands
2412 3472 20 16 of
2439 3471 33 17 the
2481 3470 75 17 Seddon
2569 3469 133 17 Government.
2727 3469 38 17 Not-

2344 3494 137 22 withstanding
2490 3500 10 11 a
2509 3494 36 16 few
2559 3492 124 19 dissentients,
2700 3492 28 16 his
2742 3492 23 16 ad-

2342 3518 52 17 dress
2403 3523 38 12 was
2449 3517 43 17 well
2504 3516 37 17 and
2553 3515 121 22 respectfully
2687 3515 89 16 received.

2342 3542 18 16 A
2379 3542 44 16 vote
2439 3540 20 18 of
2475 3539 68 18 thanks
2558 3538 36 18 and
2612 3538 106 17 confidence
2739 3544 39 12 was

2343 3564 76 17 carried.

2368 3612 40 17 Our
2415 3612 101 20 Tauranga
2525 3608 145 23 correspondent
2679 3608 62 17 writes
2749 3613 29 12 :

2343 3635 32 17 Mr
2383 3634 77 18 Hemes
2468 3633 19 17 in
2496 3637 105 18 pursuance
2613 3633 20 15 of
2646 3631 29 17 liis
2688 3631 78 18 candida-

2343 3659 42 17 ture
2395 3663 37 11 was
2441 3657 21 17 at
2470 3657 25 16 To
2504 3656 54 17 Puna
2567 3655 36 17 last
2611 3653 98 23 Thursday
2716 3654 62 18 where

2343 3681 24 17 lie
2380 3680 98 17 addressed
2491 3678 66 22 nearly
2569 3678 26 17 all
2608 3678 32 17 the
2654 3678 73 17 settlers
2740 3678 38 17 and

2344 3704 51 17 their
2398 3703 58 18 wives
2459 3702 20 18 in
2486 3702 43 17 that
2535 3702 75 21 locality
2617 3707 20 11 as
2647 3700 41 18 well
2696 3706 19 11 as
2721 3707 56 16 many

2344 3728 78 16 electors
2431 3727 42 15 who
2484 3725 39 17 had
2529 3730 49 17 gone
2584 3725 33 21 put
2623 3725 48 15 from
2678 3723 100 24 Tauranga

2344 3752 20 15 to
2373 3751 45 16 hear
2426 3749 44 18 him.
2496 3749 32 16 He
2535 3753 36 12 was
2587 3747 42 17 well
2642 3747 84 16 received
2740 3747 38 17 and

2344 3774 49 17 after
2401 3772 90 21 listening
2500 3772 20 16 to
2529 3777 24 10 an
2566 3770 43 17 able
2622 3770 76 17 address
2710 3775 12 12 a
2734 3772 44 15 vote

2344 3797 20 17 of
2383 3796 68 17 thanks
2467 3794 37 17 and
2524 3794 106 17 confidence
2651 3799 38 11 was
2707 3793 71 17 carried

2344 3819 81 17 without
2432 3825 12 10 a
2453 3817 115 17 dissentient.
2594 3817 56 16 After
2654 3816 32 17 the
2695 3817 83 22 meeting

2343 3849 12 10 a
2364 3844 66 20 strong
2439 3841 108 17 committee
2555 3846 37 11 was
2601 3839 73 18 formed
2682 3840 20 15 to
2714 3845 64 12 secure

2343 3866 29 17 his
2382 3866 69 15 return.
2478 3864 54 17 Since
2540 3864 45 16 then
2599 3863 23 17 he
2637 3863 34 16 has
2684 3862 94 18 delivered

2344 3888 75 23 equally
2429 3887 100 18 successful
2538 3887 95 16 addresses
2643 3887 19 15 at
2670 3886 107 22 Tauranga,

2344 3911 97 21 Greerton,
2451 3911 25 16 Te
2484 3910 52 18 Puke
2545 3910 37 17 and
2592 3909 91 18 Katikati.

2367 3935 32 16 Mr
2406 3934 77 17 Herries
2491 3934 16 16 is
2516 3933 64 16 rather
2588 3934 44 15 neat
2641 3932 18 17 in
2669 3932 29 17 his
2710 3932 68 22 replies

2344 3960 20 15 to
2373 3957 101 23 questions,
2484 3958 21 15 to
2513 3955 45 25 wit:
2644 3961 37 16 you
2695 3956 30 20 try
2740 3955 38 17 and

2343 3982 48 16 have
2400 3986 50 11 sonic
2458 3979 65 22 public
2531 3985 67 16 money
2607 3978 83 18 diverted
2700 3979 19 16 to
2728 3977 37 19 Tau-

2344 4009 60 17 ranga
2497 4009 31 10 am
2545 4002 60 17 afraid
2620 4003 42 16 that
2675 4001 54 17 when
2745 4001 33 17 the

2345 4028 126 16 Government
2481 4032 24 16 go
2521 4027 33 16 out
2569 4026 34 16 the
2615 4025 112 22 Exchequer
2741 4025 38 17 will

2344 4050 23 18 he

2369 4074 22 16 In
2401 4071 80 20 another
2489 4072 75 16 column
2574 4072 16 16 it
2598 4071 38 17 will
2645 4071 23 17 ho
2679 4076 43 12 seen
2735 4071 44 17 that

2345 4097 31 16 Mr
2384 4095 76 18 Hi'iries
2469 4095 39 16 will
2517 4095 76 17 address
2602 4095 32 16 the
2643 4094 77 17 electors
2735 4094 43 17 here

2345 4125 23 12 on
2378 4118 84 22 Monday
2471 4119 52 16 next.
2549 4118 52 17 Next
2609 4118 37 21 day
2654 4117 24 17 he
2690 4118 88 21 proceeds

2345 4144 19 16 to
2374 4142 63 22 Taupo
2448 4141 66 17 thence
2523 4142 20 16 to
2552 4141 94 17 Tokaunu.

2953 128 115 16 MAMAKU.

2829 173 84 17 Messrs
2920 173 81 17 KrsABS
3011 174 58 17 Bros.
3080 174 113 17 Sawmills.

2818 205 24 16 In
2850 210 106 17 pursuance
2970 205 21 16 of
3002 210 13 11 a
3028 205 47 22 long;
3090 205 72 18 formed
3180 212 39 12 reso-

2795 228 60 18 lution
2865 233 11 12 a
2885 228 118 17 Chronicle
3012 229 146 21 representative
3166 230 44 21 paid
3219 237 11 11 a

2795 252 44 16 visit
2845 252 21 16 to
2878 250 92 18 Mamaku
2977 250 33 18 the
3025 251 54 18 other
3093 254 48 14 we</-
3161 253 38 16 and
3215 255 12 15 j.

2795 275 51 17 filled
2856 273 46 18 with
2911 275 63 22 regret
2984 280 42 10 ever
3035 275 52 17 since
3101 274 43 18 that
3161 275 23 18 he
3199 277 32 17 did

2795 299 34 16 not
2838 303 67 12 sooner
2914 296 54 18 make
2982 297 133 23 acquaintance
3132 299 45 17 with
3195 301 38 17 this

2795 322 120 22 picturesque
2924 322 50 21 spot.
2998 320 96 21 Marnaku,
3103 328 20 9 as
3130 323 49 16 most
3185 328 35 17 peo

2795 344 31 23 pie
2834 349 32 12 are
2875 349 67 14 aware,
2952 343 16 17 is
2982 343 137 22 distinguished
3137 351 21 11 as
3174 346 57 22 being

2795 368 32 16 the
2837 367 72 17 loftiest
2919 367 78 21 railway
3006 367 70 17 station
3084 367 18 17 in
3113 367 32 18 the
3151 369 78 22 Colony,

2796 391 58 21 being
2864 392 51 18 1,888
2925 390 38 17 feet
2977 389 59 18 above
3051 391 32 16 the
3097 397 31 11 sea
3142 391 54 21 level,
3211 398 21 12 or

2796 419 44 12 over
2847 414 34 16 800
2891 414 37 16 feet
2937 412 61 18 above
3005 413 33 17 the
3043 413 42 17 lake
3090 414 47 17 level
3144 416 21 17 at
3172 416 47 17 Roto-

2796 443 40 10 rua.
2856 436 39 17 The
2903 436 47 17 view
2960 436 48 17 from
3017 436 33 17 the
3058 438 84 22 carriage
3151 439 80 17 window

2796 459 19 17 in
2824 459 33 17 the
2864 464 64 12 course
2941 459 20 17 of
2974 459 33 17 the
3022 459 19 18 14
3057 460 52 18 miles
3124 461 42 22 spin
3183 463 49 16 from

2796 483 86 16 Eotorua
2890 483 16 16 is
2914 484 50 15 most
2972 482 118 23 interesting.
3116 484 68 18 Before
3198 491 35 11 one

2796 506 45 16 tires
2850 506 21 16 of
2879 506 32 16 the
2922 506 122 22 magnificent
3056 508 86 21 prospect
3148 508 84 18 afforded

2796 529 25 21 by
2831 529 33 16 the
2872 529 42 17 lake
2929 529 23 16 he
2969 534 71 17 sweeps
3053 530 39 16 into
3107 530 33 17 the
3174 531 59 17 forest

2918 551 37 17 and
2965 551 49 21 finds
3017 552 153 25 himself-gazing
3176 553 56 19 down

2797 575 103 16 successive
2911 575 56 16 vistas
2983 575 20 17 of
3020 576 32 16 the
3069 579 49 14 most
3134 576 98 18 luxuriant

2797 600 116 18 vegetation,
2935 598 32 16 the
2987 598 78 18 interest
3085 600 18 16 in
3132 600 62 17 which
3216 601 17 16 is

2798 621 114 21 heightened
2921 621 26 21 by
2957 621 49 17 their
3015 628 42 10 ever
3063 623 36 16 and
3109 623 57 20 again
3176 624 59 21 being

2798 644 45 17 shut
2847 644 47 17 from
2901 643 46 18 view
2955 650 20 11 as
2982 645 33 16 the
3021 645 48 17 train
3076 645 158 25 rattlesjthrough

2798 673 10 11 a
2817 667 61 22 heavy
2888 667 81 23 cutting.
3001 669 26 16 At
3036 668 32 18 the
3076 669 77 22 railway
3163 670 71 17 station

2798 696 28 11 we
2835 696 32 10 are
2876 692 37 15 met
2923 690 26 21 by
2965 690 31 18 Mr
3012 691 22 17 E.
3054 691 80 22 Eusabs,
3152 692 83 19 resident

2798 719 97 17 manager,
2906 713 36 17 and
2953 720 19 10 as
2981 720 36 10 one
3026 715 83 17 member
3113 715 21 18 of
3139 716 35 18 the
3177 717 58 22 party

2798 736 20 18 of
2827 738 38 16 two
2875 737 84 21 happens
2968 738 20 16 to
2997 737 23 18 be
3027 737 30 17 Mr
3155 739 78 21 Boland,

2798 760 43 17 who
2850 760 16 17 is
2873 760 92 22 enjoying
2973 767 11 9 a
2993 760 48 18 brief
3054 761 76 22 holiday
3139 762 50 17 from
3203 763 33 16 the

2799 783 53 16 labor
2866 783 37 17 and
2916 784 59 16 strain
2989 784 21 16 of
3026 784 31 17 the
3073 784 48 18 local
3135 785 100 24 telegraph

2799 806 58 20 office,
2867 806 34 17 the
2909 807 87 21 greeting
3005 807 16 16 is
3029 813 24 11 an
3059 809 53 15 extra
3119 809 67 22 hearty
3194 815 41 10 one.

2799 830 29 16 An
2838 830 42 16 iron
2889 830 58 16 railed
2956 831 47 16 tram
3016 831 58 19 track,
3090 831 60 16 about;
3165 838 10 11 a
3193 831 43 18 mile

2799 852 18 17 in
2827 852 75 22 length,
2912 852 51 18 leads
2973 853 82 22 through
3066 854 31 17 the
3106 854 49 17 bush
3168 856 21 16 to
3204 855 33 17 the

2800 875 86 21 sawmill,
2896 875 37 18 and
2940 882 20 11 as
2970 882 26 10 we
3006 877 49 16 wind
3065 883 34 11 our
3108 878 77 17 devious
3194 884 42 16 way

2800 899 58 22 along
2867 905 27 11 we
2903 905 44 16 pass
2954 899 47 22 piles
3007 901 20 16 of
3035 900 68 17 timber
3111 903 32 15 cut
3153 903 19 15 to
3186 902 40 16 vari-

2800 928 33 11 ous
2851 928 78 16 gauges,
2946 928 50 11 some
3010 923 84 18 destined
3103 924 30 17 for
3149 925 89 21 building

2800 951 90 16 purjioses
2899 946 19 16 in
2928 946 91 20 llotorua,
3028 946 34 18 but
3078 947 31 17 the
3123 947 62 23 major
3195 950 42 19 pail

2800 969 60 16 under
2876 969 54 17 order
2945 969 29 17 for
2991 969 52 22 large
3059 970 82 22 bridges,
3160 971 39 19 &c,
3217 971 20 17 in

2800 998 65 11 course
2881 992 20 17 of
2915 992 81 17 erection
3014 998 45 11 near
3075 993 78 18 Paeroa.
3187 994 52 17 Near

2800 1015 33 16 the
2848 1014 89 18 sawmills
2954 1016 32 16 Mr
2996 1016 76 17 Kusabs
3085 1017 64 21 points
3166 1019 34 14 out
3213 1023 25 11 an

2800 1044 44 11 area
2869 1039 21 17 of
2909 1039 38 17 two
2968 1045 57 14 acres,
3047 1039 89 23 partially
3157 1039 79 21 cleared,

2801 1061 60 17 which
2880 1061 33 17 has
2927 1061 46 17 been
2987 1063 85 16 reserved
3087 1063 28 17 for
3128 1069 12 11 a
3157 1063 81 17 football

2801 1085 74 21 ground
2883 1085 4 24 ;
2902 1085 35 20 for,
2947 1091 20 11 as
2976 1085 23 17 he
3008 1091 45 17 very
3067 1087 65 22 sagely
3146 1086 90 21 remarks,

2819 1108 16 17 if
2844 1114 27 11 we
2880 1108 54 17 don't,
2942 1108 77 23 provide
3025 1115 50 11 some
3083 1111 119 16 amusement
3209 1110 29 17 for

2801 1137 35 11 our
2845 1137 43 11 men
2897 1137 28 11 we
2934 1132 50 16 can't
2993 1134 66 19 expect
3074 1134 20 16 to
3103 1132 48 23 keep

2825 1155 39 16 The
2873 1155 54 16 block
2937 1155 66 16 owned
3010 1155 25 22 by
3045 1156 31 16 the
3085 1157 70 16 Messrs
3162 1157 76 17 Kusabs

2801 1178 101 22 comprises
2911 1179 54 19 2,000
2974 1184 50 11 acres
3033 1179 38 17 and
3079 1179 15 17 is
3103 1179 76 23 heavily
3192 1180 34 17 tim-

2801 1200 56 18 bered
2874 1201 47 17 with
2938 1201 55 21 riniu,
3012 1202 68 21 totara,
3098 1202 64 19 hinau,
3181 1204 56 19 tawa,

2801 1223 91 19 tanikaua
2901 1225 37 16 and
2947 1225 55 16 other
3014 1225 85 17 valuable
3114 1228 54 15 trees.
3198 1226 40 17 The

2801 1248 99 17 mountain
2919 1248 49 17 rimu
2989 1248 89 17 obtained
3094 1249 45 17 here
3160 1249 15 17 is
3200 1250 38 16 fast

2801 1270 80 22 gaining
2890 1277 11 11 a
2909 1276 55 12 name
2972 1272 29 16 for
3010 1272 51 17 itself
3075 1278 19 11 as
3108 1272 58 23 being
3178 1273 19 16 in
3213 1278 25 12 no

2801 1299 41 17 way
2852 1291 78 20 inferior
2939 1296 19 16 to
2967 1294 54 18 kauri
3030 1295 43 20 and,
3090 1296 30 17 for
3132 1302 52 11 some
3193 1302 34 16 pur-

2801 1323 59 16 poses,
2875 1318 16 16 is
2907 1317 78 17 deemed
3001 1319 89 21 superior.
3121 1319 70 17 Orders
3207 1325 32 11 are

2801 1346 42 11 now
2851 1341 18 16 in
2880 1341 50 16 hand
2940 1341 29 17 for
2977 1347 57 16 many
3047 1342 104 18 thousands
3165 1343 20 17 of
3201 1343 38 16 feet

2801 1364 20 16 of
2827 1364 54 17 heart
2888 1364 20 17 of
2916 1364 50 17 rimu
2975 1365 30 16 for
3014 1365 31 16 the
3054 1365 75 22 battery
3139 1367 19 15 at
3168 1365 56 18 Owha-

2801 1393 39 14 roa,
2850 1387 61 17 which
2921 1388 16 16 is
2948 1387 59 23 being
3015 1388 72 17 erected
3095 1388 26 23 by
3130 1389 33 17 the
3177 1389 62 17 Waihi

2801 1410 126 23 Goldmining
2943 1411 40 21 Co.,
3002 1411 39 17 ako
3062 1412 30 16 for
3107 1412 34 17 the
3160 1412 69 22 railway-

2801 1433 53 18 stock
2875 1434 88 22 building
2980 1440 23 11 on
3021 1434 32 18 the
3069 1434 72 18 Mokau
3156 1435 82 17 Section.

2801 1457 39 17 The
2849 1458 50 16 tawa
2908 1463 62 17 grown
2981 1458 18 17 to
3008 1463 25 12 an
3041 1458 91 17 immense
3139 1458 51 24 girth
3200 1459 38 17 and

2801 1480 69 17 boards
2879 1487 43 16 may
2930 1480 23 18 be
2961 1487 44 11 seen
3017 1482 21 16 at
3054 1482 31 16 the
3097 1482 40 17 mill
3155 1483 27 16 .'sft
3200 1483 38 16 Gin.

2802 1503 47 17 wide
2858 1504 27 22 by
2900 1504 39 16 18ft
2953 1504 54 23 long.
3032 1505 84 17 Another
3132 1506 74 21 variety
3222 1506 16 17 is

2803 1527 44 17 used
2857 1527 115 22 extensively
2982 1528 30 17 for
3024 1527 49 18 dado
3090 1528 58 17 work.
3183 1529 55 17 Slabs

2801 1550 20 17 of
2829 1550 50 17 rimu
2886 1551 29 16 for
2924 1552 78 15 counter
3011 1552 42 21 tops
3062 1557 35 11 can
3114 1551 40 18 also
3167 1552 24 17 be
3204 1554 34 20 got

2801 1579 26 16 up
2836 1574 20 17 to
2866 1573 35 17 five
2908 1574 44 17 feet.
2977 1574 39 17 The
3025 1574 57 18 hinau
3091 1575 15 17 is
3115 1575 45 17 used
3167 1574 61 24 princi-

2801 1596 53 23 pally
2862 1597 31 17 for
2899 1597 60 18 house
2967 1596 63 19 blocks
3047 1598 36 16 and
3101 1599 32 16 the
3148 1599 90 17 tanuaua

2801 1620 15 17 is
2832 1620 50 22 good
2896 1621 30 16 for
2940 1621 69 17 almost
3023 1626 37 17 any
3073 1627 88 16 purpose,
3171 1621 34 18 but
3222 1622 16 17 is

2801 1643 68 22 chiefly
2878 1643 76 18 utilised
2963 1644 30 17 for
3006 1646 52 20 posts
3067 1645 20 16 of
3094 1645 64 21 picket
3175 1645 62 18 fences

2801 1666 37 17 and
2855 1667 72 17 similar
2949 1666 58 18 work.
3045 1668 85 17 Another
3150 1668 88 18 valuable

2801 1689 69 18 timber
2878 1690 16 17 is
2902 1691 33 16 the
2943 1691 55 16 black
3013 1691 58 17 maire
3085 1691 63 17 which
3161 1692 34 16 has
3212 1692 26 17 all

2801 1713 33 18 the
2843 1713 148 18 characteristics
3000 1714 20 17 of
3029 1714 32 17 the
3071 1713 69 24 lignum
3149 1715 48 20 vitce,
3204 1715 22 17 be-

2801 1737 35 22 ing
2845 1736 47 17 hard
2906 1737 38 16 and
2960 1737 83 17 durable.
3075 1738 82 22 Strange
3172 1740 20 15 to
3205 1745 25 15 say-

2800 1760 54 17 there
2862 1760 16 17 is
2887 1760 34 17 but
2930 1760 49 18 little
2986 1760 81 18 demand
3073 1761 28 17 for
3108 1761 15 17 it
3129 1762 20 16 at
3155 1763 81 20 present,

2800 1783 36 17 but
2844 1783 37 17 like
2890 1789 57 17 many
2962 1785 54 15 other
3026 1783 47 18 New
3081 1785 85 16 Zealand
3175 1785 64 17 woods

2800 1807 15 17 it
2825 1806 46 23 only
2880 1807 82 22 requires
2970 1808 20 16 to
3000 1807 22 17 be
3031 1807 61 17 better
3101 1807 69 18 known
3179 1809 21 16 to
3214 1809 24 17 be

2800 1836 52 11 more
2862 1830 68 22 widely
2940 1830 51 17 used.
3017 1830 39 17 The
3069 1830 34 17 soil
3118 1831 120 23 throughout

2800 1853 15 17 is
2824 1858 47 17 very
2879 1853 41 17 rich
2928 1853 58 23 being
2994 1860 11 10 a
3014 1853 50 23 light
3072 1854 103 20 chocolate,
3184 1861 43 11 over-

2800 1877 55 22 lying
2869 1882 11 11 a
2897 1877 40 17 foot
2951 1883 21 11 or
2986 1882 21 12 so
3021 1877 20 17 of
3054 1877 80 23 pumice.
3166 1878 26 17 As
3205 1877 33 18 the

2800 1897 71 20 timber
2878 1900 16 17 is
2911 1900 73 17 cleared
3001 1900 37 17 and
3054 1901 32 16 the
3100 1900 138 24 undergrowth

2800 1924 80 19 burned,
2891 1929 53 17 grass
2953 1924 15 17 is
2977 1929 51 11 sown
3043 1924 37 17 and
3094 1924 32 17 tho
3134 1931 45 16 crop
3194 1925 14 16 is
3226 1932 11 10 a.

2799 1947 100 17 luxuriant
2907 1953 42 11 one.
2975 1945 29 19 On
3014 1954 34 10 one
3057 1947 19 17 of
3085 1947 52 17 these
3145 1948 93 22 clearings

2800 1970 52 17 what
2862 1976 37 12 was
2908 1970 94 22 supposed
3011 1971 20 16 to
3040 1969 22 18 be
3071 1972 42 15 oats
3125 1971 70 17 turned
3203 1974 34 14 out

2799 1995 21 16 to
2840 1993 24 18 be
2880 1999 105 17 rye-grass,
3000 1992 63 19 breast
3078 1994 54 22 high,
3151 1994 37 17 and
3205 1995 33 17 the

2800 2016 97 18 cocksfoot
2905 2023 39 11 was
2953 2016 59 23 doing
3019 2016 65 23 nearly
3093 2023 20 11 as
3128 2018 49 17 well.
3211 2018 27 17 At

2799 2040 33 17 the
2852 2042 76 20 present
2946 2039 45 18 time
3009 2039 53 18 there
3078 2046 31 11 are
3127 2040 59 18 about
3205 2042 33 16 100

2799 2069 53 12 acres
2858 2063 18 18 ir
2887 2069 59 16 grass.
2972 2064 38 17 The
3019 2063 53 18 stock
3089 2065 20 16 at
3123 2066 76 20 present
3212 2071 24 11 on

2799 2086 33 17 the
2840 2087 54 21 place
2903 2086 101 22 comprises
3014 2087 22 17 56
3044 2087 48 17 head
3102 2087 19 17 of
3135 2087 63 21 cattle,
3215 2089 22 16 16

2798 2109 65 18 horses
2873 2110 37 16 .and
2921 2110 33 16 100
2963 2110 63 22 sheep.
3051 2110 54 17 More
3114 2111 55 16 could
3179 2111 59 23 easily

2798 2132 24 18 be
2831 2133 78 20 carried,
2919 2133 35 17 but
2968 2133 49 17 until
3032 2134 32 16 the
3078 2134 56 17 roads
3142 2134 96 23 promised

2798 2155 26 23 by
2836 2156 35 17 the
2885 2156 127 17 Government
3026 2162 31 11 are
3071 2157 56 17 made
3142 2158 32 16 tho
3191 2158 37 22 only-

2798 2185 65 11 means
2872 2179 21 17 of
2900 2185 61 11 access
2970 2180 15 16 is
2993 2179 26 22 by
3028 2180 32 17 the
3068 2180 80 22 railway
3156 2181 44 17 line.

2821 2201 86 24 Nearing
2915 2202 33 17 the
2957 2202 40 18 mill
3006 2209 28 11 we
3042 2203 39 17 find
3096 2204 72 17 several
3182 2204 56 17 small

2798 2227 86 20 cottages
2897 2226 20 16 in
2930 2232 75 16 process
3019 2227 20 16 of
3053 2227 90 17 erection.
3176 2228 60 17 These

2798 2254 31 11 are
2838 2249 31 17 for
2877 2249 32 17 the
2925 2254 42 12 men
2984 2249 38 17 and
3040 2249 37 18 will
3094 2251 142 18 accommodate

2798 2273 38 16 two
2845 2272 19 17 in
2874 2272 52 17 each.
2951 2271 52 23 They
3012 2272 96 22 naturally
3120 2274 64 21 prefer
3198 2275 38 16 this

2797 2296 20 16 to
2826 2295 62 22 living
2894 2294 20 18 in
2923 2296 33 16 the
2964 2297 76 20 present
3049 2295 52 24 large
3110 2296 74 21 houses,
3203 2298 33 17 the

2797 2318 88 18 interiors
2894 2319 21 17 of
2921 2318 61 18 which
2991 2325 32 11 are
3031 2319 92 22 arranged
3131 2321 104 17 somewhat

2797 2342 50 17 after
2855 2342 33 17 the
2897 2342 50 22 style
2955 2343 20 16 of
2983 2348 11 11 a
3003 2343 58 21 ship's
3078 2343 83 18 fo'c's'le.
3196 2344 40 17 The

2798 2364 117 18 cook-house
2935 2365 39 17 and
2990 2366 130 22 dining-room
3142 2367 40 17 also
3200 2368 22 16 de-

2797 2388 68 18 mands
2873 2388 94 18 attention
2977 2395 20 11 as
3005 2389 20 17 in
3034 2385 42 21 that
3089 2388 120 24 department
3224 2398 11 10 a

2797 2411 126 18 well-cooked
2932 2412 38 17 and
2979 2414 49 15 most
3037 2413 112 17 substantia]
3167 2413 69 19 dinner

2797 2441 39 11 was
2843 2435 71 20 served,
2924 2437 20 15 to
2953 2435 24 18 be
2985 2435 88 18 followed
3081 2436 26 22 by
3118 2442 24 11 an
3158 2438 68 22 equally-

2796 2458 122 22 satisfactory
2934 2460 37 15 tea.
3009 2459 17 16 A
3047 2465 41 11 new
3109 2460 124 21 cook-house,

2797 2483 51 15 store
2868 2482 38 16 and
2926 2482 117 18 bake-house
3064 2483 38 17 will
3120 2484 73 22 shortly
3210 2485 24 16 be

2796 2505 75 17 erected
2880 2504 37 18 and
2925 2505 33 17 the
2967 2507 75 21 present
3050 2505 89 24 building
3145 2507 15 17 is
3165 2507 70 19 looked

2796 2534 52 16 upon
2870 2535 20 10 as
2911 2529 70 21 merely
3003 2531 114 21 temporary.
3156 2530 31 18 On
3208 2538 27 10 an

2796 2552 97 17 eminence
2901 2552 124 23 overlooking
3031 2553 32 16 the
3069 2552 40 18 mill
3116 2554 37 17 and
3161 2554 73 18 cleared

2796 2581 50 13 area,
2856 2575 33 17 the
2897 2575 122 17 foundations
3029 2582 31 11 are
3071 2582 44 12 now
3130 2576 57 23 being
3193 2578 42 21 dug

2796 2599 31 16 for
2834 2597 35 18 the
2877 2599 105 22 manager's
2991 2599 64 17 house.
3081 2600 20 16 It
3113 2600 40 18 will
3161 2607 55 11 occur
3221 2607 14 17 y

2796 2620 33 18 the
2838 2623 34 21 top
2880 2622 21 17 of
2916 2628 37 11 one
2969 2622 18 17 of
3005 2629 57 15 many
3074 2623 75 18 curious
3167 2630 53 17 sugai
3226 2634 9 4 -

2796 2644 40 18 loaf
2860 2645 71 22 shaped
2952 2645 43 17 hills
3015 2646 61 17 which
3097 2647 37 16 rise
3154 2648 70 22 abrupt-

2796 2667 20 23 ly
2833 2668 45 17 here
2898 2668 37 18 and
2956 2669 53 17 there
3029 2669 26 17 all
3076 2675 44 12 over
3141 2670 33 18 the
3189 2677 34 16 pro-

2796 2692 63 22 perty.
2889 2691 39 18 The
2949 2692 45 17 rock
3010 2693 61 17 which
3081 2695 62 16 enters
3160 2694 75 23 largely

2796 2714 42 17 into
2857 2714 33 17 the
2907 2715 124 22 composition
3048 2716 21 17 of
3083 2716 54 18 these
3153 2719 82 17 mounds

2796 2736 16 19 is
2833 2738 21 17 of
2870 2743 11 11 a
2899 2744 47 16 grey
2961 2745 70 16 porous
3050 2741 67 16 nature
3138 2742 34 16 not
3189 2747 37 17 very-

2796 2760 49 18 hard
2854 2761 37 17 and
2900 2761 94 18 therefore
3008 2764 63 20 pretty
3085 2763 60 22 easily
3161 2764 73 18 broken

2796 2789 33 17 up.
2855 2784 30 17 On
2894 2790 57 17 many
2961 2785 20 17 of
2988 2785 52 17 them
3054 2786 53 22 large
3121 2787 50 17 rimu
3186 2789 50 17 trees

2796 2807 54 17 three
2866 2813 21 11 or
2902 2808 44 17 four
2962 2808 39 17 feet
3017 2809 84 23 through
3118 2816 31 11 are
3167 2811 66 20 found,

2797 2830 89 22 growing
2894 2831 48 17 from
2952 2833 34 15 out
3000 2832 34 17 the
3045 2832 45 17 bare
3103 2834 50 17 rock.
3183 2834 52 18 How

2796 2853 47 22 they
2858 2854 64 17 obtain
2938 2855 93 17 sufficient
3045 2856 132 18 nourishment
3191 2858 16 17 is
3224 2865 12 10 a

2796 2877 92 22 mystery.
2913 2877 57 18 Their
2978 2878 48 22 long
3033 2880 51 16 roots
3094 2884 46 18 may
3152 2880 24 17 be
3191 2887 44 11 seen

2796 2900 89 23 twisting
2901 2900 38 18 and
2960 2901 81 23 twining
3061 2903 120 21 throughout
3201 2904 34 18 the

2796 2922 106 19 interstices
2912 2924 21 17 of
2941 2924 32 18 the
2986 2926 60 20 stone,
3064 2925 35 17 but
3115 2926 20 17 to
3141 2931 8 13 1
3165 2927 70 23 supply

2797 2945 22 18 of
2834 2946 35 17 soil
2885 2947 16 17 is
2918 2947 36 17 but
2970 2949 59 19 scant,
3047 2954 46 12 even
3114 2950 55 17 when
3189 2951 46 22 they

2796 2970 58 17 reach
2862 2970 21 17 it.
2916 2971 26 16 At
2958 2971 33 17 the
3007 2973 33 21 top
3057 2972 19 17 of
3093 2978 35 12 one
3146 2974 20 16 of
3182 2974 53 17 these

2796 2993 89 20 mounds,
2894 2994 59 17 about
2961 2995 35 16 200
3005 2995 38 17 feet
3051 2996 53 22 high,
3114 2996 16 17 is
3144 3002 42 12 seen
3201 2997 35 17 the

2797 3016 65 22 stump
2871 3016 21 18 of
2899 3023 24 11 an
2940 3018 91 17 immense
3046 3020 63 16 totara
3126 3020 49 22 fully
3192 3021 45 16 four

2797 3039 37 16 feet
2844 3039 20 17 in
2873 3039 96 19 diameter.
2994 3042 39 16 The
3041 3041 79 23 gnarled
3130 3043 58 17 trunk
3201 3044 34 17 lies

2797 3067 25 11 on
2831 3062 33 17 the
2872 3064 48 16 tram
2930 3063 53 18 track
2993 3065 57 17 about
3061 3066 32 16 100
3102 3066 56 20 yards
3174 3073 61 16 away,

2797 3084 63 18 where
2868 3086 15 17 it
2893 3085 34 18 has
2942 3086 47 18 been
3003 3088 58 17 taken
3075 3089 31 16 for
3118 3090 83 17 removal
3215 3091 21 17 to

2797 3108 107 21 Auckland,
2918 3110 32 17 the
2965 3110 79 18 moHled
3058 3112 97 18 character
3169 3114 21 16 of
3203 3113 33 18 the

2798 3131 55 18 wood
2862 3133 79 21 making
2949 3133 16 17 it
2974 3133 106 24 admirably
3088 3135 62 17 suited
3160 3137 29 17 for
3197 3135 39 19 fine

2797 3154 61 18 inlaid
2867 3155 74 18 cabinet
2950 3156 58 19 work.

2918 3192 41 25 (To
2969 3194 18 17 be
2996 3194 121 24 Continued^

1204 71 59 20 THE
1291 72 57 19 HOT
1376 69 92 21 LAKES
1497 68 173 23 CHRONICLE,
1698 67 189 24 WEDNESDAY,
1918 67 157 21 NOVEMBER
2105 66 29 23 11,
2153 65 52 17 1890

206 143 347 39 PUK6ROH
582 141 210 35 HHLL.

316 255 111 26 Grand
446 249 193 30 Production
661 247 35 27 of

444 393 38 32 By
505 392 55 25 the

188 453 207 48 ROTORTJA
432 449 236 46 DRfIMftTIC
701 447 116 43 CLUB.

66 571 162 29 FRIDAY
242 569 89 27 AND
351 564 239 31 SATURDAY,
605 563 95 26 NOV.
716 562 82 28 13th,
813 560 30 27 &
861 559 84 27 14th.

336 668 157 20 DRAMATIS
506 664 164 24 PERSONS:

66 719 96 24 Captain
171 718 116 18 Molineux
296 716 18 23 (a
322 722 41 17 youi

66 743 86 19 Robert
155 739 207 24 Ffolloitt(ayoungl

66 766 84 18 Father
159 765 74 18 Dolan
240 763 72 24 (Parish
321 762 41 18 Prie

66 790 71 22 Corry
146 787 113 19 Kinchela
268 786 17 24 (a
293 786 70 23 Squira

66 813 93 22 Harvey
165 810 56 19 Duff
228 810 18 23 (a
255 810 62 16 Police
327 809 36 22 Agf

66 835 81 19 CONN
157 834 39 23 (the
205 832 131 22 Sbaughraun,
347 831 14 18 tl

157 858 33 17 the
199 857 48 17 First
256 856 66 17 Piddle
332 856 20 16 at
360 856 3 19 l

66 881 113 27 Serjeant
191 880 72 18 Jones
272 878 26 18 of
310 878 40 18 the

66 905 103 18 Sullivan
179 903 18 23 (a
205 902 89 22 Peasant)

66 927 73 23 Reilly
148 926 19 24 (a
181 925 88 23 Peasant)

66 952 101 22 Mangan
181 948 19 25 (a
214 947 88 23 Peasant)

66 974 77 23 Doyle,
154 973 112 18 Donovan
275 972 88 21 (Peasant

66 998 56 18 Arte
132 995 96 19 O'Neale
238 994 25 24 (in
273 995 41 16 love
323 993 39 17 wit)

66 1020 72 18 Cla,ira
146 1018 105 19 Pfolliott
260 1017 19 23 (a
289 1017 51 21 Sligo
346 1016 16 17 L

66 1044 47 18 Mrs
122 1042 95 22 O'Kelly
226 1041 77 22 (Conn's
313 1041 49 16 Motl

66 1068 68 21 Moya
143 1065 77 23 (Father
229 1063 77 19 Dolan's
315 1063 48 17 nicci

364 721 24 16 og
400 714 79 22 English
497 712 74 23 Officer)
759 709 36 19 Mr
808 709 27 18 A.
846 709 25 18 E.
882 708 66 19 Earls

364 736 215 24 rishgentlemaiiinlovo
583 736 44 16 with
632 732 208 23 ArteO'Xeale)MrG.
845 731 102 19 Bennett

365 764 16 15 st
387 762 20 17 of
411 760 89 19 Suilabee
506 760 28 16 his
540 761 52 15 tutor
597 758 37 17 and
641 756 104 23 Guardian)
756 756 37 18 Mr
799 756 23 18 T.
829 755 22 19 J.
860 754 88 19 Boland

366 778 3 29 ,
370 791 12 11 n
385 784 5 23 )
488 781 6 19 ;
811 778 36 19 Mr
856 778 26 18 G.
893 778 55 18 Parr

364 810 26 14 lit
398 808 19 16 in
426 807 88 22 Disguise
529 806 19 16 of
564 810 10 12 a
588 803 88 23 Peasant)
747 802 37 19 Mr
794 802 22 19 C.
826 802 28 18 A.
865 800 83 19 Clarke

364 836 15 13 te
389 830 44 17 Soul
442 830 19 17 of
470 834 54 17 every
533 828 49 19 Fair,
593 828 32 16 the
633 827 42 18 Life
684 827 20 16 of
710 832 56 13 every
773 825 81 18 Funeral

365 854 20 17 ill
394 853 96 21 weddings
500 852 36 16 and
548 850 102 23 patterns).
659 847 2 27 .
670 847 3 27 .
682 849 54 18 .MR
749 849 25 18 G.
788 847 38 19 W.
841 847 106 19 MAYES

367 876 54 19 41st
748 871 37 19 Mr
793 872 23 18 T.
830 870 118 19 Henshaw

786 894 36 19 Mr
834 894 27 18 A.
873 893 75 22 Brady

760 918 36 18 Mr
805 916 63 20 Shiel
877 916 71 21 Barry

368 937 3 22 '
392 937 2 22 '
747 941 37 18 Mr
795 938 153 21 McCormack

366 961 15 31 sj
592 965 88 19 Messrs
694 963 81 20 Fisher
788 963 46 19 and
851 962 97 19 Sinclair

364 990 4 24 i
379 990 76 24 Robert)
599 1000 12 8 ->

370 1044 20 12 er
392 1037 6 25 )
607 1050 9 11 *.

372 1063 18 15 in
400 1061 41 17 love
450 1059 46 18 with
506 1057 61 25 Conn)
609 1064 9 11 r

66 1113 82 22 Nancy
159 1111 92 18 Malone

331 1131 97 19 Peasants,
439 1129 86 20 Soldiers,
538 1128 142 22 Constabulary.

67 1186 131 29 Scenery
212 1181 150 33 Specially
379 1178 123 34 painted
517 1178 47 25 for
574 1176 63 26 this
653 1174 184 27 Production
855 1173 36 32 by
907 1172 41 25 Mr

209 1214 109 26 Neville
331 1214 156 25 Thornton
503 1211 60 26 and
583 1209 89 26 Local
693 1209 115 24 Artists.

389 1313 223 26 ADMISSION
622 1323 6 13 .-

131 1373 163 29 Reserved
316 1372 100 30 Seats,
435 1371 53 30 3s;
518 1369 107 27 Front,
644 1368 38 25 2s
693 1376 5 21 ;
732 1366 96 28 Back,
843 1365 38 25 Is.

70 1436 94 25 Doors
178 1439 78 26 open
272 1431 65 26 7.30
358 1437 65 26 p.m.
547 1427 126 25 Curtain
688 1428 32 23 at
735 1424 19 27 8
769 1431 65 27 p.m.
847 1423 101 32 sharp.

67 1612 114 22 TTNION
186 1609 146 21 STEAMSHIP
336 1606 161 21 COMPANYOF

76 1629 27 28 U
160 1636 59 17 NEW
232 1633 121 18 ZEALAND
362 1630 87 20 Limited.

129 1672 120 16 I'KOI'USKD
261 1669 95 17 DEPAEI
363 1669 68 16 UKES.

198 1702 47 26 gOB
257 1700 102 18 SYDNEY.

68 1737 148 17 Rotomahana,
225 1732 92 22 Tuesday,
327 1731 49 17 Nov.
387 1730 27 21 10,
428 1729 10 17 S
451 1734 45 17 p.m.

139 1777 48 15 FOR
198 1773 131 19 SOUTHERN
341 1773 80 15 i'OKIb.

172 1817 49 15 every
231 1810 75 19 Monday

70 1838 13 12 m
94 1837 100 13 wmmapua
203 1837 56 13 every
263 1830 106 20 Thursday.

65 2006 161 45 HUDDART,
250 2003 112 21 PARKER,
384 2001 53 18 AND
459 1999 30 18 CO

227 2026 107 26 (limited),

88 2076 95 23 Splendid,
192 2072 163 25 Well-appointed
360 2072 93 18 Steamers
458 2069 39 17 will

64 2102 23 16 be
96 2099 113 23 despatched
217 2099 49 16 from
275 2098 119 18 AUCKLAND,
404 2100 20 11 as
438 2092 59 19 under

63 2124 90 22 (weather
169 2122 38 17 and
225 2121 54 18 other
295 2120 143 17 circumstances
454 2121 32 18 per-

64 2145 86 22 mitting)
157 2145 3 22 !
162 2145 23 22 '
407 2163 10 4 ~
423 2163 10 4 T
440 2163 19 4 ,
461 2163 7 4 T

64 2171 42 16 Foil
112 2168 133 19 GISBORNE,
252 2166 105 18 NAPIER,
365 2162 115 19 WELLING-

85 2192 58 20 TON,
153 2189 157 20 LYTTELTON,
321 2189 15 17 &
345 2185 127 20 DUNEDIN,

66 2217 99 18 Akouan,
172 2215 101 18 Tuesday,
281 2213 48 16 Nov.
339 2211 55 19 17,12
401 2215 56 12 noon.

65 2238 246 19 Tasmania....Tuesday,
326 2235 46 17 Dec.
382 2234 16 19 I,
410 2233 20 17 12
438 2237 57 13 noon.

190 2283 51 18 EOK
256 2281 112 19 SYDNEY,

110 2307 114 24 (Returning
235 2307 20 16 to
264 2304 99 19 Auckland
372 2301 79 24 Direct.)

65 2331 92 22 Carrying
177 2331 112 20 Passengers
310 2328 29 17 for
361 2326 135 19 MELBOURNE,

76 2355 53 17 other
135 2354 130 18 Australian
272 2351 72 20 Poets,
351 2349 37 18 and
393 2349 91 19 Hobaet,

64 2384 106 15 Tasmania
217 2381 99 17 Monday,
325 2379 49 16 Nov.
386 2377 26 20 16,
424 2379 11 13 4
450 2381 46 17 p.m.

65 2406 100 19 Anglian,
214 2404 97 18 Monday,
322 2402 50 17 Nov.
386 2401 28 19 30,
431 2399 9 17 4
451 2403 45 18 p.m.

89 2432 30 17 All
127 2432 74 16 Tickets
209 2437 31 11 are
249 2429 92 18 available
350 2429 39 16 also
403 2427 29 16 for
440 2426 45 21 Stop-

65 2462 45 11 over
117 2461 22 11 or
146 2455 72 17 Return
231 2454 26 21 by
269 2453 55 17 ANY
341 2450 85 18 UNION
438 2448 59 19 CO.'S

66 2478 139 19 STEAMERS,
215 2477 37 17 and
259 2476 75 17 holders
344 2475 20 16 of
372 2472 66 19 U.S.S.
456 2472 41 17 Go's

65 2502 74 16 Tickets
159 2506 44 17 may
219 2499 61 18 travel
295 2499 26 21 by
344 2495 116 19 ANGLIAN
477 2500 20 11 or

66 2524 139 18 TASMANIA.

163 2553 23 17 L.
198 2552 25 17 D.
231 2550 109 18 NATHAN
353 2550 16 16 &
382 2547 45 21 CO.,

395 2571 78 22 Agents.

202 2617 9 14 r
215 2616 82 17 IIHOS.
320 2613 69 20 COOK
410 2613 15 17 &
449 2612 45 17 SON

184 2662 9 17 >
200 2662 87 18 Tourist
292 2662 14 17 &
311 2659 186 20 GeneealPassent

98 2720 52 17 Book
158 2720 91 20 Passages
257 2716 38 17 and
303 2721 64 12 secure
374 2714 56 18 berth
440 2713 26 17 In-

67 2751 39 19 All
112 2751 75 18 Lines.
202 2749 38 18 All
245 2748 95 19 Routes.
355 2746 38 18 All
398 2745 97 18 Classes.

135 2773 39 19 AT
187 2771 123 20 LOWEST
321 2768 105 20 RATES.

66 2820 91 23 Through
165 2819 73 17 Tickets
246 2817 62 18 issued
321 2818 20 16 to
355 2816 68 17 South
435 2814 49 17 AFRI-

90 2848 38 14 CAN
136 2843 132 19 Goldfields,
279 2839 152 21 Johannesburg,
437 2839 34 15 etc.

89 2890 38 17 For
136 2889 24 17 all
169 2888 120 18 information
298 2886 57 23 apply
364 2886 20 16 to

113 2916 88 19 COOK'S
212 2914 125 20 SHIPPING
350 2911 99 21 OFFICE,

111 2947 28 19 89,
153 2945 162 20 Queen-street,
329 2943 119 17 Auckland.

97 2974 86 17 Rotorua
191 2973 77 21 Agency
277 2969 3 25 :
293 2971 94 16 Hinemoa
397 2969 66 17 Street.

522 1514 99 45 Ehr
623 1512 191 46 enfried
828 1511 122 45 Bros

665 1567 141 24 BEEWEES,

601 1600 106 21 ALBERT
722 1598 149 24 BrtEWERY,

543 1633 103 21 QUEEN.
650 1632 109 22 STKEET,
774 1630 159 21 AUCKLAND

543 1686 67 16 WINE
623 1685 49 16 AND
684 1683 79 17 SPIRIT
774 1682 155 19 MERCHANTS,

562 1712 122 17 BOTTLERS
696 1711 51 16 AND
763 1709 144 19 IMPORTERS,

606 1735 26 18 13,
647 1737 132 13 QUEEN-I-TREKT
795 1736 69 11 WIIAUF.

520 1809 23 15 At
553 1807 28 16 the
596 1807 89 16 following
702 1805 111 17 Exhibitions
828 1804 28 16 for
864 1809 32 11 our
905 1804 37 16 well-

616 1829 60 15 known
691 1827 44 16 Bulk
745 1826 31 16 mid
787 1825 67 17 Bottled

632 1849 47 16 ALE
691 1848 50 16 AND
753 1847 75 16 STOUT
836 1847 3 18 :

520 1877 69 21 Sydney
598 1876 124 17 liitcrntinor.nl
732 1874 107 19 Exhibition,
850 1875 47 15 1879.

521 1899 100 15 Melbourne
630 1896 126 17 International
762 1895 109 18 Exhibition,
882 1896 66 14 18S0-8!

520 1920 43 16 New
571 1919 73 17 Zealand
654 1917 97 19 Industrial
751 1917 108 19 Exhibition,
863 1915 77 22 Welling-

563 1945 35 14 ton,
610 1941 47 15 1885.

519 1963 43 15 New
583 1961 73 17 Zealand
671 1961 32 15 and
719 1961 52 15 South
785 1960 41 16 Seas
842 1959 108 15 Exhibition.

562 1983 87 16 Duncdiu.

520 2006 19 15 In
551 2005 75 15 addition
636 2006 17 14 to
663 2004 52 15 above
724 2004 42 15 have
785 2003 41 15 been
842 2001 79 16 awarded
935 2003 17 13 ut

562 2026 104 16 Tasmaniau
699 2025 108 18 Exhibition,
835 2023 116 19 Launceoton,

564 2047 78 17 1891-92.

606 2078 57 16 FIVE
675 2077 70 17 FIRST
762 2076 104 17 AWARDS

719 2103 33 12 FOB

531 2121 67 17 BUIK
610 2120 109 16 BOTTLED
734 2119 58 16 ALES
809 2119 51 15 AND
878 2118 75 16 STOUT

607 2162 250 33 CHAMPIONSHIP

550 2205 65 23 Gold
628 2204 85 23 Medal
724 2204 28 23 of
761 2202 166 24 Australasia

626 2245 71 11 AGAINST
708 2244 98 12 ALLCOMERS
817 2244 31 10 FOP

524 2268 89 23 BULK
627 2267 69 23 AND
715 2266 145 23 EOTTLED
875 2266 65 22 ALE

614 2319 52 17 Huvii
675 2325 11 13 tx
694 2326 9 8 a
714 2319 58 20 Large
780 2318 51 15 Stock
839 2318 18 15 of

633 2351 47 15 ALE
693 2350 50 16 AND
755 2350 83 19 STOUT,

523 2387 68 15 Bottled
600 2387 16 15 in
626 2390 49 16 quart
687 2386 32 15 and
736 2386 28 20 pin

522 2408 65 15 brewed
597 2408 26 16 for
632 2408 28 15 the
669 2412 74 11 Hummer
752 2411 12 10 ti

522 2428 104 21 thoroughly
635 2428 84 18 manned,
733 2433 30 10 can

521 2451 52 15 deuce
585 2449 105 17 recommend
706 2454 46 11 same

520 2471 61 15 second
590 2474 18 12 to
616 2476 44 10 none
670 2471 16 15 in
697 2470 29 16 the
734 2470 28 16 Col

713 2386 6 15 1
736 2386 38 20 pint
787 2385 67 17 bottle-,
871 2384 81 20 specially

714 2412 29 11 ner
752 2407 53 16 trade,
816 2405 55 16 which
879 2411 28 9 are
914 2411 38 9 now

715 2427 4 17 .
733 2434 29 9 can
778 2428 40 14 villi
834 2432 50 12 every
898 2427 45 15 confi-

642 2519 26 13 iiY
681 2517 149 15 APPOINTMENT.

555 2632 68 52 H.
675 2630 243 63 KOHN,

521 2701 250 20 MANUFACTURING
792 2699 158 24 JEWELLER,

597 2728 61 19 AND
674 2726 198 24 SILVERSMITH,

521 2762 99 26 QUEEN
642 2761 124 28 STREET,
783 2761 168 26 AUCKLAND.

555 2829 27 24 B,
606 2828 189 25 PETERSEN
811 2828 24 25 &
855 2827 22 25 C
895 2848 13 10 ~

521 2870 61 23 High
603 2870 84 21 Street,
706 2869 244 19 CHRISTCHURCH.

541 2919 118 16 HIGHEST
673 2918 105 17 AWARDS
788 2917 139 18 OBTAINED.

519 2947 76 23 Sydney
602 2947 118 21 Exhibition,
731 2947 49 19 1879,
790 2946 38 18 and
840 2945 112 19 Melbourne

647 2969 116 18 Exhibition.
776 2970 49 17 1890.

68 3265 412 49 HANCOCKS

191 3338 181 22 CELEBRATED

244 3391 86 32 xxxx

177 3448 211 51 ALES,

196 3512 58 13 MADE
262 3512 54 14 FROM
327 3511 41 14 THE

74 3542 112 31 FINEST
212 3541 87 32 WALT
322 3540 62 32 AND
402 3539 95 36 HOPS,

109 3629 52 14 FREE
174 3629 53 14 FROM
239 3630 39 12 ALL
291 3627 127 16 ANTISEPTICS
431 3628 25 12 Oil

175 3655 138 14 DELETEUIors
331 3654 63 14 ACIDS.

74 3719 137 33 CAPTAIN
233 3719 82 31 COOK
333 3718 164 36 BREWERY,

173 3762 190 20 NEWMABKET.

72 3832 60 48 So
146 3838 52 41 to
216 3829 281 49 WILLIAMS'

120 4007 330 40 GOODS,

71 4137 168 24 CHEAPEST
248 4135 101 24 STORE
355 4134 36 24 IN
398 4133 95 23 TOWN

578 3033 315 48 TAILORING.

518 3098 112 25 Direct
653 3097 81 26 from
757 3097 56 25 the
842 3097 87 25 Manu-

660 3130 148 26 facturer.

519 3206 65 19 Stilts
604 3207 24 17 to
649 3205 107 19 MeastiTfl
773 3205 25 18 at
814 3203 138 24 Up-to-date

597 3229 77 19 Prices
684 3229 35 18 for
731 3228 60 19 Cash
806 3228 66 23 Only.

520 3294 44 18 FIT
574 3294 15 17 &
597 3292 219 21 WORKMANSHIP
823 3291 111 20 GUARAN-

694 3323 79 20 TEED.

552 3366 201 32 WHOLESALE
771 3365 148 31 FACTORY

621 3415 164 32 CLOTKSNG
800 3415 50 32 CO.

652 3542 178 25 HGENT,

624 3576 232 26 OHINEMUTU.

524 3641 88 42 JOHN
637 3641 16 17 I.
683 3640 105 19 PHILIPS
820 3641 54 16 AND
907 3640 45 21 CO.,

632 3668 74 13 MIXING
720 3668 119 15 ENGINEERS,

570 3690 128 15 ATJTHOEIBED
713 3692 75 12 MINING
801 3691 42 13 AND
852 3691 55 13 LAXD

615 3714 105 14 TRANSFER
732 3714 122 13 SURVEYORS.

522 3756 56 17 Head
588 3755 67 24 Office:
678 3755 105 23 Halyday's
800 3756 106 23 Buildings,
924 3756 28 20 2G,

592 3779 175 22 Sliortland-streot,
777 3779 105 17 Auckland.

522 3807 47 18 P.O.
578 3808 41 17 Box
628 3808 40 17 332.
797 3807 107 22 Tclepliono
913 3808 39 16 986.

522 3835 58 17 Cable
588 3835 82 18 Address
677 3834 4 21 :
694 3836 136 19 Theodolite,
847 3834 105 18 Auckland.

659 3882 65 16 Branch
742 3882 78 17 Offices:

522 3909 171 21 WHARE-BTREET,
703 3909 164 18 PaEROAMrP.
877 3909 22 18 A.
907 3910 34 18 Cut-

547 3934 38 17 ten,
597 3933 50 19 0.K.,
658 3933 75 22 Mining
747 3932 93 23 Surveyor
853 3933 18 16 in
885 3932 67 24 charge

546 3956 20 17 of
574 3955 84 22 district;
672 3956 30 17 Mr
713 3955 21 19 T.
750 3955 96 22 Whewell,
864 3956 88 16 Resident

547 3978 102 24 Secretary.

522 4002 167 20 Brown-street,
700 4002 140 17 THAMESMr
851 4002 66 17 Albert
934 4001 18 18 S.

547 4024 68 22 Allom,
625 4026 40 16 Min
675 4030 26 18 ng
711 4025 93 22 Surveyor
813 4025 19 17 in
849 4025 69 22 charge
934 4025 18 17 oi

546 4048 78 17 district.

523 4071 100 17 KAJ'ANGA
644 4071 62 19 RoAD,
729 4071 68 18 COROM
799 4075 68 13 ANDEL
907 4071 45 17 T.O.

546 4094 40 17 Box
606 4094 26 17 17.
657 4094 31 17 Mr
704 4094 23 17 E.
744 4094 25 17 H.
788 4094 72 22 Hardy,
878 4094 74 23 Mining

546 4117 32 17 .Sin
588 4122 52 20 reyor
648 4117 18 17 in
676 4116 68 24 charge
753 4117 20 17 of
784 4116 84 26 district;
883 4117 31 17 Mr
931 4117 21 17 A,

546 4139 21 17 P.
577 4136 76 22 Billing,
668 4139 87 19 Resident
769 4141 102 17 Secretary.

971 136 230 46 Blooker's
1249 138 149 50 Dutefy

1104 193 160 46 Coeoa.

969 280 137 32 Higliest
1115 281 126 25 awards
1254 281 34 25 at
1301 286 100 26 every

1090 321 195 26 Exhibition.

1002 362 65 26 The
1080 362 97 26 latest
1189 362 28 26 is
1230 362 55 26 the
1305 362 96 26 Cross

970 395 34 26 of
1010 395 110 25 Honor
1133 395 33 25 at
1183 395 55 25 the
1258 395 123 26 Amster-

970 428 72 26 dam
1051 427 188 26 Exhibition
1248 428 92 29 1895,
1348 427 53 26 the

969 461 127 30 highest
1105 460 137 31 possible
1252 460 117 26 award.

1077 665 140 17 HTEALAND

1049 715 142 18 AUCKLAND
1211 715 114 18 SECTION.

972 762 105 20 PRINCE
1092 762 36 19 OF
1139 762 104 18 WALES'
1254 762 151 19 BIETHDAT

1077 787 150 24 HOLIDAYS,
1244 790 55 16 1896.

1049 863 118 19 November
1186 863 35 18 7th
1232 863 39 18 and
1284 863 41 18 9th.

1003 914 164 18 AUSTRALIAN
1181 915 160 17 CRICKETERS
1353 915 23 16 V.

1115 938 149 17 AUCKLAND.

1031 960 117 20 November
1158 962 42 22 Gtb,
1212 961 35 19 7lh
1259 961 40 19 und
1311 961 41 19 9th.

973 1013 142 17 AUCKLAND
1124 1013 201 17 AGRICULTURAL
1332 1013 74 17 SHOW

1044 1036 117 20 November
1174 1038 45 17 L'th
1230 1037 39 19 and
1283 1036 52 19 !4th.

1096 1087 85 18 CHEAP
1195 1088 87 17 FARES.

998 1119 54 19 First
1071 1119 61 23 Class,
1153 1120 26 18 2d
1198 1127 35 18 per
1244 1120 56 18 Mile.
1329 1119 77 19 Second

972 1146 63 22 Class,
1049 1146 24 18 Id
1082 1152 35 18 per
1127 1146 53 18 mile.

998 1171 115 23 Minimum,
1125 1174 28 16 4s.
1167 1172 99 25 (Mileage
1275 1171 86 19 counted
1369 1178 37 12 one

973 1204 44 17 way
1028 1197 63 24 only.)
1103 1197 114 24 Minimum,
1229 1201 28 15 2s.

1001 1223 97 19 Children
1108 1223 64 19 under
1184 1226 28 22 12,
1225 1224 115 25 half-price.

974 1275 94 18 Tickets
1077 1275 26 18 at
1111 1275 39 18 the
1159 1275 74 19 above
1243 1275 72 19 Fares
1324 1275 47 18 will
1378 1275 28 18 be

1084 1298 78 19 issued
1171 1304 27 13 as
1206 1299 88 18 below:

998 1326 61 19 From
1070 1333 40 17 any
1120 1327 78 18 Station
1208 1329 20 17 to
1237 1334 38 17 any
1292 1327 79 18 Station
1381 1333 25 12 on

973 1352 113 19 Novembei
1101 1353 33 18 7th
1145 1353 40 18 and
1196 1353 41 23 9th,
1259 1353 102 19 available
1376 1353 30 19 for

974 1378 78 19 Return
1063 1385 27 18 up
1101 1381 19 16 to
1128 1379 39 18 and
1176 1379 105 25 including
1290 1379 117 19 November

974 1406 49 16 21st.

1000 1430 60 19 From
1071 1437 39 18 any
1124 1430 78 19 Station
1219 1433 20 16 to
1256 1430 109 19 Auckland
1382 1437 24 12 on

974 1455 115 20 November
1103 1457 49 22 12th,
1167 1457 52 23 13th,
1232 1457 39 18 and
1282 1458 53 17 14th.
1344 1456 52 19 avail-

974 1482 46 18 able
1031 1482 31 18 for
1072 1482 77 20 Return
1160 1489 27 19 up
1206 1487 20 15 to
1245 1483 39 19 and
1303 1482 104 26 including

974 1508 115 19 November
1101 1510 48 18 21st.

1000 1534 124 25 Passengers
1147 1535 85 24 holding
1251 1535 57 19 these
1327 1534 80 20 Tickets

975 1563 54 15 must
1039 1563 50 16 start
1101 1567 24 11 on
1137 1561 34 18 the
1181 1561 86 24 journey
1282 1568 25 12 on
1317 1561 35 18 the
1369 1561 38 24 day

975 1587 35 18 the
1026 1586 70 19 Ticket
1113 1587 17 17 is
1148 1587 62 18 taken
1226 1591 40 18 out,
1288 1587 46 22 and,
1355 1587 52 18 after

976 1613 76 24 having
1062 1613 96 18 travelled
1170 1615 24 15 25
1205 1613 64 24 miles,
1282 1620 47 16 may
1345 1613 62 18 break

975 1639 34 17 the
1019 1638 86 25 journey
1115 1642 21 15 at
1153 1645 40 18 any
1210 1640 79 18 Station
1305 1642 21 15 at
1343 1639 64 19 which

976 1664 34 18 the
1020 1664 61 19 Train
1092 1665 16 17 is
1118 1665 62 18 timed
1192 1668 19 16 to
1225 1669 50 21 stop,

1001 1691 41 18 The
1061 1690 80 19 Tickets
1160 1691 68 18 issued
1247 1698 25 12 on
1292 1690 115 19 November

976 1716 35 19 7th
1022 1717 37 18 and
1073 1717 34 18 9th
1124 1723 47 18 may
1189 1717 24 18 be
1231 1717 101 19 extended
1349 1717 32 18 for
1397 1724 10 11 a

976 1743 100 24 fortnight
1088 1749 24 12 on
1124 1747 95 20 payment
1230 1744 20 17 of
1258 1743 34 18 the
1301 1743 106 18 difference

976 1769 19 17 in
1007 1769 59 18 value
1077 1768 89 19 between
1181 1776 26 11 an
1225 1769 94 24 ordinary
1339 1769 68 24 Single

975 1794 70 19 Ticket
1066 1795 39 18 and
1120 1794 44 19 half
1181 1796 34 17 the
1229 1796 111 17 Excursion
1350 1794 57 19 Fare.

976 1820 86 19 Parsons
1073 1821 89 24 desiring
1172 1827 26 13 an
1207 1822 105 17 extension
1322 1821 21 18 of
1360 1821 47 18 time

976 1849 53 16 must
1040 1846 61 25 apply
1118 1850 21 15 at
1155 1848 34 17 the
1208 1847 79 18 Station
1305 1850 19 15 to
1343 1847 64 18 which

976 1872 33 19 the
1026 1872 71 19 Ticket
1115 1879 39 12 was
1170 1874 67 17 issued
1253 1879 26 12 on
1298 1879 22 12 or
1339 1872 68 19 before

976 1898 115 19 November
1104 1900 49 21 21st,
1174 1899 39 18 and
1233 1899 77 18 deliver
1327 1905 28 18 up
1374 1899 33 18 the

976 1931 52 12 unus
1040 1924 13 19 d
1063 1924 43 19 half
1116 1926 20 17 of
1147 1925 34 18 the
1200 1925 112 18 Excursion
1331 1924 76 19 Ticket.

1001 1950 39 19 For
1051 1950 60 19 Train
1118 1954 154 22 arrangements
1282 1957 33 12 see
1322 1953 84 22 posters.

1225 1982 38 19 BY
1278 1982 101 19 ORDER.

1099 2202 185 24 NOTICE

985 2253 127 43 CNLESS
1122 2255 35 19 the
1167 2255 87 20 overdue
1265 2258 63 16 water
1335 2255 72 26 supply

1051 2281 42 19 foes
1103 2288 33 12 are
1146 2282 48 24 paid
1211 2281 26 25 by
1254 2282 35 18 the
1307 2283 45 18 21st
1368 2282 40 18 iust

977 2307 34 17 the
1021 2307 73 24 supjily
1105 2307 38 19 will
1155 2308 24 18 bo
1189 2310 33 16 cut
1232 2308 34 18 off.

1201 2333 38 19 BY
1253 2333 101 20 ORDER.

1003 2358 116 19 November
1129 2359 41 23 sth,
1185 2361 56 18 1896.

1089 2410 202 18 POUNDKEEPER.

988 2457 20 26 \
1022 2456 186 21 PPLIOATIUNS
1222 2458 31 18 for
1263 2457 35 19 the
1314 2457 55 20 office
1387 2458 21 19 of

976 2483 43 17 -XTJL
1048 2482 148 26 Poundkeeper
1205 2484 32 18 for
1249 2484 34 18 the
1292 2490 49 19 ye.ir
1358 2484 36 19 end-

976 2509 35 23 ing
1023 2509 47 18 30th
1081 2509 120 22 November,
1216 2511 54 20 1607,
1282 2509 41 19 will
1336 2509 26 19 be
1377 2517 20 12 re-

975 2535 68 18 ceived
1053 2535 26 24 by
1093 2535 31 18 the
1135 2535 136 25 undersigned
1279 2542 27 18 up
1315 2538 20 16 to
1344 2536 47 19 Wed-

975 2561 81 24 nesday.
1069 2561 47 19 25th
1127 2561 46 18 inst.

1146 2587 21 19 0.
1183 2587 144 23 MALFROY,

1015 2612 108 19 Chairman
1133 2613 91 19 Rotorua
1234 2613 62 19 Town
1306 2613 74 19 Board.

990 2716 13 16 A
1020 2715 136 19 PPLICATIi
1163 2716 42 18 )NS
1225 2717 31 18 for
1273 2716 34 19 the
1318 2717 55 18 office
1385 2718 21 17 of

1009 2750 9 8 l.
1046 2742 82 23 Ranger
1138 2743 32 18 for
1179 2742 34 19 the
1220 2749 47 14 year
1274 2742 76 24 ending
1359 2743 47 18 30th

975 2767 120 23 November,
1109 2768 55 23 1897,
1178 2768 39 19 will
1229 2768 24 19 be
1270 2768 91 19 received
1380 2768 26 25 by

975 2793 34 19 the
1029 2793 135 24 undersigned
1184 2801 28 18 up
1231 2798 20 15 to

975 2819 47 19 25th
1034 2820 45 18 inst.

1152 2845 21 20 C.
1185 2846 141 23 MaLFROY,

1015 2871 107 19 Chairman
1133 2871 91 19 Rotorua
1234 2872 62 18 Town
1307 2872 73 19 Board.

976 2937 54 19 TO
1044 2937 52 17 THE
1108 2938 131 18 ELECTORS
1251 2938 33 17 OF
1293 2939 52 16 THE
1355 2939 52 16 BAY

1051 2984 33 17 OF
1093 2984 102 17 PLENTY
1204 2984 125 17 DISTRICT.

1044 3072 33 18 W.
1093 3072 27 18 H.
1135 3072 132 23 HERRIES,
1280 3072 54 23 Esq.,

1063 3114 82 19 address
1154 3115 35 18 the
1200 3115 90 18 Electors
1307 3115 21 18 in
1347 3114 35 20 the

1080 3157 124 18 PUKEROA
1216 3158 78 17 HALL.

976 3239 103 23 Monday
1085 3239 110 23 Evening,
1206 3239 130 19 November
1345 3240 62 18 16th.

1015 3280 62 19 Chair
1086 3282 20 16 to
1116 3280 25 18 be
1152 3280 61 18 taken
1224 3282 20 16 at
1258 3281 11 17 8
1286 3280 82 19 o'clock.

977 3322 73 18 Ladies
1069 3322 132 25 particularly
1220 3322 108 25 requested
1346 3325 20 15 to
1383 3323 25 18 bo

1149 3352 88 20 present.

977 3453 76 25 Taupo,
1065 3452 115 19 November
1192 3452 52 22 !7tli,
1263 3453 45 18 7.30
1326 3452 82 19 o'clock.

977 3487 104 23 Tokaanu,
1089 3486 115 19 November
1211 3486 55 23 18th,
1276 3487 44 17 7.30
1327 3486 81 19 o'clock.

978 3554 56 30 rjlO
1047 3554 51 18 THE
1108 3553 131 18 ELECTORS
1248 3553 33 17 OF
1293 3553 52 17 THE
1358 3553 52 17 BAY

1116 3600 33 17 OF
1159 3600 109 17 PLENTY.

978 3681 78 19 Ladies
1065 3687 41 12 and
1116 3680 135 23 Gentlemen,

1002 3721 28 19 At
1042 3721 34 19 the
1086 3725 80 21 request
1176 3721 21 18 of
1207 3727 11 12 a
1229 3721 56 25 large
1293 3720 87 19 number
1390 3720 20 18 of

976 3753 84 19 electors
1069 3753 12 19 I
1091 3753 51 19 have
1151 3753 62 24 again
1227 3752 83 19 decided
1326 3753 21 17 to
1363 3758 35 12 con-

977 3788 39 15 test
1026 3785 41 18 this
1077 3784 89 24 District,
1178 3786 34 17 not
1230 3790 22 12 as
1260 3790 26 12 an
1302 3786 103 22 opponent

977 3817 20 17 to
1007 3815 34 18 tho
1053 3817 80 23 present
1143 3814 143 22 Government,
1298 3813 37 18 but
1345 3819 21 13 as
1373 3819 37 12 one

978 3847 63 24 ready
1061 3849 21 16 to
1103 3849 84 22 support
1210 3852 39 18 any
1303 3848 107 16 /vernment

979 3878 66 19 whose
1054 3878 64 24 policy
1126 3885 17 11 is
1151 3878 72 18 liberal
1231 3877 39 19 and
1277 3876 131 26 progressive.

978 3944 89 24 mooting
1090 3944 34 18 the
1142 3944 83 18 electors
1239 3946 21 16 at
1280 3943 33 18 the
1329 3942 81 19 various

976 3979 79 15 ceutros
1064 3975 21 19 of
1094 3975 119 25 population
1232 3974 125 24 throughout
1375 3973 34 18 tho

976 4005 120 24 Electorate,
1107 4006 20 18 of
1144 4005 65 19 which
1227 4005 39 19 due
1284 4004 66 18 notice
1370 4002 40 20 will

977 4036 26 18 be
1014 4036 66 25 given.

1209 4069 58 20 WM.
1281 4067 101 21 KELLY.

1006 4104 96 23 Rotorua,

1030 4135 85 20 October
1126 4135 55 23 24th,
1194 4137 56 17 1896.

1484 137 174 22 OHXNEMu.'I'U
1671 137 122 20 AGENCY.

1488 241 34 11 can
1532 235 24 17 be
1564 235 89 17 obtained
1662 236 20 16 at

1501 271 27 26 J.
1548 271 39 25 H.
1607 270 167 26 LAKIN'S

1471 315 69 17 FERN
1553 315 54 17 AND
1620 315 80 17 CURIO
1719 314 92 17 DEPOT.

1521 347 136 27 [Telegraph
1674 346 92 28 Office.]

1497 384 56 19 Near
1563 383 55 19 Lake
1629 383 71 19 House
1714 383 71 19 Hotel.

1428 438 155 42 WANTED.
1624 438 78 22 Repairs
1719 440 20 16 to
1766 439 91 18 Watches,

1512 461 107 22 Jewellery,
1638 461 39 21 &c,
1695 462 39 16 also
1751 461 63 17 orders
1830 461 29 17 for

1426 491 40 10 new
1475 484 88 17 Watches
1571 485 35 16 and
1624 484 105 22 Jewellery,
1749 485 20 16 to
1785 484 23 17 be
1824 484 33 17 left

1426 508 45 16 with
1480 508 26 16 H.
1517 508 85 19 Stewart,
1613 507 84 21 Saddler,
1712 509 58 21 agent
1786 508 30 16 for
1832 507 26 17 H.

1426 531 25 17 IT.
1461 530 100 22 HpWDEN,
1571 531 133 17 Watchmaker
1713 531 38 17 and
1764 530 94 20 Jeweller,

1426 554 104 17 Hamilton.

1465 605 24 30 7f
1491 606 87 17 ANTED
1596 606 190 17 KNOWN.Guide
1797 606 62 17 Books

1444 632 28 15 IT
1515 631 20 15 to
1552 629 32 18 the
1600 629 80 18 District
1700 631 20 16 to
1742 629 23 17 be
1785 629 38 17 had
1840 631 19 15 at

1428 652 117 18 Chronicle
1553 652 64 18 Office.

1451 700 127 18 VTANTED
1591 701 190 17 KNOWN.Views
1795 702 20 16 of
1828 702 32 16 the

1444 726 9 16 T
1463 730 8 12 T
1514 724 79 17 District
1602 724 19 17 in
1630 725 74 21 photos,
1715 724 35 17 oils
1758 724 37 17 and
1802 727 59 14 water

1428 746 78 21 colours,
1517 748 19 16 to
1545 747 23 17 be
1577 747 37 17 had
1621 750 19 14 at
1648 747 117 18 CHRONICLE
1773 748 63 17 Office.

1428 793 61 19 XTT
1491 795 87 17 ANTED
1586 795 232 18 KNOWN.Christmas
1823 796 37 17 and

1444 820 9 16 T
1463 823 9 14 T
1515 818 47 17 New
1576 818 50 17 Year
1641 819 64 19 Cards,
1721 819 140 18 hand-painted

1427 840 36 17 and
1477 841 98 17 otherwise
1588 843 19 15 to
1622 842 24 16 be
1660 842 37 17 had
1712 844 18 15 at
1745 842 116 17 Ciihoxiclk

1428 863 63 18 Office.

1435 3852 103 24 LOCAL
1552 3852 96 24 NEWS
1672 3852 70 24 AND
1756 3852 109 24 NOTES.

1457 3915 38 17 The
1512 3915 47 16 Tilup
1576 3914 49 18 Bath
1648 3915 15 17 is
1682 3915 57 23 again
1761 3920 48 17 open
1830 3915 38 17 and

1453 3938 48 17 Juck
1529 3938 16 17 is
1554 3938 19 17 in
1582 3938 29 17 his
1622 3938 80 17 element
1707 3944 46 11 once
1758 3943 57 12 more.

1456 3969 39 17 The
1512 3968 46 18 bath
1583 3969 75 23 takings
1678 3970 36 16 last
1734 3969 65 17 month
1820 3974 48 13 were

1433 3993 65 19 nearly
1505 3998 35 10 one
1550 3992 51 17 third
1611 3999 51 10 more
1670 3993 46 16 than
1725 3993 18 16 in
1750 3992 32 17 the
1797 3997 60 13 corres-

1433 4014 86 25 ponding
1527 4015 65 17 month
1602 4016 20 16 of
1630 4016 32 17 the
1667 4016 87 22 previous
1762 4021 50 16 year.

1515 4050 63 28 SO,
1596 4051 59 28 lO,
1671 4051 57 28 lO,
1746 4050 42 27 5.

1435 4083 63 18 Givpn
1511 4089 56 17 nway
1578 4083 32 18 for
1621 4089 11 12 a
1643 4083 65 25 single
1717 4089 66 17 gut'BS.
1816 4082 51 19 Send

1434 4112 66 20 .stamp
1512 4108 31 19 for
1553 4108 119 25 particulars
1682 4109 41 18 and
1738 4108 95 19 circulars
1848 4112 21 15 to

1434 4134 43 19 Box
1491 4135 42 22 17G,
1547 4134 22 24 T.
1569 4134 33 24 0.,
1617 4135 131 25 Wellington.

994 4230 100 39 Ask
1125 4230 71 38 for
1222 4226 271 41 Hancock's
1526 4226 277 41 Celebrated
1834 4226 186 40 XXXX
2046 4229 113 43 Ales
2188 4235 96 38 and
2311 4233 151 40 Stout.

2895 3254 159 19 FLETCHER'S
3067 3256 77 19 PILLS

2931 3284 57 11 never
2997 3280 33 16 fail
3039 3281 20 16 to
3067 3287 44 10 cure

2826 3299 178 22 INDIGESTION.

2850 3323 178 21 COSTIVENESS,

2872 3346 67 19 SOUK
2947 3348 111 20 BREATH,

2896 3370 167 21 HEARTBURN.

2918 3394 80 18 LIVER
3004 3396 115 18 DISEASE,
3130 3396 36 18 and

2949 3418 104 18 KIDNEY
3066 3420 172 18 COMPLAINTS'.

2812 3438 160 21 FLETCHER'S
2980 3442 114 17 PILLSand
3100 3443 139 19 CLEMENTS

2800 3461 80 19 TONIC
2900 3469 32 12 are
2949 3464 32 17 the
3002 3466 109 22 recognised
3134 3466 105 19 household

2800 3485 90 19 remedies
2899 3487 21 17 of
2928 3487 32 17 the
2969 3488 108 18 Australian
3092 3490 89 19 colonies,
3201 3490 38 18 and

2800 3513 57 17 every
2865 3509 102 23 designing
2981 3510 60 24 quack
3055 3513 44 15 tries
3113 3513 21 17 to
3146 3513 55 17 trade
3214 3520 24 11 on

2869 3534 113 21 reputahion
2999 3535 37 16 and
3053 3541 84 12 renown.
3162 3536 45 17 This
3223 3537 17 17 is

2849 3574 5 4 _
2860 3557 72 17 Teatest
2946 3558 56 21 proof
3017 3558 20 17 of
3054 3558 49 17 their
3116 3560 61 18 merit,
3201 3560 38 17 and

2833 3577 55 19 ferers
2897 3581 52 15 want
2957 3582 20 15 to
2986 3580 23 18 he
3018 3581 104 22 particular
3130 3584 19 16 to
3159 3584 34 21 get
3206 3583 33 17 the

2801 3601 83 21 geuuine
2893 3603 74 17 articles
2974 3610 20 11 as
3003 3605 62 21 regret
3074 3605 37 17 and
3119 3604 109 25 disappoint-

2801 3625 53 17 ment
2863 3631 31 11 are
2902 3631 43 12 sure
2962 3629 19 15 to
2999 3627 63 17 follow
3077 3628 34 17 the
3121 3634 33 11 use
3170 3629 20 17 of
3206 3630 33 17 the

2801 3646 105 20 thousands
2916 3650 20 16 of
2964 3650 31 17 All
3005 3650 75 23 Failing
3110 3652 91 17 remedies
3217 3658 21 12 SO

2801 3669 61 23 freely
2874 3671 60 23 freely
2942 3672 112 19 advertised.
3080 3674 39 17 The
3130 3676 108 21 reputation

2801 3693 38 17 and
2850 3694 125 23 wide-spread
2990 3702 32 11 use
3036 3698 21 16 of
3069 3698 96 17 Clements
3181 3699 59 17 Tonic

2801 3716 39 17 and
2858 3716 103 20 Fletcher's
2977 3720 47 17 Pills
3050 3727 30 10 are
3101 3721 33 17 the
3156 3723 82 21 greatest

2800 3740 66 20 proofs
2876 3741 21 17 of
2904 3741 49 18 their
2962 3743 127 22 appreciation
3099 3742 27 25 by
3135 3745 32 17 the
3174 3744 65 24 public

2801 3762 19 17 If
2838 3763 46 22 they
2900 3770 49 12 were
2965 3768 35 15 not
3014 3772 20 11 as
3056 3768 121 21 represented
3193 3768 47 23 they

2801 3786 65 17 would
2874 3786 48 19 have
2931 3789 67 21 passed
3007 3791 33 16 out
3058 3790 20 17 of
3090 3795 85 19 memory
3192 3791 48 22 long

2800 3807 48 24 long
2857 3815 30 12 ere
2896 3810 38 18 this
2943 3807 4 24 ;
2961 3811 36 18 hut
3010 3812 73 18 instead
3101 3813 50 18 their
3168 3814 38 17 sale
3223 3815 15 16 is

2801 3833 76 19 greater
2892 3835 38 16 and
2940 3835 45 22 they
2994 3842 31 10 arc
3034 3842 51 11 more
3094 3838 94 17 esteemed
3201 3838 29 18 din-

2800 3854 26 21 by
2836 3855 37 23 day
2890 3857 38 18 and
2937 3859 50 16 week
2998 3858 25 23 by
3031 3859 57 21 week,
3099 3860 38 16 and
3146 3861 39 17 this
3198 3867 27 11 em-

2800 3877 106 25 phatically
2917 3886 67 16 proves
2997 3882 49 17 their
3061 3883 117 22 undisputed
3193 3890 34 16 sup-

2800 3906 82 18 remacy.
2914 3903 65 18 Listen
2996 3906 20 16 to
3032 3911 24 11 no
3071 3908 101 19 argument
3189 3908 51 16 from

2800 3925 102 18 interested
2919 3928 69 21 parties
2996 3925 4 24 ;
3015 3929 79 17 demand
3109 3929 81 19 demand
3205 3931 33 17 the

2800 3948 83 19 genuine
2892 3950 75 18 articles
2984 3952 37 17 and
3038 3952 69 17 TAKE
3129 3953 36 17 NO
3180 3953 45 18 SUB-

2801 3969 113 20 STITUTE.

2825 4029 32 18 Mr
2866 4030 29 19 W.
2905 4032 68 18 Jowitt
2989 4035 20 16 of
3022 4035 32 17 the
3071 4035 42 17 firm
3129 4036 22 17 of
3168 4036 71 18 Messrs

2801 4052 21 17 T.
2838 4053 52 18 Cook
2897 4056 38 17 and
2945 4057 44 19 Son,
2999 4058 68 17 tourist
3082 4060 74 20 agents,
3165 4059 74 17 arrived

2801 4075 26 22 by
2834 4076 101 25 Monday's
2948 4080 50 17 train
3007 4082 37 16 and
3053 4082 37 16 will
3101 4083 95 21 represent
3206 4083 33 18 the

2801 4098 41 18 firm
2853 4099 43 19 hero
2906 4102 69 22 during
2989 4104 32 16 the
3034 4110 71 12 season.
3131 4105 39 17 The
3187 4106 52 17 office

2801 4122 40 17 will
2867 4122 23 19 be
2911 4124 18 19 in
2947 4126 95 19 Hmeinoa
3065 4128 63 17 Street
3153 4129 86 23 opposite

2801 4144 33 18 the
2843 4146 99 20 Chronicle
2951 4149 58 19 Office
3017 4156 19 12 as
3045 4150 69 21 during
3120 4151 36 18 last
3163 4157 52 14 year.
