3300 4360
1200 121 59 23 TSE
1273 121 57 23 fiOT
1343 124 92 20 LAKES
1449 122 167 23 CHSONICLE
1627 122 190 24 WEDNESDAY,
1832 124 159 21 NOVEMBER
2006 126 31 20 11,
2053 126 49 18 1896

2794 4076 80 18 Printed
2891 4078 39 17 and
2946 4079 102 21 published
3059 4078 26 23 by
3094 4078 22 17 F.
3126 4078 21 17 F.
3161 4078 71 21 Watt,'
3262 4076 9 30 |

2818 4101 22 15 at
2847 4101 33 17 the
2888 4101 105 22 registered
3006 4102 88 22 printing
3105 4102 56 18 office,
3170 4102 63 17 Hine-'
3261 4095 9 29 |

2817 4128 45 13 moa
2870 4125 64 19 street,
2944 4125 92 17 Eotorua.
3262 4127 8 16 {

2789 4154 177 20 .WEDNESDAY,
2973 4156 147 18 NOVEMBER
3130 4157 28 17 1-1-,
3181 4156 54 18 1-896--
3261 4151 8 21 I

192 346 46 20 One
253 346 22 19 of
292 346 34 19 the
335 345 117 20 necessities
462 345 22 18 of
494 344 34 20 the
538 344 79 25 coming
626 344 75 18 Season
712 344 40 19 will
762 344 24 20 be

57 402 15 23 \
111 403 114 23 COOL
265 402 96 24 AND
402 397 330 26 REFRESHING
771 400 163 24 DRINK

75 463 141 19 Uiitiuetured
228 464 24 18 bv
261 468 38 17 any
310 459 126 21 Deleterious
452 459 100 19 Chemical
563 458 129 25 Compounds
728 458 18 19 A
756 459 60 19 drink
826 460 21 18 at
858 465 50 13 once

272 513 182 29 Exhilarating
474 513 52 23 and
543 512 163 29 Refreshing,

52 572 37 18 and
102 571 64 19 which
182 571 35 18 *iil
230 576 60 19 prove
300 576 11 12 a
322 568 115 25 preventive
447 567 22 19 of
477 568 116 24 .Dyspepsia
609 566 37 19 and
663 566 28 19 ai!.
706 567 93 19 Internal
819 568 114 20 Disorders.

77 597 86 19 Aerated
175 597 83 18 Waters
268 597 38 17 and
318 594 95 22 Cordials,
432 593 121 26 compnting
569 593 35 18 the
613 592 72 20 Purest
696 593 120 24 Lemonade,
835 597 35 17 the
879 595 55 19 Most

51 623 101 20 De.icious
164 623 78 24 Ginger
251 622 45 24 Ale,
310 619 176 26 Highly-charged
504 619 53 20 Soda
567 619 78 23 Water,

51 739 10 13 a
71 739 42 13 new
122 732 149 25 Invigorating,
281 731 147 19 non-a'cobolic
438 731 103 24 Beverage
551 730 4 27 ;
571 731 56 18 Lime
636 730 58 19 Juice
712 731 87 24 Cordial,
811 731 124 25 Raspberry,

51 759 137 26 Peppermint,
201 759 77 22 Cloves,
289 758 50 18 Pine
348 757 73 24 Apple,
433 757 40 19 and.
484 758 75 18 Lruiou
570 757 76 24 Syrups
656 757 38 19 ai.id
713 757 136 25 Sarsaparillo,
866 764 33 13 are
910 757 25 19 all

319 784 153 18 mauutactured
483 790 26 12 on
518 783 34 19 the
560 783 103 24 premises.

240 809 114 19 Lemonade
364 809 40 19 and
414 809 77 24 Ginger
499 809 46 23 Ale,
555 811 71 22 quarts
637 808 40 19 and
682 809 62 24 pints.

205 929 56 47 A

666 1084 180 70 SIAL

80 1209 65 23 OUR
167 1207 165 24 PREMISES
354 1206 158 23 DISPOSED
536 1206 38 22 OF

444 1233 37 22 TO
495 1232 51 23 MR
570 1232 23 23 J.
614 1232 126 22 TONSON
755 1231 154 24 GARLIOK.

158 1427 194 34 snware

476 1467 285 50 Enamelled
788 1470 148 45 Ware

486 1528 203 56 Spoons.

131 1658 26 26 VJ
179 1675 6 6 •
240 1657 59 25 OS
351 1654 28 27 \J
400 1670 7 10 «
475 1654 45 27 IJ
527 1654 36 27 JL
632 1675 10 5 _
647 1658 53 21 L_::„.
706 1654 59 27 _Llj
784 1667 38 14 _»_
843 1675 15 16 y

121 1744 107 29 Having
243 1743 55 23 sold
314 1750 45 15 ctir
379 1742 90 26 Q,ueen
484 1742 51 23 and
551 1742 81 22 Lome
649 1742 84 22 Street
748 1742 130 22 Premises

173 1776 26 21 to
212 1774 40 23 Mr
264 1773 21 23 J.
302 1773 25 22 T.
339 1773 114 26 Gaiiick,
465 1773 45 22 the
520 1773 86 22 whole
617 1772 27 22 of
652 1779 45 15 our
708 1772 78 23 Stock
797 1772 28 23 of

283 1813 431 33 IRONMONGERY,

82 1867 71 22 Must
162 1867 32 22 be
205 1865 57 23 sold
271 1865 40 23 for
320 1865 74 27 Cash,
405 1870 28 18 as
447 1872 40 16 we
496 1864 59 29 give
562 1870 35 23 up
604 1864 148 29 possession
763 1864 27 22 in
799 1864 113 22 October.

291 2051 141 46 NOW
472 2051 220 46 READY.

315 2490 51 31 By
385 2490 163 26 ELSBON
571 2490 25 24 B

184 2663 122 27 Papers
320 2662 106 26 which,
440 2661 157 33 appeared
605 2667 34 19 m
647 2661 53 25 the
710 2662 82 24 HOT
806 2661 137 25 LAKES

72 2686 17 40 I
140 2695 243 26 CHRONICLE
398 2696 102 24 under
512 2695 54 24 the
587 2695 100 24 above
707 2694 71 26 title
799 2700 54 19 are
871 2700 72 19 now

55 2729 168 31 published
235 2728 33 26 in
280 2728 163 32 pamphlet
455 2728 90 25 form.

262 2835 130 44 Price
416 2834 94 46 One
544 2834 196 52 Shilling.

191 3020 69 25 Post
277 3020 72 25 Free
362 3020 76 25 from
467 3020 215 25 CHRONICLE
705 3020 103 26 Office.

740 3245 47 15 lord
797 3245 143 21 Carnngcon,

80 3273 119 17 Governor
208 3273 26 17 of
240 3272 99 22 N.S.W.,
350 3273 46 17 and
405 3273 60 18 Lord
483 3273 94 19 Onslow
586 3274 119 18 Governor
713 3274 26 18 of
745 3274 59 18 New
812 3274 105 18 Zealand.

60 3609 10 14 r
72 3608 73 23 FHE
301 3611 17 19 is
327 3614 130 22 pronounced
466 3614 28 24 by
508 3614 27 19 its
546 3614 86 20 Patrons
649 3619 21 16 to
683 3617 27 19 bo
724 3618 35 19 the
776 3619 46 19 best
835 3619 54 20 built
903 3621 40 18 and

66 3636 24 15 -A.
127 3636 43 18 best
179 3636 107 19 furnished
297 3637 61 18 Hotel
367 3637 22 20 in
399 3638 35 19 the
442 3638 68 21 North
520 3641 75 19 Island.

93 3666 134 26 Private
240 3668 105 26 Suites
354 3669 22 19 of
385 3669 132 25 Apartments
526 3672 32 18 for
569 3673 100 19 Families.

371 3702 103 30 Sample
488 3704 94 24 Rooms
603 3708 32 18 for
649 3708 131 22 Commercial
790 3711 125 20 Gentlemen.

58 3732 89 19 Coaches
155 3733 57 19 leave
221 3734 34 19 the
265 3734 62 20 Hotel
335 3735 32 19 for
383 3737 34 18 the
431 3738 67 20 Lakes
516 3746 25 12 on
557 3741 75 19 arrival
647 3742 21 19 of
685 3743 26 18 all
729 3747 105 17 steamers.
863 3746 80 22 Special

165 3761 91 24 .Buggies
274 3761 39 18 and
323 3761 74 20 Saddle
408 3762 78 20 Horses
496 3771 37 13 can
548 3766 25 19 be
590 3767 96 21 obtained
702 3770 32 19 for
743 3770 28 19 all
782 3776 58 20 parts

411 3789 22 19 of
442 3789 36 19 the
494 3791 95 25 Country.

60 3818 186 27 First-class
258 3820 124 32 Sailing-
395 3823 62 25 and
469 3824 137 33 Rowing
618 3826 98 28 Boats
728 3830 49 25 for
790 3829 153 29 Pleasure

320 3855 63 25 and
401 3855 135 34 Fishing
548 3859 132 27 Parties.

59 3892 63 26 The
155 3892 162 26 Saltwater
347 3895 127 34 Bathing
508 3898 126 27 Pavilion
670 3902 23 25 is
728 3904 100 26 within
854 3906 89 26 three

262 3927 137 26 minutes'
420 3930 76 25 walk
517 3932 32 24 of
564 3933 54 25 the

277 3967 117 26 Telegrams
413 3971 80 19 receive
519 3975 81 23 prompt
618 3976 106 19 attention.

364 4104 279 32 PROPRIETOR.

1318 343 152 34 THE

962 703 239 55 Published
1226 715 141 43 every
1385 702 282 56 Wednesday
1682 701 139 47 Jlfter-

1337 772 133 38 noon,

1165 940 112 41 RATES
1303 940 42 41 OF
1371 940 255 41 SUBSCRIPTION

1121 1010 64 20 fAID
1198 1012 30 18 IN
1240 1012 128 18 ADVANCE.
1557 1012 78 18 BOOK]

1145 1052 44 22 Sis:
1200 1051 107 23 Months
1317 1052 28 21 5s
1356 1059 6 14 :
1600 1052 35 23 6s.

1143 1078 53 23 One
1212 1078 67 22 Year
1289 1078 44 22 10s
1343 1075 17 30 ;'
1586 1078 49 23 12s.

1139 1178 335 36 ADVERTISING
1493 1182 158 32 HATES
1660 1189 8 25 J

986 1237 64 19 Three
1062 1237 99 25 Shillings
1172 1243 36 20 per
1218 1237 46 18 inch
1272 1243 35 18 ]>or
1317 1237 59 23 issue,
1387 1243 26 20 up
1421 1240 21 17 to
1451 1239 10 17 .'5
1469 1239 114 18 insertions.
1600 1237 128 27 Subsequent

960 1263 44 19 hall
1014 1267 59 15 rates.
1105 1263 80 25 Special
1195 1265 61 17 terms
1268 1263 31 19 for
1308 1263 72 25 longor
1392 1263 87 26 periods.

986 1318 177 18 Announcements
1174 1316 21 19 of
1206 1315 70 19 Births
1287 1315 40 19 and
1336 1315 78 21 Deaths
1425 1323 34 12 are
1469 1315 88 25 charged
1572 1317 22 19 2s
1610 1317 54 22 each,
1684 1319 36 17 not
1738 1317 111 25 exceeding

960 1345 23 17 30
996 1343 70 19 words.
1094 1342 105 24 Marriage
1209 1345 171 15 announcements
1395 1345 28 16 3s.
1451 1343 205 23 NOTE.—These
1672 1343 110 29 charges
1805 1350 43 16 are

959 1370 40 22 for
1009 1369 177 29 Prepayment
1196 1367 73 30 Only-

1067 1514 240 48 JOBBLNS
1340 1517 398 46 BEPJJRT.ME.NT,

963 1604 155 30 Invoices,

1013 1643 173 32 Billheads,

1062 1685 103 25 Memo
1179 1686 120 32 Forms,

1112 1726 83 26 Bills
1209 1726 34 26 of
1252 1727 89 30 Fare,

1162 1768 155 26 Business
1340 1769 110 32 Cards,

1213 1809 140 33 Visiting
1374 1811 108 32 Cards,

1293 1851 96 26 Menu
1407 1853 110 31 Cards,

1346 1893 152 32 Luggage
1512 1895 121 31 Labels,

1390 1935 75 25 Ball
1483 1935 232 33 Programmes-

1444 1979 171 31 Circulars,

1514 2021 137 30 Posters,

1565 2056 180 40 Handbills,

1656 2104 197 33 Pamphlets,

1132 2137 66 36 &a,
1299 2142 65 33 &c,
1467 2144 65 32 &c,
1635 2145 56 25 &c.

1026 2224 124 47 Done
1185 2231 50 40 at
1272 2227 81 52 tlje
1373 2227 222 53 Shortest
1616 2224 179 51 cNotiee.

1215 2610 70 46 CM
1311 2612 111 45 Sale
1452 2615 52 42 at
1539 2613 87 45 the

967 2812 65 18 Plain
1040 2812 46 19 and
1096 2813 80 23 Fancy
1185 2813 67 22 Note,
1266 2813 131 25 Envelopes
1405 2815 32 18 all
1446 2815 64 23 sizes,

967 2835 124 24 Mourning
1100 2836 75 23 Paper
1183 2836 47 18 and
1238 2837 136 23 Envelopes,
1389 2838 152 19 Commercial
1550 2839 139 24 Stationery,

967 2858 114 23 Foolscap
1090 2859 75 23 Paper
1174 2859 45 19 and
1229 2859 88 19 Official
1326 2861 137 23 Envelopes,

967 2881 115 24 Drawing,
1093 2882 116 22 Exercise,
1216 2883 177 19 Memorandum
1402 2885 47 17 and
1457 2885 109 18 Account
1575 2885 83 21 Books.

967 2904 107 24 Ledgers,
1084 2906 118 22 Journals,
1213 2906 51 22 Day
1272 2907 46 18 and
1327 2907 61 18 Cash
1395 2907 84 23 Books,

967 2927 79 19 Letter
1055 2928 84 22 Books,
1150 2928 107 23 Brushes,
1267 2929 83 19 Water
1358 2930 81 23 Wells,
1449 2931 48 23 &c,

967 2951 122 22 Stephen's
1098 2951 105 24 Writing
1212 2949 45 21 and
1266 2953 105 26 Copying
1379 2954 63 22 Inks,

966 2973 105 24 Blotting
1080 2975 79 23 Paper,
1171 2975 110 19 Business
1290 2976 46 18 and
1345 2976 102 25 Visiting
1456 2977 78 23 Cards,

966 2997 56 18 Blue
1031 2998 97 22 Pencils,
1139 2998 63 18 Lead
1211 2998 45 18 and
1265 2999 64 18 Slate
1338 3000 97 22 Pencils,
1445 3001 47 18 and
1501 3001 82 21 Slates,

965 3020 109 23 Marking
1082 3021 50 22 Ink,
1143 3021 67 19 India
1218 3022 93 18 Rubber
1320 3022 84 23 Bands,
1414 3024 61 18 G-um
1484 3024 46 18 and
1539 3024 114 19 Gummed
1663 3025 80 23 Paper,

965 3043 103 19 Indexed
1077 3044 67 22 Files,
1159 3045 46 17 and
1214 3045 73 22 Paper
1296 3045 68 24 Clips,

965 3067 136 22 Inkstands,
1110 3067 46 19 and
1165 3067 98 20 Bottles.-

999 3167 21 25 A
1040 3167 139 26 CHOICE
1195 3167 207 27 SELECTION
1422 3170 47 24 OF
1485 3170 184 26 BIRTHDAY
1690 3172 130 25 CARDS.

1293 3315 19 57 5
1376 3313 472 63 AGENCY.

1029 3418 193 55 English,
1247 3414 205 60 Foreign,
1481 3419 90 46 and
1595 3421 200 47 Colonial

1118 3484 179 55 Papers,
1318 3483 281 56 .Magazines,
1622 3484 86 48 &c.

969 3559 187 42 SYDNEY
1194 3560 235 42 BULLETIN
1468 3563 31 39 &
1538 3563 315 43 CANTERBURY

1217 3616 145 42 TIMES
1390 3619 61 39 ON
1480 3619 127 40 SALE.

967 3913 191 59 J9geney
1183 3916 76 47 for
1278 3917 217 48 .Martin's
1520 3921 167 48 Photos
1707 3923 56 46 of
1774 3921 80 57 the

1984 202 31 38 *
2058 198 190 54 AKW
2304 197 171 55 ROT
2484 197 148 55 TOT

1896 315 340 59 Hydropathic
2279 308 160 59 Hotel,
2489 313 234 45 Rotorua.

2151 397 224 33 ESTABLISHED
2396 397 77 31 !881.

1869 461 69 19 Under
1954 460 33 19 tbe
1997 461 112 22 natronage
2119 458 22 19 of
2150 458 34 19 Sir
2194 457 36 18 W.
2250 456 87 22 Jervois,
2352 456 49 18 Earl
2419 456 38 19 and
2476 455 101 20 Countees
2596 455 22 19 of
2638 454 118 25 Hopetouu,

2036 485 36 20 the
2084 485 55 20 lion.
2150 484 89 20 Premier
2249 482 39 19 aod
2302 482 104 19 Members
2422 482 21 19 of
2455 482 129 19 Parliament.

1893 590 43 20 The
1946 588 63 21 Tfotel
2022 590 15 19 is
2048 589 89 20 situated
2147 595 26 12 on
2184 591 25 16 aii
2218 586 93 20 elevated
2323 586 88 26 position
2422 593 24 12 on
2458 586 34 20 the
2503 587 68 19 shores
2587 586 22 19 of
2624 585 57 20 Lake
2695 585 52 19 Eoto-

1869 624 43 17 rua,
1922 617 122 19 convenient
2055 620 21 15 to
2086 617 26 18 all
2123 616 34 18 iho
2168 614 64 24 sights
2243 614 20 18 in
2274 613 35 19 the
2319 613 89 20 district.

1940 668 113 30 Sulphur
2066 668 51 23 and
2130 665 113 25 Mineral
2257 665 83 23 Baths
2354 666 21 18 in
2385 665 37 19 the
2432 665 97 20 Grounds
2540 665 22 19 of
2571 665 35 19 the
2617 663 71 21 Hotel.

2001 773 19 19 A
2037 772 107 20 reduction
2161 771 17 19 is
2195 770 58 20 made
2269 772 21 17 to
2301 769 77 26 weekly
2389 776 22 12 or
2422 769 91 25 monthly
2523 769 105 19 boarders.

1872 825 67 20 Guide
1950 825 67 19 Books
2028 825 39 19 and
2076 824 134 20 information
2223 822 62 23 gratis
2296 825 22 16 at
2328 822 55 19 Cook
2399 821 38 19 and
2457 821 58 19 Sons'
2531 821 51 25 (sole
2696 819 67 20 offices

2183 849 126 24 throughout
2321 849 34 19 the
2365 848 86 24 Colony.

1870 902 45 46 T.
1939 897 42 51 0.
2004 894 321 60 URQ,U.HJIrIf
2326 935 8 15 (
2391 926 17 5 -
2461 925 18 6 -
2524 898 238 55 .Manager.

1907 1272 62 26 The
1989 1272 216 32 undersigned
2225 1272 27 25 is
2276 1278 73 19 now
2371 1270 142 32 running
2537 1269 142 32 Buggies
2702 1269 64 26 and

1874 1306 139 25 Coaches
2035 1307 33 24 to
2089 1306 54 25 the
2156 1305 166 30 following
2335 1304 107 32 places
2456 1303 34 26 of
2504 1304 135 25 interest
2657 1303 34 25 in
2711 1303 55 25 the

1872 1339 241 30 neighborhood
2131 1341 32 23 at
2182 1338 128 31 greatly
2335 1338 137 24 reduced
2497 1337 94 25 rates.
2640 1336 126 32 Special

1874 1371 182 26 reductions
2064 1371 49 26 for
2126 1372 89 30 large
2224 1371 128 32 parties.

1873 1412 329 22 WHAKARBWAREWA;
2238 1411 172 21 WAIRAKEI,
2433 1410 104 19 TAUPO
2551 1410 20 18 &
2589 1410 61 18 THE

2012 1435 145 19 TIKIT3RE
2171 1435 21 18 &•
2204 1434 105 19 OKERE
2323 1434 110 22 PALLS;
2447 1434 176 18 WAIOTAPU.

1897 1467 126 18 N.B.—The
2034 1466 101 19 Tikitere
2145 1466 53 23 Trip
2207 1471 44 13 can
2260 1471 54 13 hot/
2321 1466 29 18 be
2359 1465 117 19 extended
2484 1466 27 17 to
2519 1465 40 18 the
2568 1465 61 18 head
2638 1465 26 18 of
2670 1464 95 22 Rotoiti,

1874 1490 83 18 thence
1971 1489 26 18 to
2011 1490 114 22 Rotoenu,
2142 1489 102 23 opening
2257 1494 32 18 up
2305 1494 65 13 some
2388 1489 27 18 of
2428 1489 41 18 the
2491 1488 115 19 Grandest
2619 1489 104 22 Scenery
2743 1488 23 18 in

1873 1514 58 18 New
1940 1513 105 18 Zealand.

1886 1560 93 28 Special
1992 1562 169 25 Conveyances
2173 1560 46 25 ai?d
2230 1559 87 20 Saddle
2328 1560 84 23 J-lorses
2423 1563 23 16 to
2457 1559 27 19 all
2497 1562 61 25 parts
2574 1559 22 19 of
2609 1559 40 19 the
2665 1559 87 19 district

2199 1590 23 16 at
2232 1587 117 22 Moderate
2361 1587 77 19 FJates.

1897 1659 35 18 for
1941 1659 225 22 V/hakavewavewa,
2177 1658 68 19 twice
2254 1658 117 23 forenoon,
2382 1658 69 19 twice
2460 1658 129 18 afternoon.

2401 1765 302 48 Proprietor.

2025 1842 134 25 STABLES
2185 1842 79 25 NEAR
2288 1842 76 25 LAKE
2385 1841 98 26 HOUSE
2509 1841 102 26 HOTEL

2231 2875 207 37 Proprietors:-
2506 2866 82 43 IIP

2583 2928 44 40 r-t

2212 3023 26 23 g*

2420 3070 300 34 -A-GKEISTTS

1919 3214 298 54 WAVER'
2259 3221 91 36 fy

1976 3283 166 35 QU3EEH
2170 3283 203 36 STREET,
2392 3283 275 34 AUCKLAND*

2104 3323 108 19 UNDER
2224 3323 75 19 NEW
2311 3323 227 19 MANAGEMENT.

2092 3354 457 63 JQSEPJfXeOE,

2003 3431 61 26 (Late
2073 3433 22 19 of
2104 3433 34 18 the
2148 3433 58 18 Lalco
2215 3433 71 19 House
2301 3434 41 18 and
2356 3434 74 18 Palace
2440 3433 80 22 Hotels,
2531 3434 109 25 Rotorua,)

2123 3464 50 17 Has
2179 3464 50 23 just
2238 3464 73 18 taken
2322 3470 55 13 over
2386 3465 48 18 this
2443 3464 77 19 Hotel.

1877 3485 127 19 Travellers
2013 3487 47 17 will
2069 3487 48 18 find
2126 3492 70 18 every
2206 3487 96 18 Modern
2311 3487 162 19 Convenience
2482 3487 122 19 combined
2610 3488 58 20 with
2674 3489 96 24 Civility

2181 3510 46 18 and
2233 3510 99 24 Prompt
2337 3511 124 19 attention-.

1902 3553 43 19 The
1957 3554 98 18 situation
2065 3555 21 18 of
2101 3555 35 18 the
2295 3556 82 18 renders
2398 3556 15 18 it
2433 3555 96 25 specially
2548 3557 120 18 convenient
2686 3557 33 19 for
2733 3558 35 19 the

1878 3579 116 26 Travelling
2004 3580 74 19 Public
2088 3581 40 18 and
2146 3581 88 19 Visitors
2251 3584 20 16 to
2287 3581 36 19 the
2340 3581 46 25 City
2401 3582 54 18 from
2469 3581 35 19 tho
2521 3581 90 26 Country
2627 3582 29 25 by
2676 3584 54 18 train
2747 3591 23 12 or

1878 3608 91 16 steamer.

1879 3631 102 30 Special
1989 3631 209 30 Arrangements
2208 3633 75 22 made
2293 3633 40 22 for
2344 3633 45 23 the
2405 3633 177 23 convenience
2595 3634 29 22 of
2636 3634 131 25 Families.

2070 3671 201 16 NIGHT
2316 3671 22 15 F>
2361 3671 23 16 ©
2409 3672 24 15 F2
2456 3672 21 15 T
2500 3671 23 16 E
2548 3671 30 16 F2.

2319 3697 9 10 o

1881 3711 174 26 First-class
2071 3712 116 25 Billiard
2206 3712 117 25 Rooms.
2360 3713 101 25 Wines
2475 3713 59 25 and
2551 3713 109 31 Spirits
2674 3715 33 24 of
2713 3714 55 25 the

1958 3744 68 26 best
2042 3745 126 26 Brands.
2212 3745 171 25 Hancock's
2405 3746 83 24 Prize
2502 3745 103 26 XX-XX
2620 3746 70 26 Ales

2151 3778 112 32 always
2282 3785 38 18 on
2347 3779 141 31 draught.

2052 3887 8 7 .
2101 3864 22 32 d
2138 3887 8 9 .

1879 3913 170 20 BARRISTER
2062 3915 65 19 AND
2145 3915 166 20 SOLICITOR.

1881 3953 144 19 Commissioner
2039 3955 21 17 of
2072 3956 33 16 the
2119 3955 91 23 Supreme
2223 3956 58 18 Court
2293 3957 20 17 of

2072 3978 49 24 Fiji.'

1881 4007 85 18 Solicitor
1975 4009 19 17 to
2003 4009 33 17 the
2048 4010 47 17 N.Z.
2111 4010 128 18 Government
2253 4011 60 17 under

1944 4032 39 17 The
1991 4033 99 17 Advances
2098 4034 20 16 to
2125 4033 79 18 Settlers

1879 4061 98 19 Victoria
1984 4064 90 21 Arcade,
2085 4064 112 22 Qtieen-st,
2206 4065 106 18 Auckland.

1902 4102 71 22 Money
1980 4104 20 16 to
2006 4103 56 17 Lend
2069 4110 24 12 on
2103 4104 86 18 freehold
2203 4106 81 21 security
2293 4107 20 16 at

1879 4124 37 17 low
1931 4126 49 17 rute3
1997 4127 21 16 of
2030 4127 84 17 interest.
2144 4128 71 22 M-oney
2227 4129 85 17 invested

1880 4148 28 17 for
1917 4147 65 18 clients
1991 4150 39 17 free
2039 4150 20 17 of
2067 4150 75 23 charge.

2339 3846 210 45 Rotorua
2575 3845 193 58 Library

2337 3935 102 48 OPEN
2450 3936 53 18 from
2516 3937 23 17 10
2550 3942 46 13 a.m.
2608 3938 21 16 to
2640 3938 10 16 5
2660 3942 49 18 p.m.
2729 3936 40 19 and

2397 3963 45 18 C.30
2452 3964 22 17 to
2483 3963 23 17 10
2514 3967 48 19 p.m.
2568 3962 94 24 Sundays
2668 3962 66 25 ti!l9p
2742 3969 26 12 m.

2354 3991 177 23 Subscription:
2543 3991 43 18 20s
2594 3991 44 18 Per
2646 3990 104 20 Annum.

2361 4021 89 20 Visitors
2466 4027 48 17 may
2530 4026 85 19 procure
2630 4020 70 19 Books
2718 4021 53 19 from

2335 4047 35 19 the
2380 4047 88 24 Library
2478 4052 26 13 on
2522 4046 86 25 making
2624 4052 12 12 a
2655 4045 80 26 deposit
2751 4047 20 19 of

2336 4076 35 16 not
2380 4073 41 19 less
2431 4073 50 18 than
2500 4074 29 22 ss,
2547 4073 40 18 and
2604 4071 126 26 purchasing
2752 4074 18 18 la

2336 4105 79 18 coupon
2425 4099 32 18 for
2466 4104 62 18 every
2539 4097 53 19 Four
2601 4098 72 19 books.

2361 4125 44 19 The
2422 4124 88 24 Library
2532 4124 18 19 is
2569 4130 52 19 open
2643 4124 77 26 during
2736 4125 35 19 tho

2336 4151 95 25 evening.

2779 177 408 59 HINEMOJ_STOR]

2824 249 10 24 /
2843 249 22 17 JLt
2870 242 35 23 Tit
2905 245 41 20 AM
2966 246 110 20 EOGERS
3093 247 73 19 directs
3183 249 31 17 at-

2795 274 11 15 T
2814 275 10 15 T
2857 272 78 19 tention
2946 273 20 17 to
2973 273 36 19 the
3018 273 107 25 following
3132 273 52 18 lines
3193 275 21 17 of

2780 351 101 25 Bycroft's
2891 351 112 19 Snowdrift
3012 352 52 19 N.Z-
3073 353 64 18 Flour

2780 378 103 19 Sultanas.
2894 377 102 19 Muscatel
3003 379 41 18 and
3052 378 99 20 Valencia
3165 377 49 21 Rai«>

2833 404 47 20 sins,
2892 404 40 18 and
2941 404 99 19 Currants

2780 430 51 24 Figs
2838 430 40 18 and
2889 430 112 19 Preserved
3011 430 84 25 Ginger,
3107 431 70 25 Spices

2780 456 77 19 Lemon
2867 456 40 18 and
2918 456 82 24 Orange
3010 456 50 19 Peel

2837 482 70 18 White
2917 482 113 22 Sugar—A
3046 482 117 26 Speciality.

2783 508 50 19 New
2843 508 91 18 Zealand
2941 506 64 27 Dairy
3012 509 146 18 Association's
3165 508 52 21 Bu!s

2886 536 37 17 ter.

2808 559 61 19 TEA.
2928 559 114 20 COFFEE.
3097 560 94 20 COCOA.

2783 608 88 20 General
2883 609 129 19 Assortment
3029 610 21 19 of
3068 610 151 25 Storekeeper'?

2961 635 75 19 Goods.

2844 683 160 44 HINEMOA
3033 688 126 42 STORE,

2786 768 53 43 B.
2882 765 43 47 Si
2973 765 36 45 G
3028 767 192 21 OEI,ETIi

2893 822 118 20 AECHI
3020 823 16 19 T
3044 823 17 19 E
3070 824 16 19 C
3095 823 21 23 T,

2867 857 97 25 Building
2979 858 110 25 Surveyor,
3107 859 35 18 &c;

2788 934 72 23 Agent
2879 931 32 19 tor
2930 931 34 19 the
2988 931 100 19 National
3113 931 46 20 Fire
3183 932 41 19 and

2879 957 82 20 Marine
2966 957 117 21 Insurance
3095 958 36 20 Co.

2801 1017 9 16 k
2820 1016 18 17 r
2854 1016 18 20 O
2887 1016 22 19 K
2923 1016 18 20 0
2956 1016 13 19 I
2984 1018 18 18 A
3073 1016 24 20 T
3102 1016 20 33 J
3137 1017 11 18 I
3163 1016 17 19 E
3196 1016 28 20 W

2942 1068 126 20 PRIVATE

2788 1100 246 34 BOAHDIHa
3053 1101 63 33 HO
3123 1106 23 28 U
3154 1101 25 33 B
3182 1101 42 33 E,

2788 1160 112 28 Opposite
2915 1160 40 20 the
2971 1161 54 19 Post
3037 1161 47 20 and
3095 1162 129 26 Telegraph

2966 1186 80 21 Office.

2789 1219 45 20 And
2856 1226 48 11 near
2925 1218 34 19 the
2979 1218 121 21 Celebrated
3126 1219 99 20 PRIEST

2828 1244 119 21 RACHEL
2963 1246 40 19 and
3016 1246 57 19 other
3085 1246 98 24 BATHS,

2933 1270 146 21 ROTORUA.

2789 1324 111 24 TERMS:
2910 1324 43 17 25s
2960 1329 41 17 per
3007 1324 74 22 week,
3091 1325 28 18 5s
3127 1329 40 18 per
3174 1324 52 24 day,-

2822 1355 116 41 MRS
2982 1355 209 45 YOUNG,

2923 1405 174 20 PIiOPItTETTtF.SS.

2803 1675 106 32 BAKER
2920 1675 26 32 &
2956 1675 258 33 CONFECTIONER.

2841 1755 86 23 Bread
2940 1755 135 23 delivered
3092 1755 79 30 daily.

2842 1822 154 22 QHOCEBIE:

2987 1860 57 19 PEA
3050 1860 82 21 PERT,

3072 1926 55 19 EE'S
3134 1926 91 19 GOODS;

2807 1980 42 44 <J.
2879 1978 47 46 R.

2921 2048 167 23 SOLICITOR,

2786 2085 83 17 Temple
2875 2085 118 22 Chambers,
2998 2086 99 21 Higii-st,
3102 2086 120 17 Auckland.

2784 2131 156 17 N.B.—Attends
2949 2133 81 22 country
3040 2133 68 17 Courts
3116 2132 27 22 hy
3154 2133 69 22 special

2841 2211 315 48 JWCKLJIMQ

2797 2281 175 41 COFFEE
3013 2282 194 42 PALACE.

2835 2352 145 31 QUEEN
3001 2354 168 32 STREET,

2783 2413 65 24 Also
2871 2414 108 30 opposite
3000 2414 111 24 J-ferald
3139 2414 71 30 Ojjla

2813 2524 51 46 E.
2915 2525 272 53 WATERS,,

2883 2604 242 27 PROPRIETOR.

2834 2672 29 26 J.
2958 2672 210 30 WRIGLEY.

2808 2738 389 25 ARCHITECT,

2812 2836 69 23 Agent
2891 2836 32 18 for
2939 2836 34 19 the
2991 2836 66 20 South
3078 2836 80 20 British
3177 2836 48 21 Fire'

2786 2862 41 18 and
2838 2862 80 19 Marine
2926 2862 114 20 Insurance
3050 2863 113 25 Company.

2833 2918 31 40 A,
2892 2918 71 40 AND
2989 2919 31 40 G.
3048 2919 127 47 BROOK,

2787 2978 82 23 BOOT
2883 2978 71 23 AND
2970 2979 84 24 SHOE
3075 2980 147 28 MAKERS,

2847 3018 88 19 Fenton
2951 3020 90 23 Stiieet,
3065 3020 106 19 Rotouua.

2788 3051 46 19 And
2857 3053 22 17 at
2909 3051 84 20 Parnell
3016 3052 41 19 and
3087 3052 137 19 Newmarket.

2815 3119 66 23 Large
2892 3120 40 18 :;nd
2943 3121 67 18 varied
3027 3121 63 19 Stock
3102 3121 21 18 of
3134 3121 90 24 English,

2789 3145 87 25 Foreign
2890 3147 37 17 and
2941 3147 90 19 Colonial
3045 3147 60 19 Boots
3117 3149 37 17 and
3163 3147 63 19 Shoea

2852 3173 22 18 to
2885 3172 72 20 choose
2968 3175 52 17 from
3031 3176 22 16 at
3064 3174 35 18 the
3111 3177 51 15 must

2826 3210 217 33 REASONABLE
3065 3211 126 32 PRICES.

2883 3251 94 20 FRESH
2993 3253 91 19 STOCK
3097 3252 36 20 OF

2790 3284 170 25 FOOTBALL
2975 3286 100 24 BOOTS
3085 3288 44 24 just
3141 3287 86 20 arrived.

2792 3326 35 19 All
2843 3326 69 19 oiders
2930 3327 39 18 and
2986 3328 76 25 repairs
3079 3328 149 24 expeditiously

2956 3354 104 20 extcuted.

2792 3385 16 19 S
2829 3385 25 20 E.
2869 3386 151 24 FORDYCE,
3047 3398 8 3 -
3080 3398 8 3 -
3113 3388 113 23 Manager

2826 3434 22 18 L.
2855 3434 99 23 FOKSTEE,

3035 3437 25 16 11.
3073 3436 29 18 W.
3113 3436 111 18 Mitchell,

2912 3471 2 12 !
3046 3472 98 11 ACTHORISED
3154 3472 40 11 LAND

2911 3488 36 10 .AND
2953 3488 78 13 RAILWAY,
3050 3490 10 10 it
3070 3489 57 11 MINING
3140 3489 88 12 SURVEYOR,

2888 3505 107 17 PkXIKcULA.
3034 3506 85 16 RuTOHUA
3128 3507 13 14 &
3150 3507 76 15 I'AKItUA.

2793 3565 160 42 FORSTER
2980 3568 25 39 &
3038 3568 188 46 MITCHELL,

2819 3624 113 26 MINING
2947 3625 173 27 ENGFNEERS
3139 3626 62 26 AND

2919 3660 188 29 SURVEYORS,

2790 3700 121 20 VALUERS
2924 3703 32 17 OF
2965 3704 101 17 MIXING
3078 3704 54 17 AND
3141 3704 88 17 OTHER

2925 3726 167 21 PROPERTIES,

2779 3763 1 21 [
2861 3763 107 21 Hauiiaki,
2986 3764 52 17 New
3052 3765 106 16 Zealand.

2814 3824 95 19 Members
2918 3826 21 17 of
2946 3826 33 17 the
2987 3827 42 17 N.Z

2862 3918 119 19 Nokmanby
2993 3919 64 21 Road,
3069 3920 90 17 Paeuoa.

2864 3969 27 18 CE
2910 3976 65 19 paper
2994 3971 41 18 and
3051 3970 115 25 Envelopes
3184 3971 45 18 with

2793 3996 3 26 -
2796 3996 10 13 1
2806 4007 6 3 -
2873 3996 83 24 printed
2968 3997 92 25 heading
3071 3998 22 18 at
3102 3996 65 25 cheap
3175 3999 54 16 rates

2794 4023 21 15 at
2824 4020 108 20 Chronicle
2947 4022 63 19 office.
