2510 4039
1307 1834 42 23 We
1367 1833 45 23 will
1430 1838 39 18 not
1490 1841 67 24 argue
1576 1840 48 16 now
1636 1840 61 23 upon
1711 1833 37 23 tho
1761 1832 89 24 techni-

1276 1867 33 24 cal
1320 1867 103 24 defences
1433 1866 72 25 which
1515 1875 49 23 may
1576 1866 27 23 be
1611 1870 35 19 set
1657 1874 30 23 up
1696 1866 33 23 for
1737 1865 36 24 the
1782 1865 69 24 Com-

1276 1908 66 24 pany,
1353 1900 54 24 both
1420 1900 94 23 because
1524 1908 32 15 we
1572 1899 86 23 believe
1677 1899 49 23 that
1745 1906 67 23 many
1831 1900 23 22 of

1276 1934 36 23 the
1321 1934 116 23 Directors
1448 1941 39 15 are
1506 1933 34 23 far
1556 1938 37 18 too
1614 1932 121 23 honorable
1752 1937 22 18 to
1793 1933 58 22 avail

1277 1965 134 23 themselves
1422 1966 24 22 of
1460 1973 44 22 any
1516 1965 55 23 such
1582 1965 100 28 defence,
1702 1964 43 23 and
1756 1965 95 22 because

1276 2005 33 16 we
1320 2005 37 16 are
1369 1997 91 24 assured
1473 1997 48 24 that
1533 1998 19 22 if
1568 1997 35 23 the
1615 2004 51 15 case
1678 1997 25 23 of
1717 2004 44 23 any
1774 1997 25 22 of
1815 1997 36 22 the

1277 2031 87 23 settlers
1383 2030 80 24 should
1481 2038 63 16 come
1566 2030 74 24 before
1662 2038 14 14 a
1699 2030 64 30 Jury,
1781 2030 71 23 either

1277 2065 52 22 here
1342 2072 24 15 or
1377 2065 23 22 in
1413 2063 114 31 England,
1540 2063 62 24 these
1615 2063 90 23 cobweb
1717 2064 134 23 protections

1277 2097 44 23 will
1330 2097 26 23 be
1376 2103 70 24 swept
1465 2105 62 23 away
1547 2102 23 18 at
1588 2105 64 15 once.
1698 2096 42 24 We
1762 2102 91 18 content

1277 2131 112 23 ourselves
1410 2130 52 23 with
1481 2130 45 23 fact
1545 2130 47 23 that
1611 2131 37 22 the
1668 2130 147 30 proceedings
1831 2130 24 23 of

1277 2164 36 23 the
1338 2163 113 32 Principal
1480 2163 77 31 Agent
1585 2163 55 23 have
1669 2163 118 30 destroyed
1816 2163 37 23 the

1277 2197 86 31 ground
1374 2205 60 23 upon
1451 2197 72 23 which
1540 2197 62 23 alone
1623 2204 44 22 any
1686 2196 58 31 legal
1763 2197 90 22 defence

1277 2230 65 23 could
1370 2235 54 23 rest,
1426 2242 32 4 —
1459 2229 49 24 that
1537 2230 37 23 the
1595 2230 148 23 interference
1766 2230 25 23 of
1816 2230 37 23 the

1278 2264 154 23 Government
1450 2263 118 31 prevented
1590 2263 37 23 the
1657 2263 118 31 Company
1797 2263 56 24 from

1277 2296 106 31 fulfilling
1415 2296 56 24 their
1504 2301 167 26 engagements.
1728 2296 69 24 After
1817 2296 36 24 the

1277 2330 159 31 proclamation
1448 2330 76 23 issued
1545 2331 28 29 by
1594 2329 96 31 Captain
1711 2329 97 24 Hobson
1825 2338 29 15 on

1276 2364 36 22 his
1324 2364 115 29 assuming
1450 2363 38 23 the
1501 2363 154 23 Government
1667 2364 24 22 of
1707 2364 44 22 this
1773 2363 80 31 colony

1277 2396 127 30 forbidding
1422 2396 36 24 the
1481 2397 108 29 purchase
1612 2396 25 23 of
1659 2395 65 25 lands
1742 2396 59 23 from
1817 2396 38 24 the

1278 2430 93 28 natives,
1383 2428 93 25 Colonel
1498 2429 131 29 Wakefield,
1652 2429 95 32 through
1762 2430 37 23 the
1819 2430 35 23 in-

1279 2463 164 31 strumentality
1476 2463 25 22 of
1533 2463 35 23 his
1600 2462 102 31 nephew,
1730 2463 125 30 purchased

1279 2496 127 31 Wanganui
1417 2505 5 19 ;
1441 2495 44 24 and
1507 2496 56 23 after
1582 2496 37 23 the
1640 2496 59 23 visit'
1712 2496 25 23 of
1760 2496 96 31 Captain

1281 2528 96 24 Hobson
1390 2533 22 19 to
1424 2529 43 23 this
1479 2528 64 32 place
1554 2529 28 23 he
1589 2529 125 31 purchased
1724 2529 37 23 the
1769 2529 88 24 district

1280 2563 24 22 of
1321 2562 137 24 Manawatu.
1504 2562 50 24 The
1571 2562 87 31 ground
1678 2563 26 23 of
1719 2562 37 23 the
1775 2562 82 24 former

1279 2596 26 23 of
1319 2595 62 24 these
1403 2596 147 23 transactions
1568 2603 94 24 appears
1681 2600 23 19 to
1724 2596 54 23 have
1801 2596 56 24 been

1280 2629 48 23 that
1337 2630 17 22 it
1365 2637 45 15 was
1422 2629 51 30 only
1486 2628 37 25 the
1535 2629 133 31 completion
1681 2629 25 24 of
1719 2637 28 16 an
1759 2637 98 23 engage-

1279 2666 63 20 ment
1359 2662 90 24 entered
1470 2662 49 24 into
1542 2661 74 25 before
1639 2661 38 25 the
1686 2681 5 5 .
1700 2662 49 24 date
1770 2663 26 23 of
1820 2662 37 24 the

1281 2695 167 31 proclamation,
1462 2695 57 24 .and.
1544 2695 39 24 the'
1613 2696 68 23 latter
1712 2704 46 15 was
1771 2696 87 30 -made;

1281 2736 25 16 as
1339 2736 31 16 we
1382 2742 4 4 -
1399 2728 112 29 believe/-'
1520 2729 24 23 in
1573 2736 152 24 consequence
1755 2729 25 24 of
1821 2729 38 25 the

1281 2762 134 32 permission
1432 2761 25 24 of
1477 2762 39 23 the
1539 2761 118 24 Governor
1674 2767 23 19 to
1715 2763 86 31 perfect
1820 2762 38 25 the

1283 2795 142 31 Company's'
1431 2794 48 24 title
1490 2799 20 19 to
1523 2795 29 24 all
1564 2795 63 24 lands
1639 2796 79 24 within
1730 2796 37 24 the
1786 2796 72 27 limits

1282 2828 104 30 assigned
1397 2832 23 19 to
1436 2828 45 23 this
1499 2828 134 24 settlement.
1675 2829 48 24 But
1740 2830 73 23 either
1834 2837 26 16 or

1281 2861 56 24 both
1343 2862 23 23 of
1377 2862 61 23 these
1450 2861 99 30 grounds
1561 2862 73 24 would
1641 2861 57 25 have
1709 2863 75 31 amply
1789 2863 71 31 justi-

1281 2894 46 24 fied
1333 2894 93 25 Colonel
1433 2894 126 25 Wakefield
1566 2896 23 23 in
1596 2896 137 31 completing
1738 2896 38 23 the
1784 2896 48 23 title
1838 2896 26 23 of

1282 2928 39 24 the
1333 2928 115 31 Company
1456 2933 22 19 to
1486 2928 37 24 the
1531 2929 91 24 distrcts
1632 2929 25 23 of
1667 2929 96 24 Porirua
1771 2929 43 23 and
1822 2929 38 24 the

1283 2961 68 24 Hutt.
1383 2961 60 24 Both
1458 2962 25 23 of
1493 2962 63 25 these
1563 2962 99 24 districts
1670 2970 58 16 were
1738 2962 124 32 nominally

1281 2994 106 25 included
1406 2995 76 23 within
1501 2995 40 24 the'
1557 2995 124 32 purchases
1692 2996 26 24 of
1733 2996 39 24 the
1792 2996 68 24 Com-

1283 3035 66 24 pany,
1362 3028 55 24 both
1427 3035 37 16 are
1476 3028 124 32 comprised
1611 3028 80 25 within
1708 3028 37 25 the
1757 3029 70 24 limits
1839 3030 26 23 of

1283 3061 39 23 the
1333 3061 49 23 first
1399 3061 133 30 settlement,
1545 3061 47 25 and'
1599 3061 38 25 the
1654 3062 50 24 title
1717 3067 21 19 to
1750 3062 54 24 both
1820 3062 42 24 has

1284 3095 56 23 been
1356 3095 85 23 known
1459 3098 23 19 to
1500 3095 26 24 be
1547 3095 104 31 disputed
1669 3096 29 30 by
1711 3093 42 26 the'
1766 3096 94 25 natives.

1284 3126 161 33 Undoubtedly
1453 3128 63 24 there
1525 3136 59 16 were
1594 3128 128 24 difficulties
1733 3129 24 24 in
1769 3129 38 24 the
1813 3137 49 24 way

1283 3161 26 23 of
1317 3161 135 31 completing
1463 3161 44 27 the,
1512 3162 61 29 titled,
1572 3166 22 19 to
1606 3161 64 24 these
1681 3162 108 30 districts,
1802 3162 60 25 diffi-

1284 3191 79 27 culties
1373 3194 191 27 insurmountable
1575 3195 29 31 by
1613 3203 14 15 a
1637 3202 84 24 person
1730 3195 134 25 whose'idea

1285 3225 25 25 of
1326 3227 38 29 his.
1383 3227 53 31 duty
1448 3235 96 24 appears
1552 3243 3 7 >
1564 3232 37 22 to/.
1603 3229 57 23 have
1680 3229 111 24 extended
1810 3237 54 23 very

1283 3260 58 24 little
1361 3261 94 28 further,
1477 3260 53 25 than
1552 3262 79 31 sitting
1650 3262 24 23 in
1686 3270 14 15 a
1719 3262 145 24 comfortable

1284 3294 63 23 office
1359 3294 45 25 and
1416 3295 89 29 writing
1519 3293 110 33 plausible
1640 3295 140 31 despatches.
1817 3296 45 24 Bur

1284 3327 57 23 that'
1346 3327 64 23 these
1427 3327 128 25 difficulties
1575 3328 65 24 could
1651 3328 59 24 have
1725 3327 57 25 Veen
1800 3334 64 19 over-

1285 3367 62 16 come
1359 3361 30 30 by
1401 3368 14 15 a
1423 3368 54 23 very
1484 3361 70 27 .small
1564 3366 92 19 amount
1668 3361 25 24 of
1708 3362 108 28 exertion,
1821 3363 43 24 and

1282 3393 122 32 judgment
1415 3401 27 15 no
1454 3401 42 15 one
1508 3394 128 29 can/doubt,
1649 3394 44 24 and
1704 3394 63 24 when
1778 3396 39 23 the
1829 3396 35 24 in-

1285 3431 70 18 terest
1359 3427 26 22 of
1389 3435 29 17 so.
1422 3432 68 25 many
1497 3434 57 17 were
1560 3431 22 19 at
1587 3427 76 29 stake,
1672 3435 33 16 we
1711 3428 94 32 humbly
1810 3430 54 23 sub-

1285 3460 43 23 mit
1335 3460 50 23 that
1394 3467 28 16 an
1429 3465 69 24 agent
1509 3460 114 31 receiving
1629 3468 15 16 a
1652 3461 76 32 salary
1734 3462 25 23 of
1768 3463 97 28 £1,000

1285 3500 41 24 ptr
1337 3496 91 27 annum',
1439 3493 36 23 for
1487 3493 37 24 the
1540 3501 97 23 purpose
1649 3494 25 23 of
1690 3495 113 31 watching
1813 3503 53 18 over

1286 3527 63 23 those
1362 3527 113 28 interests,
1488 3526 73 32 might
1571 3527 136 32 reasonably,
1713 3528 29 25 .be
1758 3531 108 30 expected

1287 3564 22 19 to
1322 3559 98 31 undergo
1430 3559 36 24 the
1473 3560 98 32 fatigues
1578 3560 25 23 of
1609 3568 15 16 a
1631 3561 98 32 journey
1738 3566 25 20 to
1769 3562 97 26 Porirua

1286 3593 44 23 and
1342 3592 36 24 the
1390 3593 154 23 irksomeness
1554 3593 25 24 of
1587 3602 14 14 a
1611 3594 43 23 few
1667 3594 56 32 days
1735 3596 131 25 conference!

1286 3627 54 24 with
1357 3627 39 23 the
1417 3626 70 24 chiefs
1507 3627 30 31 by
1548 3627 73 23 whom
1639 3627 38 24 the
1697 3630 138 29 possession-
1843 3631 23 23 of

1287 3660 62 24 these
1364 3659 65 24 lands
1440 3667 47 16 was
1505 3660 111 31 disputed;
1652 3660 56 25 And
1719 3669 61 17 more
1801 3670 65 25 espe-

1287 3692 65 32 cially
1364 3693 70 31 ought
1445 3691 45 25 this
1510 3698 23 19 to
1544 3693 55 24 have
1610 3693 59 24 been
1680 3694 57 25 done
1746 3695 83 31 .when,
1841 3705 25 16 as

1288 3726 94 26 Colonel
1394 3726 126 24 Wakefield
1531 3731 61 21 must
1601 3726 57 25 have
1662 3744 6 13 ;
1670 3728 50 24 well
1731 3727 92 32 known,
1836 3730 30 23 all

1286 3761 49 22 that
1343 3759 29 25 he
1382 3760 72 23 could.
1458 3759 136 33 accomplish
1603 3761 73 24 would
1686 3762 57 23 have
1754 3770 59 24 gone
1825 3763 41 23 but

1286 3802 14 15 a
1312 3794 65 23 small
1386 3801 51 24 way
1448 3794 24 22 in
1483 3794 112 31 realizing.
1599 3794 40 24 the
1650 3796 95 30 original
1756 3796 110 31 promises'

1286 3827 26 24 of
1329 3827 37 24 the
1386 3827 124 31 Company,
1523 3827 48 24 that
1590 3834 34 16 we
1636 3827 81 25 shbuld
1735 3829 76 23 obtain
1829 3829 37 23 the

1287 3865 58 19 most
1360 3860 103 24 valuable
1483 3860 64 24 lands
1568 3861 23 23 in
1609 3860 48 24 that
1676 3862 96 29 district,
1793 3862 73 24 wjiere

1286 3893 52 24 land
1349 3893 79 26 would-
1432 3898 62 18 most
1505 3894 99 30 speedily
1615 3895 100 29 acquire-
1727 3895 37 23 the
1775 3895 91 31 highest

1284 3926 82 30 degree
1378 3926 26 23 of
1413 3926 73 23 value.'
1496 3948 2 4 .
1520 3926 54 27 But,
1586 3926 59 23 from
1653 3927 64 24 .what
1725 3928 95 23 motives
1832 3936 34 16 we

1284 3957 94 29 pretend
1390 3962 39 18 not
1446 3961 23 19 to
1481 3956 83 29 decide,
1575 3955 30 25 He
1615 3957 42 24 Kri
1677 3958 58 24 been
1747 3961 119 24 contented

703 2138 42 23 We
762 2138 54 24 hear
834 2138 49 24 that
904 2137 48 24 Mr.
972 2137 98 23 Tuckett
1090 2136 39 24 has
1150 2136 99 24 selected

671 2172 74 30 Otago
754 2179 24 15 as
787 2171 37 23 the
834 2171 108 31 proposed
952 2171 42 22 site
1004 2171 25 22 of
1038 2171 56 23 New
1103 2169 145 30 Edinburgh.

672 2205 49 23 The
733 2209 105 19 accounts
851 2204 71 24 which
935 2204 55 23 have
1001 2204 55 23 been
1070 2203 98 23 received
1178 2204 23 22 of
1211 2204 39 22 the

672 2238 96 23 harbour
779 2237 43 24 and
830 2238 26 23 of
865 2238 37 23 the
912 2237 151 29 surrounding
1076 2241 91 25 country
1177 2244 38 15 are
1226 2236 25 23 of

670 2279 13 15 a
694 2279 54 22 very
758 2270 128 24 favourable
907 2270 122 29 character,
1041 2270 43 23 and
1102 2277 26 15 as
1140 2270 38 23 the
1190 2270 59 23 resi-

671 2305 53 23 dent
734 2305 87 22 natives
832 2312 38 15 are
881 2304 49 27 few,
944 2303 43 24 and
998 2311 38 15 are
1052 2303 93 23 anxious
1157 2307 24 19 to
1195 2301 54 25 have

672 2345 13 16 a
703 2338 127 23 settlement
849 2336 136 24 established
1001 2336 23 23 in
1037 2336 58 23 their
1114 2336 94 28 district,
1221 2343 28 16 no

672 2370 128 24 difficulties
808 2370 45 23 will
862 2371 57 22 arise
924 2369 26 23 in
957 2369 136 31 purchasing
1100 2369 35 23 the
1147 2369 52 23 land
1207 2369 43 23 and

673 2404 23 24 in
708 2404 117 30 obtaining
835 2403 119 32 peaceable
970 2403 132 31 possession
1110 2402 33 23 for
1154 2402 38 24 the
1204 2407 47 18 set-

672 2437 61 24 tlers.
768 2436 51 24 The
830 2440 116 28 prospects
957 2436 23 23 of
997 2435 37 25 the
1047 2435 55 24 New
1115 2435 136 24 Settlement

674 2470 108 24 therefore
800 2477 38 16 arc
844 2470 51 23 'free
911 2470 59 23 from
989 2469 38 24 the
1038 2469 158 31 discouraging
1206 2470 40 22 ob-

672 2503 80 24 stacles
764 2503 72 23 which
848 2511 33 15 we
895 2503 57 23 have
964 2501 153 33 experienced.

705 2536 24 24 It
740 2544 51 23 may
802 2536 101 23 however
921 2536 28 23 be
961 2535 97 24 doubted
1069 2532 98 30 whether
1189 2543 62 19 more

673 2570 53 24 than
738 2578 14 15 a
761 2577 55 22 very
825 2569 85 24 limited
923 2569 82 31 degree
1011 2569 25 23 of
1042 2576 88 16 success
1143 2575 42 17 can
1196 2576 55 23 pos-

672 2603 57 31 sibly
741 2603 27 22 be
789 2602 104 23 obtained
905 2602 77 23 within
988 2617 4 3 -
1000 2602 37 23 the
1055 2602 50 23 first
1121 2602 130 30 generation

673 2644 25 15 or
717 2641 51 18 two.
814 2635 23 23 It
856 2642 52 23 may
931 2634 71 31 safely
1020 2635 28 23 be
1067 2634 113 32 predicted
1203 2634 49 24 that

674 2669 37 23 the
729 2668 114 32 proposed
858 2668 128 23 settlement
997 2668 44 23 will
1052 2668 69 23 suffer
1137 2667 60 24 from
1215 2668 37 23 the

674 2701 133 32 depressing
825 2701 110 23 influence
954 2701 23 23 of
992 2701 105 24 absentee
1115 2701 138 32 proprietor-

675 2735 58 31 ship,
751 2734 44 24 and
814 2734 48 24 that
880 2734 56 23 after
955 2734 37 24 the
1010 2734 144 32 expenditure
1175 2734 29 31 by
1216 2734 38 23 the

675 2768 117 31 Company
803 2767 25 23 of
843 2767 38 23 the
897 2774 81 24 money
989 2767 71 24 which
1077 2767 40 27 has
1134 2768 57 23 been
1204 2767 49 23 fur-

675 2801 79 23 nished
770 2801 31 30 by
813 2801 38 23 the
869 2801 96 29 settlers,
977 2801 38 23 the
1034 2801 66 24 latter
1112 2801 42 23 will
1173 2801 29 23 be
1214 2801 41 23 left

675 2834 96 24 unaided
788 2839 23 17 to
828 2834 101 31 struggle
940 2834 54 24 with
1013 2834 38 24 the
1071 2834 128 24 difficulties
1218 2839 36 18 at-

675 2868 93 30 tending
778 2867 38 23 the
823 2867 67 23 .work
898 2867 26 23 of
933 2867 156 24 colonization.
1124 2867 76 24 There
1209 2867 46 23 will

677 2901 27 23 be
717 2908 13 16 a
748 2900 78 32 period
843 2900 25 24 of
883 2907 84 24 energy
978 2901 44 23 and
1033 2900 64 32 hope,
1119 2908 12 16 a
1143 2901 113 23 transient

675 2934 73 31 gleam
759 2933 26 24 of
802 2934 126 31 prosperity
928 2945 34 5 —
964 2933 52 31 high
1036 2934 73 31 prices
1128 2933 44 24 and
1183 2934 72 23 active

676 2966 283 33 speculation—^enduring
975 2975 24 15 as
1018 2968 54 30 long
1082 2975 25 15 as
1124 2966 38 24 the
1174 2966 82 32 capital

676 3000 45 24 and
731 3000 71 23 credit
811 3000 24 23 of
844 3000 38 23 the
893 2999 89 24 settlers
989 2999 52 29 last;
1053 3000 42 23 but
1100 3000 64 23 these
1171 3001 45 22 will
1227 3001 29 22 be

676 3033 122 24 succeeded
810 3033 28 30 by
851 3041 13 15 a
875 3032 76 33 period
961 3033 22 24 of
995 3033 93 32 langour
1101 3033 44 24 and
1157 3033 98 24 exhaus-

677 3067 55 29 tion,
745 3067 38 23 the
801 3066 101 23 duration
915 3066 25 23 of
955 3067 73 24 which
1045 3068 18 23 it
1081 3065 19 25 is
1117 3072 40 18 not
1168 3074 52 24 easy
1234 3072 22 17 to

676 3100 95 24 foresee.
807 3100 36 26 As,
849 3100 38 23 the
895 3099 90 24 settlers
993 3100 43 26 will
1044 3100 31 25 be.
1080 3100 53 23 able
1144 3104 27 20 to,
1180 3100 75 24 obtain

676 3133 130 31 possession
818 3133 24 22 of
860 3133 57 23 their
933 3133 82 29 lands,.
1020 3133 61 24 there
1093 3133 43 23 will
1147 3133 109 31 probably

677 3167 28 23 be
722 3174 28 16 no
769 3166 74 23 actual
864 3166 101 29 distress,
978 3171 45 19 out'
1037 3166 62 24 there
1112 3166 45 23 will
1178 3167 28 23 be
1227 3173 29 15 no

679 3199 78 23 wealth
776 3199 88 31 beyond
881 3199 48 23 that
939 3199 73 24 which
1032 3199 37 24 the
1085 3199 79 24 labour
1176 3199 26 24 of
1218 3199 38 23 the

678 3232 89 24 settlers
785 3239 54 18 can,
846 3237 88 24 create;;
948 3232 44 24 and
1009 3232 38 24 the
1059 3229 163 28 accumulation
1234 3232 26 23 of

678 3265 79 31 capital
769 3265 31 30 by
812 3267 74 26 3,000
898 3272 26 16 or
935 3266 74 28 4,000
1026 3265 145 28 individuals,,
1180 3265 77 23 seated

678 3300 23 22 in
714 3307 13 15 a
738 3298 129 23 wilderness
879 3298 43 23 and
937 3297 43 25 left
997 3303 22 19 to
1031 3296 57 27 their
1100 3306 49 17 owu
1151 3304 3 10 :
1159 3298 99 24 unaided

669 3351 2 5 ,
678 3332 123 28 exertions,
814 3331 19 23 is
853 3331 112 31 naturally
976 3332 54 24 slow,
1046 3332 45 24 and
1106 3331 150 32 interrupted.

669 3386 2 11 (
679 3365 24 24 If
714 3365 51 30 they
778 3364 42 23 bad
831 3364 86 24 formed
928 3369 51 27 part
987 3365 24 24 of
1020 3373 28 16 an
1057 3365 66 29 older,
1128 3365 130 24 settlement

678 3398 59 24 their
748 3394 129 33 difficulties,
884 3416 7 7 ,
894 3397 72 26 would
978 3398 62 24 -have
1057 3398 57 24 been
1125 3398 76 29 fewer,
1214 3397 44 25 and

678 3431 58 24 their
747 3437 105 25 progress
864 3434 156 26 more'secure;
1032 3431 42 24 but
1082 3432 31 30 by
1126 3431 59 24 their
1195 3432 63 31 posi-

678 3465 47 23 tion
745 3464 52 30 they
808 3470 38 17 are
866 3458 159 37 isolateid,;and
1043 3464 53 31 they
1110 3472 41 17 can
1169 3463 89 26 neither

679 3496 83 25 benefit
783 3497 29 31 by
830 3504 41 17 our
886 3496 151 32 .expenditure
1054 3498 43 23 and
1117 3498 141 31 experience,

678 3538 43 16 nor
731 3530 77 24 confer
820 3536 45 25 any
875 3535 131 26 permanent
1017 3531 125 32 advantage
1151 3538 62 25 upon
1222 3538 36 18 us.

679 3564 71 23 Their
761 3563 75 24 future
849 3564 105 23 interests
965 3571 25 16 as
1001 3564 50 23 well
1068 3572 25 16 as
1105 3565 64 23 those
1181 3564 25 23 of
1220 3564 39 23 the

679 3597 62 23 older
761 3596 139 24 settlements
919 3604 37 15 are
968 3597 121 30 sacrificed,
1102 3605 32 15 we
1150 3605 108 25 presume

669 3632 1 22 !
678 3629 181 31 unconsciously,
880 3630 23 23 in
920 3629 65 24 order
1002 3630 48 25 that
1070 3631 37 23 the
1129 3630 58 24 New
1199 3630 59 25 Zea-

678 3663 53 23 land
750 3662 118 31 Company
888 3670 51 23 may
948 3663 94 28 receive,
1051 3672 14 15 a
1076 3664 145 24 commission
1234 3664 26 23 of

677 3700 93 26 twenty-
773 3696 52 23 five:
828 3703 41 23 per
879 3699 51 20 cent
952 3703 61 24 upon
1029 3696 38 24 the
1078 3696 147 32 expenditure
1237 3697 25 24 of

679 3731 36 23 the
727 3729 61 30 large
863 3729 25 23 of
901 3736 83 24 money
996 3730 72 23 which
1079 3730 17 22 it
1109 3731 19 22 is
1145 3730 113 31 imagined

678 3763 50 29 (hat
740 3762 61 30 they,
813 3761 38 25 the
863 3762 134 32 purchasers
1008 3762 45 24 will
1065 3763 131 24 contiibute.

687 3796 3 7 1
711 3796 46 24 But
769 3796 37 23 the
823 3801 104 26 prospect
949 3796 25 23 of
989 3796 37 24 the
1044 3796 171 24 establishment
1236 3798 25 22 of

677 3838 14 15 a
701 3837 49 16 new
768 3829 128 24 settlement
917 3827 73 32 und,er
1009 3829 55 24 such
1083 3830 175 24 circumstances

678 3871 25 15 as
715 3863 63 23 those
789 3863 25 23 in
825 3862 74 24 which
910 3862 39 24 the
959 3862 89 24 settlers
1065 3864 23 22 in
1108 3862 56 24 New
1183 3864 75 23 Edin-

677 3896 72 31 burgh
761 3895 45 23 will
816 3895 110 31 probably
938 3896 27 22 be
974 3895 88 32 placed,
1074 3895 115 32 naturally
1196 3897 63 24 leads

677 3937 27 15 us
724 3935 23 17 to
769 3936 11 16 a
780 3926 18 24 .
804 3926 164 25 ctfnsfderatfoh
970 3930 10 27 ,'
987 3928 28 24 <rf
1027 3931 40 21 otir
1087 3935 49 17 own
1148 3930 108 27 position.

677 3961 24 24 It
721 3968 20 17 is
758 3967 51 17 novr
827 3961 103 30 upwards
949 3961 26 21 of
994 3961 52 24 four
1065 3967 64 24 years
1145 3968 64 17 since
1220 3961 39 23 the

541 78 106 48 jcti*
671 76 116 44 Weto
813 71 205 52 grafts
1044 61 301 53 ®ayttraltftt
1369 60 295 46 gWrtJitigtott
1690 58 231 46 gpcrtatot
1930 81 9 10 ♦

115 169 168 27 SHIPPING
302 169 241 27 INTELLIGENCE.

241 207 267 36 ARRIVED.

85 259 59 27 April
158 260 35 23 24,
209 258 102 21 whooner
327 255 106 25 Industry,
453 255 34 23 24,
509 255 50 22 Bell,
578 255 53 17 from

59 287 41 20 Kai
110 287 63 20 Kor*.

85 313 59 26 Agril
153 313 34 21 26.
197 312 100 20 schooner
308 309 39 21 Sir
354 309 55 21 John
420 308 105 25 Franklin,
538 307 25 20 52
574 309 56 19 tons,

60 339 112 27 Campbell,
183 339 52 21 from
247 337 130 20 Launcetton
385 337 34 20 via
430 335 86 21 Nelson.

84 367 60 24 April
153 367 34 23 27,
198 365 101 21 schooner
311 365 72 24 Octan,
388 363 49 25 v30;v30;
446 360 184 28 Ftorguion,rfrom

60 394 71 20 Otaki.
356 387 74 29 *;')*"
434 391 25 12 1-
543 401 4 7 '
590 383 26 34 .?.
632 388 2 6 '

84 421 51 25 May
146 421 19 23 1,
176 420 101 20 schooner
286 418 76 25 FideU,
370 419 15 21 7
390 415 170 26 Jtom,Cemeuo,
576 414 63 24 <wpa.

59 448 90 20 Akoroa.

84 475 61 19 Same
154 475 47 25 day,
217 473 117 26 brigantine
350 473 77 22 Scotia,
444 470 35 24 69,
489 468 71 24 Ward,
577 467 53 20 from

59 502 34 19 the
103 501 76 26 Otago.

84 528 50 26 May
144 530 20 23 5,
174 530 67 18 cutter
249 528 105 23 Finnetta,
366 527 32 22 12,
414 524 96 22 Watson,
521 521 53 21 from
592 520 37 21 the

60 558 66 22 coast.
144 574 3 3 .
163 572 9 5 „

86 583 58 20 Same
160 581 47 27 day,
224 581 44 26 brig
283 580 94 25 NimroS,
394 579 38 20 175
449 579 56 21 tons,
522 576 53 20 from
594 575 37 20 the

59 610 43 21 Bar
111 609 24 20 of
147 608 88 25 Islands.

294 656 114 20 SAILED.

86 690 59 28 Agril
153 687 43 28 25,'
204 691 134 25 government
349 688 45 26 brig
411 685 150 24 Victoria,2oo
571 686 60 23 tons,

62 717 105 23 Richards,
176 718 33 20 for
216 716 118 22 'Auckland.

87 746 60 20 Same
155 744 48 27 day,
213 744 45 26 brig
267 743 94 26 Gatypso,
375 742 38 21 105
424 744 55 21 tons,
493 740 51 21 Han
548 739 42 25 old,
601 739 33 21 for

62 774 87 26 Sydney.
209 767 4 8 '
520 767 3 7 '
555 768 4 16 •'

88 801 60 20 Same
173 799 47 26 day,
238 798 102 21 schooner
363 797 69 24 Eliza,
448 795 35 24 27,
509 793 123 24 M'Donald,

62 828 31 20 for
104 828 89 19 Akaroa.

88 854 59 26 April
162 854 35 23 26,
207 853 102 20 schooner
327 852 65 19 Three
408 850 107 23 Brothers,
533 849 26 20 32
576 849 57 21 toni,

62 881 97 23 Jackson,
169 880 34 20 for
211 880 36 19 the
256 882 65 17 coast.

87 908 60 26 April
155 908 34 22 29,
200 906 101 21 schooner
314 904 71 24 Mana,
396 904 27 21 27
441 906 55 21 tons,
505 902 79 23 Tulett,
601 900 33 20 foi

62 936 34 19 the
109 937 65 18 coast.

89 962 49 26 May
149 962 18 23 1,
178 961 102 20 schooner
289 959 104 25 Industry,
404 958 26 20 24
446 960 55 21 tons,
511 956 73 26 Joyce,
602 955 32 19 for

62 989 124 25 Wairarapa.
209 992 4 4 '

89 1017 60 19 Same
162 1016 47 25 day,
225 1016 68 19 cutter
308 1014 80 25 Leven,,
397 1013 27 20 24
440 1014 56 22 tons,
507 1010 80 26 Swany,
602 1009 33 20 for

62 1043 80 25 Cloudy
153 1043 49 26 Bay.

89 1071 51 25 May
150 1071 19 21 2,
180 1069 102 20 schooner
294 1068 76 20 Nelson
381 1066 84 25 Packet,
477 1066 26 19 20
514 1067 55 22 tons,
580 1063 55 26 Pop-

62 1097 85 28 plewell,
157 1096 35 20 for
201 1097 36 19 the
246 1097 66 18 coast.

89 1125 59 19 Same
156 1123 47 26 day,
214 1125 68 18 cutter
303 1121 107 21 Catherine
418 1120 107 23 Johnston,
543 1119 24 19 11
578 1120 57 21 tons,

62 1153 81 24 Taylor,
154 1151 33 19 for
197 1150 87 20 Nelson.

89 1178 87 25 May,-4,
187 1178 102 20 schooner
300 1176 83 24 Siitert,
395 1176 93 20 15tonB,
499 1172 96 24 Sinclair,
602 1172 35 19 for

62 1207 76 26 Pigeon
150 1205 57 25 Bay.'
317 1225 2 6 ,
505 1221 3 3 .

284 1252 31 20 IN
331 1251 84 22 PORT.

89 1286 106 22 Schooner
206 1285 108 21 Susannah
324 1285 55 24 Ann,
390 1285 35 23 79,
439 1285 82 18 Brown.
550 1285 86 22 Agents,

64 1314 81 22 Samuel
153 1315 42 19 and
204 1313 88 25 Joseph.

89 1343 106 19 Schooner
204 1341 82 24 Emma,
297 1339 25 20 14
333 1341 54 22 tons,
399 1337 135 21 Greenwood.
561 1336 77 26 Agent,

64 1369 77 20 Master

91 1395 118 26 Brigantine
220 1393 116 27 Vanguard,
345 1394 24 20 61
380 1395 57 22 tons,
446 1391 89 21 Pelford.
550 1390 88 26 Agents,

64 1423 64 20 Waitt
137 1422 41 20 and
187 1422 72 26 Tyser.

89 1449 122 26 Brigantine
221 1449 108 22 Governor,
338 1448 45 23 147,
391 1446 138 21 Williamson.
551 1445 86 25 Agents,

64 1477 97 20 Boulcott
171 1477 41 19 and
222 1475 38 21 Co.

89 1504 82 26 Barque
182 1504 95 23 Theresa,
293 1502 38 20 600
344 1504 55 21 tons,
413 1500 80 21 Bacon.
521 1499 118 26 Ridgway'i

64 1532 40 20 and
114 1531 46 24 Co.,
173 1531 85 26 Agents.

91 1559 105 20 Schooner
214 1558 36 19 Sir
262 1557 55 20 John
327 1557 108 22 Franklin,
453 1557 26 19 52
489 1558 56 21 tons,
562 1554 77 27 Camp-

64 1586 48 20 bell.
141 1585 57 20 Hort
207 1584 41 21 and
258 1584 47 23 Co.,
316 1584 86 26 Agents.

91 1613 105 21 Schooner
207 1613 74 23 Ocean,
291 1612 26 20 30
326 1611 57 26 tons,'
399 1611 113 26 Ferguson.
540 1609 66 21 Waitt
621 1611 19 18 &

64 1641 70 26 Tyser,
145 1640 86 25 Agents.

87 1703 45 21 .We
150 1709 37 15 are
206 1701 116 28 requested
342 1705 22 17 to
378 1704 56 18 state
447 1699 49 22 that
507 1699 37 21 the
555 1698 86 22 Second

66 1729 90 22 Annual
174 1732 98 23 meeting
289 1728 35 22 for
342 1728 36 21 the
407 1726 94 22 election
529 1725 25 22 of
578 1724 63 22 office

66 1757 87 21 bearers
168 1755 25 22 of
213 1755 43 23 the,
265 1754 137 22 Mechanics'
418 1753 103 23 Institute
538 1751 43 23 will
591 1751 50 22 take

64 1783 62 26 place
141 1783 21 21 in
180 1782 37 22 the
233 1781 130 27 Exchange,
380 1788 28 14 on
424 1779 104 28 Tuesday
545 1778 96 27 evening

65 1812 61 19 next,
136 1812 23 18 at
169 1815 66 15 seven
245 1807 92 23 o'clock.

657 164 85 23 natives
750 161 44 28 the}
798 164 98 19 amount
900 158 26 23 of
931 156 170 31 compensation
1110 155 51 29 they
1171 161 57 16 were

649 193 32 26 'to
691 186 101 35 haveffoir
801 192 40 24 the
850 195 53 28 spot
913 189 37 25 the
963 189 136 31 Company's

850 222 37 25 His
907 222 72 24 desire
997 226 23 19 to
1038 227 93 25 procure
1148 227 26 15 as
1191 219 38 24 the

658 260 51 23 field
719 259 25 23 of
759 259 34 22 his
806 257 134 31 operations,
961 254 38 24 the
1018 252 106 26 Deborah
1143 252 86 24 started

657 293 33 23 for
698 292 38 23 the
747 290 74 24 south.
839 290 66 24 After
914 287 94 30 looking
1016 288 24 21 in
1049 289 22 20 at
1079 285 55 24 Port
1140 284 89 32 Cooper

659 325 36 23 the
707 323 73 25 vessel
790 321 122 33 proceeded
924 325 21 19 to
956 320 83 30 Otago.
1074 318 50 23 The
1134 325 95 23 passage

658 364 38 17 we-
701 355 135 26 understand
847 363 45 16 was
903 360 54 23 very
968 351 149 31 disagreeable
1137 355 22 18 to
1179 350 49 24 Mr.

658 389 128 32 Symonds,-
801 388 48 24 who
872 393 94 24 appears
987 389 40 19 not
1048 389 23 18 to
1099 383 55 24 have
1173 382 56 25 been

651 422 92 24 'treated
755 428 55 17 even
822 420 53 23 with
886 419 79 23 decent
981 417 91 30 civility.
1116 415 75 32 Being
1203 423 26 16 on

658 455 66 23 shore
743 458 24 19 at
785 453 84 30 Otago,
891 451 45 23 this
957 450 128 31 gentleman
1105 448 68 24 found
1193 448 37 23 the

658 494 125 23 surveyors,
803 485 47 24 Mr.
870 483 101 25 Tuckett
987 483 44 23 had
1049 481 53 24 with
1123 481 55 29 him,
1194 489 36 15 ar-

658 521 96 29 ranging
774 523 22 19 to
819 517 67 25 make
905 524 13 15 a
940 515 80 24 formal
1046 521 82 24 survey
1145 513 25 24 of
1194 514 37 23 the

659 557 93 25 country
774 552 22 22 in
816 551 37 23 the
874 548 182 32 neighbourhood
1076 547 25 24 of
1115 547 37 23 the
1171 551 59 28 port.

660 585 57 24 This
734 584 68 30 being
820 583 38 24 the
878 590 50 16 case
948 581 63 24 these
1029 580 127 32 gentlemen
1175 587 57 16 were

659 617 116 32 requested
785 622 22 18 to
817 616 71 24 desist
897 615 58 24 from
966 614 58 23 their
1036 613 62 24 work
1109 612 58 24 until
1183 612 48 24 Mr.

660 650 112 32 Symonds
806 649 44 24 had
888 646 177 25 commnnicated
1102 645 54 24 with
1184 645 47 24 Mr.

660 683 106 25 Tuckett.
824 681 51 24 The
886 682 59 22 issue
958 680 25 23 of
998 680 38 23 the
1048 678 185 25 communication

659 723 46 18 was
722 716 49 23 that
787 715 48 24 Mr.
855 713 100 25 Tuckett
973 711 136 25 determined
1117 711 57 23 -that
1196 711 38 23 the

660 757 80 23 survey
751 748 29 24 he
790 748 44 24 had
847 746 93 25 ordered
951 746 81 23 should
1049 745 29 24 be
1096 744 72 28 made,
1190 744 44 23 and

660 789 24 17 as
696 782 44 23 this
752 788 45 17 was
808 780 78 31 totally
904 784 23 19 at
947 779 102 24 variance
1067 777 53 24 with
1138 776 40 24 the
1197 777 37 23 in-

660 815 120 24 structions
792 814 47 23 Mr.
862 811 114 34 Symonds
994 812 44 23 had
1057 811 57 23 from
1136 809 98 32 Captain

661 848 99 30 Fitzroy,
773 847 49 22 that
835 846 136 31 gentleman,
992 852 24 16 as
1039 844 23 23 in
1080 843 55 30 doty
1147 842 87 29 bound,

660 880 104 23 returned
776 883 23 19 to
810 878 57 24 Port
879 877 132 24 Nicholson.
1025 882 4 4 '

695 913 57 23 Now
764 911 49 24 Mr.
825 910 99 24 Tuckett
941 911 21 21 is
975 917 24 15 or
1015 910 21 22 is
1047 913 40 19 not
1097 916 13 16 a
1121 916 114 23 surveyor,

661 945 44 24 and
727 945 20 23 if
762 944 29 23 he
802 944 35 28 be,
859 951 29 16 no
900 942 80 24 formal
997 949 82 23 survey
1088 949 45 16 was
1150 941 86 24 needed

662 984 22 18 to
695 976 78 26 enable
783 977 47 23 him
842 981 23 19 to
873 976 76 24 decide
957 983 61 24 upon
1030 975 39 23 the
1079 978 77 20 extent
1164 974 26 23 of
1198 974 38 24 the

661 1010 53 25 land
733 1010 67 24 about
811 1010 37 23 the
865 1009 107 24 harbour.
1006 1008 24 24 A
1041 1007 105 32 practical
1157 1007 79 24 know-

662 1045 64 30 ledge
738 1044 24 22 of
771 1043 121 31 surveying
900 1042 74 23 would
984 1042 57 22 have
1051 1040 92 24 enabled
1155 1039 47 24 him
1215 1045 22 18 to

663 1077 74 24 obtain
750 1076 36 23 the
797 1076 143 23 information
950 1074 92 30 needed,
1055 1073 92 24 without
1157 1073 81 31 adopt-

662 1111 40 30 ing
712 1118 14 15 a
737 1117 78 16 course
826 1109 147 23 inconsistent
983 1107 54 24 with
1046 1106 66 31 Capt.
1125 1106 112 31 Fitzroy's

664 1143 144 23 instructions
816 1151 7 19 ;
844 1141 44 24 and
897 1141 19 23 if
933 1141 28 23 he
973 1141 28 23 be
1012 1144 39 19 not
1062 1148 14 15 a
1086 1146 115 23 surveyor,
1213 1147 25 15 as

664 1184 31 16 we
713 1176 55 23 have
788 1175 83 30 always
885 1173 69 24 heard
971 1173 101 23 declared
1084 1178 23 17 at
1118 1172 86 24 Nelson
1216 1177 22 18 to

663 1209 27 24 be
703 1209 37 24 the
749 1209 54 28 fact,
815 1207 51 31 why
875 1207 56 23 then
947 1207 31 23 ha
989 1214 45 16 was
1045 1206 58 24 unfit
1121 1210 21 19 to
1159 1206 29 24 be
1199 1210 41 27 put

665 1242 21 23 in
699 1242 81 31 charge
791 1240 26 24 of
825 1240 56 24 such
893 1248 28 16 an
933 1239 135 32 expedition.

699 1275 42 24 We
766 1274 57 23 have
844 1273 90 31 already
955 1272 97 24 suffered
1074 1271 84 32 greatly
1182 1272 58 24 from

661 1307 140 32 -Company's
813 1311 101 19 servants
933 1306 128 31 arrogating
1071 1310 23 19 to
1106 1305 134 24 themselves

667 1350 12 15 a
695 1341 97 31 position
810 1341 100 30 superior
929 1344 23 18 to
972 1338 153 24 Government
1143 1339 96 27 officers,

666 1379 43 19 and
727 1375 25 23 in
771 1374 36 22 the
827 1381 65 16 name
903 1372 25 23 of
945 1372 38 23 the
995 1372 96 27 settlers,
1103 1379 32 15 we
1154 1376 86 26 protest

667 1407 87 31 against
762 1414 13 15 a
787 1414 78 15 course
877 1405 70 23 which
959 1405 21 23 if
990 1404 131 31 persevered
1132 1404 31 27 in,
1175 1404 66 22 with-

667 1445 38 18 out
717 1440 158 31 experiencing
881 1446 40 15 our
933 1438 131 32 opposition,
1077 1442 80 18 cannot
1168 1437 40 24 fail
1219 1442 22 19 to

665 1477 111 19 re-create
787 1472 24 23 in
823 1471 37 24 the
871 1473 74 23 breast
957 1471 25 23 of
992 1470 37 24 the
1039 1470 153 24 Government
1205 1470 36 23 the

666 1505 42 24 bad
721 1505 82 30 feeling
814 1504 71 24 which
903 1503 83 33 proved
1004 1511 25 16 so
1048 1503 98 24 inimical
1164 1508 23 19 to
1204 1503 39 24 the

667 1539 49 23 best
728 1539 104 22 interests
841 1537 26 24 of
875 1537 37 23 the
923 1537 90 23 settlers
1023 1537 23 23 in
1055 1536 83 24 Cook's
1150 1536 91 24 Straits.

668 1571 36 24 No
716 1579 50 16 man
777 1571 24 22 in
819 1570 37 24 the
870 1570 136 32 Company's
1017 1571 84 24 service
1118 1569 40 24 has
1171 1575 35 18 set
1218 1577 25 16 so

668 1604 42 24 bad
727 1612 27 16 an
775 1603 102 32 example
896 1604 25 22 in
938 1602 46 24 this
1002 1607 88 27 respect
1109 1610 24 16 as
1150 1602 94 24 Colonel

667 1637 134 24 Wakefield.
838 1637 46 23 His
895 1636 97 23 conduct
1011 1640 23 19 to
1055 1636 45 23 Mr.
1114 1636 72 31 Spain
1203 1635 41 24 has

667 1671 59 23 been,
731 1671 24 23 of
765 1670 37 24 the
810 1674 60 19 most
877 1668 152 32 unjustifiable
1041 1668 62 30 kind,
1114 1668 42 24 and
1168 1669 21 23 if
1197 1669 49 23 that

667 1703 148 31 gentleman's
826 1703 58 30 good
894 1707 79 18 nature
991 1702 40 23 has
1042 1706 40 19 not
1092 1704 120 29 prevented
1224 1703 19 22 it

668 1738 68 29 being
747 1736 53 30 duly
812 1736 142 31 represented
966 1739 22 19 to
1001 1736 36 22 the
1049 1734 103 24 Colonial
1163 1734 81 29 Office,

668 1771 17 22 it
702 1778 51 22 may
763 1770 27 23 be
810 1769 38 24 the
860 1769 161 28 Government,
1034 1768 130 30 conceiving
1185 1768 61 23 itself

667 1803 83 28 bound;
761 1811 26 15 as
797 1804 19 21 it
827 1803 31 24 in.
862 1802 54 31 duty
927 1802 28 28 is,
968 1806 22 19 to
1002 1806 86 27 protect
1099 1801 36 24 the
1146 1801 100 30 position

668 1837 25 23 of
702 1837 29 22 its
747 1837 94 26 officers,
854 1835 46 24 will
917 1834 66 24 make
1000 1837 17 21 it
1035 1841 116 24 necessary
1163 1833 35 24 for
1210 1833 36 25 the

669 1869 114 32 Company
788 1873 26 19 to
825 1868 88 24 dismiss
924 1868 92 24 Colonel
1026 1866 132 28 Wakefield,
1168 1875 25 16 as
1206 1867 37 23 the

668 1903 52 30 only
731 1902 105 32 probable
849 1909 75 16 means
936 1901 25 23 of
969 1901 68 30 being
1048 1899 91 25 enabled
1151 1904 23 19 to
1186 1899 59 33 keep

668 1943 28 15 on
708 1936 57 29 good
785 1939 70 19 terms
867 1934 52 24 with
936 1934 39 23 the
992 1934 75 23 Home
1085 1931 41 26 arid
1140 1933 106 24 Colonial

660 1964 2 25 |
670 1968 177 21 Governments.
1102 1964 12 21 '&

59 1927 92 26 New
182 1927 214 26 Zealand
427 1927 214 26 Gazette

59 1953 70 31 AND
152 1953 233 31 WELLINGTON
408 1953 233 31 SPECTATOR.

176 1985 162 22 Wednesday,
354 1984 55 21 May
424 1985 20 23 8,
462 1984 59 20 1844.

670 2019 70 24 THE
775 2018 78 24 NEW
881 2017 161 25 ZEALAND
1079 2016 167 25 COMPANY

703 2050 71 25 AND
799 2051 71 24 THE
897 2049 175 25 SETTLERS
1089 2049 44 24 OF
1155 2049 93 25 PORT

704 2084 210 23 NICHOLSON.

1860 146 23 19 to
1895 141 30 23 sit
1935 140 45 31 idly
1992 139 37 31 by,
2049 137 103 25 heedless
2165 137 33 24 -of
2208 137 38 23 the
2264 137 109 24 obstacles
2387 139 47 24 that

1861 168 57 36 Wej?e
1923 173 117 31 gathering
2047 170 86 24 aroond
2140 164 45 30 hini
2187 181 32 6 —
2219 169 112 31 watching
2337 171 57 23 with;
2398 173 35 22 in-

1860 206 118 24 difference
1997 205 37 24 the
2045 203 81 24 baffled
2138 203 68 30 hopes
2217 202 52 24 and*
2272 203 88 24 wanted
2370 212 62 15 ener-

1860 240 49 29 gies
1919 238 25 24 of
1951 238 38 23 the
1998 236 97 29 settlers,
2108 235 43 24 and
2162 235 63 24 when
2235 240 23 19 at
2269 235 77 31 length
2355 238 81 24 roused

1860 272 58 23 from
1935 271 36 23 his
1986 270 104 31 lethargy
2109 269 30 30 by
2149 267 38 24 the
2198 267 93 24 Wairau
2309 269 125 31 Massacre,

1860 304 133 30 awakening
2012 303 53 31 only
2075 307 23 18 to
2116 301 47 24 find
2183 301 49 23 that
2252 301 36 23 the
2307 301 129 26 favourable

1851 340 109 27 foment
1964 335 46 25 had
2020 336 56 25 been
2083 334 139 31 jrretrivably
2229 334 63 23 lost..
2316 334 47 24 For
2374 335 61 25 how-

1861 369 52 31 ever
1923 372 64 28 great
1996 375 52 23 may
2058 368 29 23 be
2099 364 160 27 theJnfluence
2269 367 25 22 of
2304 367 47 24 Mr.
2365 369 70 30 Spain

1861 396 54 30 with
1935 401 45 23 the'
1994 402 92 27 natives,
2098 400 56 24 and.
2161 400 111 23 whatever
2289 401 90 30 maybe
2398 402 38 24 the

1862 434 100 24 ultimate
1971 433 70 23 result
2052 433 24 22 of
2085 433 35 22 his
2132 433 113 23 exertions
2262 433 24 22 in
2298 440 41 17 our
2354 434 82 30 behalf,

1861 475 56 15 even
1928 466 80 23 should
2018 466 28 22 he
2064 465 92 23 succeed
2168 467 23 21 in
2203 466 129 31 eventually
2344 475 91 23 procur-

1860 501 40 30 ing
1919 499 128 31 possession
2065 498 25 23 of
2106 497 37 23 the
2154 498 71 23 whole
2236 498 26 23 of
2282 499 37 23 the
2341 500 95 24 selected

1862 533 64 23 lands
1933 541 6 19 ;
1952 532 45 23 this
2008 538 90 17 success
2109 530 42 23 will
2159 531 73 22 arrive
2244 535 35 19 too
2292 531 45 24 late
2344 537 22 19 to
2375 539 62 18 avert

1920 565 50 23 ruin
1982 565 24 22 of
2022 571 67 23 many
2100 563 96 29 settlers,
2210 571 25 15 or
2255 568 22 19 to
2295 565 99 31 improve
2414 568 22 22 in

1863 607 43 22 any
1914 598 91 24 marked
2014 597 79 30 degree
2106 603 40 16 our
2153 600 92 26 present
2255 598 106 30 position.
2384 599 53 24 Few

1863 639 92 24 persons
1966 630 56 24 have
2039 630 55 23 been
2107 636 59 16 more
2178 629 106 24 favoured
2300 630 30 31 by
2343 632 95 24 circum-

1859 669 91 19 stances
1962 663 53 24 than
2027 662 94 25 Colonel
2133 661 133 30 Wakefield,
2278 663 41 23 but
2335 664 18 24 it
2370 666 20 22 is
2402 670 36 19 too

1864 697 66 24 much
1942 697 38 23 for-
1987 704 44 23 any
2041 692 73 26 one'to
2126 699 79 26 expect
2215 695 50 23 that
2276 695 37 24 the
2325 697 81 32 apathy
2416 699 25 23 of

1864 731 49 23 four
1925 737 63 23 years
2000 736 41 17 can
2052 729 27 22 be
2086 728 131 31 adequately
2227 729 81 23 atoned
2319 730 34 24 for
2365 732 28 30 by
2403 731 36 24 ths

1855 781 4 3 ■
1864 763 64 31 tardy
1939 763 43 23 and
1994 762 111 24 reluctant
2114 761 78 23 labour
2205 761 24 23 of
2238 769 15 15 a
2262 762 42 23 few
2306 760 4 10 1
2314 764 84 24 weeks.

1855 796 18 13 '-*
1897 796 52 23 One
1959 795 131 24 misfortune
2102 795 41 23 has
2153 794 57 24 been
2223 795 48 23 tbat
2282 803 41 16 our
2335 797 105 24 relations

1865 829 53 24 with
1937 828 36 24 the
1985 828 55 24 New
2058 827 99 24 Zealand
2170 828 116 31 Company
2299 836 58 17 were
2373 838 68 16 never

1865 861 127 31 accurately
2001 861 96 24 denned.
2133 860 80 24 Under
2220 861 39 23 the
2269 862 172 25 circumstances

1865 894 115 31 a'tending
1992 894 37 23 the
2046 894 117 23 formation
2177 894 22 23 of
2219 894 47 23 this
2285 896 128 24 settlement
2424 897 19 22 it

1865 935 46 15 was
1923 927 40 23 felt
1973 927 49 22 that
2033 927 17 22 it
2058 926 73 23 would
2140 926 26 23 be
2177 934 149 22 ungenerous,
2335 929 48 27 and.
2387 937 56 16 even

1867 960 73 23 unfair
1951 964 22 19 to
1985 960 87 30 require
2085 959 57 23 from
2153 959 37 23 the
2201 960 119 23 Directors
2329 969 44 24 any
2384 962 59 31 legal

1866 997 121 27 guarantee
2007 993 34 22 for
2059 992 38 23 the
2118 992 153 31 performance
2283 993 25 24 of
2325 995 64 24 those
2400 996 43 23 im-

1867 1026 61 31 plied
1938 1024 131 30 conditions,
2081 1024 71 24 which
2165 1026 99 23 resulted
2272 1026 60 24 from
2343 1028 37 23 the
2392 1036 53 23 very

1869 1064 77 18 nature
1956 1058 24 24 of
1990 1066 39 16 our
2037 1063 99 19 contract
2145 1058 53 24 with
2209 1059 67 24 them.
2297 1060 49 23 Nor
2355 1061 64 24 could
2427 1063 18 22 it

1870 1093 55 23 have
1936 1092 56 23 been
1999 1092 112 30 imagined
2122 1091 48 24 that
2179 1092 55 23 such
2243 1099 134 23 guarantees
2389 1102 56 16 were

1870 1125 90 24 needed.
1997 1125 41 23 We
2049 1132 56 16 were
2116 1125 68 23 about
2194 1130 23 18 to
2227 1125 94 25 embark
2330 1127 24 24 in
2362 1135 29 16 an
2402 1136 43 15 un-

1870 1158 125 30 dertaking,
2003 1158 125 23 hazardous
2140 1158 21 23 in
2173 1158 30 23 its
2215 1163 85 25 nature,
2311 1160 44 24 and
2367 1168 78 16 uncer-

1871 1192 45 23 tain
1924 1192 22 22 in
1957 1191 28 23 its
1991 1191 88 28 results,
2090 1190 43 24 and
2141 1191 71 23 which
2221 1192 73 30 might
2302 1193 57 24 have
2364 1195 84 30 proved

1871 1225 90 23 ruinous
1973 1228 23 19 to
2008 1224 30 23 all
2050 1224 122 23 concerned
2183 1228 23 19 to
2217 1224 38 23 the
2267 1231 77 18 extent
2356 1227 24 23 of
2390 1227 57 24 their

1871 1259 141 22 investment.
2047 1257 43 23 We
2104 1257 63 23 could
2187 1262 39 18 not
2238 1257 109 25 therefore
2360 1260 42 23 ask
2413 1261 34 22 fcr

1871 1290 116 23 securities
1998 1290 71 23 wHch
2082 1290 72 30 might
2165 1290 56 23 have
2231 1291 87 24 thrown
2330 1293 37 23 the
2377 1293 69 24 whole

1872 1324 96 23 burthen
1979 1323 24 23 of
2020 1323 80 24 failure
2111 1330 60 24 upon
2191 1323 38 23 the
2241 1324 118 33 Company
2367 1335 6 20 ;
2395 1327 51 29 and,

1872 1357 53 23 with
1945 1356 133 24 individuals
2097 1357 26 22 of
2140 1356 37 23 the
2197 1356 56 32 high
2272 1358 115 25 character
2405 1360 41 23 and

1872 1391 90 26 station,
1975 1390 43 23 and
2029 1397 119 16 enormous
2158 1390 79 23 wealth
2250 1391 24 23 of
2293 1399 68 24 many
2372 1393 25 23 of
2412 1393 36 24 the

1874 1424 124 27 Directors,
2010 1424 18 22 it
2039 1423 89 23 seemed
2148 1430 150 24 unnecessary
2310 1429 23 18 to
2344 1426 104 31 stipulate

1872 1457 34 23 for
1918 1456 55 24 such
1985 1464 29 16 an
2031 1456 164 31 appropriation
2208 1456 24 23 of
2250 1465 44 23 any
2306 1459 78 30 profits
2401 1459 47 24 that

1874 1490 71 32 might
1966 1490 28 23 be
2018 1489 95 24 realized
2134 1489 29 31 by
2184 1489 37 24 the
2242 1491 159 32 undertaking,
2424 1501 23 15 as

1874 1523 80 23 should
1966 1530 77 16 secure
2054 1528 22 18 to
2090 1522 113 24 ourselves
2213 1531 63 16 some
2288 1526 127 30 proportion
2427 1527 24 22 of

1875 1557 37 22 the
1923 1556 134 30 advantages
2066 1555 26 24 of
2101 1563 97 16 success.
2234 1557 25 23 It
2269 1564 45 16 was
2326 1565 14 16 a
2349 1562 100 20 transac-

1877 1590 45 23 tion
1933 1590 90 22 entered
2039 1590 47 22 into
2098 1589 30 30 by
2139 1588 53 24 both
2209 1590 83 31 parties
2310 1591 25 23 in
2345 1599 14 16 a
2369 1591 81 32 feeling

1876 1623 24 23 of
1909 1621 127 25 confidence
2047 1621 50 24 that
2108 1621 54 24 each
2173 1623 74 23 would
2258 1623 139 33 honourably
2408 1626 42 23 and

1876 1656 65 31 fairly
1963 1656 96 29 perform
2083 1656 57 22 their
2164 1655 91 25 allotted
2274 1656 82 25 duties.
2402 1658 48 24 The

1878 1690 116 30 Company
2010 1689 78 23 risked
2107 1689 29 22 its
2165 1689 82 32 capital
2265 1698 60 23 upon
2342 1691 36 24 the
2396 1691 53 24 faith

1878 1723 48 23 that
1937 1729 31 16 we
1980 1722 71 23 would
2072 1727 63 18 exeit
2147 1723 114 23 ourselves
2280 1728 21 18 to
2321 1725 106 23 establish
2438 1734 13 15 a

1878 1755 127 24 settlement
2015 1755 71 23 which
2099 1755 71 31 might
2187 1757 27 22 be
2227 1755 37 24 the
2284 1757 60 24 basis
2356 1758 25 23 of
2397 1759 55 23 their

1878 1790 73 22 future
1964 1789 125 31 operations
2100 1797 7 20 ;
2121 1796 30 16 we
2164 1789 122 24 embarked
2298 1798 41 16 our
2353 1791 98 24 fortunes

1878 1823 22 22 in
1914 1822 37 23 the
1963 1822 169 23 establishment
2144 1823 24 23 of
2177 1823 45 22 this
2234 1823 135 29 settlement,
2382 1825 22 22 in
2416 1825 35 23 tha

1879 1855 55 23 faith
1945 1855 49 23 that
2003 1863 30 15 we
2045 1855 81 23 should
2135 1855 26 23 be
2170 1856 122 31 supported
2302 1857 30 30 by
2340 1858 37 22 the
2386 1858 65 24 Com-

1879 1896 66 24 pany,
1959 1889 42 23 and
2014 1889 48 23 that
2081 1888 59 24 their
2157 1890 138 30 subsequent
2306 1892 145 23 transactions

1880 1922 79 23 should
1977 1922 27 23 be
2017 1922 122 23 conducted
2151 1922 53 24 with
2224 1931 14 15 a
2249 1924 54 22 view
2324 1928 22 19 to
2358 1932 40 16 our
2414 1925 38 22 ad-

1879 1959 94 26 vantage
1994 1963 24 15 as
2030 1955 50 22 well
2097 1962 25 14 as
2142 1960 21 17 to
2181 1955 59 23 their
2258 1964 57 15 own.
2351 1957 61 24 That
2422 1965 30 16 we

1879 1987 57 23 have
1947 1987 74 31 amply
2033 1986 95 24 fulfilled
2139 1995 40 14 our
2191 1988 88 28 portion
2290 1987 25 23 of
2325 1988 38 23 the
2374 1990 79 22 under-

1881 2019 85 32 taking,
1979 2019 38 24 the
2029 2020 96 31 position
2136 2020 20 22 of
2169 2019 44 23 this
2226 2020 127 24 settlement
2365 2022 43 23 and
2418 2022 35 23 the

1881 2052 144 32 proceedings
2033 2052 24 23 of
2064 2053 37 22 the
2107 2052 116 32 Qompany
2229 2053 137 32 abundantly
2373 2056 80 30 testify.

1881 2087 47 23 But
1938 2086 56 24 from
2012 2087 38 22 the
2062 2091 97 18 moment
2176 2087 25 22 in
2213 2086 73 24 which
2303 2087 18 23 it
2335 2096 43 15 was
2389 2089 64 23 found

1880 2121 24 22 in
1914 2119 107 31 England
2032 2120 49 23 that
2098 2119 61 23 there
2171 2127 46 16 was
2229 2128 14 15 a
2253 2120 109 32 difficulty
2372 2122 25 23 in
2405 2130 49 23 pro-

1881 2153 80 30 curing
1971 2153 134 31 purchasers
2118 2157 21 19 to
2157 2153 52 23 land
2222 2153 93 24 without
2329 2155 37 23 the
2378 2156 44 23 bait
2433 2157 22 22 of

1881 2194 13 15 a
1912 2191 59 18 town
1990 2194 58 20 acre,
2067 2186 38 23 the
2125 2186 116 32 Company
2252 2187 40 23 has
2310 2193 40 18 not
2368 2188 54 24 done
2441 2199 12 13 a

1882 2219 72 32 single
1966 2225 35 18 act
2019 2219 83 32 having
2113 2220 33 22 for
2157 2220 30 23 its
2198 2221 75 30 object
2288 2221 38 23 the
2343 2222 80 24 benefit
2434 2224 21 23 of

1883 2253 44 23 this
1938 2253 134 24 settlement.
2109 2253 32 24 So
2149 2253 35 24 far
2195 2254 24 23 in
2231 2254 45 23 fact
2286 2263 39 15 are
2338 2256 35 22 the
2385 2256 69 23 work-

1882 2288 40 30 ing
1933 2286 116 24 Directors
2060 2286 25 23 of
2095 2286 37 24 the
2144 2286 118 33 Company
2271 2287 60 25 from
2340 2289 115 32 regarding

1883 2327 41 16 our
1935 2321 104 22 interests
2052 2320 55 28 that,
2118 2327 31 16 we
2167 2320 57 24 have
2237 2322 37 23 the
2286 2322 51 23 best
2348 2324 106 29 authority

1882 2354 35 23 for
1941 2353 91 31 stating,
2053 2353 53 31 they
2128 2352 57 26 have
2205 2353 120 26 dissuaded
2343 2356 112 32 intending

1883 2388 122 30 emigrants
2017 2388 55 22 from
2085 2388 135 30 proceeding
2231 2393 24 19 to
2267 2388 142 32 Wellington,
2421 2397 32 16 re-

1884 2420 155 31 commending
2058 2421 63 23 them
2141 2421 76 23 rather
2235 2425 23 20 to
2278 2422 65 24 settle
2354 2424 23 22 in
2397 2423 58 23 those

1883 2453 75 31 places
1963 2453 72 24 where
2041 2453 37 24 the
2086 2453 115 31 Company
2207 2455 48 24 still
2260 2455 110 24 haveland
2376 2456 32 24 for
2413 2456 42 24 sal*

1918 2486 41 24 We
1973 2486 45 24 will
2037 2493 46 23 not,
2104 2487 108 30 however,
2229 2489 86 23 believe
2334 2490 47 23 that
2398 2490 57 23 these

1885 2520 144 32 proceedings
2048 2529 38 14 are
2099 2521 37 22 the
2155 2522 72 23 result
2247 2522 24 23 of
2286 2530 45 23 any
2342 2523 113 24 deliberate

1885 2553 77 31 design
1985 2559 21 17 to
2025 2554 100 23 sacrifice
2145 2554 66 24 those
2232 2555 107 25 colonists
2358 2562 21 18 to
2391 2557 65 23 whom

1886 2587 37 23 the
1940 2587 119 24 continued
2078 2588 114 23 existence
2210 2589 25 22 of
2251 2589 40 24 the'
2310 2589 113 32 Company
2438 2590 17 22 is

1885 2620 151 24 attributable.
2083 2620 44 24 We
2139 2621 76 25 rather
2224 2622 80 31 regard
2316 2622 61 25 them
2388 2631 23 15 as
2422 2623 34 23 the

1885 2653 72 24 result
1977 2654 24 23 of
2025 2655 120 30 ignorance
2165 2655 44 24 and
2227 2656 136 24 inattention
2379 2665 28 15 on
2422 2656 35 23 the

1887 2692 50 26 part
1959 2687 25 23 of
2011 2696 69 21 some,
2104 2688 43 23 and
2170 2689 25 23 of
2220 2689 115 23 mistaken
2356 2690 64 23 views
2438 2689 21 23 of

1886 2721 94 23 interest
1991 2729 29 16 on
2031 2722 37 23 the
2080 2725 51 27 part
2140 2722 24 23 of
2172 2722 78 24 others
2261 2722 25 24 of
2295 2722 38 25 the
2340 2723 115 25 Directors.

1887 2754 43 23 We
1942 2754 42 23 call
1996 2762 60 23 upon
2069 2755 69 28 them,
2151 2755 117 29 therefore,
2293 2763 49 17 novr
2354 2757 47 23 that
2412 2756 46 30 they

1887 2795 41 16 can
1942 2795 28 16 no
1980 2787 78 31 longer
2069 2788 66 31 plead
2148 2788 44 23 this
2209 2796 91 22 excuse,
2321 2794 21 19 to
2363 2789 26 24 do
2407 2789 50 24 what

1887 2825 38 26 yet
1935 2820 42 24 lies
1988 2820 24 24 in
2019 2821 59 23 their
2085 2828 73 24 power
2166 2825 23 20 to
2198 2819 90 27 redeem
2297 2822 61 24 their
2363 2823 92 32 pledges.

1888 2854 66 30 They
1963 2859 82 18 cannot
2056 2861 49 16 now
2118 2854 33 23 do.
2153 2854 30 24 all
2194 2862 33 16 we
2238 2862 57 17 were
2301 2854 38 25 led
2351 2861 20 19 to
2379 2860 78 28 expect,

1887 2887 42 23 but
1942 2887 52 30 they
2005 2895 50 23 may
2066 2887 29 23 do
2107 2888 75 24 much.
2222 2888 44 24 Let
2279 2888 62 25 them
2355 2894 103 19 construct

1888 2920 66 23 roads
1967 2920 29 31 by
2006 2928 78 15 means
2096 2921 27 23 of
2137 2921 69 24 which
2227 2929 68 24 every
2312 2924 85 22 section
2413 2922 45 30 they

1888 2954 56 23 have
1956 2954 67 31 given
2024 2954 3 6 1
2032 2961 53 24 may
2103 2954 28 23 be
2137 2954 3 7 '
2149 2955 108 23 rendered
2274 2956 159 29 accessible,—
2433 2955 25 23 let

1889 2987 60 23 them
1961 2994 82 24 survey
2053 2987 66 24 lands
2132 2987 20 24 in
2166 2988 37 24 the
2210 2989 154 32 surrounding
2370 2989 89 24 districts

1889 3020 30 31 by
1930 3028 77 16 means
2019 3020 25 24 of
2058 3020 74 24 which
2144 3026 22 18 at
2177 3020 59 26 least
2245 3030 14 16 a
2268 3023 84 32 partial,
2363 3029 95 26 compen-

1890 3054 73 23 sation
1984 3061 52 23 may
2057 3054 28 23 be
2107 3055 99 24 afforded
2228 3055 36 24 for
2281 3055 38 25 the
2328 3056 130 32 compulsory

1890 3084 175 29 abandonment,
2071 3088 28 23 of
2118 3089 99 23 sections
2335 3089 54 25 have
2410 3089 48 23 been

1890 3121 191 31 already-chosen,
2099 3121 45 23 and
2158 3126 65 24 enter;
2238 3122 47 24 into
2302 3124 156 30 arrangements

1890 3154 35 24 for
1936 3154 119 31 rendering
2066 3154 46 24 this
2131 3156 167 31 compensation
2318 3156 110 31 complete,
2429 3165 30 5 —

1890 3187 33 24 let
1934 3187 59 24 them
2004 3187 124 32 relinquish
2140 3188 37 25 the
2189 3189 56 31 ,idea
2264 3189 26 24 of
2314 3189 92 31 forming
2415 3194 42 17 new

1891 3220 139 25 settlements
2052 3222 25 22 in
2095 3219 73 27 which
2186 3230 14 16 a
2219 3227 129 28 temporary
2361 3222 62 33 profit
2441 3220 17 22 is

1891 3254 110 32 purchase
2013 3255 30 30 by
2053 3263 13 15 a
2079 3256 132 31 continuing
2223 3256 145 36 expenditure
2376 3255 83 24 without

1891 3295 44 23 any
1947 3288 58 31 hope
2017 3288 24 23 of
2055 3296 14 16 a
2079 3293 87 25 return;
2179 3289 47 24 and'
2241 3289 67 24 make
2326 3297 60 16 some
2402 3287 56 23 effort

1891 3325 25 20 to
1926 3321 70 23 direct
2008 3321 37 24 the
2052 3322 76 24 future
2135 3319 151 30 colonizations
2292 3322 24 24 of
2318 3322 50 32 .this
2376 3324 82 25 country

1891 3354 48 24 into
1946 3362 39 16 our
1991 3355 100 32 vicinity,
2098 3354 196 30 let'them.i'n.sho'rt
2302 3356 111 31 recognize
2420 3352 37 24 and

1892 3393 37 18 act
1940 3396 61 24 upon
2013 3389 37 24 the
2061 3389 111 31 principle
2184 3385 119 29 thYtttbjeir
2312 3389 70 26 duties
2392 3388 25 23 do
2426 3389 33 20 not

1892 3429 65 16 cease
1979 3422 64 24 when
2064 3422 54 31 they
2140 3423 56 23 have
2216 3424 53 22 cast'
2286 3427 40 19 out
2347 3430 12 16 a
2379 3420 52 30 body
2439 3417 21 24 of

1893 3455 122 31 emigrants
2026 3463 60 24 upon
2100 3456 37 23 the
2151 3456 80 25 shores
2249 3456 36 26 of;
2289 3456 55 24 New
2362 3451 94 28 Zealand,

1893 3488 41 24 but
1946 3489 48 24 that
2004 3489 53 31 they
2068 3496 39 16 are
2119 3488 75 24 bound
2206 3495 23 17 to
2240 3489 70 25 foster
2321 3488 42 24 and
2375 3487 32 24 aid
2426 3484 32 24 the

1893 3522 139 24 settlements
2045 3522 53 31 they
2109 3522 56 23 have
2177 3522 87 27 fornjed
2272 3531 7 21 ;
2292 3522 43 23 and
2354 3521 49 30 they
2419 3516 38 26 will

1893 3556 56 23 then
1966 3555 56 24 have
2039 3555 82 23 atoned
2130 3556 33 27 Jn
2185 3563 65 17 some
2267 3563 100 19 measure
2376 3574 2 4 ,
2386 3554 31 22 for
2427 3550 32 24 the

1892 3589 106 31 injustice
2020 3587 80 30 which,
2125 3588 171 32 unconsciously
2325 3596 31 15 we
2377 3586 80 24 believe,

1893 3622 54 31 they
1959 3622 56 23 have
2025 3621 141 25 committed.:
2179 3640 3 3 .
2206 3622 27 24 If
2248 3627 40 19 not
2299 3621 53 32 they
2361 3619 42 24 will
2412 3618 47 23 have

1893 3654 99 24 inflicted
2004 3662 14 16 a
2028 3655 82 31 deeper
2130 3655 78 31 injury
2217 3658 5 13 ;
2227 3661 61 27 upon
2308 3648 149 36 a|largerbody

1893 3688 27 23 of
1933 3688 135 23 individuals
2078 3688 64 23 -than
2162 3689 46 30 any'
2227 3689 115 30 Company
2362 3687 55 23 since
2428 3682 31 23 the

1893 3722 55 22 time
1959 3721 25 23 of
1998 3721 38 23 the
2048 3721 74 24 South
2134 3721 45 24 Sea
2198 3720 89 30 bubble,
2308 3720 44 24 and
2367 3726 38 16 our
2415 3714 44 28 only

1893 3754 58 31 hope
1972 3755 46 23 will
2039 3754 28 24 be
2085 3755 49 23 that
2156 3755 38 24 the
2219 3755 161 23 Government,
2391 3746 68 29 should

1893 3787 54 24 take
1958 3787 43 23 the.
2008 3787 146 24 colonization
2166 3789 26 23 of
2206 3788 58 24 New
2275 3785 98 25 Zealand
2391 3787 34 21 out
2441 3778 20 25 of

1893 3820 58 24 their
1962 3820 79 31 hands,
2043 3834 34 4 —
2078 3822 80 24 should
2169 3828 91 17 resume
2279 3820 58 24 their
2356 3817 59 26 lands
2431 3813 29 24 for

1894 3855 38 22 the
1942 3854 84 24 benefit
2034 3855 26 24 of
2074 3855 39 24 the
2125 3855 85 31 public,'
2222 3853 43 25 and
2277 3848 91 36 should/
2373 3857 49 26 pass
2437 3852 23 18 an

1893 3893 37 18 act
1942 3888 24 22 of
1981 3888 134 31 parliament
2131 3887 135 32 compelling
2286 3886 63 24 them
2364 3889 22 20 to
2405 3888 31 19 nw
2438 3879 23 23 ke

1893 3923 168 29 compensation
2072 3926 24 19 to
2109 3919 42 26 thY
2156 3919 93 35 parties,
2251 3919 76 25 whom
2345 3918 51 31 they
2413 3914 47 24 haw

1893 3954 98 29 injured.

194 2033 77 22 NEW
296 2031 218 24 EDINBURGH.

100 2073 28 24 In
140 2072 92 24 another
243 2075 51 27 part
306 2071 24 23 of
345 2079 40 16 our
396 2073 72 28 paper'
476 2075 16 18 a'
508 2070 134 31 description

65 2107 25 23 of
107 2106 55 23 Port
174 2105 82 31 Otagd,
270 2105 37 22 the
327 2110 51 26 spat
395 2106 18 21 it
432 2105 20 22 is
470 2103 113 31 supposed
595 2103 46 24 Mr.

66 2139 100 24 Tuckett
184 2138 45 23 will
249 2138 77 27 select,
343 2138 45 22 will
408 2138 28 22 be
451 2137 77 23 found.
563 2137 23 23 It
599 2144 44 15 was

66 2171 107 33 prepared
184 2171 32 31 by
227 2171 66 31 Capt.
307 2169 38 27 W,
356 2170 35 25 M.
401 2169 83 28 Smith,
497 2169 74 29 R.A.,
584 2177 60 23 upon

66 2206 118 29 returning
199 2205 57 22 from
277 2204 36 22 his
331 2204 142 23 unfortunate
493 2204 52 22 visit
564 2209 23 17 to
606 2203 38 23 the

67 2238 74 28 south,
152 2237 66 24 made
228 2241 23 19 at
262 2236 37 25 the
311 2241 90 27 request
412 2237 25 22 of
453 2236 94 24 Colonel
558 2235 86 25 Wake-

67 2272 60 27 field,
147 2270 56 24 after
221 2270 27 23 he
270 2270 42 23 had
333 2269 55 24 been
407 2270 137 30 superceded
564 2270 30 30 by
606 2270 38 23 the

68 2305 57 23 New
137 2303 97 24 Zealand
248 2303 123 31 Company.
407 2303 97 30 Captain
516 2303 75 24 Smith
601 2310 43 16 un-

68 2337 93 24 dertook
173 2337 38 22 the
223 2336 51 23 task
286 2336 25 23 of
326 2336 117 31 exploring
453 2336 38 23 the
503 2336 86 24 Middle
601 2336 44 23 and

70 2370 111 24 Southern
195 2369 97 28 Islands,
304 2376 25 16 as
347 2370 37 22 the
405 2370 48 22 best
470 2370 105 30 practical
592 2377 52 15 ans-

69 2412 44 17 wer
124 2403 71 24 which
207 2402 65 24 could
284 2402 27 23 be
321 2402 118 24 furnished
454 2407 23 19 to
489 2402 37 24 the
537 2410 55 23 very
603 2410 42 16 un-

68 2436 112 25 favorable
193 2440 131 19 statements
343 2435 71 24 which
427 2440 67 19 .must
514 2436 55 23 have
588 2436 56 23 been

68 2471 65 23 made
146 2475 21 18 to
189 2469 37 24 the
248 2469 117 31 Company
376 2470 128 30 respecting
514 2469 36 23 his
568 2468 76 24 defici-

70 2512 55 22 ency
136 2504 23 22 in
171 2507 87 26 respect
267 2502 26 22 of
310 2501 61 25 those
383 2501 171 32 qualifications,
565 2510 80 15 neces-

70 2545 51 22 sary
134 2541 21 18 to
167 2535 78 24 enable
262 2534 48 24 him
330 2539 22 19 to
372 2534 34 24 fill
418 2535 38 23 the
473 2535 63 24 office
548 2536 23 23 of
587 2534 59 25 their

71 2569 116 30 Principal
206 2569 113 30 Surveyor
339 2566 34 25 in'
381 2568 58 24 New
455 2568 108 24 Zsaland.
599 2567 46 25 His

70 2602 153 32 appointment
234 2606 21 19 to
268 2603 39 21 the
317 2601 62 24 office
391 2602 23 23 in
426 2602 103 30 question
540 2602 30 30 by
587 2601 58 24 their

71 2634 116 31 Principal
197 2635 78 30 Agent
286 2634 86 29 should,
384 2638 23 20 at
423 2634 64 29 least,
505 2634 57 24 have
582 2634 64 24 made

72 2669 61 23 them
144 2668 70 23 doubt
225 2667 97 23 whether
334 2667 37 23 the
381 2675 92 15 reasons
494 2675 59 23 upon
571 2667 73 24 which

72 2702 53 30 they
131 2701 41 23 had
179 2700 63 24 acted
247 2700 89 30 against
342 2700 94 31 Captain
442 2700 75 24 Smith
525 2708 56 18 were
590 2705 56 24 true,

73 2743 25 16 or
109 2734 123 28 sufficient;
246 2733 44 24 and
301 2733 116 31 doubting,
436 2733 58 24 their
514 2741 48 16 own
581 2741 66 16 sense

73 2768 25 24 of
109 2768 90 31 justice,
213 2766 69 32 ought
294 2771 21 18 to
327 2766 57 23 have
395 2766 65 23 made
472 2766 66 24 them'
552 2766 55 24 seek
625 2771 23 18 to

72 2802 66 23 know
150 2800 98 24 whether
259 2799 53 31 they
323 2799 44 24 had
384 2799 69 31 really
472 2799 56 24 been
545 2799 101 32 justified

73 2835 23 22 in
107 2835 116 29 removing
237 2833 48 23 him
305 2832 57 24 from
381 2832 37 24 his
440 2833 72 23 office.
558 2832 24 24 It
604 2840 45 15 was

73 2867 72 31 hoped
157 2867 42 23 and
211 2866 104 28 believed,
319 2862 47 27 ihis
378 2865 73 24 would
462 2865 56 24 have
538 2865 57 24 been
611 2865 38 24 the

74 2901 65 23 effect
150 2900 24 22 of
189 2900 65 31 again
267 2899 102 31 entering
380 2899 67 23 their:
456 2900 93 28 service,
568 2900 19 22 it
604 2907 45 15 was

73 2941 14 16 a
97 2933 129 24 reasonable
236 2933 148 30 expectation,
397 2932 44 23 and
452 2932 37 23 the
501 2933 52 30 only
562 2932 87 30 ground

72 2974 61 25 upon
154 2965 72 24 which
243 2966 96 30 Captain
351 2964 74 24 Smith
437 2973 44 15 was
492 2965 124 24 warranted
626 2966 23 22 iv

73 3000 137 30 associatiug
226 2998 93 24 himself
337 3006 13 15 a
371 2998 80 23 second
464 2999 60 24 .time
548 2999 53 23 with
636 3006 14 15 a

75 3034 115 29 Company
203 3032 72 24 which
285 3031 42 25 has
339 3031 76 24 shown
427 3031 67 29 itself,
508 3032 22 23 iv
542 3040 26 15 so
580 3039 69 24 many

73 3071 107 26 sespects,
193 3065 40 23 but
242 3065 58 23 little
321 3069 23 19 to
362 3065 27 23 be
406 3065 70 23 relied
494 3072 68 25 upon.
607 3065 43 24 We

72 3104 58 20 state
142 3099 45 23 this
197 3099 24 23 in
232 3098 95 24 relation
338 3102 23 19 to
372 3102 98 19 matters'
476 3098 25 23 of
515 3098 72 24 which
597 3098 52 31 they

74 3140 51 23 may
136 3131 96 32 perhaps
243 3131 29 23 be
292 3131 117 31 ignorant,-,
420 3131 117 23 inasmuch
552 3138 25 17 as
598 3131 51 31 they

75 3172 37 18 ate
124 3164 145 31 responsible/
272 3164 130 24 fjotiall'.the,
407 3169 48 18 acts
467 3164 25 24 of
507 3164 57 24 their
574 3172 75 23 repre-

73 3198 119 28 sentative,
205 3197 97 24 Colonel
309 3194 135 27 .Wakefield.
448 3195 20 34 \
496 3204 4 9 '
607 3195 43 21 ■■■"'-

82 3229 379 32 "''MtiSymdrifls'yeturned'liere
479 3238 123 24 passenger
621 3230 29 32 bbyy
649 3255 2 8 y

75 3263 37 25 tiVe
120 3256 84 30 'Scotia
209 3256 163 39 'from_Otagor.'
392 3263 66 33 jThjs
465 3264 132 31 .gentleman
606 3272 44 16 was

75 3297 118 32 appointed
218 3304 27 15 on
267 3296 80 23 behalf.
352 3296 31 32 .of
397 3295 45 31 the,'
450 3296 177 26 Government-,
628 3302 22 19 to

75 3331 36 23 aid
124 3329 47 24 Mr.
180 3329 105 23 .Tuckett
294 3329 23 23 in
330 3330 114 31 .securing,
451 3350 3 4 .
460 3324 50 30 the!
517 3331 57 28 site,/
585 3331 65 24 .when

73 3362 106 29 selected,
192 3363 33 22 for
237 3362 57 23 New
303 3361 143 32 Edinburgh;
454 3373 10 7 -•
475 3373 8 7 ■>
493 3364 24 23 A
536 3364 114 30 disagree-

74 3394 126 31 iioerit*\vas;
214 3403 31 16 we
254 3402 40 16 are
300 3394 111 29 'assured;'
418 3394 40 24 the'
477 3403 66 17 cause
563 3396 29 24 67-

73 3429 149 32 gentleman's
240 3428 86 23 sudden
334 3440 4 20 ;
346 3429 42 22 and
408 3430 139 30 unexpected
565 3436 84 18 return.

74 3463 52 25 The
133 3462 121 31 .following
329 3461 43 26 .the
376 3474 5 13 t
394 3462 139 30 particular*,
542 3481 12 8 u
553 3463 65 26 andr,
619 3470 31 16 we

75 3496 84 24 believe
171 3496 52 36 they
234 3502 53 24 may
299 3495 27 22 be
336 3494 68 24 relied
417 3502 68 22 upon.
559 3514 3 5 ,

110 3529 29 24 In
150 3528 143 31 sanctioning
308 3527 39 25 the
364 3528 33 23 fcfr
399 3532 84 19 matron
503 3528 25 23 of
538 3528 3 10 ::
543 3529 107 23 a'settle-

75 3568 63 19 ment
149 3568 23 17 to
183 3561 38 25 the
321 3561 95 32 Captain
420 3580 7 14 :
433 3560 81 34 Jfitzrp
512 3583 3 11 ;
516 3569 13 23 y
540 3556 110 39 (insisted,

76 3604 25 16 as
124 3603 14 15 a
158 3588 111 39 prin^aryj
275 3590 124 33 .CQn'dUion,
410 3593 71 28 o.that;
494 3602 39 20 no-,
545 3589 105 38 atjeiripts

73 3625 82 28 should
166 3629 28 23 be
206 3629 63 24 made
280 3633 24 19 to
315 3635 126 24 surveyor-
451 3627 54 24 take
524 3629 126 31 possession

76 3655 235 41 oT.iii,%aitabfespqf,;
308 3654 4 16 ;
315 3660 59 25 iintil
394 3661 40 24 the
436 3662 6 14 1
448 3662 75 23 native
542 3661 48 23 title
607 3656 43 29 Wad

75 3696 58 26 lijsen.
141 3719 6 10 texftogo»lie3'it
144 3688 178 38 exftogo»lie3'i
324 3716 4 7 :
328 3695 37 23 'hib
371 3717 10 11 e
384 3694 116 28 doub.tless
506 3702 51 19 .was
571 3702 79 27 apjp^e-

74 3725 100 32 hensive,
189 3727 49 25 'and
251 3726 73 33 justly
347 3733 29 24 to,
400 3727 25 24 of
446 3725 101 36 anotfi'er,
555 3728 95 24 Wairau

74 3763 127 24 Masfsacr.e.
207 3773 25 14 m
243 3761 86 29 T.hisj\
333 3769 88 23 among,
432 3761 62 26 other
516 3761 133 29 cpndjtions,

73 3804 49 16 ■was
128 3794 100 25 tfed&ced
239 3799 109 26 toipaper,
366 3795 120 30 copies»of
490 3794 82 27 -whiph
572 3803 4 7 1
588 3802 62 16 were

75 3821 150 32 furri&hexTto
236 3827 49 24 Mi.
282 3830 7 11 J
299 3828 120 30 Symorids',
414 3828 13 13 J
430 3827 37 24 the
472 3832 142 28 -represeTitat
616 3829 33 22 ive

75 3862 25 24 of
106 3862 47 23 'the
354 3861 42 23 and
416 3865 23 19 to
440 3888 2 4 _
448 3885 3 6 (
460 3860 92 25 Colonel
559 3861 90 34 rW.alse-

66 3894 295 32 ■fieM-as-the-Company-'s
371 3894 92 30 Agent.-
474 3905 6 3 -
491 3893 101 32 -Haying
601 3902 48 16 em-

75 3926 145 34 bajrked'Jilri
234 3927 122 30 Symdnds,
369 3923 185 35 who/pfocjeeded
566 3935 29 16 on
613 3927 36 25 the

73 3965 52 24 part
134 3961 25 23 of
166 3952 5 13 i
171 3952 117 35 t^e'Gove
282 3952 10 14 i
290 3952 90 31 rn&eh^
430 3953 94 36 afrahge
530 3953 5 8 7
541 3959 53 24 with
613 3960 37 24 tlie

1255 153 70 25 whole
1337 151 25 23 of
1370 149 44 24 .the
1423 149 49 23 first
1491 147 58 31 body
1569 147 25 24 of
1600 142 138 33 imigrants^
1751 147 24 20 to
1795 143 39 24 the

1280 186 51 22 first
1340 179 166 33 snZTprincipal
1514 180 17 11 '*
1549 179 126 24 settlement
1687 177 26 23 of
1727 174 107 26 thelNew

1256 214 235 31 ZealaridOompany
1509 205 94 31 landed*
1607 212 24 22 in.
1649 209 40 25 the
1701 208 99 25 harbour
1811 208 25 23 of
1838 214 3 6 •

1257 251 56 24 Port
1323 247 132 25 Nicholson.
1499 245 43 24 We
1553 244 58 25 shall
1622 248 40 19 not
1672 241 72 33 speak
1754 240 27 24 of
1796 240 38 24 the

1256 283 90 24 labours
1357 288 32 15 we
1401 280 56 22 have
1467 278 125 31 performed
1604 284 25 16 or
1641 276 38 24 the
1690 276 144 27 discourage-

1257 319 73 21 ments
1342 313 71 23 which
1427 319 30 16 we
1469 313 56 22 have
1537 309 106 28 endured,
1650 308 121 31 excepting
1781 306 53 23 thus

1258 349 33 23 far
1291 359 33 5 —
1325 346 46 23 that
1383 353 42 15 our
1436 344 84 24 friends
1532 344 24 24 in
1568 341 107 31 England
1691 341 68 24 .when
1759 353 14 15 r
1778 346 55 16 con-

1259 380 94 29 trasting
1371 379 38 22 the
1428 384 105 24 progress
1548 375 79 26 /which
1648 381 35 16 we
1701 373 57 24 have
1769 370 65 26 made

1259 413 53 24 with
1335 412 47 22 that
1406 410 70 23 which
1499 410 52 29 they
1573 415 51 23 may
1644 407 54 23 hear
1720 406 25 23 of
1756 428 5 3 .
1770 404 64 24 other

1258 445 146 26 settlements,
1427 441 80 24 should
1529 443 52 22 bear
1602 441 23 23 in
1649 439 63 24 mind
1734 438 49 24 that
1806 445 28 16 no

1258 478 92 24 modern
1361 476 106 23 colonists
1478 475 57 22 have
1547 472 149 26 encountered
1707 471 57 24 such
1786 470 47 24 dis-

1260 510 120 30 couraging
1389 508 117 27 obstacles,
1518 508 44 22 and
1575 513 56 16 none
1648 506 57 22 have
1721 504 57 23 been
1793 503 42 24 left

1260 553 25 15 so
1296 542 78 30 totally
1385 541 93 24 without
1490 541 129 23 assistance.
1663 538 67 25 That,
1735 544 32 16 we
1777 537 57 23 have

1262 577 53 31 kept
1326 575 101 31 together
1439 581 24 15 as
1474 581 14 15 a
1500 572 134 27 settlement,
1646 571 44 22 and
1702 570 56 23 have
1771 568 63 25 made

1259 617 45 23 any
1314 614 92 25 progess
1418 607 117 27 whatever,
1547 606 27 28 is,
1587 610 32 19 we
1631 608 93 19 venture
1744 607 22 19 to
1786 610 47 23 say,

1260 649 60 17 more
1341 641 53 23 than
1406 639 64 23 could
1481 639 57 23 have
1549 638 56 23 been
1615 635 134 33 anticipated
1759 636 21 23 if
1795 643 40 16 our

1261 680 48 19 true
1328 674 97 31 position
1442 671 44 24 bad
1498 671 55 24 been
1569 670 108 24 foreseen.
1709 668 54 24 And
1771 668 65 24 when

1262 709 18 22 it
1299 708 20 22 is
1338 704 150 26 remembered
1508 704 48 23 that
1576 710 32 15 we
1627 702 56 23 have
1702 709 26 16 as
1747 709 14 15 a
1778 701 58 30 body

1262 739 93 31 steadily
1366 737 121 33 supported
1499 737 38 23 the
1548 737 103 23 interests
1669 735 26 23 of
1709 735 36 23 the
1766 734 70 24 Com-

1262 780 65 25 pany,
1345 772 43 24 and
1408 771 55 23 have
1481 770 83 31 always
1581 768 137 24 maintained
1734 766 102 33 peaceful

1263 805 103 25 relations
1378 804 54 24 with
1442 803 38 24 the
1491 803 94 28 natives,
1598 809 32 16 we
1650 801 67 23 think
1735 800 49 24 that
1804 807 32 17 we

1263 846 49 22 may
1324 838 65 23 claim
1400 837 34 23 for
1444 836 39 23 the
1496 835 135 30 community
1643 842 62 15 some
1717 834 80 30 degree
1815 833 24 23 of

1263 871 70 24 credit
1340 870 34 23 for
1384 869 144 23 forbearance
1543 876 25 15 as
1588 867 50 23 well
1657 875 24 15 as
1700 867 35 23 for
1754 873 84 23 energy

1265 904 42 25 and
1328 903 77 23 union.
1460 901 40 31 Up
1518 906 22 19 to
1559 900 37 23 the
1613 904 94 27 present
1729 904 108 23 moment,

1265 937 107 27 however,
1385 936 38 22 the
1434 934 53 24 land
1508 934 77 24 claims
1602 940 37 16 are
1660 931 118 29 unsettled,
1798 939 41 16 our

1265 970 47 24 title
1323 974 22 18 to
1356 969 38 22 the
1406 968 77 23 fairest
1495 967 96 24 districts
1604 973 32 16 we
1648 965 56 23 have
1714 963 125 33 purchased

1265 1004 18 22 is
1294 1001 137 24 doubtful'or
1442 1000 91 29 invalid,
1546 999 43 24 and
1601 998 37 24 the
1651 1003 88 25 greater
1750 998 89 30 portion

1265 1036 24 23 of
1303 1035 38 23 the
1357 1033 54 24 land
1430 1038 21 18 to
1467 1033 72 23 which
1557 1040 14 16 a
1589 1031 49 25 title
1654 1031 41 24 has
1714 1031 76 23 within
1803 1029 37 24 the

1265 1069 43 23 last
1326 1067 45 23 few
1390 1066 75 24 weeks
1485 1066 57 23 been
1562 1064 93 24 secured
1674 1066 19 22 is
1717 1063 124 31 absolutely

1266 1100 120 28 worthless,
1408 1100 61 23 since
1480 1099 63 23 there
1552 1105 37 16 are
1601 1105 28 15 no
1641 1104 79 17 means
1731 1097 110 23 whatever

1266 1135 23 23 of
1303 1134 94 31 gaining
1410 1140 74 16 access
1497 1136 22 19 to
1530 1132 26 23 it.
1602 1130 45 24 Let
1667 1138 45 22 any
1730 1137 41 16 one
1789 1129 52 24 lead

1267 1168 36 23 the
1315 1166 95 31 original
1422 1170 130 26 prospectus
1568 1163 25 24 of
1607 1163 38 23 the
1665 1163 57 24 New
1742 1163 100 23 Zealand

1267 1200 64 24 Land
1353 1199 123 31 Company,
1495 1198 43 24 and
1558 1196 140 31 contrasting
1714 1196 37 23 the
1764 1200 79 25 scanty

1268 1233 152 33 performance
1430 1231 53 24 with
1501 1231 37 24 the
1556 1230 79 24 liberal
1652 1230 110 30 promises
1780 1230 63 22 there

1267 1266 123 28 contained,
1404 1273 39 23 say
1455 1264 20 23 if
1490 1264 62 24 there
1564 1271 51 16 ever
1625 1270 47 16 was
1693 1270 30 15 an
1740 1263 102 22 occasion

1269 1301 60 22 since
1351 1299 37 23 the
1401 1297 134 25 memorable
1547 1296 83 31 Poyais
1642 1296 82 23 bubble
1735 1296 25 23 in
1771 1295 73 23 which

1269 1333 36 23 the
1310 1332 151 31 expectations
1467 1330 26 23 of
1500 1339 12 15 a
1518 1330 59 30 body
1585 1330 25 23 of
1618 1329 91 24 settlers
1717 1336 56 15 were
1782 1336 61 15 more

1269 1365 108 31 wantonly
1389 1363 102 25 falsified.
1538 1364 59 22 That
1616 1363 38 23 the
1676 1362 55 24 New
1740 1362 101 22 Zealand

1270 1399 115 30 Company
1399 1405 49 23 may
1461 1397 55 23 have
1528 1396 62 24 erred
1610 1395 99 31 through
1726 1395 118 30 igiiorance

1270 1432 24 23 of
1308 1438 41 16 our
1360 1436 50 18 true
1420 1430 96 31 position
1528 1430 52 22 does
1589 1435 40 17 not
1638 1430 81 22 render
1731 1428 60 23 them
1801 1428 44 23 less

1270 1464 92 31 morally
1380 1462 139 33 responsible
1540 1467 23 18 to
1582 1463 37 22 the
1639 1463 88 22 settlers
1745 1461 44 24 and
1808 1461 41 23 the'

1270 1497 73 32 public
1354 1497 34 23 for
1401 1496 36 24 the
1448 1496 82 23 results
1539 1495 25 24 of
1573 1495 58 23 their
1643 1495 102 23 conduct.
1765 1494 81 31 Guilty

1270 1539 32 15 we
1323 1530 44 23 will
1386 1534 39 19 not
1446 1536 127 24 pronounce
1594 1529 79 28 them';
1704 1528 41 23 but
1766 1528 80 23 unless

1272 1564 62 24 when
1345 1563 53 31 they
1410 1571 36 15 are
1458 1567 23 18 at
1494 1562 77 30 length
1582 1561 64 24 made
1666 1569 72 15 aware
1759 1561 25 23 of
1808 1561 38 23 the

1271 1597 113 24 character
1395 1596 43 23 and
1449 1602 164 26 consequences
1625 1594 26 24 of
1665 1595 59 23 their
1740 1593 107 32 proceed-

1272 1631 58 30 ings,
1342 1630 52 29 they
1406 1628 86 25 resolve
1504 1634 22 18 at
1538 1628 110 24 whatever
1659 1632 50 19 cost
1728 1632 22 19 to
1770 1634 78 17 secure

1272 1664 34 23 for
1325 1671 26 16 us
1371 1663 39 22 the
1427 1663 134 30 advantages
1583 1661 53 31 they
1659 1661 122 31 promised,
1805 1661 43 23 and

1272 1696 71 31 might
1354 1696 56 22 have
1418 1696 116 31 procured,
1545 1695 51 30 they
1604 1694 45 23 will
1658 1694 66 23 stand
1733 1694 115 23 convicted

1274 1730 73 23 before
1359 1730 38 22 the
1410 1728 66 23 world
1490 1729 24 22 of
1529 1736 13 15 a
1552 1727 83 24 breach
1644 1727 25 23 of
1683 1727 57 23 faith
1756 1727 93 23 ruinous

1275 1768 20 18 to
1318 1762 63 24 those
1402 1762 48 23 who
1470 1761 84 24 trusted
1575 1766 21 18 to
1616 1760 58 24 their
1692 1760 101 31 pledges,
1806 1760 43 24 and

1274 1796 109 30 p.ofitless
1397 1800 21 18 to
1431 1795 141 23 themselves.
1608 1810 4 4 •
