2510 4039
691 2402 21 20 2.
729 2399 21 22 It
759 2400 19 21 is
792 2402 36 19 not
843 2398 105 29 supposed
962 2399 49 21 that
1026 2404 68 21 many
1103 2397 82 28 youths
1199 2396 43 23 will

664 2427 98 26 actually
769 2427 28 21 be
802 2429 45 19 sent
856 2425 64 22 home
930 2425 51 22 from
993 2427 39 19 the
1043 2424 109 28 proposed
1157 2423 83 27 school,

665 2460 22 16 to
698 2453 86 23 Oxford
795 2460 21 14 or
824 2452 139 27 Cambridge;
979 2452 41 21 but
1036 2451 19 22 if
1066 2451 38 22 the
1122 2450 120 28 complete-

663 2489 52 14 ness
725 2488 24 14 or
760 2479 146 23 effectiveness
925 2479 23 21 of
957 2479 38 22 the
1012 2482 82 24 system
1108 2478 28 22 be
1152 2477 56 23 such
1218 2484 24 14 as

665 2512 22 17 to
703 2510 92 19 amount
811 2510 20 18 to
849 2507 58 21 what
922 2505 17 23 is
952 2505 93 23 deemed
1059 2506 134 26 preparation
1201 2504 42 26 for

665 2536 36 20 the
720 2535 120 26 University,
858 2541 13 14 a
887 2532 103 27 tolerably
1007 2532 55 27 high
1081 2531 106 23 standard
1210 2531 32 26 (at

665 2563 57 22 least
731 2569 23 14 as
762 2565 22 18 to
795 2561 33 22 the
837 2560 88 23 classics
934 2559 41 23 and
985 2559 163 26 mathematics)
1159 2558 45 22 will
1214 2559 28 21 be

666 2589 111 27 attained;
794 2587 41 23 and
851 2587 73 23 where
939 2589 86 26 parents
1040 2586 71 23 desire
1127 2587 51 21 that
1186 2585 58 23 their

666 2623 53 16 sons
729 2615 78 22 should
815 2615 56 22 have
880 2614 37 21 the
932 2613 124 27 advantage
1071 2613 27 22 of
1108 2620 28 14 an
1148 2612 95 27 English

667 2643 88 26 degree,
774 2642 49 27 they
841 2641 43 22 will
899 2641 26 21 be
941 2640 47 22 able
1008 2644 23 18 to
1045 2639 59 29 keep
1121 2639 57 23 such
1193 2646 51 15 sons

666 2670 72 22 under
748 2669 57 22 their
814 2667 98 24 controul
922 2667 53 22 until
983 2667 57 22 their
1049 2666 68 23 moral
1127 2666 117 22 character

666 2697 19 21 is
694 2697 24 21 in
728 2703 62 15 some
800 2695 77 27 degree
883 2694 88 27 formed,
972 2705 28 5 —
1002 2702 28 14 an
1038 2693 124 28 advantage
1173 2693 71 22 which

667 2723 73 22 would
750 2724 28 21 be
793 2723 38 21 lost
846 2721 22 22 if
878 2721 37 22 the
932 2721 117 25 education
1065 2720 100 23 afforded
1173 2720 24 22 in
1207 2719 37 23 the

668 2750 78 29 colony
758 2749 89 28 stopped
856 2748 60 22 short
926 2748 24 22 of
960 2748 61 22 what
1028 2747 24 26 is.
1056 2747 118 28 proposed,
1186 2754 25 14 so
1221 2754 24 14 as

668 2780 23 19 to
701 2773 82 26 render
792 2780 39 18 two
841 2782 25 15 or
875 2775 61 22 three
945 2782 61 21 years
1014 2778 23 18 at
1046 2782 29 15 an
1085 2770 96 31 English
1189 2774 57 27 pub-

668 2804 29 22 lic
709 2803 84 27 school,
803 2806 35 19 out
853 2802 27 22 of
891 2802 36 22 the
941 2801 101 24 controul
1058 2802 26 21 of
1094 2801 37 22 the
1146 2804 98 25 parents,

669 2836 124 21 necessary.

694 2858 22 22 3.
728 2857 34 22 To
771 2855 52 24 fulfil
831 2856 44 21 this
885 2855 75 28 object,
971 2855 17 22 it
997 2862 73 16 seems
1078 2855 47 22 that
1134 2855 40 22 the
1184 2856 56 21 Pro-

664 2886 100 25 prietary
775 2884 82 21 School*
868 2882 69 23 which
951 2883 56 22 have
1022 2890 76 20 grown
1111 2890 30 20 up
1150 2883 25 21 in
1186 2883 60 27 Eng-

668 2912 61 26 land,
748 2911 75 22 within
838 2910 37 22 the
894 2910 43 21 last
954 2912 83 25 twenty
1055 2916 69 21 years,
1135 2930 4 5 ,
1146 2909 71 22 afford
1233 2917 14 14 a

670 2938 73 24 model
753 2937 82 28 worthy
845 2937 27 22 of
881 2936 112 27 imitation,
1005 2944 25 15 as
1045 2937 35 21 far
1094 2944 26 17 as,
1131 2935 38 23 the
1186 2936 61 28 prin-

668 2966 57 28 ciple
736 2966 26 21 of
773 2964 53 23 their
835 2963 162 23 establishment
1005 2963 21 22 is
1035 2963 132 26 concerned.
1195 2963 50 22 The

668 2994 54 28 plan
731 2993 31 22 of-
767 2992 59 22 these
835 2987 87 26 schools
931 2991 17 21 is
956 2997 24 15 as
990 2988 100 23 follows:'
1116 3003 7 4 -
1143 2989 74 32 '.'./.,

694 3022 22 20 4.
727 3020 21 23 A
755 3017 79 25 certain
840 3017 94 23 number
941 3017 23 21 of
969 3020 90 24 parents
1066 3016 44 22 and
1115 3017 82 26 others,
1208 3024 39 21 say

668 3046 65 28 forty,
744 3047 61 22 unite
815 3045 41 22 and
866 3044 56 23 form
931 3051 13 14 a
945 3044 56 27 joint
1007 3044 58 21 stock
1067 3044 63 25 fund
1138 3043 27 22 in'
1171 3044 75 22 shares

669 3074 27 22 of
706 3074 54 26 £50,
778 3073 33 22 for
819 3072 42 22 'the
877 3079 90 21 purpose
983 3071 26 22 of
1028 3071 132 27 purchasing
1176 3078 14 14 a
1205 3070 45 23 site'

668 3100 48 23 and
725 3100 96 27 erecting
830 3107 13 14 a
859 3096 150 25 school-house
1028 3097 169 29 thereon.,^ln,_
1202 3097 45 23 this

669 3126 72 28 fund,'
753 3126 45 23 the,
812 3125 131 24 subscriber's
963 3132 37 15 are
1019 3125 122 22 interested
1160 3126 36 22 to.
1210 3124 37 22 the

669 3158 92 19 amount
769 3154 29 24 of,
804 3153 57 22 their
869 3149 79 26 shares'.
971 3151 67 28 |Each
1047 3151 64 22 share
1119 3152 98 23 confers,
1220 3158 32 18 on.

670 3182 38 21 the
718 3180 118 28 proprietor
844 3186 44 15 one
899 3178 152 28 presentation,
1063 3185 26 15 or
1098 3177 148 28 nomination,

669 3208 24 22 in
703 3207 104 27 rotation,
817 3205 44 24 and
869 3206 47 22 that
924 3206 34 22 the
968 3204 77 24 school
1052 3211 102 25 ,maypay
1160 3204 30 23 its
1197 3212 49 15 own

670 3234 161 29 expences.the
841 3232 62 23 stock
911 3233 60 22 bears
980 3232 93 31 interest
1078 3234 31 19 -at
1120 3231 39 24 the
1168 3235 34 19 rratt
1204 3239 12 14 t
1226 3232 25 22 of

670 3262 45 22 five
720 3282 2 6 ,
725 3269 39 21 per
774 3265 92 19 centum.
892 3259 25 25 It
925 3266 48 20 may
981 3258 96 29 perhaps
1084 3281 2 5 ,
1092 3256 30 25 He,
1129 3265 119 20 necessary

672 3293 23 18 to
705 3288 66 23 make
783 3287 35 23 the
826 3287 92 22 interest
927 3287 24 22 10
958 3293 40 21 per
1009 3289 90 19 centum
1109 3285 22 22 in
1143 3285 43 22 the'
1191 3285 61 24 color

1116 3309 101 35 "■'.;,'
1244 3316 8 27 ,'i

697 3343 21 22 5.
733 3341 63 23 With
806 3340 34 24 the
850 3347 49 16 sum
915 3340 26 22 of
950 3340 82 26 £2,000
1047 3346 26 15 so
1082 3339 79 26 raised,
1172 3346 14 15 a
1193 3338 56 23 suit-

671 3369 49 22 able
729 3368 99 28 building
837 3368 19 23 is
873 3366 84 23 erected
971 3368 24 21 in
1006 3373 14 15 a
1032 3365 90 29 healthy
1131 3366 116 26 situation,

672 3396 53 22 with
735 3396 72 27 ample
816 3394 95 28 grounds
920 3394 31 22 for
958 3394 131 22 recreation.
1117 3391 24 24 It
1149 3392 20 22 is
1180 3399 13 15 a

670 3424 76 24 school,
757 3422 47 23 and
810 3429 27 16 no
848 3420 116 33 dormitory
971 3421 18 22 is
998 3419 110 28 required,
1119 3419 41 22 but
1169 3426 24 15 as
1203 3420 18 21 it
1230 3419 19 22 is

671 3449 110 23 desirable
790 3449 34 22 the
829 3448 103 23 scholars
940 3447 77 23 ihould
1025 3450 40 19 not
1072 3447 29 22 be
1109 3446 140 28 perpetually

671 3476 24 23 in
710 3476 38 23 the
765 3480 82 22 streets;
853 3475 57 26 .they
925 3482 33 15 are
972 3473 104 29 required
1092 3477 22 18 to
1127 3479 40 21 go.
1172 3477 22 18 to
1211 3473 37 22 the

671 3503 77 22 school
758 3503 59 27 early
826 3503 23 22 in
866 3502 36 21 the
919 3501 100 27 morning
1033 3505 23 17 to
1075 3499 117 28 breakfast,
1204 3499 45 22 and

672 3530 53 22 dine
744 3530 68 27 there,
830 3528 119 28 returning,
957 3532 31 18 .to
997 3545 5 4 .
1011 3527 59 22 their
1086 3530 89 25 parents
1193 3526 57 23 after

672 3556 76 23 school
757 3556 97 29 h,oursin
865 3554 37 23 the
911 3556 101 26 evep.ing.
1021 3575 5 7 ,
1040 3554 30 23 It.
1080 3554 84 21 follows
1179 3552 48 23 that
1236 3561 14 14 a

671 3591 80 20 proper
761 3583 107 27 refectory
877 3582 44 24 and
931 3581 98 22 kitchens
1039 3582 56 21 form
1105 3588 13 14 a
1130 3587 118 21 necessary

671 3613 53 25 part
728 3610 31 30 (Of
769 3610 36 21 the
812 3608 176 23 'establishment.'
995 3610 4 5 '
1057 3610 4 3 '
1080 3610 10 8 ''

891 3640 23 17 to
974 3634 77 23 school
1066 3633 110 27 building,
1188 3633 64 28 there,

675 3663 89 29 maybe
773 3666 43 19 two'
823 3662 80 23 houses
913 3662 32 23 for
952 3661 36 22 the
998 3659 54 24 Head
1061 3660 44 33 atjd
1112 3661 74 20 second
1193 3668 59 15 mas-,

675 3690 51 26 te'rs,
736 3689 43 22 and
788 3689 18 22 it
814 3697 51 19 may
873 3689 28 22 be
912 3690 112 26 necessary
1034 3693 22 17 to
1065 3688 50 27 give
1120 3687 40 22 'the
1172 3686 80 25 wife.of

670 3716 48 28 Jone
727 3717 28 29 jof
765 3716 58 22 them
836 3723 62 14 some
905 3714 43 34 sprt
957 3716 24 21 of
993 3714 110 27 controul,'
1115 3721 23 15 as

675 3743 72 29 ih/the
758 3742 100 28 ordering
868 3743 26 23 of,
903 3742 36 23 the
948 3743 71 21 meals'
1026 3742 52 26 and',
1080 3748 25 15 so
1114 3740 69 23 forth.

670 3790 3 8 ,
741 3769 25 22 If
780 3771 24 20 if
810 3769 35 23 be,
850 3769 98 31 thpughf
956 3765 119 29 advisable,
1087 3768 42 31 ;the
1135 3780 7 13 r
1146 3773 105 20 arrange-

675 3799 61 20 ment
744 3796 36 22 for
790 3796 64 21 meals
871 3802 51 22 may
932 3796 77 27 bekep
1011 3799 9 18 t
1033 3794 169 32 separate^frdin
1214 3794 36 21 the

675 3819 168 27 establishment
847 3822 33 28 by'
887 3822 134 27 authorising
1030 3821 83 23 certain
1127 3827 91 21 persons
1228 3820 24 21 of

676 3850 114 28 approved
811 3848 110 23 character
942 3852 19 19 to
982 3848 62 23 fawb
1045 3846 6 9 1
1060 3848 102 30 poaritng
1181 3848 70 19 houses

677 3877 76 23 within
769 3876 158 27 the'precincts
945 3872 81 29 of'lhft
1042 3873 75 31 Bchpjj)
1117 3894 3 12 (
1138 3877 114 24 property..

675 3904 75 22 These'
757 3908 38 17 are
803 3902 75 23 details
886 3902 35 21 for
930 3901 133 28 subsequent
1077 3899 175 30 consideration,;

676 3931 46 22 and
730 3930 54 28 they
793 3937 34 14 are
837 3928 52 32 only
899 3928 92 23 touched
1005 3934 61 22 upon
1080 3925 52 25 here
1143 3926 108 23 as'affect-

675 3953 106 33 ing'the;
793 3956 94 30 primary
906 3954 153 24 architectural
1079 3957 172 27 arrangements.

547 61 97 46 t£fje
666 61 118 42 wm
810 59 200 42 SeateHfc
1035 59 189 46 ffia?ettt
1249 59 90 38 and
1364 59 296 45 Wellington
1683 56 249 48 Spectator.

837 144 189 28 AUCKLAND.

685 201 51 31 Thp
748 200 97 25 himrdd
854 202 85 23 arrived
955 205 35 19 oa'
997 200 94 31 Sunday
1098 200 55 29 last,
1166 200 57 24 from

652 234 38 24 the
701 234 50 32 Bay
764 231 31 27 of
798 232 95 31 Islands,
905 233 69 24 which
986 233 41 23 she
1033 233 45 24 left
1088 233 76 31 qnthe
1176 233 49 24 22d

652 267 26 23 of
686 268 76 31 April,
798 266 47 24 The
865 265 95 24 Nimrod
976 266 29 28 is,
1025 273 33 17 we
1076 264 146 30 understand,

652 300 80 23 loaded
742 300 55 23 with
815 299 79 24 timber
905 298 42 24 and
956 299 65 23 other
1032 298 113 31 produce,,
1148 299 44 23 and
1204 299 20 23 is

652 333 77 24 bound
740 337 24 20 to
771 332 81 28 Tahiti,
861 332 71 23 where
941 331 15 23 it
963 332 19 22 is
991 331 108 31 expected
1109 331 39 23 her
1157 339 67 23 cargo

653 365 46 25 will
718 366 28 23 be
767 364 115 32 profitably
890 364 131 30 'exchanged
1040 365 35 22 for
1093 371 76 23 sugar,
1182 364 43 24 and

654 405 68 18 cocoa
732 403 46 19 nut,
785 397 36 24 oil.
855 397 50 24 The
917 397 135 31 speculation
1070 397 21 22 is
1101 397 124 23 conducted

654 432 29 30 by
696 431 97 30 Captain
810 429 82 31 Maybe
895 437 25 21 w,
933 437 38 16 one
988 430 26 23 of
1030 430 37 23 the
1087 429 72 23 oldest
1183 429 42 24 and

654 469 60 18 most
723 461 178 33 intefprisingof
905 463 37 23 the
950 462 55 23 New
1013 462 99 24 Zealand
1120 463 91 22 settlers
1218 471 5 20 ;

654 497 43 23 and
710 503 33 16 we
754 496 55 22 wish
819 495 46 24 him
878 503 65 23 every
952 503 99 16 success.

688 529 99 31 Reports
804 528 41 24 last
865 528 90 23 reached
974 528 38 23 the
1033 527 51 32 Bay
1095 528 23 22 of
1133 527 93 24 Islands

655 563 57 22 from
723 561 126 29 Auckland,
863 567 21 17 to
902 561 37 23 the
950 561 111 30 following
1078 560 63 24 effect
1150 569 7 20 ;
1178 560 48 24 that

655 595 96 30 Captain
780 594 91 30 Fitzroy
891 593 43 24 had
954 593 138 24 determined
1119 598 23 18 to
1165 594 61 23 issue

654 629 113 27 £15,000
789 627 22 23 of
825 626 130 25 debentures
971 627 94 30 bearing
1083 628 15 22 8
1109 634 40 24 per
1166 632 59 19 cent,

654 662 94 22 interest
756 669 7 20 ;
782 659 135 25 redeemable
928 664 21 20 at
958 659 38 24 the
1007 659 126 32 expiration
1145 659 25 23 of
1185 664 41 19 two

654 701 73 23 years,
736 698 22 19 at
766 692 38 25 the
811 693 72 31 option
891 693 26 23 of
923 692 33 24 tbe
964 692 161 24 Government.
1151 692 76 24 Tbese

655 727 135 23 debentures
801 734 34 16 are
852 731 23 18 to
886 726 27 23 be
925 725 51 24 used
997 731 23 18 to
1037 733 44 24 pay
1092 725 37 23 the
1141 733 86 15 arrears

655 767 50 16 now
726 759 43 23 due
788 759 28 31 by
831 758 39 24 the
887 758 158 24 Government.
1082 758 42 23 We
1143 758 85 23 believe

655 792 46 24 this
714 799 99 17 measure
823 791 46 24 will
883 792 28 23 be
924 793 55 27 wise,
992 791 45 23 and
1049 790 45 24 will
1103 791 27 23 be
1140 798 13 16 a
1164 796 64 25 great

656 825 66 24 relief
740 830 22 18 to
780 825 36 23 the
831 825 88 29 colony.
952 824 43 23 We
1012 823 60 24 shall
1089 831 52 23 very
1156 824 72 30 likely

656 858 56 24 offer
723 866 13 15 a
746 858 42 23 few
801 858 97 23 remarks
911 859 22 22 in
944 865 39 15 our
995 861 54 19 next
1059 865 77 24 paper,
1149 865 30 15 on
1190 857 38 23 the

657 891 114 31 operation
784 891 24 22 of
821 891 61 22 these
894 891 112 23 securities
1019 890 44 23 and
1082 891 37 22 the
1136 890 92 31 general

657 924 66 24 effect
739 924 54 31 they
809 932 50 22 may
870 924 100 30 produce.
1005 923 45 23 We
1070 928 90 26 suspect
1181 923 49 23 that

658 957 37 24 the
707 962 88 26 greater
806 962 55 26 part,
873 957 18 22 if
909 961 37 19 not
953 957 35 22 the
1001 956 71 23 whole
1084 957 24 22 of
1117 955 64 24 these
1192 964 36 15 se-

658 992 91 22 curities
761 990 51 28 will,
820 995 21 18 at
853 997 28 16 no
892 990 80 23 distant
983 990 60 28 date,
1055 990 46 22 find
1113 990 58 22 their
1182 997 45 22 way

658 1025 46 22 into
717 1023 38 24 the
767 1023 69 23 vaults
848 1023 25 23 of
882 1031 40 15 our
933 1023 65 23 lank.

692 1056 23 24 It
727 1058 18 21 is
758 1056 47 23 said
816 1056 47 23 that
875 1056 36 23 the
924 1056 50 31 duty
985 1064 29 15 on
1025 1056 89 23 tobacco
1131 1056 20 23 is
1165 1060 22 19 to
1200 1055 28 23 be

658 1089 96 23 reduced
774 1094 23 18 to
814 1089 60 23 three
893 1096 66 23 pence
979 1097 40 23 per
1035 1089 75 31 pound
1117 1098 7 19 ;
1144 1088 44 24 and
1201 1096 28 16 on

658 1123 78 30 spirits
748 1122 57 23 from
814 1123 40 23 five
867 1122 98 31 shillings
978 1127 22 19 to
1014 1128 42 18 two
1066 1122 105 30 shillings
1184 1121 42 24 and

658 1156 107 30 sixpence
776 1163 38 23 per
822 1155 81 31 gallon.
948 1155 56 24 This
1023 1156 19 22 is
1054 1155 47 23 also
1113 1155 61 28 wise,
1187 1155 43 22 and

658 1188 39 23 the
719 1188 52 31 only
789 1196 44 23 way
853 1193 22 19 to
898 1188 67 24 check
983 1188 130 31 smuggling
1134 1188 45 23 and
1190 1195 40 16 en-

659 1229 96 23 courage
767 1221 37 25 the
815 1222 41 23 fair
868 1221 79 24 trader.
992 1221 24 23 It
1032 1221 96 31 perhaps
1147 1220 45 24 will
1204 1220 28 24 be

659 1255 70 23 found
740 1263 61 16 more
813 1255 126 31 productive
948 1254 84 24 further
1044 1259 22 18 to
1086 1254 88 23 redeem
1193 1254 39 23 the

659 1288 56 31 duty
726 1296 28 15 on
767 1289 80 30 spirits.
884 1287 29 24 In
924 1295 58 15 some
994 1287 25 23 of
1035 1287 37 23 the
1084 1287 99 23 colonies
1194 1287 38 22 the

660 1321 57 31 duty
729 1322 19 22 is
761 1322 51 29 only
823 1328 41 16 one
882 1320 89 30 shilling
986 1328 42 23 per
1045 1320 83 30 gallon,
1150 1319 44 24 and
1216 1320 16 22 it

659 1362 52 23 may
721 1359 37 26 yet
769 1355 28 22 be
805 1353 67 24 found
884 1353 161 31 advantageous
1064 1358 22 18 to
1105 1353 69 23 lower
1193 1360 39 16 our

660 1386 55 31 duty
727 1392 22 18 to
762 1387 47 23 that
817 1391 53 18 rate.

695 1444 91 29 Birth,
789 1456 30 5 —
821 1444 37 23 On
888 1444 90 29 Sunday
1005 1444 104 29 morning
1129 1443 55 28 last,
1212 1447 22 19 at

662 1477 156 28 Hawkshead,
830 1477 70 23 River
913 1477 64 28 Hutt,
990 1477 38 22 the
1040 1477 52 30 lady
1101 1477 23 23 of
1135 1476 99 23 William

661 1511 126 29 Swainson,
800 1510 65 30 Esq.,
877 1510 96 28 F.R.S.,
987 1510 53 28 &c,
1053 1510 25 23 of
1092 1517 13 16 a
1115 1509 119 31 daughter.

694 1569 79 24 Dies.
775 1581 31 4 —
809 1568 35 24 On
869 1569 36 23 the
925 1568 38 24 4th
983 1569 94 28 instant,
1098 1567 138 24 Lieutenant

661 1602 61 25 John
734 1602 82 28 Lewis,
826 1602 59 23 48th
896 1601 128 31 Regiment,
1037 1601 94 24 Madras
1149 1600 86 25 Native

663 1636 113 30 Infantry,
789 1635 49 30 only
849 1642 40 16 son
900 1635 25 23 of
934 1635 34 23 the
983 1635 47 23 late
1048 1635 62 23 Hear
1130 1634 106 24 Admiral

661 1669 84 27 Lewis,
770 1668 42 23 and
831 1667 112 31 grandson
970 1668 25 23 of
1023 1667 38 24 the
1088 1668 44 23 late
1159 1667 77 31 Major

663 1701 100 24 General
776 1701 79 24 Lewis.

844 1759 208 23 EDUCATION.

1251 143 78 22 Under
1338 143 44 27 a'hy
1385 143 231 28 _dr6umatattcesy>thje
1621 144 50 25 e'egt?
1675 143 151 24 ofteftucation

1252 170 110 22 must-be-
1375 169 128 23 considered
1519 174 69 25 apac^
1599 171 71 28 fXom,
1676 170 36 26 the.
1732 174 49 18 cost
1803 169 27 22 of

1252 196 159 23 maintenance.
1432 193 46 23 ''","
1567 194 96 13 .--■•-.
1689 193 75 6 ..-*,.

1255 241 4 3 .
1277 224 21 20 8.
1446 222 54 27 theft
1499 219 3 10 :
1516 221 46 24 that
1575 223 41 23 the
1627 231 48 15 sum
1687 223 25 22 of
1722 222 77 25 £2000
1807 222 19 22 is

1252 249 108 21 sumcie'nt
1366 252 22 18 to
1397 249 88 27 provide
1495 249 198 28 suitable-grounds,
1700 249 43 22 and
1752 248 75 22 build-

1251 275 61 27 ings,-
1318 275 37 21 the
1364 279 54 18 next
1433 276 61 26 point
1503 281 22 17 to
1541 276 121 23 determine
1673 277 20 21 is
1702 275 37 22 the
1747 278 80 19 nature

1252 301 44 22 and
1301 304 80 19 .extent
1388 302 26 25 pf
1419 301 35 22 the
1468 302 172 29 establishment.
1707 313 3 6 •
1733 326 3 3 .
1746 320 3 3 .

1278 329 21 21 9.
1306 326 54 27 .The
1370 327 56 23 head
1442 332 82 24 master
1539 328 79 22 should
1628 329 28 21 be
1665 336 13 14 a
1687 327 87 23 scholar
1783 327 44 26 and

1252 361 13 15 a
1280 351 145 30 gentleman.'
1504 358 57 18 most
1574 355 109 26 complete
1697 354 130 26 knowledge

1252 380 26 22 of
1291 379 39 23 the
1346 381 73 21 Greek
1435 381 49 21 and-
1498 381 64 21 Latin
1574 381 93 22 'classics
1679 381 19 21 is
1713 381 26 21 of
1750 386 77 16 course

1252 406 163 27 indispensable
1421 414 7 19 ;
1440 407 25 21 in
1475 407 96 23 addition
1587 412 23 17 to
1620 407 80 26 which,
1711 406 27 22 he
1749 405 79 23 should

1252 439 84 22 possess
1352 433 52 21 such
1418 433 89 27 general
1522 433 91 28 literary
1628 435 160 26 acquirements
1804 439 24 15 as

1253 464 22 18 to
1284 459 77 22 enable
1371 459 45 23 him
1432 463 21 18 to
1468 461 133 25 superintend
1612 468 67 19 every
1689 460 140 27 department

1250 486 28 24 >of
1294 485 115 23 education
1433 486 78 27 taught
1532 487 23 21 in
1578 488 38 20 the
1639 486 80 23 school.
1748 485 44 23 For
1817 492 12 14 a

1254 517 81 17 master
1342 512 53 22 -with
1406 513 53 21 such
1468 513 168 26 qualifications,
1646 521 14 15 a
1668 512 77 23 liberal
1755 511 73 28 salary

1253 539 79 22 should
1348 539 26 21 be
1393 539 111 26 assigned..
1529 539 27 22 In
1567 539 99 22 addition
1677 544 21 17 to
1707 539 35 22 his
1751 539 76 24 house,

1254 566 26 21 he
1298 565 79 21 should
1393 565 60 23 have,
1463 573 14 14 a
1492 566 70 27 salary
1572 567 26 21 of
1609 566 61 22 £.300
1679 574 14 17 a.
1704 572 59 21 year,
1776 560 53 27 with

1254 591 51 27 fuel,
1322 591 43 22 and
1378 592 21 20 if
1413 591 27 22 he
1454 592 29 22 be
1498 593 23 21 in
1541 593 74 21 orders
1630 593 27 21 he
1672 599 49 20 may
1738 592 26 21 be
1780 598 49 21 per-

1254 618 78 22 mitted
1341 622 22 17 to
1373 622 74 23 accept
1457 618 82 22 church
1549 619 131 32 preferment
1686 626 27 14 or.
1725 618 37 21 the
1773 621 54 23 spot,

1254 645 40 21 but
1302 647 39 18 not
1350 647 23 18 at
1383 652 14 14 a
1406 645 103 22 distance.
1529 645 20 22 It
1554 646 18 21 is
1579 646 93 26 possible
1684 645 52 26 that,
1748 651 82 20 among

1255 673 38 20 the
1309 670 73 28 clergy
1392 671 123 28 appointed,
1529 672 44 22 and
1581 671 110 23 hereafter
1708 677 21 16 to
1748 672 35 25 be,
1797 671 34 21 for

1255 697 144 27 Wellington,
1409 705 13 14 a
1430 702 127 23 competent
1564 706 79 20 person
1654 706 51 18 may
1718 698 29 21 be
1760 696 70 23 found

1256 724 82 24 willing
1351 727 23 18 to
1389 729 74 22 accept
1476 725 37 21 the
1527 725 63 21 office
1597 733 5 18 ;
1627 732 24 14 or
1670 727 35 19 an'
1715 724 116 27 Episcopal

1256 750 83 28 Chapel
1362 751 28 21 of
1409 751 56 21 Ease
1488 758 52 21 may
1567 751 96 28 perhaps
1689 751 27 21 be
1743 750 89 22 erected

1254 778 23 20 in
1308 778 125 21 connection
1445 785 4 4 %
1451 791 2 10 ,
1464 778 52 22 with
1546 778 37 22 the
1611 778 77 22 school
1715 777 49 25 (but
1793 779 39 19 out

1256 803 25 22 of
1287 810 14 15 a
1311 808 98 22 separate
1423 804 73 27 fund),
1509 804 36 22 the
1560 808 52 18 rent
1627 805 25 21 of
1665 804 38 22 the
1712 804 86 25 sittings
1809 806 22 19 to

1254 830 29 21 be
1298 830 76 21 vested
1395 830 21 22 in
1433 834 98 24 trustees,
1547 830 45 22 aud
1609 831 24 21 in
1648 831 46 21 fact
1708 828 87 30 applied
1809 833 23 18 to

1255 859 138 21 remunerate
1404 856 34 22 the
1447 857 120 27 officiating
1566 865 4 8 1
1578 857 135 27 clergyman.

1282 884 35 21 10.
1331 882 47 23 The
1384 884 79 21 second
1471 887 81 18 master
1558 884 79 22 should
1643 884 27 21 be
1677 887 39 18 not
1721 882 43 23 less
1773 889 59 15 com-

1254 912 77 25 petent
1345 913 30 21 to,
1384 909 60 23 teafch
1450 910 47 25 ;the
1513 910 87 22 classics
1615 910 55 22 than
1680 910 35 22 his
1724 909 108 28 superior.

1255 936 48 22 The
1314 935 50 28 only
1374 943 59 15 room
1449 938 35 20 for
1500 938 124 25 difference,
1635 937 85 26 indeed,
1732 938 19 20 is
1760 937 24 21 in
1795 936 37 21 the

1255 964 53 20 item
1320 963 25 21 of
1351 964 127 26 experience
1487 964 44 21 and
1541 964 99 28 capacity
1649 964 33 21 for
1693 963 85 22 control
1787 962 45 22 and

1256 990 90 26 general
1365 990 201 26 superintendence.
1597 990 25 22 If
1637 990 28 22 he
1684 991 27 21 be
1729 989 103 25 married,

1257 1017 32 20 his
1309 1016 49 21 wife
1374 1016 68 27 might
1461 1017 27 22 be
1506 1017 101 27 engaged
1627 1025 22 14 as
1669 1020 91 18 matron.
1791 1016 43 21 His

1256 1042 73 28 salary
1338 1042 77 23 should
1424 1044 26 21 be
1460 1044 61 22 £200
1536 1051 89 20 a-ryear;
1640 1046 47 19 that
1704 1044 30 20 of.
1741 1043 33 21 his
1783 1042 50 21 wife

1256 1070 68 25 £100,
1335 1070 45 21 and
1390 1070 49 26 they
1448 1065 79 27 should
1537 1071 56 21 have
1604 1077 14 14 a
1627 1070 67 21 house
1704 1074 21 17 to
1734 1070 45 21 live
1788 1070 32 21 in.

1284 1098 34 20 11.
1332 1096 72 22 There
1418 1096 87 23 should-
1513 1097 46 22 also
1574 1097 28 22 be
1612 1099 47 23 two,
1670 1098 63 25 three,
1745 1105 24 13 or
1780 1097 55 24 four

1257 1122 71 23 under
1345 1124 95 26 masters,
1453 1124 116 26 according
1586 1128 22 17 to
1625 1124 36 21 the
1677 1127 75 18 extent
1762 1124 25 21 of
1799 1123 36 22 the

1249 1161 2 8 >
1258 1149 81 22 school.
1367 1149 66 22 Their
1448 1150 72 28 salary
1534 1150 77 22 should
1627 1150 29 22 be
1673 1150 61 24 £150
1750 1157 84 21 a-year,

1249 1178 2 19 I
1258 1176 92 22 without
1360 1183 12 15 a
1381 1176 65 22 house
1457 1184 25 14 or
1491 1178 62 20 other
1562 1178 127 20 allowance.

1286 1204 34 20 12.
1337 1202 48 23 The
1402 1204 162 22 mathematical
1583 1208 85 20 master
1681 1203 79 22 should
1778 1204 59 22 have

1341 1236 81 21 a-year,
1437 1230 92 23 without
1548 1230 80 28 house;
1644 1230 45 23 and
1707 1230 36 22 the
1760 1230 78 28 junior

1260 1256 162 22 mathematical
1432 1261 86 23 master,
1529 1257 48 22 who
1587 1257 80 22 should
1676 1258 45 21 also
1737 1258 29 21 he
1777 1265 61 14 com-

1260 1286 77 24 petent
1347 1287 22 17 to
1378 1284 63 21 teach
1457 1284 86 27 writing
1557 1284 44 21 and
1616 1284 130 27 arithmetic,
1757 1284 81 22 should

1261 1310 56 21 have
1328 1310 61 21 £150
1399 1317 35 20 per
1444 1317 89 16 annum.

1288 1337 33 21 13.
1336 1336 47 22 The
1392 1341 129 23 permanent
1531 1337 165 22 establishment
1705 1338 44 22 will
1765 1337 74 22 there-

1261 1363 49 23 fore
1321 1363 26 21 be
1348 1375 27 3 —

1316 1389 66 23 Head
1390 1394 79 18 master
1697 1391 60 22 £300
1763 1397 77 21 a-year

1319 1417 83 22 Second
1413 1421 80 18 master
1503 1417 44 22 and
1557 1420 86 19 matron
1670 1432 6 7 .
1683 1432 5 6 .
1718 1419 41 20 300

1317 1443 79 22 Junior
1404 1448 96 23 masters,
1510 1451 35 20 say
1553 1446 46 19 2at
1606 1444 70 23 £150.
1683 1459 5 6 •
1717 1446 42 20 300

1317 1470 167 22 Mathematical
1492 1475 81 18 master
1717 1472 41 21 250

1317 1496 80 23 Junior
1406 1497 27 22 do
1719 1500 40 19 150

1318 1523 93 22 Interest
1422 1531 26 14 on
1458 1524 62 22 stock
1718 1526 42 20 200

1318 1550 61 28 Fuel,
1392 1554 65 24 taxes,
1470 1551 46 22 and
1524 1552 83 27 repairs
1719 1554 41 19 200

1688 1606 73 23 £1700
1771 1620 3 4 •

1291 1631 34 21 14.
1340 1630 44 22 For
1394 1630 40 21 this
1444 1637 56 21 sum,
1512 1632 39 22 150
1561 1632 60 27 boys,
1633 1632 57 23 from
1698 1634 56 24 eight
1764 1636 23 18 to
1796 1633 46 20 six-

1263 1659 47 19 teen
1319 1664 63 19 years
1392 1657 24 22 of
1426 1664 49 20 age,
1487 1665 42 15 can
1543 1659 26 21 be
1586 1659 50 22 well
1651 1659 113 23 educated.
1794 1660 47 21 The

1264 1688 48 17 cost
1321 1685 17 20 is
1348 1684 29 23 £1
1383 1686 11 19 1
1408 1686 29 20 6s.
1453 1685 35 21 Bd.
1500 1685 61 22 each.
1590 1686 61 22 With
1663 1686 36 21 the
1710 1686 98 22 addition
1820 1686 26 21 of

1265 1714 42 18 two
1312 1711 85 27 Junior
1411 1715 98 23 masters,
1526 1712 36 21 the
1576 1714 94 21 number
1685 1713 71 26 might
1773 1714 26 20 be
1810 1712 33 21 in-

1265 1737 90 22 creased
1368 1740 22 19 to
1408 1738 45 26 200,
1464 1739 46 21 and
1523 1739 38 22 the
1575 1743 48 19 cost
1641 1740 26 21 of
1683 1740 117 21 education
1817 1740 26 21 be

1264 1764 97 23 reduced
1377 1769 24 16 to
1416 1764 47 24 £10
1480 1766 60 26 each,
1561 1766 111 22 exclusive
1690 1766 24 21 of
1728 1773 78 15 course
1822 1766 24 21 of

1264 1791 78 27 books',
1353 1796 26 16 as'
1388 1791 45 23 well
1443 1799 24 14 as
1477 1792 24 21 of
1509 1792 36 22 the
1556 1797 47 17 cost
1611 1794 26 20 of
1642 1793 164 22 maintenance.

1293 1820 34 20 15.
1350 1817 25 22 In
1395 1818 94 22 addition
1512 1822 21 19 to
1553 1819 36 22 the
1608 1820 87 27 regular
1717 1819 125 25 education,

1265 1849 92 18 masters
1367 1844 75 23 should
1452 1846 27 21 be
1488 1846 99 21 licensed
1597 1851 23 17 to
1630 1847 63 22 teach
1703 1846 87 23 French
1801 1846 43 22 and

1265 1872 64 23 other
1347 1870 89 24 modern
1452 1873 126 27 languages,
1590 1874 117 27 especially
1717 1874 37 21 the
1773 1873 71 22 Maori

1267 1904 89 22 tongue,
1372 1898 103 28 drawing,
1491 1900 103 27 dancing,
1611 1902 96 26 fencing,
1724 1900 43 22 and
1782 1900 62 22 other

1267 1923 212 29 accomplishments,
1491 1931 23 17 at
1522 1928 113 21 moderate
1645 1928 97 26 charges.

1294 1955 34 20 16.
1345 1954 44 21 Tiie
1396 1952 99 27 ultimate
1502 1954 99 22 contrbul
1608 1955 25 21 of
1639 1954 36 22 the
1683 1954 72 22 school
1765 1953 79 23 should

1266 1980 28 22 be
1304 1979 75 32 vested
1394 1980 50 30 jft>a
1455 1980 92 28 ,yisiting
1557 1982 134 26 committee,
1703 1981 47 21 who
1763 1980 82 23 ahould

1256 2016 1 9 i
1266 2004 170 23 aduiinister-Hs
1450 2004 72 23 affahfc
1736 2008 110 20 constitu-

1266 2033 54 25 tion,
1331 2029 219 34 wJjicJyshoulcTonTy
1561 2033 26 22 be
1598 2032 83 23 altered
1698 2037 22 17 at
1730 2040 13 14 a
1753 2035 91 25 general

1268 2055 255 31 Court'of'j&ftprietprs.

1295 2086 33 22 17.
1334 2089 3 5 ¥
1343 2085 196 27 EacV-proprietor
1554 2086 80 22 should
1648 2086 58 22 have
1722 2093 14 15 a
1745 2086 100 21 nomina-

1267 2112 47 22 tion
1324 2112 23 21 in
1357 2113 87 20 rotation
1453 2113 25 20 in
1486 2116 87 24 respect
1582 2114 25 21 of
1614 2114 53 21 each
1677 2113 70 22 share.
1776 2112 25 22 If
1810 2112 36 23 the

1267 2140 75 21 shares
1353 2147 55 14 were
1422 2140 54 21 £50*
1485 2141 61 25 each,
1559 2147 66 21 every
1634 2139 78 22 holder
1721 2140 26 21 of
1759 2147 14 14 a
1782 2140 64 21 share

1268 2167 74 21 would
1351 2166 58 22 hzva
1416 2168 59 21 three
1483 2167 148 22 nominations
1642 2166 72 22 before
1722 2166 36 22 the
1771 2166 76 22 school

1267 2193 74 22 would
1359 2193 28 22 be
1402 2193 60 23 filled
1481 2201 36 19 up.
1545 2194 47 22 The
1607 2201 52 14 sous
1674 2193 25 22 of
1704 2200 90 18 persons
1808 2197 39 18 not

1268 2218 151 24 shareholders
1427 2219 78 23 should
1514 2220 27 21 be
1549 2220 93 26 eligible,
1650 2220 44 21 and
1700 2220 60 21 there
1768 2220 78 22 should

1268 2246 28 22 be
1306 2254 29 15 no
1343 2247 126 22 distinction
1481 2246 22 23 in
1512 2247 36 22 the
1559 2247 73 22 school
1642 2247 98 22 between
1750 2246 38 22 the
1796 2254 51 14 sons

1269 2274 26 21 of
1302 2274 150 22 shareholders
1462 2281 24 15 as
1496 2274 60 26 such,
1565 2274 44 21 and
1619 2274 37 21 the
1663 2281 50 14 sons
1723 2274 26 21 of
1754 2281 92 21 persons

1270 2300 50 23 who
1330 2308 36 15 are
1376 2305 38 17 not
1423 2300 157 23 shareholders.

1298 2329 33 20 18.
1346 2328 32 21 As
1397 2327 72 27 losses,
1490 2335 25 14 or
1533 2327 114 27 litigation,
1669 2326 80 28 (which
1758 2326 19 22 is
1792 2326 54 25 loss)

1270 2354 73 22 would
1359 2354 76 28 impair
1451 2354 38 22 the
1505 2354 116 28 efficiency
1636 2354 25 21 of
1677 2354 36 22 the
1733 2353 114 22 establish-

1269 2385 70 22 ment,
1360 2381 37 21 the
1413 2382 46 20 first
1475 2384 105 25 payment
1597 2380 79 22 should
1691 2381 25 21 be
1733 2380 64 22 made
1819 2388 28 14 on

1270 2408 168 27 matriculation,
1449 2408 45 21 and
1505 2408 29 21 all
1543 2408 133 28 subsequent
1691 2411 116 23 payments
1820 2408 27 21 be

1270 2435 65 21 made
1348 2434 75 23 within
1435 2436 28 22 21
1480 2435 53 27 days
1543 2435 25 21 of
1582 2435 39 21 the
1639 2436 32 20 Ist
1680 2434 26 22 of
1716 2436 100 25 January
1825 2434 22 22 in

1270 2462 57 21 each
1341 2469 59 20 year.
1411 2472 8 14 ;,
1428 2462 38 26 In.,
1472 2462 37 21 the
1525 2465 67 18 event
1607 2462 25 21 of
1646 2460 90 28 default,
1753 2461 37 21 the
1806 2462 43 27 boy

1270 2488 81 22 should
1364 2489 28 23 be
1407 2488 130 28 suspended,
1547 2488 43 22 and
1602 2488 23 22 in
1635 2489 25 21 21
1672 2488 53 27 days
1734 2488 57 21 from
1802 2495 47 14 sus-

1270 2516 93 26 pension
1376 2515 34 23 his
1423 2522 67 15 name
1505 2514 79 23 should
1602 2516 28 20 be
1645 2515 75 21 erased
1739 2515 57 21 from
1813 2514 36 22 the

1272 2543 74 21 books.
1375 2542 42 22 But
1425 2542 28 22 he
1471 2549 51 20 may
1531 2542 28 21 be
1568 2541 169 26 re-nominated,
1749 2541 45 22 and
1806 2541 43 22 will

1271 2569 27 21 be
1306 2568 143 25 ore-admitted
1459 2576 27 14 on
1496 2572 106 24 payment
1611 2569 25 21 of
1644 2568 29 21 all
1684 2575 90 15 arrears.

1298 2597 34 23 19.
1348 2596 22 22 It
1379 2596 42 22 will
1430 2596 105 27 probably
1545 2596 26 21 be
1583 2594 111 23 advisable
1705 2599 20 17 to
1736 2595 89 28 require
1837 2603 14 13 a

1271 2623 64 21 small
1350 2627 104 23 payment
1469 2629 24 18 as
1508 2629 14 15 a
1537 2622 162 22 matriculation
1717 2622 43 26 fee,
1778 2622 72 22 which

1272 2650 45 22 will
1327 2649 117 23 somewhat
1453 2653 107 23 augment
1568 2649 38 22 the
1617 2648 73 22 school
1699 2648 62 22 fund.

1298 2678 34 20 20.
1350 2677 21 21 A
1380 2679 124 24 competent
1513 2683 95 20 surgeon
1619 2676 79 21 should
1713 2676 26 20 be
1749 2675 102 28 appoint-

1273 2703 26 22 ed
1326 2703 87 22 without
1436 2703 79 27 salary,
1534 2702 54 22 such
1611 2703 151 27 appointment
1787 2702 65 28 being

1272 2730 85 27 merely
1366 2730 108 24 intended
1480 2737 23 17 as
1513 2737 13 15 a
1536 2729 118 23 certificate
1665 2730 25 21 of
1698 2732 151 24 competency;

1273 2757 39 22 the
1324 2760 86 25 parents
1424 2757 68 26 being
1506 2756 40 22 left
1559 2761 21 17 to
1597 2756 57 22 their
1668 2763 48 15 own
1731 2756 120 22 discretion

1273 2792 25 14 as
1313 2788 22 18 to
1350 2784 34 22 his
1398 2784 155 27 employment.
1581 2783 49 23 The
1646 2790 104 20 surgeons
1771 2783 81 27 charge

1273 2811 82 23 should
1364 2811 27 22 be
1400 2811 98 26 uniform,
1505 2814 27 18 .at
1546 2817 14 15 a
1573 2814 48 18 rate
1635 2813 23 18 to
1667 2810 27 21 be
1703 2810 82 27 agreed
1793 2817 59 20 upon

1273 2839 99 21 between
1380 2837 90 23 himself
1475 2837 44 22 and
1529 2837 36 22 the
1576 2837 139 22 Committee.

1373 2890 190 23 MECHANICS'
1578 2888 172 24 INSTITUTE.

117 150 176 27 COLONIAL
315 148 236 30 EXPEDIENCE.

83 210 24 24 It
123 209 20 22 is
157 205 27 26 of
197 207 46 23 the'
252 210 85 20 utmost
351 207 142 30 importance
504 209 30 19 -to
548 203 76 31 .newly

54 240 81 30 arrived
146 239 99 29 settlers,
257 239 48 24 that
316 238 54 32 they
381 238 79 24 should
471 238 57 23 have
539 237 54 23 time
602 241 23 18 to

54 279 52 22 form
118 282 13 15 a
142 273 73 23 sound
225 271 120 32 judgment
356 271 25 23 of
395 271 38 24 the
443 271 52 23 best
512 277 78 17 course
602 273 23 19 to

54 311 24 23 be
94 305 156 34 permanently
263 304 105 31 pursued,
387 304 44 23 and
441 308 38 26 yet
495 303 29 22 be
535 302 49 23 able
602 306 23 19 to

54 342 68 25 derive
141 346 14 16 a
174 336 118 33 profitable
303 341 76 19 return
399 336 57 23 from
467 336 59 27 their
544 335 82 31 capital

54 374 69 25 before
149 370 80 31 finally
257 370 113 30 investing
391 369 25 23 it.
434 373 4 3 '
452 368 26 24 If
503 367 38 24 the
565 368 61 23 bank

54 404 85 29 allowed
160 405 102 26 interest,
274 402 44 24 this
339 401 72 24 would
429 402 28 22 be
475 409 14 15 a
508 408 76 16 means
604 402 25 22 of

53 438 111 30 obtaining
174 444 15 16 a
198 436 113 23 moderate
328 439 79 18 return
414 442 7 21 ;
440 433 40 24 but
497 442 26 15 as
543 435 18 22 it
572 434 54 23 does

54 476 35 21 not
99 471 17 23 it
125 469 82 24 would-
214 469 29 23 be
254 468 50 23 well
321 468 20 23 if
355 468 40 23 the
412 466 82 31 capital
513 467 66 24 could
598 467 28 24 be

53 502 139 32 temporarily
203 501 44 24 and
268 500 101 31 securely
379 500 80 24 loaned
476 499 55 24 with
551 505 16 19 a'
576 508 50 15 rea-

53 536 85 26 sonable
158 539 107 27 prospect
283 533 27 24 of
334 534 113 30 receiving
469 533 20 23 it
508 533 69 24 when,
589 540 37 15 re-

54 569 80 33 quired,
155 567 135 31 augmented
314 566 30 31 by
364 574 14 16 a
397 566 116 25 moderate
534 571 48 18 rate
604 565 26 23 of

53 602 69 34 profit.

82 635 74 24 There
167 631 45 26 'are
233 632 86 24 several
339 633 99 30 pursuits
463 639 57 24 open
543 637 22 17 to
587 631 39 23 the

53 668 67 31 newly
130 666 90 25 arrived
240 664 85 25 settler.
370 665 27 24 If
410 664 169 32 agriculturally
590 664 36 23 in-

54 700 74 29 clined,
139 699 30 24 he
180 706 43 16 can
238 698 58 24 elect
314 698 101 24 between
425 698 65 23 stock
501 698 44 23 and
557 698 69 22 farm-

53 737 43 28 ing,
108 741 24 15 or
143 740 53 23 may
208 731 102 24 combine
321 731 70 24 them.
406 746 4 4 •
426 731 27 23 If
466 731 30 22 he
515 731 43 22 has
571 730 56 23 been

52 767 49 25 bred
115 771 21 18 to
148 771 133 22 commerce,
293 772 25 16 or
328 765 21 22 is
367 772 25 15 so
410 763 97 24 inclined*
516 772 6 20 ;
541 763 29 23 he
586 762 41 24 has

54 801 34 24 the
96 799 48 23 flax
155 798 45 23 and
210 798 101 30 coasting
322 797 69 29 trade,
403 797 37 23 the
451 797 123 29 importing
584 795 44 23 and

52 834 34 24 the
98 832 29 24 oil
133 831 112 23 'business
256 838 57 23 open
323 835 23 18 to
358 830 56 23 him.
449 829 75 27 These
536 829 29 23 he
577 836 50 23 may

53 865 90 33 proceed
155 863 54 24 with
221 871 25 15 so
259 870 53 15 soon
323 870 25 15 as
368 862 37 23 the
417 862 95 23 election
523 863 21 22 is
555 861 72 29 made,

54 899 66 25 either
130 898 25 23 in
167 896 144 31 conjunction
329 894 55 24 with
404 896 74 22 others
492 903 25 15 or
528 895 28 30 by
569 895 59 23 him-

53 932 45 25 self.
320 931 3 3 '
351 932 3 4 '

83 964 54 24 Two
149 962 78 31 things
240 968 22 17 to
274 962 28 23 be
313 961 56 32 kept
380 962 23 23 in
416 961 68 29 mind,
497 969 38 16 are
555 961 48 24 that
617 969 13 15 a

54 1005 46 18 man
113 997 19 22 is
144 1004 68 15 never
224 995 47 24 safe
290 995 53 24 here
363 995 58 23 until
440 995 35 23 his
496 1003 78 15 means
592 1002 37 16 are

54 1030 115 33 profitably
190 1028 117 31 employed
327 1029 23 22 in
374 1028 36 23 aid
433 1029 24 22 of
479 1028 133 31 production
622 1037 6 18 ;

54 1063 39 25 and
104 1063 47 23 that
164 1063 132 29 experience
308 1066 61 19 must
380 1062 27 22 be
414 1061 118 31 possessed
543 1066 22 18 to
577 1069 53 15 ren-

54 1099 35 21 der
101 1096 46 23 loss
159 1103 29 16 an
207 1095 104 30 ordinary
322 1094 58 23 risk.
416 1094 104 23 Without
537 1094 18 23 it
572 1094 58 23 what

54 1137 48 23 may
114 1129 27 23 be
153 1136 26 16 as
191 1129 48 22 safe
251 1135 24 15 as
287 1135 43 22 any
339 1127 88 31 pursuit
438 1134 42 16 can
492 1126 36 29 be,
539 1135 52 23 may
604 1127 26 23 be

55 1162 103 25 rendered
170 1169 14 16 a
195 1169 62 16 mere
268 1168 65 23 game
345 1160 24 23 of
384 1160 61 23 blind
458 1159 93 24 chance.
588 1160 42 23 We

54 1197 53 23 have
126 1194 97 31 resided^
235 1195 25 21 in
275 1193 90 23 various
384 1192 97 24 colonies
501 1193 62 23 since
574 1193 56 31 hoy-

53 1228 55 26 hood
116 1237 6 19 ;
136 1228 45 23 and
189 1227 58 24 have
259 1226 107 23 observed
378 1225 48 24 that
437 1225 78 31 nearly
526 1226 31 23 all
568 1226 62 23 those

55 1262 45 24 who
108 1261 73 23 arrive
190 1260 54 24 with
252 1259 88 32 capital,
351 1259 43 23 and
405 1266 37 16 are
452 1259 49 23 well
510 1259 121 31 supported

54 1296 27 30 by
93 1294 145 28 connexions,
250 1293 114 31 generally
376 1292 83 32 proved
476 1300 122 16 unsuccess
600 1293 10 12 r
610 1293 21 23 ul

54 1334 21 18 at
85 1336 13 14 a
108 1335 54 22 very
171 1327 62 30 early
240 1326 76 31 period
326 1334 8 20 ;
346 1325 66 23 while
420 1326 64 22 those
496 1325 48 23 who
556 1326 75 23 immi-

54 1360 82 32 grated,
149 1360 95 23 without
256 1359 62 23 those
337 1359 75 22 useful
424 1359 54 29 aids,
492 1359 57 23 after
567 1367 14 14 a
591 1359 40 23 few

56 1402 62 23 years
129 1392 145 24 commenced
285 1400 14 15 a
318 1400 76 14 career
409 1392 24 23 of
447 1399 99 16 success.
582 1392 51 23 The

54 1434 75 17 reason
142 1428 20 21 is
173 1430 75 27 pretty
262 1425 67 31 plain,
342 1425 37 22 the
400 1425 48 22 first
469 1425 58 23 class
538 1430 95 25 attempt

55 1466 21 18 to
85 1460 95 32 proceed
193 1464 23 18 to
228 1458 62 23 work
309 1458 93 23 without
421 1459 132 30 experience
564 1467 5 19 ;
589 1458 44 23 and

55 1502 30 15 we
97 1494 54 22 have
169 1491 91 24 noticed
279 1499 37 15 are
332 1498 25 16 so
369 1491 104 31 ignorant
485 1491 25 23 of
524 1492 30 22 its
566 1491 66 23 abso-

55 1528 43 22 lute
110 1531 112 24 necessity
234 1525 49 23 that
299 1530 40 17 not
358 1524 38 23 the
414 1524 104 30 slightest
536 1524 66 23 effort
613 1525 20 22 is

56 1560 61 24 made
127 1563 23 19 to
163 1566 79 15 secure
252 1559 19 22 it
287 1558 31 30 by
329 1557 114 31 attaching
462 1562 22 19 to
499 1557 58 23 their
573 1562 59 18 esta-

56 1593 131 23 blishments
199 1595 102 19 servants
315 1590 48 24 who
376 1590 55 23 have
442 1590 55 31 long
509 1590 89 24 resided
610 1592 23 22 in

56 1627 35 23 the
103 1625 87 30 colony.
198 1632 4 3 •
228 1625 47 22 Not
285 1624 54 30 only
347 1624 27 23 do
387 1623 52 31 they
449 1628 94 26 attempt
551 1630 22 17 to
581 1632 52 23 pro-

56 1659 50 24 ceed
116 1660 24 22 in
151 1659 122 29 ignorance
292 1657 143 28 themselves,
445 1657 43 23 but
506 1656 52 31 they
570 1665 63 23 carry

56 1692 51 24 with
118 1692 61 23 them
192 1695 103 19 servants
307 1691 58 22 from
377 1690 66 24 home
456 1698 24 15 as
492 1691 105 29 ignorant
609 1699 24 15 as

57 1725 139 27 themselves,
216 1724 49 23 who
285 1724 127 30 frequently
433 1731 124 23 encourage
578 1724 55 23 their

57 1759 122 31 employers
190 1763 22 17 to
226 1762 57 18 treat
303 1757 52 23 with
376 1761 113 26 contempt
505 1757 64 23 those
581 1765 52 23 pos-

57 1791 73 24 sessed
143 1790 24 24 of
183 1790 140 31 experience,
337 1789 44 24 and
391 1790 51 23 ruin
454 1790 19 23 is
485 1790 43 23 but
538 1795 38 18 too
586 1790 47 23 fre-

56 1825 89 31 quently
158 1824 38 23 the
205 1831 162 23 consequence.
403 1823 46 23 But
459 1822 65 24 those
536 1823 48 23 who
596 1832 37 15 are

57 1858 129 31 compelled,
198 1857 58 23 from
268 1857 119 29 necessity,
407 1863 22 16 to
441 1856 100 30 undergo
553 1865 27 15 an
593 1865 40 22 ap-

56 1891 157 32 prenticeship,
227 1898 37 15 are
283 1889 76 24 forced
371 1890 46 23 into
430 1898 12 15 a
457 1889 59 31 good
527 1891 105 30 position.

57 1926 64 29 They
130 1924 68 23 make
211 1924 137 23 connexions
360 1923 64 23 while
436 1923 117 31 acquiring
565 1931 68 23 expe-

56 1960 78 27 rience,
148 1958 45 22 and
205 1957 64 23 when
280 1957 22 22 in
315 1965 14 15 a
338 1956 112 23 condition
463 1961 22 18 to
497 1964 135 21 commence,

54 1992 54 22 have
120 1997 14 26 aj
144 1995 64 25 great
221 1990 122 29 advantage
355 1996 54 15 over
423 1989 62 22 those
498 1989 50 22 who
561 1990 22 21 in
598 1989 35 24 the

54 2023 126 31 possession
200 2022 26 22 of
240 2021 89 32 capital,
346 2028 40 16 are
407 2021 110 30 supposed
536 2021 30 33 by
584 2021 49 23 that

54 2056 160 24 circumstance
226 2055 64 23 alone
308 2059 22 18 to
346 2054 28 23 be
385 2054 78 32 placed
475 2055 23 22 in
510 2062 13 15 a
534 2055 99 30 position

55 2091 21 21 in
89 2089 69 23 which
170 2089 54 29 they
237 2096 50 22 may
299 2088 80 24 almost
391 2088 118 24 command
521 2095 100 16 success.

85 2122 49 23 The
147 2122 51 23 best
207 2129 78 16 course
305 2126 20 18 to
341 2122 25 22 be
379 2121 96 31 pursued
489 2121 28 29 by
529 2129 14 14 a
560 2121 72 31 newly

57 2155 84 24 arrived
152 2155 79 23 settler
244 2155 19 22 is
283 2155 50 23 first
353 2159 21 18 to
395 2154 73 22 invest
480 2154 35 22 his
528 2162 77 15 means
619 2155 18 22 if

56 2190 26 23 he
94 2197 40 16 can
155 2187 143 32 temporarily
311 2195 59 23 upon
391 2187 60 31 good
471 2188 107 29 security,
591 2188 44 22 and

57 2223 51 23 with
129 2222 37 24 the
192 2227 103 26 prospect
313 2221 25 23 of
362 2228 13 15 a
400 2220 129 24 reasonable
548 2225 85 19 return.

59 2256 102 30 Possibly
173 2255 29 24 he
219 2255 42 22 has
273 2262 62 15 come
353 2259 40 18 out
412 2254 51 23 with
480 2254 38 23 the
529 2254 106 23 determi-

58 2290 71 22 nation
142 2289 26 23 of
183 2288 114 31 following
310 2296 12 14 a
338 2287 121 31 particular
478 2288 99 30 pursuit.
613 2287 25 23 If

58 2331 31 20 so,
107 2322 27 23 he
146 2322 82 23 should
241 2321 130 24 endeavour'
379 2326 21 18 to
412 2321 51 22 loan
475 2321 36 22 his
523 2328 77 15 means
614 2326 21 18 to

60 2357 25 22 be
97 2355 116 32 employed
224 2355 25 23 in
263 2354 35 24 the
315 2361 94 16 manner
424 2354 28 23 he
464 2354 73 24 would
548 2354 87 31 employ

60 2390 55 22 them
128 2389 98 27 himself,
239 2388 43 23 and
301 2387 66 24 make
386 2396 14 14 a
416 2392 49 26 part
483 2387 26 23 of
524 2387 38 23 the
581 2395 54 15 con-

59 2423 76 23 ditions
148 2422 48 23 that
209 2422 27 23 he
254 2420 58 24 shall
332 2421 25 23 be
379 2421 105 30 occupied
497 2421 22 22 in
532 2422 104 29 superin-

59 2456 87 31 tending
167 2455 59 23 their
245 2455 143 31 application.
433 2454 57 23 This
513 2453 73 23 would
609 2454 27 23 be

59 2489 67 23 better
137 2489 55 23 than
211 2489 103 29 eutering
334 2488 45 22 into
396 2496 13 14 a
427 2487 142 31 partnership
577 2496 5 20 ;
602 2487 35 23 for

61 2523 25 31 by
98 2523 43 22 this
153 2522 66 23 mode
231 2522 38 22 the
280 2527 65 25 party
355 2521 73 23 would
440 2520 57 24 have
506 2528 14 14 a
530 2521 58 29 good
600 2528 36 15 se-

60 2557 67 29 curity
137 2556 46 22 and
195 2555 83 23 certain
290 2554 74 31 profit,
378 2554 93 23 without
490 2554 38 22 the
539 2554 98 30 liability

61 2590 22 21 of
97 2590 36 22 the
144 2589 82 23 failure
238 2588 23 23 of
278 2588 38 23 the
328 2587 159 31 undertaking,
499 2590 24 20 at
534 2587 38 23 the
583 2587 55 23 time

61 2623 25 23 he
98 2630 43 16 was
153 2622 103 31 engaged
275 2622 22 22 in
316 2621 118 30 acquiring
450 2621 39 23 the
506 2620 132 31 experience

61 2663 115 21 necessary
186 2655 37 24 for
243 2654 37 24 the
299 2655 143 30 prosecution
461 2654 24 22 of
501 2653 37 23 the
551 2654 89 30 pursuit

61 2689 48 23 with
121 2688 129 25 confidence
262 2688 42 23 and
325 2696 14 14 a
350 2686 130 25 reasonable
499 2691 106 26 prospect
617 2687 25 23 of

62 2730 92 16 success.
191 2721 99 31 Finally,
303 2720 81 24 should
396 2720 27 23 he
435 2720 26 23 be
473 2720 99 23 satisfied
586 2720 52 23 with

62 2756 34 22 the
108 2755 54 24 skill
172 2756 36 22 of
214 2755 37 23 the
263 2759 62 26 party
337 2759 22 18 to
369 2753 72 24 whom
450 2753 41 24 the
503 2753 67 24 funds
582 2761 58 16 were

62 2789 73 24 loaned
148 2789 47 23 and
211 2789 19 23 it
249 2787 80 24 should
338 2789 3 4 '
349 2787 27 23 be
392 2787 110 30 mutually
514 2787 125 31 agreeable,

62 2822 103 31 probably
177 2822 39 24 the
227 2822 49 24 best
296 2829 78 17 course
387 2820 72 25 would
476 2820 28 23 be
523 2825 24 18 to
557 2820 59 24 form
627 2829 13 14 a

62 2856 145 32 partnership.

94 2890 43 22 But
149 2888 82 24 should
242 2888 29 24 he
283 2893 39 19 not
330 2888 28 23 be
369 2887 51 24 able
431 2891 22 19 to
461 2887 52 24 loan
524 2886 36 24 his
572 2886 68 24 funds

64 2928 20 17 to
96 2931 12 14 a
118 2927 65 27 party
204 2921 107 32 occupied
332 2923 21 22 in
377 2921 37 24 the
433 2921 91 31 pursuit
541 2921 29 23 he
588 2928 52 22 may

64 2956 51 24 wish
131 2961 28 21 to.
174 2956 82 29 follow,
279 2963 32 16 we
329 2954 74 24 would
423 2954 53 24 then
497 2954 144 24 recommend

63 2988 43 24 him
118 2994 21 19 to
151 2989 56 24 loan
217 2989 68 29 them,
299 2988 80 30 taking
390 2987 73 32 ample
473 2989 107 29 security,
593 2992 23 18 to
628 2996 13 15 a

63 3027 60 27 party
134 3022 118 24 otherwise
264 3022 114 31 occupied,
391 3022 44 23 and
452 3021 68 23 make
537 3020 58 24 such
612 3029 28 15 an

65 3061 152 26 arrangement
237 3056 48 23 that
305 3056 31 30 by
346 3055 38 24 the
403 3055 77 31 period
501 3055 29 22 he
549 3055 41 22 has
602 3062 38 15 ac-

65 3090 72 29 quired
149 3088 244 31 the'knowledgewiih
404 3087 74 24 which
489 3092 22 19 to
522 3092 119 27 prosecute

66 3121 33 25 the
116 3123 89 31 pursuit
224 3123 30 24 he
272 3123 79 23 wishes
371 3126 33 19 to.
413 3121 83 29 follow,
514 3121 39 24 the
572 3121 73 24 funds'

66 3155 54 24 shall
133 3156 152 31 immediately
297 3156 27 23 be
344 3155 159 31 forthcoming.
539 3154 27 24 If
579 3162 63 16 some

67 3189 51 24 such
127 3197 81 16 course
219 3198 26 15 as
309 3189 55 23 have
376 3187 92 32 pointed
485 3192 41 19 out
536 3195 59 16 were
606 3188 36 23 in-

68 3223 94 31 variably
169 3222 113 33 jpursuedj
291 3222 47 23 loss
348 3222 60 23 from
425 3221 72 30 living
508 3229 61 23 upon
581 3221 61 30 capi-

68 3255 34 30 tal,
114 3256 87 24 instead
212 3256 25 23 of
252 3263 59 24 upon
317 3276 4 3 .
332 3256 30 23 its
380 3255 75 31 profit,
466 3254 45 24 and
526 3255 48 27 lqss
585 3255 57 23 from

68 3288 160 33 inexperience,
250 3288 72 24 would
341 3288 28 24 be
392 3287 147 31 wonderfully
560 3288 83 23 dimin-

68 3321 66 26 ished.
178 3323 121 28 However,
311 3322 21 23 if
351 3330 13 14 a
373 3323 76 29 'party
468 3321 57 23 have
542 3325 23 19 to
586 3321 58 23 elect

68 3354 94 26 between
174 3356 47 24 loss
232 3356 31 31 by
274 3356 74 29 living,
355 3355 25 23 in
398 3353 112 34 idleness,
517 3362 25 16 or
560 3354 48 24 loss
619 3355 24 23 in

67 3388 111 32 obtaining
189 3389 140 33 experience,
338 3388 36 25 bis
385 3387 76 24 choice
472 3387 82 24 should
565 3395 79 17 neces-.

68 3422 64 32 sarily
143 3423 40 23 fall
193 3431 61 26 upon
266 3422 38 24 the
322 3422 68 24 latter
402 3428 78 17 course
496 3420 26 23 of
536 3420 108 32 proceed-

68 3455 44 31 ing,
123 3456 33 23 for
168 3456 39 23 the
217 3457 52 23 first
285 3455 80 24 named
378 3455 20 23 is
410 3462 14 16 a
433 3454 47 24 loss
492 3453 49 24 that
551 3461 53 23 may
617 3454 28 22 be

69 3489 99 23 attended
179 3489 56 24 with
247 3489 37 23 the
296 3489 99 24 creation
416 3488 25 23 of
455 3487 95 23 ruinous
561 3486 83 29 habits,

68 3521 62 24 while
142 3523 37 23 the
198 3522 70 25 latter
284 3530 59 24 may.
347 3529 63 16 more
430 3517 67 34 fairly
515 3519 29 25 be
563 3516 82 31 looked;

69 3561 56 24 upon
134 3563 25 16 as
171 3563 29 16 an
212 3555 114 31 exchange
339 3556 24 23 of
379 3553 81 33 capital
478 3554 36 23 for
532 3561 14 15 a
560 3552 85 32 quality

69 3587 90 26 without
169 3586 73 27 which
254 3596 28 16 no
292 3588 132 26 .individual
435 3594 42 16 can
492 3591 47 27 put:
546 3593 42 17 one
599 3585 46 24 foot

68 3619 71 26 before
151 3622 38 23 the
200 3621 128 30 other'yritk
340 3622 80 31 safety.
503 3620 36 30 *,"'
549 3625 2 4 '
563 3644 2 4 .
616 3638 10 12 /

130 3685 79 24 NEW
226 3682 163 28 ZEALAND
414 3682 197 28 COMPANY.

1300 2939 49 22 The
1354 2937 132 24 -foundation
1497 2940 62 19 stone
1568 2937 27 21 of
1606 2937 36 21 the
1652 2944 48 15 new
1712 2935 99 28 building
1820 2937 36 21 for

1274 2973 105 21 purposes
1396 2964 23 23 of
1434 2964 38 22 the
1487 2964 72 21 above
1574 2963 110 27 Institute,
1704 2970 42 14 was
1761 2963 47 21 laid
1825 2970 28 15 on

1275 2993 81 28 Friday
1366 2992 46 26 last,
1422 2992 37 21 the
1465 3014 4 8 (
1473 2991 48 23 3r.d.
1531 2991 58 27 inst.,
1607 2991 30 26 by
1645 2990 34 21 his
1690 2990 79 22 Honor
1780 2991 74 26 Major

1275 3018 132 27 Richmond,
1427 3017 186 29 Superintendent
1639 3017 26 22 of
1679 3017 36 22 the
1741 3017 109 22 Southern

1275 3046 101 23 Division
1387 3045 25 23 of
1418 3045 54 22 New
1484 3041 108 26 Zealand*
1601 3043 51 23 with
1665 3043 71 28 grand
1750 3043 104 22 Masonic

1275 3072 102 24 honour's.

1280 3111 2 5 '
1301 3104 56 24 Thi3
1364 3104 64 23 novel
1435 3103 55 27 an,d.
1491 3102 106 27 certainly
1605 3102 128 27 interesting
1743 3102 110 27 spectacle

1276 3140 63 15 arose
1348 3131 72 27 out/of
1426 3130 37 24 the
1471 3129 115 27 following
1595 3128 159 23 circumstance
1762 3136 37 15 ;—

1303 3161 108 24 Amongst
1421 3158 36 21 the
1470 3156 127 29 gentlem%n
1613 3155 48 22 who
1675 3155 56 22 have
1739 3156 70 21 taken
1827 3163 28 15 an

1277 3186 71 23 active
1359 3189 47 24 part
1414 3185 24 23 in
1444 3184 123 27 promoting
1575 3183 38 21 the
1621 3182 96 22 erection
1723 3182 27 22 of
1757 3182 38 22 the
1806 3189 53 15 new

1276 3213 103 22 Institute
1390 3216 42 19 Was
1442 3210 44 22 Mr.
1498 3210 56 22 Wm.
1565 3210 72 26 Lyon.
1665 3209 53 23 This
1727 3210 127 26 gentleman

1276 3239 77 24 stands
1369 3238 53 28 high
1432 3237 60 22 iwith
1511 3236 38 23 the
1567 3236 105 22 Masonic
1687 3236 60 28 body
1764 3236 25 22 of
1804 3237 53 21 Port

1277 3266 130 27 Nicholson,
1416 3264 45 22 and
1472 3264 84 22 indeed
1564 3263 56 23 with
1633 3263 39 23 the
1686 3265 87 20 settlers
1789 3270 67 20 gene-

1275 3291 64 30 rally,
1350 3291 47 24 and
1409 3291 16 23 it
1434 3298 46 15 was
1489 3290 112 24 therefore
1613 3290 108 28 proposed
1731 3290 23 22 in
1764 3290 95 31 compli-.

1277 3325 63 18 ment
1350 3324 26 21 to.
1390 3319 50 25 him,
1459 3321 23 18 to
1491 3317 56 24 have
1561 3317 38 22 the
1616 3323 117 22 ceremony
1743 3317 27 21 of
1783 3316 75 28 laying

1277 3347 37 22 the
1332 3345 127 24 foundation
1475 3347 70 24 stone,
1562 3344 127 28 performed
1700 3343 118 27 according
1834 3347 22 18 to

1277 3373 60 23 rules
1345 3373 44 23 and
1397 3372 71 24 forms.
1472 3371 26 22 of
1509 3372 38 24 the
1578 3370 72 23 roistic
1744 3370 48 22 The
1802 3370 52 22 idea

1277 3407 46 16 was
1336 3398 96 28 eargeily
1435 3398 89 26 -caught
1538 3405 36 20 up,
1585 3401 40 18 not
1639 3397 51 30 only
1698 3397 29 27 by
1738 3397 37 23 the
1793 3396 65 22 Free-

1277 3434 93 19 masons,
1374 3427 40 23 but
1423 3426 32 26 by,
1461 3424 154 26 theßrqtbren
1622 3424 24 22 of
1654 3424 37 23 the
1701 3424 158 27 Independent

1277 3450 106 26 Order'bf
1390 3451 49 23 Odd
1448 3451 102 27 Fellpw.B,
1561 3451 46 24 and
1616 3451 37 22 the
1661 3451 154 23 .Rechabites..

1282 3500 2 4 ,
1305 3476 148 30 Accordingly
1464 3484 29 16 on
1503 3478 37 22 the
1551 3478 105 27 morning
1665 3477 26 22 of
1701 3477 39 22 the
1747 3477 40 23 3rd
1796 3477 60 26 inst,,

1277 3507 38 23 the
1327 3506 86 23 various
1422 3505 75 22 bodies
1506 3505 124 23 assembled
1639 3505 23 22 in
1672 3504 56 22 their
1736 3504 122 27 respective

1277 3533 96 28 Lodges,
1384 3532 43 23 and
1435 3532 131 27 proceeded;
1569 3535 23 19 to
1603 3531 82 24 Todd's
1694 3535 65 21 store,
1771 3530 87 22 Tborn-

1277 3561 122 28 don-quay,
1411 3565 73 20 wpere
1500 3559 53 27 they
1569 3563 61 24 w;©re,
1638 3561 45 21 met
1691 3558 29 27 by
1735 3558 38 22 the
1789 3558 67 22 Com-

1277 3588 77 22 mittee
1365 3586 34 27 ,of
1402 3608 4 5 .
1418 3585 36 22 the
1475 3585 111 28 Institute,
1606 3585 45 24 and
1670 3584 34 23 his
1721 3584 90 23 Honor'
1821 3584 38 23 the.

1278 3612 204 30 Superintendent.,

1282 3639 3 10 '
1306 3650 82 22 Atone
1399 3646 83 23 o'clock
1491 3646 36 25 the
1531 3646 138 28 -procession'
1675 3645 79 22 moved
1764 3645 95 22 towards

1277 3674 134 31 theigrbund
1420 3679 27 16 on
1459 3668 79 27 which'
1545 3674 36 21 the
1592 3680 49 15 new
1651 3672 101 27 building
1768 3672 20 22 is
1799 3676 24 17 to
1832 3672 27 21 be

1278 3702 96 27 erected,
1385 3702 23 21 in
1414 3700 40 23 (the
1463 3700 115 28 following
1586 3700 66 22 order
1660 3707 14 14 r-
1674 3702 4 13 1
1678 3710 24 5 --
1715 3711 3 4 •
1809 3708 4 5 '
1832 3709 3 3 •
1853 3701 5 6 '

1283 3729 3 8 '
1296 3734 30 15 •!'»
1343 3738 12 10 >l
1371 3737 3 9 '
1447 3737 2 5 '
1489 3737 3 5 '
1503 3732 135 22 Constables'
1657 3735 1 6 1
1665 3734 4 7 '
1682 3738 4 4 '
1705 3733 4 6 '
1785 3747 3 6 .
1835 3747 23 9 .k
1856 3734 3 5 v

1303 3771 40 4 -•-
1366 3769 3 3 -
1409 3770 2 3 •
1520 3770 3 3 •
1540 3759 65 22 Band
1651 3763 5 6 <
1666 3757 9 12 v
1689 3761 16 12 «'
1755 3763 19 5 -
1786 3762 3 5 •
1825 3760 12 26 .'
1854 3758 4 9 '

1279 3787 59 28 (The
1352 3786 166 28 Independent
1526 3786 71 22 Order
1607 3786 26 22 of
1644 3783 136 25 Rechabites.
1792 3781 67 34 viz.^)

1283 3823 2 18 ;
1324 3836 3 6 (
1364 3812 5 15 •'
1446 3817 4 9 l
1461 3810 26 25 :
1522 3812 99 23 'Banner
1636 3819 3 4 •
1663 3808 60 14 ''■"
1742 3815 10 25 ;'
1794 3813 50 29 ';"'J
1853 3810 6 31 ^

1302 3836 29 20 •ul
1346 3836 117 28 '-vA-Teirfc
1479 3837 118 29 supported
1613 3840 27 26 by
1651 3836 52 24 fouV
1712 3838 53 28 boys
1781 3835 39 11 '""
1849 3852 10 12 

1299 3864 119 27 .-.r-rV'
1444 3876 5 4 -
1484 3874 4 4 •
1499 3864 65 24 Chief
1566 3865 80 28 Mer;
1661 3862 11 13 0
1680 3863 25 28 \''
1715 3862 4 9 '
1738 3853 16 20 *
1845 3886 3 4 .

1282 3893 3 8 1
1300 3895 70 23 I'Past
1378 3893 66 23 Chief
1550 3892 5 11 :
1560 3890 188 30 '*D.epiity;ChJef
1757 3889 71 27 Ruler
1831 3890 26 29 V

1282 3923 4 4 •
1419 3917 123 30 /Scribe,'.
1558 3908 146 38 '-'Secretary;
1727 3915 6 11 ''
1741 3918 11 9 U
1762 3914 97 32 ':.V,-,

1852 143 56 27 (The
1918 143 152 28 Independent
2079 144 72 25 Order
2158 144 25 23 of
2194 144 57 26 Odd,
2257 145 100 27 Fellows,
2368 147 55 27 viz.)

1889 174 3 8 '
1938 168 4 5 '
2098 170 90 23 Banner

1889 199 91 26 '-j.;V
2005 212 4 6 *
2021 197 24 28 A
2045 203 32 16 tm
2077 198 48 29 ?°*'
2131 201 9 18 t
2140 196 125 32 kj?:k£dge..
2264 219 5 9 J
2279 214 7 10 ..
2307 213 15 13 if

1870 226 3 4 '
1961 220 3 5 '
1974 221 83 29 Tyleri,
2068 223 52 22 with
2131 221 80 24 drawn'
2213 222 100 24 swords.'

1869 250 5 10 '
1999 249 94 22 Warden
2101 250 54 21 with
2163 249 70 24 broad
2242 257 42 15 axe

1879 273 113 24 Members
2001 274 26 22 of
2032 275 36 22 the
2077 276 49 21 first
2135 277 84 26 degree,
2230 276 53 25 (two
2291 277 44 21 and
2344 278 52 26 two)

1925 300 143 28 Conductors,
2079 302 53 21 with
2142 303 62 22 Bible
2213 303 45 22 and
2268 297 89 28 Chalice

1854 327 112 23 Members
1976 327 25 21 of
2014 327 37 22 the
2060 327 84 23 second
2159 328 83 28 degree,
2254 329 51 26 (two
2315 329 46 22 and
2373 330 52 26 two)

1942 355 125 25 .Secretary,
2079 353 51 23 with
2138 353 94 28 insignia
2241 356 25 21 of
2273 355 65 23 office

1953 380 104 27 Surgeon,
2069 380 52 21 with
2131 381 52 21 staff
2187 381 45 22 and
2241 385 88 24 serpent

1881 407 123 26 Supporter,
2060 405 56 23 Vice
2127 406 82 27 Grand,
2264 409 126 27 Supporter,

1874 432 112 23 Members
1995 432 23 22 of
2027 431 38 23 the
2074 431 61 23 third
2143 432 85 28 degree,
2240 433 51 27 (two
2302 435 43 22 and
2355 436 51 26 two)

2099 459 89 21 Banner

1877 485 124 28 Supporter,
2056 485 74 23 Noble
2142 485 83 27 Grand,
2281 487 123 27 Supporter,

1855 511 52 23 Past
1917 511 83 28 Grand,
2051 511 78 23 Grand
2140 511 90 27 Master,
2281 512 52 22 Past
2343 513 82 23 Grand.

1882 539 47 21 The
1939 537 161 23 Schoolmaster
2110 538 26 22 of
2143 538 134 22 Mechanics'
2290 539 110 22 Institute.

1918 564 102 22 Children
2030 565 25 21 of
2062 564 38 22 the
2109 564 74 22 school
2194 564 52 27 (two
2256 565 45 21 and
2310 566 51 25 two)

1892 591 110 22 Members
2012 591 24 21 of
2044 591 36 21 the
2090 591 130 22 Committee
2232 591 52 26 (two
2294 591 45 23 and
2349 593 52 25 two)

1857 617 123 22 Reverends
1998 617 22 22 J.
2040 617 136 27 M'Farlane,
2202 618 23 21 S.
2253 617 106 27 Ironside,
2385 618 46 22 and

2056 643 23 22 J.
2094 644 138 22 Woodward.

1858 670 42 22 His
1915 670 80 22 Honor
2013 669 73 28 Major
2102 670 123 22 Richmond
2233 678 6 19 ;
2257 670 38 22 the
2319 670 111 23 Assistant

2029 696 101 22 Colonial
2139 697 119 27 Secretary.

1950 722 112 28 Secretary
2072 723 136 22 Mechanics'
2221 723 109 22 Institute.

1887 771 4 2 .
1912 748 54 27 (The
1983 748 87 28 Society
2087 750 26 21 of
2129 749 136 24 Fremasons.
2284 750 84 22 viz.^—
2369 750 9 26 )

1987 775 67 27 Tyler
2064 776 63 26 (with
2137 776 72 22 drawn
2218 775 80 27 sword)

1859 800 96 26 Marshal
1965 802 24 20 of
2001 802 135 21 ceremonies
2248 802 116 23 Architect

1906 840 6 2 -
1939 827 62 27 (with
2010 828 73 22 baton.
2220 828 101 27 (bearing
2331 829 74 27 plat*.)

1952 854 96 27 Viaiting
2056 854 105 24 brethren
2173 854 53 26 (two
2237 854 44 22 and
2291 858 52 24 two)

2004 882 115 26 Secretary
2171 877 129 26 Treasurer'

1938 907 77 22 Senior
2024 907 93 23 Deacon
2176 907 78 22 Junior
2265 908 90 22 Deacon

1887 934 76 23 Senior
1982 933 98 23 Warden
2215 934 81 22 Junior
2312 934 95 23 Warden

1914 960 60 28 (with
1983 960 75 27 level.)
2195 960 72 27 (With
2282 960 75 28 plumb
2368 962 65 27 rule.)

2013 987 93 23 Brother
2117 987 63 25 (with
2188 987 93 25 mallet.)

1861 1014 106 22 Stewards
2004 1014 47 22 The
2062 1013 134 28 Worshipful
2206 1014 85 22 Master
2328 1014 106 23 Stewards

1887 1041 28 21 Se
1917 1040 68 22 wards
2068 1040 67 23 Inner
2145 1040 76 22 Guard
2302 1040 107 23 Stewards

1889 1072 34 21 On
1933 1072 94 26 arriving
2038 1079 27 14 on
2077 1072 38 21 the
2126 1071 83 27 ground
2226 1071 37 21 the
2279 1072 118 22 Reverend
2415 1072 23 23 J.

1863 1098 128 22 M'Farlane
2001 1098 83 22 offered
2091 1106 30 20 up
2137 1105 77 21 prayer
2229 1098 22 22 in
2268 1098 34 21 his
2315 1098 64 22 usual
2394 1099 45 21 elo-

1863 1128 68 24 quent
1941 1125 44 22 and
1999 1126 127 27 impressive
2143 1132 99 14 manner.
2279 1125 65 21 After
2359 1124 78 28 which,

1863 1151 37 23 the
1920 1152 64 26 plate,
2004 1152 90 26 bearing
2112 1151 38 23 the
2173 1151 111 27 following
2306 1152 131 27 inscription,

1862 1178 128 28 beautifully
2009 1178 112 27 engraved
2139 1178 29 27 by
2191 1178 44 22 Mr.
2260 1178 108 26 Marriott,
2393 1186 44 14 was

1862 1206 115 26 presented
1992 1209 22 17 to
2030 1205 43 22 His
2088 1205 84 27 Honor,
2189 1205 49 21 who
2257 1204 115 28 deposited
2388 1204 17 22 it
2415 1206 23 21 in

1863 1232 37 21 the
1909 1232 70 21 under
1988 1235 62 18 stone
2056 1239 7 14 :
2065 1242 27 5 —

1953 1260 171 20 commemorate
2134 1257 37 22 the
2180 1258 97 21 erection
2293 1257 24 22 of
2334 1258 37 21 the
2388 1257 52 22 Port

1864 1285 122 22 Nicholson
1997 1284 136 22 Mechanics'
2146 1284 109 27 Institute,
2262 1284 78 22 Public
2350 1284 87 27 School,

1865 1312 45 21 and
1919 1312 98 26 Library.
2053 1311 54 23 This
2126 1314 62 19 stone
2205 1317 43 15 was
2268 1310 44 21 laid
2328 1310 55 28 May
2391 1310 49 28 3rd,

1865 1338 59 22 A.D.
1944 1339 59 25 1844,
2022 1337 54 22 Mra,
2099 1337 27 21 of
2146 1337 103 26 Masonry
2268 1337 61 27 5844^
2348 1337 31 27 by
2397 1336 44 23 His

1867 1365 78 21 Honor
1964 1364 73 28 Major
2051 1364 141 25 -Richmond,
2214 1363 187 26 Superintendent
2418 1364 28 21 of

1865 1391 37 22 the
1913 1391 106 22 Southern
2030 1390 95 23 division
2135 1390 24 21 of
2168 1390 55 22 New
2232 1389 105 27 Zealand,
2348 1390 93 22 assisted

1865 1418 31 26 by
1907 1418 34 21 the
1952 1417 126 27 worshipful
2089 1421 80 18 master
2185 1416 44 22 and
2246 1416 103 22 brethren
2367 1417 25 22 of
2402 1416 39 23 the

1866 1444 56 22 New
1936 1444 98 22 Zealand
2054 1444 81 22 Pacific
2151 1443 74 27 Lodge
2242 1444 25 21 of
2277 1443 99 23 Ancient
2385 1443 56 23 Free

1866 1470 44 23 and
1920 1471 112 27 Accepted
2042 1471 99 26 Masons,
2152 1470 23 22 in
2180 1477 105 21 presence
2295 1470 26 21 of
2331 1470 37 21 the
2377 1470 65 22 Com-

1866 1498 74 22 mittee
1955 1498 26 21 of
2000 1500 157 24 management
2172 1496 43 23 and
2232 1496 110 22 members
2361 1496 25 22 of
2403 1496 38 22 the

1867 1524 109 26 Institute,
1988 1524 42 22 and
2042 1524 36 21 the
2095 1522 153 29 Independent
2265 1522 71 22 Order
2352 1523 25 22 of
2390 1523 52 22 Odd

1867 1551 112 22 Fellows.*
2008 1550 80 22 Patron
2090 1561 28 5 —
2119 1550 42 21 His
2171 1549 148 27 Excelleacey
2328 1549 116 22 Governor

1868 1578 100 26 Fitzroy:
2003 1577 143 22 President—
2148 1575 91 23 Colonel
2254 1575 37 22 W.
2310 1575 132 25 Wakefield;

1868 1604 35 22 W.
1920 1604 118 27 Swainson,
2058 1604 61 27 Esq.,
2139 1603 86 27 F.R.S.,
2233 1603 9 20 1
2254 1615 56 22 yice
2319 1615 124 24 Presdenta>

1870 1631 33 21 W.
1919 1631 69 27 Lyon,
2001 1631 60 27 Esq.,
2232 1635 11 21 J

1868 1658 23 21 J.
1907 1657 30 23 H.
1954 1657 103 27 Wallace,
2074 1656 61 28 Esq.,
2152 1656 129 22 Treasurer:
2319 1655 45 22 Mr.
2385 1655 59 23 John

1868 1683 110 28 Knowles,
1990 1684 114 26 Secretary
2112 1691 6 14 :
2137 1683 32 22 W.
2180 1684 28 21 A.
2219 1684 91 26 Cooper,
2322 1682 120 23 Architect.

1896 1710 46 22 The
1953 1711 57 21 level
2020 1710 45 22 and
2074 1710 78 27 plumb
2161 1709 57 22 rules
2228 1717 58 14 were
2292 1708 53 23 then
2355 1708 87 23 handed

1870 1740 23 19 to
1903 1738 36 21 the
1954 1736 126 29 worshipful
2094 1740 82 18 master
2187 1743 82 20 mason,
2289 1735 54 27 who,
2363 1735 83 28 having

1870 1764 85 28 applied
1965 1764 67 27 them,
2145 1763 66 24 Your.
2221 1764 85 25 Honor,
2322 1762 12 22 I
2348 1762 56 22 have
2422 1767 22 18 to

1869 1790 81 23 inform
1969 1798 45 20 you
2033 1790 47 22 that
2096 1790 38 22 the
2152 1794 61 18 stone
2232 1790 18 21 is
2266 1789 49 23 well
2330 1789 46 21 and
2386 1789 57 27 truly

1981 1818 33 21 To
2041 1816 71 23 which
2131 1816 33 22 his
2183 1816 80 24 Honor
2280 1815 90 28 replied,
2390 1816 57 23 after

1870 1844 109 27 knocking
1999 1844 36 21 the
2051 1847 64 19 stone
2132 1842 51 23 with
2201 1843 38 22 the
2257 1842 84 27 trowel,
2362 1843 24 21 in
2405 1842 38 22 the

1869 1871 112 27 following
1992 1870 69 22 words
2068 1879 5 14 :
2075 1882 28 4 —

1922 1898 10 22 I
1951 1898 58 22 have
2027 1898 68 22 much
2110 1897 99 28 pleasure
2231 1895 97 23 afforded
2350 1903 37 15 me
2403 1896 44 22 this
2470 1903 4 5 ■

1871 1924 51 28 day,
1933 1925 22 22 in
1962 1924 101 28 assisting
2073 1928 22 19 to
2103 1924 38 31 lay
2152 1924 36 21 the
2204 1922 129 23 foundation
2349 1928 61 17 stone
2425 1924 26 21 of

1872 1952 26 21 of
1909 1959 23 14 so
1952 1951 101 22 valuable
2069 1959 13 14 a
2098 1950 103 27 building
2219 1957 25 14 as
2258 1950 38 21 the
2312 1949 136 23 Mechanics'

1872 1978 109 26 Institute,
1995 1985 27 14 an
2035 1978 103 22 Institute
2148 1977 71 22 which
2233 1976 40 22 has
2288 1975 88 33 already
2391 1976 58 22 done

1872 2004 66 21 much
1947 2004 130 28 good,,.art4.
2076 2004 74 24 which
2150 2004 89 26 .Xtrust
2253 2002 54 25 will,
2312 2008 105 17 continue
2426 2007 23 17 to

1872 2030 63 22 effect
1945 2030 67 21 much
2022 2037 60 14 more
2093 2030 64 21 when
2168 2028 42 23 this
2220 2026 100 29 building
2325 2028 58 21 shall
2392 2028 56 22 have

1874 2057 53 22 been
1948 2056 94 23 erected.
2079 2056 49 23 Not
2146 2056 52 27 only
2214 2055 53 22 does
2282 2054 48 22 that
2344 2055 104 22 Institute

1872 2083 69 22 afford
1951 2089 21 16 to
1983 2083 132 22 mechanics'
2127 2089 28 15 an
2165 2081 176 29 opportanityNjf
2350 2081 98 22 increas-

1872 2111 40 25 ing
1921 2110 55 22 their
1987 2117 48 14 own
2046 2110 135 26 knowledge,
2192 2109 40 22 but
2241 2107 102 29 provides
2352 2115 14 14 a
2373 2115 75 15 means

1873 2138 26 20 of
1910 2137 129 22 instruction
2050 2138 34 21 for
2096 2137 56 21 their
2166 2135 111 27 children;
2294 2135 43 21 and
2354 2135 19 21 it
2388 2135 61 27 gives

1874 2171 35 14 me
1919 2167 59 23 great
1988 2164 98 27 pleasure
2096 2166 23 19 to
2129 2164 27 21 be
2167 2163 49 21 able
2221 2166 23 17 to
2250 2165 57 18 state
2314 2161 47 22 that
2369 2162 80 27 during

1874 2190 37 21 the
1921 2191 46 22 first
1975 2198 64 19 years
2049 2190 26 21 of
2085 2191 27 20 its
2128 2188 166 23 establishment
2309 2190 33 23 90,
2359 2189 43 21 and
2420 2188 26 22 in

1873 2217 27 21 its
1910 2217 80 22 second
2000 2219 39 20 110
2055 2217 100 22 children
2169 2216 57 21 have
2240 2215 102 22 received
2357 2215 92 22 instruc-
2474 2213 3 28 )

1873 2244 46 21 tion
1928 2245 55 21 from
1993 2244 27 21 its
2030 2248 88 18 master.
2149 2243 48 21 Ido
2209 2241 108 28 sincerely
2328 2241 64 28 hope,
2402 2242 48 21 that

1874 2270 43 22 this
1926 2271 99 27 building
2034 2270 43 22 will
2086 2270 86 32 rapidly
2183 2270 25 21 be
2218 2268 131 28 completed,
2362 2268 47 22 that
2418 2276 30 14 no

1874 2297 64 27 delay
1953 2305 51 20 may
2021 2297 49 22 take
2087 2296 62 28 place
2164 2296 23 22 in
2203 2303 56 20 your
2275 2295 98 27 availing
2385 2303 68 20 your-

1874 2324 70 22 selves
1954 2324 24 22 of
1990 2324 37 22 the
2037 2328 61 22 great
2107 2323 59 27 good
2176 2324 18 21 it
2202 2322 63 22 seeks
2275 2324 23 19 to

1902 2352 35 21 On
1954 2351 77 22 behalf
2048 2350 25 22 of
2093 2350 38 22 the
2152 2350 89 22 Masons
2259 2349 38 21 the
2317 2349 138 27 Worshipful

1876 2377 83 23 Master
1967 2377 98 22 thanked
2079 2376 35 23 his
2131 2377 79 22 Honor
2220 2376 33 22 for
2269 2375 34 22 his
2318 2376 133 22 attendance

1876 2404 43 22 this
1929 2404 48 28 day.

1903 2431 42 22 Mr.
1956 2433 22 20 J.
1988 2430 132 23 Woodward
2131 2430 52 22 then
2192 2429 129 27 addressing
2330 2429 36 22 his
2372 2429 79 22 Honor

1875 2458 54 26 said,
1944 2458 46 22 The
2002 2458 130 22 Committee
2147 2457 26 22 of
2185 2457 36 21 the
2238 2456 136 21 Mechanics'
2386 2456 67 21 Insti-

1876 2489 46 18 tute
1933 2485 55 21 have
1999 2484 94 28 deputed
2110 2491 35 14 me
2160 2487 21 18 to
2197 2489 89 21 express
2296 2485 21 19 to
2331 2489 53 20 you,
2394 2482 58 23 their

1875 2519 63 14 sense
1948 2512 25 21 of
1986 2512 37 21 the
2032 2510 122 28 obligation
2168 2510 51 27 they
2229 2516 38 15 are
2281 2509 71 22 under
2361 2512 22 19 to
2397 2516 57 20 your

1877 2538 85 27 Honor,
1976 2538 34 22 for
2024 2538 37 21 the
2075 2541 49 24 part
2135 2544 43 20 you
2188 2537 56 21 have
2253 2535 66 22 taken
2326 2536 23 21 in
2359 2535 37 22 the
2402 2543 50 21 per-

1875 2565 112 22 formance
1999 2565 22 21 of
2034 2564 43 22 this
2093 2564 52 27 day.
2182 2563 27 22 In
2225 2562 108 27 thanking
2347 2569 51 21 you,
2415 2563 37 22 the

1876 2592 169 27 representative
2054 2592 26 21 of
2086 2591 35 22 his
2136 2590 141 26 Excellency,
2289 2589 58 21 their
2362 2589 89 27 Patron,

1877 2618 52 27 they
1939 2620 78 21 almost
2032 2618 42 22 feel
2090 2618 53 26 they
2153 2624 36 15 are
2205 2617 40 22 but
2258 2613 108 30 thanking
2381 2616 72 22 them-

1877 2645 76 26 selves,
1970 2646 41 21 but
2024 2645 52 27 they
2090 2645 43 26 beg
2150 2648 22 17 to
2187 2651 73 15 assure
2270 2650 50 19 you,
2337 2643 49 21 that
2401 2643 54 27 they

1877 2672 104 28 cordially
1992 2672 44 21 and
2053 2671 87 27 heartly
2149 2670 155 26 acknowledge
2318 2676 55 20 your
2389 2669 66 22 kind-

1877 2706 57 20 n«ss,
1949 2700 24 21 in
1988 2698 91 28 lending
2088 2705 55 21 your
2154 2700 149 19 countenance
2312 2696 43 22 and
2366 2700 90 24 support

1878 2730 23 17 to
1915 2726 58 22 them
1988 2725 43 22 this
2048 2725 49 27 day.
2126 2725 33 22 To
2177 2731 44 21 you
2237 2723 125 28 gentlemen
2379 2724 25 20 of
2416 2723 38 22 the

1879 2753 102 22 Masonic
1990 2752 69 28 Body,
2071 2752 53 28 they
2133 2755 75 18 return
2219 2750 57 23 their
2286 2750 86 26 thanks;
2382 2754 20 17 to
2413 2757 44 20 you

1879 2781 125 26 gentlemen
2014 2780 26 21 of
2047 2780 37 21 the
2094 2778 72 22 Order
2175 2778 25 21 of
2210 2777 53 23 Odd
2272 2777 98 26 Fellows,
2383 2777 73 22 whose

1880 2806 149 28 self-imposed
2039 2806 54 31 duty
2098 2805 43 22 and
2154 2804 101 29 privilege
2266 2804 16 21 it
2289 2804 19 21 is
2317 2807 22 18 to
2346 2803 29 22 do
2385 2803 70 27 good;

1881 2838 22 17 to
1912 2840 50 21 you,
1972 2833 109 22 followers
2091 2832 25 22 of
2124 2832 37 21 the
2170 2830 86 23 faithful
2267 2837 51 15 sons
2326 2830 25 21 of
2358 2830 97 27 Rechab;

1880 2871 28 5 —
1908 2864 23 18 to
1939 2867 44 20 you
1994 2860 35 26 all,
2041 2860 36 21 the
2086 2858 130 23 Committee
2227 2861 75 18 return
2313 2856 56 22 their
2377 2857 80 22 unani-

1882 2895 61 14 mous
1953 2886 46 23 and
2008 2887 62 21 heart
2079 2885 41 22 felt
2129 2884 84 23 thanks.

1910 2914 34 22 On
1955 2913 78 22 behalf
2035 2913 25 21 of
2067 2912 36 22 the
2115 2912 51 22 Odd
2176 2910 92 23 Fellows
2274 2910 36 22 the
2316 2910 63 22 Most
2385 2910 72 23 Noble

1884 2940 81 28 Grand,
1974 2939 105 23 rtturned
2094 2938 35 23 his
2146 2938 77 22 Honor
2237 2937 37 22 the
2289 2937 80 21 thanks
2380 2937 24 22 of
2411 2937 48 22 that

1882 2968 63 27 body.
1974 2967 52 22 And
2040 2973 28 15 on
2084 2965 78 23 behalf
2169 2965 25 22 of
2205 2964 37 22 the
2252 2964 72 22 Order
2334 2963 25 22 of
2371 2963 87 22 Recha-

1883 2995 60 26 bites,
1955 2994 37 22 the
2003 2994 51 21 Past
2063 2992 67 23 Chief
2138 2992 73 26 Ruler,
2219 2990 98 23 thanked
2324 2989 37 23 his
2371 2991 85 21 Honor.

1882 3021 72 23 Three
1969 3020 77 23 cheers
2056 3027 57 14 were
2129 3019 66 27 given
2207 3018 35 22 for
2258 3018 37 21 the
2306 3017 103 22 Institute
2418 3017 42 22 fol-

1882 3047 69 23 lowed
1960 3048 29 29 by
1999 3047 72 22 others
2084 3048 34 20 for
2129 3046 33 21 his
2178 3044 134 27 Excellency
2326 3044 38 21 the
2375 3044 85 25 Gover-

1882 3081 47 19 nor,
1949 3074 43 22 His
2010 3074 79 22 Honor
2105 3072 74 28 Major
2194 3070 132 27 Richmond,
2343 3071 37 20 the
2395 3070 65 22 Band

1883 3101 78 27 played
1976 3100 37 22 the
2302 3096 45 22 and
2362 3096 37 25 the
2408 3104 51 20 pro-

1883 3128 82 22 cession
1974 3125 111 24 reformed
2095 3125 45 22 and
2147 3123 148 29 accompaned
2304 3123 34 22 his
2348 3123 78 22 Honor
2435 3126 24 19 to

1882 3154 35 22 his
1926 3154 75 26 house,
2012 3154 56 21 from
2085 3152 90 22 whence
2190 3152 37 21 the
2242 3150 85 22 various
2340 3150 76 21 bodies
2425 3157 35 15 re-

1883 3182 56 22 tired
1948 3184 22 19 to
1979 3180 58 23 their
2046 3179 122 28 respective
2178 3178 94 26 Lodges.

1911 3208 27 23 In
1958 3208 37 22 the
2014 3206 95 28 evening
2126 3205 36 22 the
2181 3204 143 23 Freemasons
2340 3203 45 22 and
2402 3203 60 24 their

1883 3234 83 24 friends
1985 3234 66 23 dined
2069 3238 23 16 at
2112 3231 57 24 their
2185 3231 83 27 Lodge,
2286 3231 37 22 the
2334 3230 128 29 worshipful

1884 3260 112 25 masterMn
2012 3260 37 23 the
2061 3260 70 22 chair.
2167 3258 46 23 The
2234 3258 64 23 usual
2314 3257 60 28 loyal
2390 3260 68 19 toasts

1884 3288 44 23 and
1945 3288 63 23 those
2025 3286 139 28 appropriate
2183 3290 22 17 to
2225 3285 37 22 the
2284 3285 102 24 occasion
2404 3291 56 15 were

1884 3314 70 24 drank
1964 3314 53 23 with
2027 3314 57 21 their
2093 3312 64 23 usual
2167 3311 88 27 feeling.

1911 3342 47 23 The
1969 3341 50 22 Odd
2028 3340 93 24 Fellows
2129 3339 46 22 and
2183 3339 58 22 their
2248 3337 83 23 friends
2341 3337 47 22 also
2394 3337 68 22 dined

1884 3368 99 28 together
1994 3372 23 18 at
2025 3366 57 23 their
2090 3366 84 26 Lodge,
2185 3366 36 21 the
2233 3365 60 22 Moit
2305 3364 71 22 Noble
2385 3363 77 22 Grand

1885 3396 22 22 in
1920 3396 36 21 the
1967 3394 67 23 chair.
2063 3394 66 21 After
2139 3393 36 22 the
2185 3391 59 23 cloth
2253 3398 45 15 was
2303 3390 109 27 removed,
2423 3390 44 22 the'

1884 3422 62 23 usual
1955 3421 59 28 loyal
2022 3436 3 4 .
2031 3424 74 24 toasts,
2121 3420 99 26 together
2236 3418 53 22 with
2305 3417 61 22 those
2371 3429 2 5 ■
2382 3417 24 21 of
2423 3416 39 23 the

1964 3448 131 23 Committee
2104 3446 27 23 of
2138 3447 37 22 the
2183 3443 138 25 Mechanics'

1907 3476 47 23 The
1964 3475 55 22 Free
2031 3474 46 24 and
2091 3472 106 29 accepted
2209 3472 92 22 Masons
2315 3471 27 24 of
2355 3469 107 28 Welling-
2468 3486 7 8 .

1957 3502 45 24 and
2013 3501 89 23 several,
2107 3498 68 25 other'
2180 3499 132 22 toasts'-were
2322 3496 70 23 drank
2408 3496 54 22 with

1886 3530 75 28 hearty
1970 3528 57 28 good
2037 3528 49 22 will.
2093 3527 56 23 -Mr:
2161 3526 104 22 Marriott
2272 3523 73 28 acting
2361 3528 25 16 as
2394 3526 70 18 toast-

1886 3561 86 22 master,
1983 3556 71 21 whose
2065 3554 77 26 ability
2151 3554 30 21 in'
2189 3552 42 21 this
2245 3554 86 24 respect
2346 3549 117 23 reminded

1886 3591 27 15 us
1921 3583 26 23 of
1957 3588 40 18 our
2013 3582 45 25 old;,
2063 3581 73 25 friend
2279 3577 49 22 well
2342 3577 81 22 known
2438 3580 25 18 to

1887 3616 67 22 every
1966 3608 58 28 body
2037 3608 51 23 who
2093 3607 49 23 'has
2160 3603 105 24 attended
2279 3607 24 18 at
2317 3610 53 24 any,
2378 3603 26 22 of
2422 3603 50 23 th«.

1887 3637 91 23 London
1987 3635 105 28 dinners.;
2114 3632 48 24 The
2176 3637 108 22 company
2293 3629 113 35 separated
2415 3632 24 20 at
2448 3637 14 14 a

1886 3664 44 22 late
1940 3663 61 27 hour,
2012 3662 56 21 after
2063 3660 4 8 I
2068 3685 3 7 ,
2075 3659 83 27 having
2166 3657 94 28 'enjoyed
2270 3665 12 14 a
2291 3663 56 21 very
2357 3657 105 28 pleasant
2467 3678 2 8 ,

1887 3690 101 26 evening*
2047 3700 2 6 '
2068 3699 18 7 '••
2197 3697 4 5 '
2230 3700 4 5 '
2296 3688 14 11 ''
2334 3688 6 21 i
2392 3689 2 5 '
2418 3694 3 5 '
2440 3688 11 11 "'
2462 3691 13 10 v

1887 3734 4 6 ,
1904 3709 123 35 .TbVgood
2035 3712 83 28 feeling
2126 3711 75 23 shown
2208 3710 100 25 towards,
2312 3710 37 22 the

1887 3751 28 15 on
1925 3744 42 22 this
1974 3740 101 24 occasion
2086 3740 27 26 by
2130 3739 36 21 the
2181 3737 148 33 Band^vho.
2335 3735 125 29 performed

1887 3768 141 27 gratuitously
2030 3766 65 29 J-^by
2111 3765 44 22 Mr.
2175 3765 102 21 Marriott
2293 3763 55 24 who,
2357 3769 59 21 gave
2422 3763 41 22 the
2469 3785 5 4 ,

1887 3792 253 30 excellently/engraved
2147 3814 3 5 ,
2156 3787 126 32 inscription
2289 3787 77 35 '-pYa'fc;'
2382 3788 93 31 an&iV

1887 3821 83 29 facttby
1978 3822 31 22 all
2018 3821 80 21 classes
2107 3819 27 22 Of
2145 3817 36 23 the
2188 3815 140 29 .cbmiiiumtjr
2338 3822 20 16 is
2374 3816 101 22 deserve

1887 3851 42 25 ing'
1934 3850 23 21 of
1962 3848 44 29 ;the
2016 3846 92 28 highest:
2114 3845 76 24 credit;
2200 3853 15 15 ,c
2239 3852 33 19 ■)•?*;
2287 3845 4 20 I
2306 3852 41 20 ''-y
2350 3844 63 23 •i\»,L
2434 3843 41 22 Kia

1886 3883 5 38 |
1903 3893 24 22 '.*
1937 3893 46 23 The
1988 3884 113 30 'intention
2112 3891 26 22 of
2202 3884 134 27 Richabites
2349 3884 24 31 ip
2382 3879 7 20 [

1888 3925 27 19 at
1920 3921 35 22 the
1965 3924 104 22 cremony
2077 3925 46 15 was
2134 3921 39 18 not
2179 3916 86 23 Jkno:wn
2267 3920 5 12 ;
2275 3915 74 23 befort
2359 3914 39 22 th*
2407 3914 68 28 platftt

1885 3945 202 37 jwjtfljeilgravecU.:
2111 3965 6 5 .
2130 3947 24 21 .'L
2155 3946 2 8 1
2194 3945 80 25 .-jaiivO
2296 3950 7 16 .!
2342 3943 8 23 .'.
2371 3946 26 18 •'■"
2404 3942 70 23 «.'•'/.'

101 3737 48 26 The
160 3739 96 24 London
266 3738 78 30 Times,
355 3739 26 23 of
389 3739 42 23 the'
438 3739 59 24 2oth
510 3737 136 29 November,

71 3772 96 24 contains
184 3780 30 18 an
231 3772 174 24 advertisement
424 3777 22 19 to
458 3772 52 27 the.,
514 3772 72 23 effect
599 3770 48 24 that

71 3803 36 24 the
118 3805 117 32 Company
246 3809 43 22 are'
295 3805 68 24 about
380 3810 23 18 to
415 3805 55 24 seek
480 3812 31 16 an
530 3804 117 24 extension

72 3837 24 22 of
103 3837 57 25 their
171 3839 97 25 charter.
283 3834 3 7 '
355 3838 68 24 know
432 3843 39 19 not
482 3837 120 32 positively
611 3836 36 24 the

73 3869 76 32 object,
161 3871 52 25 but.
221 3871 137 25 understand
370 3871 49 24 that
429 3871 18 23 it
463 3871 74 24 isior.
544 3871 38 23 the
591 3878 56 24 par-

72 3909 51 23 pose
134 3905 26 23 of
172 3904 136 33 facilitating
318 3906 23 23 in
360 3911 63 17 some
433 3911 49 24 way
493 3904 39 24 the
550 3903 97 33 disposal

72 3935 55 26 their
140 3937 74 26 lands.
273 3958 3 5 .
384 3932 9 29 \
427 3931 3 6 %
461 3949 2 8 <

798 1820 169 15 PROPRIETARY
986 1819 115 16 SCHOOLS.

695 1851 50 23 The
758 1850 112 31 following
879 1858 67 24 paper
956 1858 44 15 was
1012 1850 76 23 drawn
1099 1857 30 24 up
1142 1848 95 24 without

663 1892 42 22 any
729 1884 55 23 view
808 1888 19 19 to
853 1884 124 23 immediate
1006 1883 137 31 publication
1156 1891 7 19 ;
1194 1882 41 23 but

662 1917 76 24 rather
749 1917 34 23 for
796 1917 34 23 the
842 1924 95 24 purpose
948 1917 23 23 of
985 1916 69 31 being
1072 1915 121 24 submitted
1216 1919 21 19 to

662 1951 57 23 such
745 1957 92 24 persons
858 1958 32 21 as,
911 1950 65 30 being
998 1948 121 25 interested
1146 1949 25 22 in
1200 1948 39 23 the

662 1983 168 23 establishment
840 1983 25 23 of
879 1990 13 15 a
903 1983 98 30 superior
1013 1982 85 27 school,
1114 1981 76 30 might
1211 1981 26 23 be

661 2015 72 33 likely
750 2015 92 31 actively
854 2019 31 22 .to
903 2019 97 27 promote
1018 2014 39 23 the
1070 2037 4 9 t
1075 2015 122 22 foxtnation
1216 2015 24 23 ot

662 2056 42 16 one
725 2056 28 15 on
772 2048 37 23 the
826 2048 108 31 principle
950 2047 118 32 proposed.
1112 2046 43 22 We
1183 2045 55 24 have

663 2081 103 24 obtained
778 2081 130 31 permission
921 2086 21 18 to
953 2081 60 30 print
1035 2081 25 27 it,
1084 2088 24 15 as
1125 2080 40 23 the
1186 2079 53 24 best

662 2115 66 25 mode
751 2115 25 23 of
802 2115 112 30 obtaining
934 2114 33 23 the
990 2114 122 23 fulfilment
1141 2113 26 23 of
1201 2113 38 23 the

664 2149 87 22 writers
764 2147 71 31 object
844 2156 6 15 :
852 2160 33 4 —

692 2187 18 21 1.
726 2185 22 23 It
757 2185 19 21 is
786 2184 105 22 desirable
901 2188 22 17 to
938 2183 94 28 provide,
1044 2186 22 18 at
1083 2190 62 18 once,
1157 2183 34 21 for
1202 2182 37 22 the

664 2212 163 23 establishment
844 2211 27 21 of
886 2218 13 14 a
914 2211 71 21 school
1001 2211 26 21 of
1044 2217 13 14 a
1075 2209 98 27 superior
1190 2209 50 22 des-

663 2239 102 28 cription,
776 2242 23 18 at
808 2246 20 14 or
838 2245 53 15 near
903 2237 136 27 Wellington,
1046 2237 24 22 in
1077 2233 71 25 which
1159 2244 14 14 a
1184 2235 56 28 good

664 2265 100 23 classical
779 2264 160 23 mathematical
956 2264 42 21 and
1013 2263 91 26 general
1120 2263 119 23 education

663 2293 59 22 shall
732 2293 26 21 be
769 2291 102 27 afforded,
884 2290 68 22 which
965 2289 57 23 shall
1033 2291 21 21 in
1066 2291 30 21 all
1105 2294 98 23 lespects
1213 2290 27 21 be

664 2320 56 22 such
731 2327 22 13 a3
765 2322 22 18 to
797 2319 74 21 enable
880 2318 37 22 the
927 2319 51 25 boys
986 2317 62 22 there
1055 2316 109 22 educated
1175 2321 23 17 to
1207 2324 34 14 re-

663 2354 65 15 move
739 2350 23 18 at
771 2352 51 16 once
838 2349 23 18 to
871 2352 40 14 one
929 2345 23 21 of
963 2344 37 22 the
1019 2343 91 28 English
1124 2343 117 22 Universi-

665 2375 49 20 ties.
