2569 4010
73 256 161 31 New
288 256 376 31 Zealand
718 256 376 31 Gazette
1148 256 161 31 and
1363 256 537 31 Wellington
1954 256 537 31 Spectator.

72 532 62 31 No.
157 530 65 40 42.]

91 583 3 6 i
121 583 16 7 y.

2345 530 99 40 [Vol.
2466 533 28 31 1.

582 523 131 32 PORT
735 523 287 38 NICHOLSON,
1045 521 262 34 SATURDAY
1328 521 242 39 MORNING,
1592 524 230 32 JANUARY
1845 529 51 32 30,
1921 529 89 29 1841.

920 2706 240 28 Surveyor-General's
1172 2705 78 27 Office,

979 2734 102 26 January
1091 2735 34 24 15,
1136 2734 61 21 1841.

690 2767 145 48 NOTICE
856 2767 29 22 IS
906 2766 127 23 HEREBY
1056 2767 107 26 GIVEN,
1187 2765 48 23 that
1250 2773 30 15 no

768 2794 55 22 land
837 2795 45 21 will
898 2795 27 21 be
938 2794 68 27 ready
1015 2795 37 20 for
1060 2794 101 27 delivery
1171 2800 60 21 upon
1242 2793 38 22 the

688 2821 48 22 first
744 2821 118 27 Thursday
872 2821 24 22 in
907 2821 39 21 the
957 2821 95 26 ensuing
1062 2820 86 23 month.

902 2848 37 21 W.
955 2848 33 21 M.
1004 2847 109 27 SMITH,
1130 2847 67 26 R.A.,

1022 2874 230 28 Surveyor-General.

778 2929 258 21 IMMIGRATION
1055 2930 132 21 OFFICE.

690 2963 28 21 T
739 2962 62 22 ISTS
812 2963 26 21 of
844 2963 73 32 newly
928 2962 86 23 arrived
1027 2963 145 28 Immigrants
1182 2970 37 16 are
1226 2963 55 28 kept

688 2984 47 28 JLJ
765 2993 24 19 at
806 2989 44 23 this
870 2989 79 27 Oince,
970 2990 73 22 where
1062 2991 82 27 parties
1163 2990 118 27 requiring

689 3016 113 23 workmen
813 3024 25 15 or
853 3021 102 17 servants
965 3024 41 14 can
1024 3018 87 21 receive
1126 3017 152 26 information,

688 3043 46 23 and
751 3043 62 23 those
829 3047 40 18 out
883 3043 26 22 of
920 3043 154 28 employment
1087 3051 43 15 can
1146 3043 58 23 have
1221 3044 60 22 their

688 3078 78 15 names
775 3070 129 28 registered,
917 3078 29 15 on
957 3071 107 28 applying
1074 3075 23 18 to

866 3097 95 23 Daniel
976 3099 138 27 Ridbiford,

1018 3125 157 27 Immigration
1192 3125 86 27 Agent.

715 3151 123 23 Thorndon
849 3151 72 28 Quay,
934 3151 145 28 Wellington,

783 3179 128 21 December
923 3180 35 25 30,
974 3179 59 21 1840.

1993 2518 114 21 CARGO
2122 2519 43 20 OF
2181 2519 71 21 THE

1935 2550 154 49 MESSRS.
2109 2552 85 21 JOHN
2214 2553 45 22 and
2276 2553 129 24 GEORGE
2423 2555 95 24 WADE

2024 2577 39 22 will
2075 2578 43 22 Sell
2129 2579 30 26 by
2170 2579 108 28 Auction,
2293 2584 23 17 at
2330 2582 26 20 12
2371 2581 86 23 o'clock
2471 2590 49 20 pre-

1933 2604 75 27 cisely,
2019 2612 24 14 on
2053 2605 144 28 Wednesday
2212 2610 62 23 next,
2294 2607 113 29 February
2419 2610 21 26 3,
2457 2611 61 24 1841,

1933 2634 23 18 at
1967 2631 99 22 Barrett's
2078 2631 76 28 Hotel,
2172 2629 38 25 the
2227 2633 72 22 whole
2316 2634 26 21 of
2360 2634 37 23 the
2414 2643 66 21 cargo
2494 2636 27 23 of

1933 2657 37 22 the
1980 2658 103 22 schooner
2240 2661 123 27 consisting
2373 2662 50 21 of—

1946 2693 12 20 6
1969 2699 61 14 cases
2038 2691 61 28 wine,
2240 2695 14 20 8
2264 2701 62 15 cases
2336 2695 78 28 cigars,

1932 2719 26 20 20
1968 2721 84 24 quarter
2058 2720 64 21 casks
2128 2719 88 28 brandy
2240 2721 15 20 2
2264 2728 63 14 cases
2334 2722 80 27 prints,

1961 2746 63 26 (very
2035 2746 125 27 excellent,)
2242 2748 13 20 2
2266 2747 35 21 do.
2312 2749 98 28 wearing
2418 2750 99 27 apparel,

1946 2772 12 20 6
1969 2779 61 14 cases
2039 2772 98 28 Geneva,
2242 2775 11 20 1
2264 2774 52 22 bale
2325 2775 61 28 lamp
2396 2780 82 23 cotton,

1934 2799 24 20 12
1968 2798 63 22 hhds.
2040 2803 65 23 stout,
2243 2802 11 20 1
2264 2801 68 22 trunk
2355 2803 98 28 wearing
2478 2810 40 22 ap-

1931 2826 28 20 64
1969 2833 61 14 cases
2038 2826 82 22 bottled
2129 2827 61 27 beer,
2258 2828 69 27 parel,

1932 2852 26 25 7%
1968 2852 62 27 pipes
2038 2856 47 24 port
2095 2854 65 26 wine,
2242 2855 14 20 3
2266 2859 70 18 crates
2343 2855 106 30 crockery
2451 2863 66 22 ware,

1946 2880 12 19 3
1969 2882 50 19 tons
2030 2880 62 21 moist
2101 2888 73 19 sugar,
2243 2882 9 20 1
2266 2888 51 16 case
2327 2882 31 22 tin
2370 2890 65 21 ware,

1946 2907 13 20 2
1969 2905 56 22 ditto
2033 2906 84 22 refined
2125 2907 63 25 ditto,
2244 2909 10 20 1
2266 2909 54 21 cask
2330 2909 72 27 corks,

1946 2934 12 20 2
1969 2940 61 15 cases
2035 2934 115 27 raspberry
2159 2934 57 27 jam,
2244 2936 11 20 1
2267 2942 50 15 case
2324 2935 196 25 double-barrell'd

1933 2960 25 21 10
1968 2960 63 21 casks
2039 2965 107 23 currants,
2256 2969 65 20 guns,

1946 2988 12 19 6
1968 2986 68 23 boxes
2044 2986 113 24 Muscatel
2173 2988 44 22 rai-
2241 2990 14 19 5
2266 2996 62 15 cases
2336 2996 121 21 preserves,

1959 3014 53 25 sins,
2244 3017 9 19 1
2266 3016 76 27 spring
2355 3021 53 22 cart,
2531 3019 7 8 '

1946 3042 12 19 2
1969 3040 62 21 casks
2039 3040 84 28 cheese,
2232 3043 6 20 1
2245 3043 11 24 J
2266 3045 51 19 tons
2327 3043 94 23 colonial
2428 3043 87 28 biscuit,

1947 3068 9 20 1
1967 3067 66 22 tierce
2038 3066 48 23 ham
2090 3075 16 19 s,
2244 3070 9 20 1
2265 3069 86 22 smith's
2358 3069 97 29 bellows,
2461 3071 55 28 vice,

1930 3094 28 21 50
1969 3093 78 22 barrels
2057 3094 108 27 herrings,
2256 3095 45 21 and
2311 3096 68 26 anvil,

1931 3120 27 22 37
1969 3120 53 26 kegs
2029 3120 88 22 tobacco
2133 3122 68 25 (200,)
2243 3123 9 20 1
2265 3129 50 15 case
2325 3122 77 23 books.
2529 3130 14 19 :,.

1958 3153 66 22 After
2039 3153 78 28 which,
2137 3155 70 22 about
2228 3157 78 25 60,000
2325 3155 52 24 Van
2400 3149 144 30 Dieman's^

1932 3179 65 23 Land
2007 3180 99 27 shingles.

1958 3209 76 24 20,000
2040 3207 56 22 ditto
2106 3207 66 23 laths.

1957 3235 77 24 50,000
2049 3234 45 22 feet
2109 3235 56 21 ditto
2182 3242 62 15 sawn
2263 3236 87 28 timber,
2369 3238 100 22 assorted
2482 3237 35 24 for

1930 3257 101 30 building
2038 3268 113 21 purposes.

1957 3294 48 22 The
2012 3297 59 24 great
2078 3294 102 28 strength
2188 3295 46 22 and
2240 3296 122 28 durability
2369 3297 27 22 of
2402 3297 36 22 the
2445 3297 70 23 above

1932 3320 85 27 timber,
2028 3320 41 22 and
2079 3320 27 23 its
2123 3322 134 28 superiority
2273 3330 54 14 over
2343 3323 39 22 the
2398 3324 79 22 timber
2492 3324 29 22 of-

1932 3347 44 22 this
1986 3347 89 27 Colony,
2085 3348 19 22 is
2113 3351 38 19 too
2162 3348 51 22 well
2221 3348 85 24 known
2316 3353 22 19 to
2353 3351 88 28 require
2457 3358 61 15 com-

1932 3378 71 18 ment.

1958 3409 76 21 Terms
2040 3408 85 28 liberal,
2137 3409 75 23 which
2221 3410 45 22 will
2275 3410 28 22 be
2313 3410 66 23 made
2393 3411 81 23 known
2492 3415 25 18 at

1931 3435 53 22 time
1995 3435 26 22 of
2031 3435 54 22 Sale.
2511 3443 2 2 '

2160 3493 23 20 A
2199 3493 93 20 CARD.

2107 3518 73 21 MR.
2209 3518 127 25 PARK,

1951 3550 83 22 CIVIL
2050 3551 167 22 ENGINEER
2238 3552 68 22 AND
2325 3551 169 28 SURVEYOR,

1977 3577 54 22 Late
2038 3577 26 21 of
2075 3577 37 23 the
2123 3578 138 24 Company's
2270 3579 126 23 Surveying
2405 3579 61 22 Staff.

2158 3632 22 21 A
2195 3631 94 23 CARD.

2033 3658 73 21 MR.
2130 3659 38 21 H.
2192 3659 34 20 B.
2250 3659 161 25 RELPH,

2082 3692 105 15 SURGEON
2202 3692 158 20 ACCOUCHEUR,

2161 3718 124 22 PETONI.

684 3237 3 12 '
701 3233 231 21 DISSOLUTION
947 3234 43 21 OF
1003 3234 263 21 PARTNERSHIP.

688 3266 146 49 NOTICE
850 3266 19 22 is
883 3266 86 28 hereby
982 3267 75 27 given,
1074 3268 50 21 that
1132 3268 38 22 the
1179 3273 101 23 partner-

769 3293 50 28 ship
828 3293 99 22 hitherto
938 3294 139 22 maintained
1091 3295 100 21 between
1202 3295 78 21 James

690 3320 121 28 Dayhroud
824 3320 43 21 and
883 3320 89 28 Gporge
984 3320 90 28 Young,
1091 3322 27 22 of
1132 3322 147 27 Kouterangi,

688 3355 30 14 on
730 3347 35 22 the
777 3347 76 22 Island
864 3347 26 22 of
895 3346 90 30 -Kapiti,
1003 3348 57 22 New
1077 3348 107 28 Zealand,
1201 3348 20 23 is
1236 3349 44 22 dis-

687 3374 76 22 solved
773 3374 31 27 by
813 3374 86 22 mutual
910 3379 99 17 consent.

716 3400 38 23 All
765 3400 63 22 debts
839 3402 74 26 owing
923 3405 23 18 to
956 3402 37 22 the
1003 3401 47 22 said
1060 3402 51 22 firm
1118 3410 35 14 are
1161 3402 120 28 requested

688 3431 23 18 to
720 3428 29 21 be
759 3427 52 28 paid
825 3431 23 18 to
863 3428 78 22 James
958 3428 128 28 Daymond,
1106 3429 47 21 who
1172 3429 43 22 will
1233 3430 47 21 also

687 3454 108 28 liquidate
805 3454 29 23 all
845 3454 78 23 claims
932 3463 61 20 upon
1003 3455 38 22 the
1048 3456 49 21 said
1104 3456 148 28 partnership.

1031 3482 76 22 James
1118 3483 125 27 Daymond,

1031 3509 99 23 George
1139 3509 92 23 Young.

690 3534 121 24 Witnesses
811 3547 29 4 —
840 3535 100 22 Andrew
949 3536 89 27 Brown,

839 3562 35 22 W.
887 3562 55 28 May
944 3563 55 22 hew.

118 623 81 21 NEW
220 621 169 21 ZEALAND
409 618 186 23 COMPANY.

63 657 93 29 Capital,
170 656 120 26 £100,000,
306 655 22 21 in
338 656 56 20 4000
403 653 82 22 Shares
494 652 26 22 of
530 651 48 23 £25
587 649 65 29 each,

288 681 28 21 all
328 681 52 27 paid
390 688 38 17 up.

198 717 92 16 Governor
295 720 4 11 :
313 715 75 16 Joseph
398 714 69 17 Somes,
476 712 44 21 Esq.

126 744 182 21 Deputy-Governor:
322 742 48 17 Hon.
375 742 74 16 Francis
453 740 75 21 Baring,
537 738 52 21 M.F.,

301 773 118 13 director*:

147 798 88 17 Viscount
243 797 89 21 Ingestre,
339 797 54 19 M.P.,

149 820 45 16 Lord
203 820 59 18 Petre,

146 840 63 22 Hsnry
218 841 21 15 A.
247 839 94 20 A?lionby,
351 838 47 20 E*q.,
407 836 53 22 M.P.,

147 862 47 15 John
204 861 81 17 EUorker
293 860 88 17 Boulcott,
395 859 48 21 Esq.,

148 882 49 16 John
205 881 79 17 William
292 880 74 20 Buckle,
373 880 48 21 Esq.,

149 902 73 18 Ruiisell
231 902 61 19 Ellice,
302 901 47 20 Esq.,

148 924 62 16 James
218 923 66 17 Robert
292 923 73 19 Gowen,
373 921 49 21 Esq.,

147 944 49 17 John
205 943 53 18 Hine,
267 943 48 20 Esq.,

149 964 80 16 William
298 963 48 19 Esq.,

149 984 75 17 Stewart
231 983 129 20 Mdjoribanhs,
373 982 49 21 Esq.,

147 1005 104 17 Alexander
259 1004 62 18 Nairn,
330 1003 48 20 Esq.,

147 1025 49 18 John
205 1025 52 19 Pirie,
266 1025 47 19 Esq..
323 1023 104 18 Alderman,

148 1047 29 16 a.r
184 1046 68 20 George
259 1045 81 17 Sinclair,
351 1045 54 16 Bart..
413 1043 20 17 M
441 1043 25 19 P.,

147 1067 49 16 John
203 1067 44 17 Abel
255 1065 64 19 Smith,
328 1065 49 21 Esq.,
389 1065 53 18 M.P.,

148 1087 47 17 Wm.
206 1088 110 19 Thompson.
333 1086 47 20 Esq.,
396 1086 106 16 Alderman.
516 1084 52 20 M.P.,

148 1108 49 17 Hon.
205 1107 95 17 Frederick
307 1107 38 16 Jas.
352 1106 120 18 Tollemacne,
483 1104 54 20 M.P.,

149 1130 75 16 Edward
232 1129 22 16 G.
263 1127 103 18 Wakefield,
373 1128 36 20 Eaq
417 1137 5 8 ,

148 1150 28 16 Sir
184 1150 62 19 Henry
256 1149 60 17 Webb,
326 1148 55 20 Bart.,

149 1171 68 17 Arthur
225 1170 64 18 Wilns,
298 1169 49 20 Esq.,

149 1192 69 20 George
227 1190 95 18 Frederick
332 1189 69 21 Young,
410 1189 43 20 Eiq.

211 1218 101 19 Secretary:
325 1217 52 16 John
385 1216 70 18 Ward,
463 1215 44 22 Esq.

65 1246 91 50 THE
165 1246 60 21 main
237 1246 96 21 features
342 1244 26 21 of
374 1244 37 21 the
419 1248 83 23 system
511 1242 26 22 of
542 1242 113 22 coloniza-

140 1274 46 21 tion
198 1271 96 29 adopted
303 1271 30 27 by
344 1271 36 21 the
395 1271 123 26 Company,
535 1277 77 18 are,-—
615 1270 39 26 lst,

65 1302 36 21 the
112 1300 46 22 sale
168 1300 26 21 of
205 1299 71 26 lands,
290 1302 23 17 at
327 1305 29 14 an
372 1297 98 22 uniform
484 1297 46 21 and
544 1296 112 22 sufficient

65 1328 72 27 price;
154 1326 46 22 and
214 1325 75 27 2ndly,
306 1324 38 22 the
361 1324 154 28 employment
529 1324 25 20 of
567 1330 13 14 a
594 1323 61 27 large

64 1354 87 27 portion
161 1353 26 22 of
194 1354 37 21 the
241 1352 210 28 purchase-money,
462 1358 24 13 as
497 1358 28 14 an
537 1350 118 27 Immigra-

64 1382 45 21 tion
122 1380 71 22 Fund.
224 1380 26 21 In
263 1379 61 21 these
334 1382 104 24 respects,
455 1377 38 22 the
503 1377 119 28 principles
633 1378 26 21 of

64 1407 69 24 South
148 1406 114 23 Australia
277 1406 56 21 have
349 1406 57 21 been
422 1404 104 22 followed
538 1411 24 14 as
577 1403 78 28 nearly

63 1443 23 14 as
105 1434 174 22 circumstances
295 1432 79 27 would,
395 1432 24 21 in
434 1431 37 22 the
490 1435 90 24 present
596 1438 58 20 case,

64 1462 89 28 permit.

88 1494 49 22 The
151 1493 73 28 grand
239 1493 74 27 object
328 1493 27 21 of
370 1492 37 22 the
423 1499 56 20 new,
494 1499 25 14 or
531 1492 123 27 improved,

62 1526 85 23 system
157 1521 27 21 of
194 1521 37 21 the
243 1519 96 28 disposal
354 1519 26 22 of
397 1518 96 23 colonial
508 1518 71 27 lands,
597 1519 18 21 is
632 1523 23 17 to

62 1548 101 28 regulate
178 1547 37 22 the
230 1547 80 27 supply
326 1546 26 22 of
369 1554 50 14 new
434 1545 60 27 land,
512 1546 28 26 by
556 1545 38 22 the
608 1546 47 22 real

64 1579 71 18 wants
147 1574 25 22 of
187 1574 37 22 the
240 1573 118 26 Colonists,
374 1580 24 14 so
414 1572 48 22 that
477 1573 38 21 the
530 1572 53 22 land
598 1572 57 22 shall

64 1609 69 16 never
151 1601 27 21 be
198 1601 70 21 either
286 1599 190 28 superabundant,
499 1607 25 14 or
542 1599 112 27 deficient,

62 1629 73 22 either
151 1631 36 18 too
204 1628 77 28 cheap,
300 1634 25 14 or
345 1631 35 17 too
399 1627 60 21 dear.
500 1627 21 21 It
538 1626 41 22 has
598 1627 56 21 been

62 1656 78 22 shown
151 1655 48 21 that
208 1655 37 21 the
257 1656 42 20 due
311 1654 131 27 pi'oportion
456 1653 103 21 between
575 1654 80 26 people

63 1682 46 22 and
117 1682 53 22 land
176 1688 51 21 may
234 1682 28 21 be
270 1681 127 26 constantly
403 1680 94 22 secured
505 1681 28 27 by
539 1680 116 22 abandon-

62 1711 40 25 ing
112 1709 37 21 the
159 1708 39 22 old
207 1712 83 24 system
302 1707 26 21 of
339 1715 97 19 grants,
447 1707 45 22 and
502 1707 115 27 requiring
626 1715 28 14 an

63 1737 99 21 uniform
173 1736 59 27 price
243 1742 40 21 per
292 1742 57 19 acre,
367 1734 32 22 for
409 1734 29 22 all
448 1742 51 14 new
508 1733 72 26 lands,
593 1734 63 22 with-

64 1767 40 17 out
114 1763 126 26 exception.
270 1761 25 22 If
305 1761 37 21 the
352 1762 61 27 price
425 1761 27 22 be
467 1766 40 17 not
522 1765 36 17 too
573 1761 49 27 low,
639 1762 18 21 it

63 1790 74 22 deters
147 1789 136 27 speculators
293 1788 57 22 from
366 1788 117 27 obtaining
497 1788 61 27 land,
575 1787 52 23 with
644 1796 13 15 a

63 1817 57 21 view
130 1820 23 18 to
162 1816 91 26 leaving
263 1815 56 21 their
329 1820 105 22 property
444 1815 22 22 in
478 1822 14 14 a
502 1815 75 22 desert
589 1819 66 24 state,

64 1843 45 22 and
123 1843 53 22 thus
189 1845 106 24 prevents
304 1842 109 27 injurious
424 1841 121 28 dispersion
553 1850 5 18 ;
574 1842 19 21 it
602 1842 53 28 also,

64 1871 29 27 by
104 1869 136 28 compelling
248 1876 67 19 every
322 1869 105 22 labourer
435 1872 21 18 to
465 1869 60 21 work
534 1869 34 21 for
577 1876 78 20 wages,

63 1897 58 22 until
131 1897 29 22 he
170 1897 41 21 has
220 1895 68 23 saved
303 1895 37 22 the
351 1896 54 27 only
414 1903 79 14 means
504 1896 26 22 of
540 1896 117 27 obtaining

63 1924 62 27 l.md,
135 1924 87 22 insures
237 1930 13 14 a
265 1922 80 28 supply
361 1923 26 21 of
398 1922 78 22 labour
491 1923 35 21 for
540 1923 56 21 hire.
626 1923 28 27 If,

63 1959 30 14 an
104 1951 38 21 the
152 1950 65 22 other
225 1949 68 26 hand,
310 1949 37 22 the
359 1949 60 27 price
428 1949 27 21 be
466 1954 40 17 not
516 1953 36 18 too
563 1949 60 27 high,
639 1951 18 20 it

64 1977 87 23 neither
160 1977 100 21 confines
271 1975 36 21 the
319 1976 87 21 settlers
422 1975 77 22 within
514 1983 13 13 a
540 1983 66 20 space
622 1976 35 21 in-

64 2003 160 26 conveniently
239 2007 94 20 narrow,
351 2009 41 13 nor
407 2001 53 21 does
475 2002 18 20 it
510 2005 94 23 prevent
619 2001 36 22 the

64 2029 79 28 thrifty
157 2029 103 21 labourer
274 2027 58 21 from
346 2027 121 27 becoming
481 2034 14 15 a
506 2027 149 28 land-owner,

65 2057 58 22 after
133 2055 99 27 working
242 2062 62 14 some
314 2054 56 22 time
379 2055 36 21 for
425 2061 80 20 wages.

95 2091 19 22 A
131 2089 117 27 sufficient,
266 2089 41 21 but
326 2093 40 17 not
385 2095 62 15 more
467 2088 54 22 than
541 2088 116 23 sufficient

65 2118 60 27 price
137 2117 33 21 for
183 2116 29 22 all
226 2123 50 15 new
291 2115 61 27 land,
368 2116 19 21 is
402 2116 38 21 the
455 2116 62 21 main
533 2116 85 22 feature
633 2116 27 21 of

66 2144 36 22 the
121 2151 49 14 new
185 2147 83 23 system
284 2142 26 22 of
327 2142 157 22 colonization.
519 2143 20 21 It
556 2142 100 22 obviates

65 2178 68 23 every
144 2177 83 21 species
243 2169 26 22 of
282 2169 103 27 bondage
392 2177 4 17 ;
418 2169 29 27 by
461 2170 120 26 providing
596 2177 61 14 com-

66 2197 88 22 binable
163 2196 85 27 labour,
259 2196 18 21 it
286 2196 91 22 renders
387 2196 103 27 industry
499 2204 52 20 very
561 2196 96 28 produc-

66 2225 51 25 tive,
128 2224 45 22 and
181 2224 121 21 maintains
311 2223 55 22 both
376 2223 55 27 high
446 2230 80 20 wages,
542 2223 45 22 and
601 2223 54 27 high

65 2252 87 28 profits;
175 2251 18 22 it
209 2250 76 22 makes
304 2250 38 21 the
361 2250 81 26 colony
457 2257 25 14 as
499 2250 116 22 attractive
633 2258 24 14 as

66 2278 101 28 possible,
182 2277 55 22 both
253 2281 22 17 to
292 2276 121 28 capitalists
429 2276 45 22 and
489 2281 23 17 to
526 2276 117 23 labourers
650 2285 5 19 ;

66 2305 45 22 and
121 2309 39 17 not
168 2304 85 27 merely
264 2307 21 18 to
296 2303 70 27 these,
379 2304 42 21 but
429 2303 54 27 also,
494 2304 30 27 by
533 2304 125 27 bestowing

67 2339 28 14 on
110 2332 37 21 the
158 2331 88 27 colony,
263 2330 37 22 the
311 2330 74 22 better
399 2330 118 22 attributes
532 2330 26 21 of
575 2337 28 14 an
620 2331 38 22 old

65 2359 89 27 society,
166 2362 23 17 to
197 2358 63 21 those
269 2357 49 22 who
326 2356 56 22 have
391 2364 12 14 a
411 2356 91 23 distaste
511 2357 33 22 for
551 2356 59 23 what
617 2357 41 23 has

65 2385 123 22 heretofore
198 2386 58 21 been
267 2384 37 22 the
319 2384 113 27 primitive
443 2384 115 22 condition
570 2384 26 22 of
606 2392 51 15 new

66 2412 105 22 colonies.

92 2439 47 21 The
148 2442 64 24 great
220 2438 75 28 object
304 2436 26 23 of
341 2438 37 21 the
388 2437 61 28 price
457 2438 20 21 is
490 2441 23 19 to
527 2445 78 15 secure
619 2438 39 22 the

66 2469 57 19 most
133 2465 108 22 desirable
250 2465 142 27 proportions
401 2465 101 22 between
518 2465 80 28 people
612 2466 46 21 and

66 2492 65 27 land;
146 2493 41 21 but
196 2492 36 22 the
243 2492 53 28 plan
306 2491 41 22 has
358 2492 36 21 the
402 2492 88 21 further
497 2492 70 22 result
573 2492 27 22 of
606 2499 52 21 pro-

67 2520 81 26 ducing
158 2527 13 14 a
180 2526 106 18 revenue,
302 2518 73 22 which
391 2518 46 22 will
451 2523 41 17 not
508 2519 53 27 only
576 2520 81 27 supply

67 2546 37 22 the
116 2546 104 28 requisite
234 2546 66 27 profit
316 2549 22 18 to
354 2545 37 22 the
406 2544 156 24 shareholders
577 2546 26 21 of
619 2546 38 22 the

67 2574 120 31 Company,
212 2573 41 21 but
276 2572 112 22 furnishes
411 2572 37 21 the
472 2580 79 14 means
569 2573 35 21 for
627 2581 29 14 an

68 2600 152 27 Immigration
231 2599 72 27 Fund,
305 2611 32 4 —
339 2607 13 14 a
359 2599 56 22 fund
424 2600 127 28 constantly
559 2600 99 28 applica-

66 2628 36 20 ble
118 2631 22 18 to
156 2626 38 22 the
210 2633 94 21 purpose
322 2626 26 22 of
361 2626 107 28 bringing
481 2626 80 22 labour
578 2631 23 17 to
618 2626 39 23 the

66 2654 79 27 colony
145 2666 31 5 —
178 2653 48 22 that
239 2654 26 26 is,
282 2653 24 21 in
325 2654 94 26 causing
434 2653 38 22 the
490 2654 49 21 best
557 2661 56 14 sort
633 2655 27 21 of

65 2680 148 23 colonization
224 2683 22 19 to
257 2680 95 33 proceed
363 2684 22 17 at
395 2681 39 21 the
447 2684 99 24 greatest
558 2681 97 27 possible

65 2711 54 18 rate.
147 2707 54 23 And
208 2707 45 23 this
258 2715 20 14 is
285 2706 38 23 the
330 2707 85 22 second
423 2708 88 22 feature
521 2708 26 22 of
558 2707 38 23 the
606 2715 51 15 new

66 2739 90 22 system.

91 2768 47 22 The
148 2768 153 28 employment
310 2768 28 21 of
352 2767 38 23 the
403 2767 213 29 purchase-money,
633 2776 26 14 or

65 2794 37 22 the
112 2795 107 28 principal
229 2798 50 24 part
289 2795 27 21 of
325 2795 24 26 it,
360 2795 24 22 in
394 2796 128 27 conveying
531 2795 88 22 settlers
633 2800 23 17 to

66 2821 36 22 the
113 2822 86 27 colony,
211 2822 40 22 has
260 2821 37 22 the
307 2822 116 27 following
434 2822 83 22 effects.
547 2822 23 21 It
579 2821 78 23 makes

66 2848 36 22 the
117 2848 131 28 purchasers
262 2848 27 22 of
303 2848 55 22 land
372 2857 38 14 see
424 2848 94 29 plainly,
533 2848 51 23 that
598 2849 60 22 their

67 2882 80 21 money
156 2875 43 22 will
210 2876 28 21 be
246 2875 110 22 returned
365 2875 22 22 in
402 2875 39 22 the
453 2876 70 28 shape
536 2876 27 21 of
577 2876 81 22 labour

67 2902 44 22 and
119 2902 137 28 population.
286 2902 21 21 It
317 2902 72 26 tends,
405 2902 24 21 in
439 2902 53 27 fact,
508 2906 22 18 to
539 2902 69 21 lower
618 2902 39 23 the

67 2935 114 21 necessary
199 2928 108 23 standard
326 2929 27 21 of
368 2929 69 27 price,
451 2929 104 27 because,
575 2928 53 22 with
644 2937 13 14 a

67 2959 100 19 constant
176 2956 72 22 influx
259 2955 26 22 of
296 2955 78 25 people
385 2959 23 18 to
419 2955 36 22 the
466 2956 88 27 colony,
565 2955 37 22 the
612 2955 44 23 due

67 2984 125 26 proportion
199 2989 99 16 oetween
306 2988 79 22 people
393 2982 46 22 and
446 2982 54 23 land
507 2991 52 19 may
567 2982 28 23 be
602 2982 55 29 kept

68 3015 28 21 up
105 3010 28 32 by
144 3017 12 14 a
166 3010 67 22 lower
241 3009 68 27 price,
323 3009 54 22 than
387 3009 21 22 if
420 3009 62 22 there
493 3017 57 15 were
560 3017 30 14 no
600 3010 55 23 such

68 3035 145 29 immigration
220 3053 5 5 .
246 3038 21 19 It
278 3036 111 22 therefore
395 3036 132 23 diminishes
534 3036 38 23 the
579 3037 78 28 period

69 3062 78 28 during
156 3063 70 22 which
237 3063 37 22 the
284 3063 105 22 labourer
401 3067 62 19 must
474 3064 61 22 work
550 3064 36 21 for
599 3064 56 28 hire,

69 3089 42 22 and
119 3090 30 27 by
158 3090 37 22 the
210 3090 63 28 rapid
287 3097 102 20 progress
405 3090 72 23 which
493 3092 17 21 it
524 3091 94 28 imparts
633 3096 23 17 to

69 3115 35 22 the
113 3116 48 23 best
170 3122 45 17 sort
224 3118 26 21 of
260 3117 159 27 colonization,
435 3118 17 21 it
467 3118 103 28 explains
584 3122 23 17 to
617 3118 39 23 the

69 3142 113 28 labouring
191 3144 55 22 class
257 3144 26 21 of
288 3144 150 28 immigrants,
448 3144 50 22 that
507 3152 67 20 every
582 3152 44 15 one
634 3146 26 21 of

70 3169 58 22 them
141 3170 48 22 who
205 3172 18 21 is
238 3171 137 22 industrious
392 3171 47 22 and
454 3171 86 28 thrifty,
558 3179 54 20 may
627 3173 29 22 be

69 3203 47 15 sure
126 3200 21 18 to
156 3197 92 23 become
261 3202 40 18 not
316 3198 85 28 merely
417 3205 28 15 an
461 3206 76 15 owner
552 3199 27 22 of
593 3199 62 27 land,

70 3222 37 23 but
121 3224 47 21 also
183 3224 23 22 in
225 3225 35 22 his
280 3229 59 22 turn,
360 3233 29 14 an
410 3226 117 28 employer
545 3226 28 22 of
591 3226 66 23 hired

69 3248 116 28 labourers,
196 3259 14 14 a
218 3255 83 19 master
311 3252 27 21 of
347 3256 110 18 servants.

95 3276 64 23 From
168 3278 62 23 these
240 3279 184 27 considerations,
439 3279 38 22 the
488 3280 117 27 Company
615 3279 42 24 has

71 3301 91 29 adopted
180 3305 38 22 the
234 3313 61 14 same
312 3309 84 24 system
414 3306 26 21 of
455 3306 117 28 disposing
586 3307 26 22 of
627 3308 30 21 its

71 3334 63 17 wa^te
145 3330 71 29 lands,
232 3339 24 14 as
271 3332 41 22 has
326 3333 93 27 already
432 3334 86 26 proved
531 3333 80 28 highly
623 3334 34 22 fa-

71 3357 100 22 vourable
185 3362 23 18 to
222 3359 38 22 the
274 3358 184 28 productiveness
472 3360 27 22 of
513 3360 105 28 industry
632 3362 23 21 in

71 3382 65 23 South
147 3385 119 22 Australia.
295 3386 28 22 In
333 3394 14 15 a
359 3394 48 15 new
419 3386 89 28 colony,
523 3387 94 28 planted
631 3389 24 21 in

71 3415 10 15 a
91 3409 68 24 fertile
170 3412 44 22 and
229 3413 115 22 extensive
359 3414 112 27 territory,
488 3415 19 21 it
520 3414 19 22 is
554 3414 102 29 obvious,

71 3435 45 23 that
133 3437 37 22 the
185 3439 171 23 establishment
369 3440 27 22 of
412 3440 55 22 such
482 3448 15 15 a
510 3445 84 24 system
609 3442 20 21 is
644 3450 13 14 a

71 3466 75 19 matter
163 3465 26 21 of
206 3466 36 21 the
259 3466 92 28 deepest
368 3471 102 18 moment
486 3472 24 17 to
526 3468 39 22 the
581 3468 76 22 future

71 3489 83 23 welfare
165 3492 26 21 of
203 3493 92 27 society.
347 3494 67 21 From
429 3494 18 22 it
462 3494 38 23 the
515 3495 51 22 best
580 3495 78 23 effects

71 3522 47 21 may
127 3518 50 22 with
188 3519 130 23 confidence
327 3520 29 23 be
365 3520 139 28 anticipated
510 3529 5 14 :
531 3529 13 14 a
551 3525 106 19 constant

70 3542 41 23 and
119 3545 87 26 regular
215 3546 80 28 supply
305 3547 27 21 of
342 3555 50 14 new
401 3548 56 21 land
466 3548 25 22 in
506 3548 43 22 due
563 3556 94 20 propor-

66 3570 44 21 tion
119 3574 23 17 to
151 3571 38 22 the
208 3577 70 18 wants
288 3574 26 21 of
324 3581 13 14 a
345 3574 131 28 population
490 3576 127 27 increasing
627 3577 32 28 by

67 3597 66 21 births
143 3598 44 22 and
199 3600 154 26 immigration
359 3609 6 17 ;
383 3601 31 22 all
428 3601 38 22 the
481 3602 138 28 advantages
634 3607 23 18 to

67 3623 69 22 which
145 3625 101 23 facilities
256 3626 26 22 of
292 3630 114 25 transport
412 3628 49 21 and'
465 3629 190 23 communication

67 3655 36 16 are
112 3652 101 22 essential
222 3661 5 17 ;
243 3654 112 26 certainty
368 3654 26 21 of
404 3654 77 27 limits,
497 3656 45 21 and
557 3657 100 27 security

67 3677 24 19 of
101 3677 46 22 title
157 3682 23 17 to
190 3682 105 24 property
304 3680 22 21 in
340 3680 57 22 land
403 3689 5 17 ;
424 3680 38 23 the
471 3685 100 23 greatest
584 3683 73 22 facili-

64 3703 41 21 ties
114 3710 27 15 on
151 3706 117 27 acquiring
277 3706 38 22 the
326 3706 44 23 due
380 3708 104 27 quantity
490 3716 5 18 ;
511 3708 38 23 the
558 3713 99 23 greatest

65 3734 187 24 encouragement
264 3736 23 17 to
295 3732 153 28 immigration
459 3735 47 22 and
514 3736 130 22 settlement
650 3746 5 18 ;

66 3756 43 21 and
122 3757 37 21 the
174 3762 58 19 most
245 3759 63 27 rapid
442 3760 26 22 of
484 3761 38 22 the
534 3762 81 28 people
629 3764 24 22 in

65 3783 98 22 material
173 3786 95 21 comfort
276 3786 46 21 and
332 3787 68 22 social

1932 3773 107 49 ROPE
2061 3772 109 23 WINCH
2195 3772 62 23 FOR
2279 3772 86 23 SALE.
2397 3773 78 29 Apply
2491 3776 24 20 to

2143 3800 66 21 Luke
2222 3799 129 27 Nattrass,

2294 3826 111 23 Lambton
2415 3826 73 27 Quay;

1407 615 84 21 NEW
1506 615 169 21 ZEALAND
1689 615 106 21 FLAX.

1513 648 177 21 PROPOSALS

1306 673 44 22 For
1365 674 83 28 raising
1466 681 14 15 a
1499 674 148 27 subscription
1666 677 23 18 to
1708 673 87 22 reward
1810 674 38 21 the
1862 674 34 22 in-

1333 702 93 26 genuity
1433 701 26 21 of
1469 708 46 20 any
1524 707 79 21 person
1615 700 49 22 who
1674 700 56 22 shall
1740 700 81 22 invent
1830 708 12 14 a
1850 701 46 21 tool

1334 734 25 15 or
1371 727 111 27 machine,
1502 735 25 14 or
1535 727 103 22 discover
1647 734 14 14 a
1669 734 97 20 process,
1782 727 31 27 by
1823 727 72 22 which

1333 753 37 22 the
1380 754 127 25 phormium
1519 757 74 23 tenax,
1603 754 39 21 the
1655 754 132 26 indigenous
1798 754 96 26 produce

1334 780 27 21 of
1370 780 38 22 the
1418 780 88 22 Islands
1515 780 24 22 of
1551 780 56 21 New
1617 780 107 26 Zealand,
1741 787 52 19 may
1807 780 28 21 be
1844 787 51 15 ren-

1334 806 66 22 dered
1410 806 109 23 available
1528 815 24 14 as
1568 814 29 14 an
1615 810 79 24 export
1711 808 33 20 for
1754 807 142 22 commercial

1333 839 112 21 purposes,
1455 837 25 18 at
1489 841 13 14 a
1511 834 59 27 price
1581 833 46 22 and
1637 834 23 21 in
1668 841 13 14 a
1690 833 105 27 quantity
1805 837 22 18 to
1837 837 60 18 meet

1334 860 36 22 the
1382 860 96 22 demand
1486 860 22 21 in
1520 860 36 21 the
1567 860 120 22 Euronean
1697 860 95 21 market.

1308 893 49 47 A
1372 893 145 21 MEETING
1534 900 44 14 was
1593 892 54 22 held
1662 896 21 18 at
1699 893 109 21 Barrett's
1820 893 76 27 Hotel,

1385 927 29 14 on
1428 919 105 28 Monday,
1551 919 38 22 the
1603 919 40 21 4th
1655 920 108 26 January,
1775 921 60 24 1841,
1847 920 47 22 Col.

1307 945 123 23 Wakefield
1438 946 21 22 in
1471 946 38 22 the
1520 946 68 27 chair,
1607 947 25 20 in
1643 953 124 20 pursuance
1781 946 26 22 of
1819 954 28 14 an
1859 947 38 21 ad-

1306 973 144 21 vertisement
1459 973 75 21 issued
1544 973 28 27 by
1583 973 86 21 several
1677 973 130 27 gentlemen
1818 973 78 28 deeply

1298 998 130 27 .impressed
1438 999 53 21 with
1509 1000 37 21 the
1563 999 166 27 indispensable
1746 1000 112 26 necessity
1875 999 25 22 of

1306 1025 87 28 finding
1403 1034 59 14 some
1473 1026 70 27 staple
1555 1025 135 29 commodity
1700 1033 24 15 as
1735 1032 28 15 an
1774 1029 80 24 export
1863 1026 34 21 for

1306 1052 37 22 the
1356 1052 85 22 Islands
1451 1053 27 21 of
1489 1052 55 22 New
1555 1053 106 21 Zealand.
1697 1053 30 21 At
1736 1052 49 21 that
1795 1053 99 26 meeting

1307 1079 65 21 much
1383 1079 102 22 valuable
1494 1079 145 21 information
1650 1086 44 15 was
1709 1079 186 27 communicated,

1307 1105 45 21 and
1362 1106 94 27 samples
1467 1105 27 22 of
1506 1105 54 22 New
1570 1105 101 22 Zealand
1689 1105 46 21 flax
1750 1105 25 21 in
1793 1106 103 22 different

1307 1135 72 22 stages
1389 1133 26 21 of
1427 1133 140 27 preparation
1577 1139 58 15 were
1645 1131 120 26 exhibited,
1775 1133 44 21 and
1828 1140 13 14 a
1848 1140 50 19 pro-

1308 1159 93 22 visional
1412 1159 127 22 committee
1552 1166 43 14 was
1605 1159 129 26 appointed,
1744 1159 124 26 consisting
1876 1159 26 21 of

1307 1185 37 21 the
1355 1185 113 26 following
1485 1186 118 25 members,
1621 1185 111 22 intrusted
1748 1189 23 17 to
1786 1186 58 22 raise
1861 1185 36 22 the

1308 1218 118 21 necessary
1435 1212 158 27 subscriptions
1612 1215 23 18 to
1651 1219 62 20 carry
1728 1212 49 21 into
1787 1213 65 21 effect
1861 1212 36 22 the

1308 1238 73 27 object
1389 1239 118 27 proposed,
1518 1239 45 21 and
1571 1239 86 25 having
1666 1239 57 21 done
1737 1246 33 19 so,
1786 1243 24 17 to
1824 1243 75 23 report

1308 1269 23 17 to
1342 1272 13 15 a
1363 1266 91 27 general
1463 1266 101 26 meeting
1574 1265 26 21 of
1612 1265 142 22 subscribers.

1335 1299 108 16 MEMBERS
1457 1300 28 13 OF
1501 1300 43 14 THE
1562 1299 151 15 PROVISIONAL
1730 1299 141 15 COMMITTEE.

1471 1319 35 22 Dr
1523 1319 83 26 Evans,

1474 1345 94 28 Captain
1580 1345 96 27 Daniell,

1471 1372 23 22 J.
1506 1373 23 21 C.
1541 1371 121 28 Crawford,
1673 1371 61 29 Esq.,

1471 1399 23 21 J.
1506 1399 68 25 Watt,
1588 1399 59 27 Esq.,

1447 1443 6 8 .
1471 1425 37 22 W.
1520 1425 24 23 B.
1556 1425 99 26 Rhodes,
1666 1425 60 28 E3q.,

1471 1452 31 22 D.
1513 1453 68 26 Scott,
1593 1452 62 27 Esq.,

1472 1478 29 22 G.
1514 1479 96 26 Hunter,
1622 1479 60 27 Esq.,

1473 1505 31 22 H.
1517 1506 112 26 Moreing,
1640 1505 60 27 Esq.,

1471 1532 28 22 R.
1513 1533 26 21 D.
1553 1532 102 22 Hanson.
1666 1533 53 27 Esq.

1389 1558 37 23 W.
1441 1559 28 21 V.
1488 1559 93 26 Brewer,
1599 1559 60 27 Esq.,
1675 1559 125 26 Secretary.

1391 1586 88 27 George
1495 1585 96 28 Hunter,
1610 1585 59 29 Esq.,
1685 1585 129 23 Treasurer.

1336 1618 47 22 The
1401 1619 133 22 Committee
1551 1618 85 28 having
1652 1622 52 24 met,
1722 1619 85 22 submit
1822 1622 23 19 to
1863 1618 36 23 the

1308 1645 74 27 public
1400 1653 14 14 a
1428 1646 60 21 brief
1500 1646 143 27 explanation
1662 1646 25 21 of
1707 1645 35 22 the
1760 1646 75 26 object
1850 1653 50 20 pro-

1308 1672 76 27 posed,
1396 1672 44 22 and
1451 1672 112 26 earnestly
1574 1672 73 22 solicit
1657 1672 37 22 the
1704 1672 164 22 contributions
1879 1673 25 21 of

1308 1698 31 22 all
1350 1699 80 22 classes
1440 1703 22 17 to
1480 1706 14 14 a
1508 1700 85 26 project
1603 1707 25 14 so
1645 1699 78 27 deeply
1741 1698 107 28 affecting
1863 1700 36 21 the

1308 1726 125 27 prosperity
1443 1726 25 21 of
1480 1726 43 21 this
1533 1726 146 27 community.
1709 1726 103 22 Satisfied
1823 1734 24 13 as
1857 1726 43 22 this

1309 1752 133 22 Committee
1452 1760 46 19 are,
1512 1753 23 22 in
1553 1759 105 16 common
1675 1752 52 22 with
1742 1752 30 22 all
1788 1753 111 27 impartial

1308 1779 122 27 observers,
1441 1787 24 14 as
1472 1783 24 18 to
1504 1779 37 22 the
1551 1779 109 27 salubrity
1669 1779 27 22 of
1708 1779 35 22 the
1755 1779 90 22 climate
1854 1780 43 21 and

1309 1805 39 22 the
1363 1810 50 17 vast
1433 1806 143 26 agricultural
1596 1813 25 14 as
1643 1806 49 21 well
1709 1813 23 14 as
1755 1806 95 23 mineral
1867 1814 34 14 re-

1308 1839 90 15 sources
1406 1832 26 22 of
1443 1832 61 22 these
1516 1832 94 27 Islands,
1623 1836 22 18 to
1662 1840 39 20 say
1718 1832 97 28 nothing
1824 1833 26 22 of
1861 1833 37 22 the

1308 1859 100 22 fisheries
1424 1859 44 22 and
1485 1860 64 21 other
1563 1859 110 22 branches
1689 1859 25 22 of
1731 1859 105 28 industry
1854 1860 47 21 that

1309 1892 38 16 are
1357 1886 121 27 beginning
1488 1889 23 18 to
1520 1886 95 27 develop
1625 1886 140 26 themselves,
1776 1886 19 21 it
1804 1891 60 18 must
1873 1887 28 21 be

1309 1912 110 22 admitted
1426 1912 47 23 that
1487 1912 96 23 hitherto
1600 1912 38 22 the
1656 1913 153 27 expectations
1827 1918 73 17 enter-

1308 1939 77 22 tained
1395 1940 26 21 of
1431 1939 37 22 the
1485 1939 126 32 phormium
1629 1943 74 22 tenax,
1715 1947 24 14 as
1749 1946 13 14 a
1772 1940 71 27 staple
1854 1940 47 23 cal-.

1308 1966 88 21 culated
1407 1970 22 17 to
1439 1966 56 21 rival
1507 1966 35 22 the
1560 1970 76 17 cotton
1654 1966 23 21 of
1693 1966 105 21 America
1807 1966 45 22 and
1863 1967 36 21 the

1294 2004 1 8 ■
1309 1993 55 19 wool
1375 1993 26 19 c.i
1412 1993 121 26 Australia,
1544 1992 57 21 have
1612 1996 42 17 not
1662 1993 56 20 been
1726 1993 105 21 realized.
1853 1994 46 20 Tlie

1308 2017 79 22 failure
1398 2018 38 21 has
1447 2019 80 26 arisen,
1539 2022 40 18 not
1588 2019 56 20 from
1655 2026 43 19 any
1708 2019 191 26 disappointment

1308 2044 22 21 in
1352 2045 36 21 the
1407 2045 104 27 quantity
1529 2045 27 21 of
1576 2045 38 21 the
1629 2045 53 25 flax,
1701 2045 73 21 which
1791 2045 19 22 is
1829 2046 70 21 found

1307 2071 100 27 growing
1422 2071 173 28 spontaneously
1612 2071 23 22 in
1651 2079 67 19 every
1732 2075 49 24 part
1796 2073 27 21 of
1838 2073 62 21 these

1309 2097 87 23 Islands
1407 2105 28 15 on
1447 2106 66 19 every
1530 2099 135 26 description
1683 2100 23 20 of
1720 2099 48 26 soil,
1786 2106 42 15 nor
1842 2099 57 22 from

1308 2131 46 20 any
1362 2125 79 26 falling
1450 2125 34 21 off
1494 2125 22 21 in
1534 2125 37 21 the
1588 2126 101 26 growing
1705 2125 98 22 demand
1819 2126 34 21 for
1863 2126 36 22 the

1308 2157 45 15 raw
1363 2151 106 26 material,
1482 2151 40 22 but
1528 2152 70 27 solely
1606 2151 57 23 from
1671 2152 38 21 the
1715 2153 157 27 impossibility
1878 2153 26 21 of

1308 2184 45 21 any
1362 2178 79 27 longer
1450 2179 117 27 obtaining
1578 2179 37 21 the
1633 2180 75 20 native
1724 2179 81 22 labour
1821 2187 77 14 neces-

1308 2211 51 20 sary
1369 2208 24 18 to
1403 2204 77 23 rendei
1493 2205 19 21 it
1519 2205 138 22 marketable
1666 2206 29 27 by
1706 2205 36 22 the
1753 2206 50 21 first
1811 2213 89 20 process

1308 2231 27 21 of
1345 2232 108 27 stripping
1463 2231 46 22 and
1518 2233 112 26 cleaning.

1335 2257 47 23 The
1400 2259 132 22 Committee
1549 2259 43 27 beg
1610 2263 23 17 to
1649 2262 76 24 repeat
1741 2258 158 29 emphatically

1308 2283 50 23 that
1368 2285 37 22 the
1417 2285 51 34 only
1486 2285 148 28 impediment
1643 2288 22 19 to
1683 2285 37 22 the
1738 2290 80 27 export
1833 2287 26 20 of
1871 2293 28 14 an

1308 2311 80 22 article
1398 2312 71 21 which
1480 2319 72 20 grows
1563 2313 51 20 wild
1624 2320 59 19 upon
1701 2312 36 21 the
1752 2312 90 27 highest
1850 2313 51 22 hills

1308 2338 45 22 and
1361 2339 23 21 in
1396 2339 38 21 the
1444 2339 90 28 deepest
1544 2346 102 20 swamps,
1664 2339 73 22 which
1746 2339 25 22 in
1781 2339 29 22 its
1820 2344 79 17 nature

1308 2365 18 21 is
1334 2372 13 14 a
1352 2366 121 27 perennial,
1480 2366 113 27 requiring
1599 2365 56 22 little
1661 2373 61 14 more
1729 2367 109 20 attention
1847 2367 52 21 than

1308 2391 38 22 the
1356 2392 119 28 periodical
1485 2393 87 26 cutting
1581 2393 65 21 down
1654 2401 4 18 ;
1669 2392 72 22 which
1750 2400 52 19 may
1812 2393 27 22 be
1848 2401 53 14 con-

1308 2418 88 23 sidered
1408 2426 24 15 as
1448 2419 124 28 producing
1589 2419 58 22 after
1662 2419 29 22 all
1709 2419 133 22 deductions
1857 2420 44 21 and

1308 2445 69 22 losses
1387 2454 29 13 an
1426 2453 95 20 average
1531 2446 27 22 of
1568 2447 27 20 2i
1606 2449 51 19 tons
1672 2454 40 19 per
1729 2453 50 14 acre
1795 2447 26 21 of
1831 2447 70 21 avail-

1309 2472 49 21 able
1368 2473 62 27 fibre,
1441 2473 82 22 valued
1532 2477 24 17 at
1562 2473 48 22 £ls
1621 2480 40 20 per
1669 2478 39 16 ton
1717 2473 65 21 when
1793 2473 109 28 prepaied

1309 2498 35 22 for
1351 2499 111 28 shipment
1462 2512 28 4 —
1491 2500 18 21 is
1516 2500 39 21 the
1563 2503 60 18 want
1629 2500 26 21 of
1661 2507 61 14 some
1731 2500 51 26 tool,
1791 2501 110 26 machine,

1309 2532 25 15 or
1344 2534 94 19 process,
1450 2526 34 21 for
1495 2527 36 21 the
1542 2526 138 22 economical
1691 2527 156 27 performance
1857 2528 25 21 of
1889 2535 14 14 a

1309 2559 52 20 very
1372 2553 78 28 simple
1460 2553 51 22 task
1520 2553 71 22 which
1600 2553 40 22 has
1648 2553 96 22 hitherto
1751 2553 58 22 been
1817 2561 86 15 sucess-

1309 2579 56 28 fully
1375 2580 164 27 accomplished
1549 2581 30 26 by
1589 2580 40 21 the
1637 2580 55 21 New
1702 2580 103 22 Zealand
1814 2588 87 15 women

1309 2606 30 27 by
1350 2607 36 21 the
1398 2607 37 21 aid
1445 2607 25 21 of
1482 2614 13 14 a
1505 2607 160 22 muscle-shell.

1336 2633 48 22 The
1395 2633 134 22 Committee
1539 2636 85 19 cannot
1632 2633 85 22 believe
1729 2633 48 22 that
1792 2634 110 27 anything

1309 2666 61 16 more
1390 2661 20 21 is
1428 2660 106 28 requisite
1552 2664 23 18 to
1591 2661 81 26 supply
1689 2660 43 22 this
1742 2664 62 17 want
1814 2661 54 21 than
1879 2666 22 17 to

1308 2686 70 23 invite
1397 2687 38 22 the
1454 2687 111 22 attention
1584 2687 27 21 of
1628 2687 118 28 ingenious
1769 2694 93 20 persons
1877 2688 23 21 in

1310 2713 88 29 Europe
1418 2713 44 22 and
1479 2713 25 22 in
1523 2714 62 21 these
1603 2714 99 21 colonies
1718 2718 22 17 to
1758 2715 39 20 the
1808 2715 93 26 subject.

1310 2740 62 33 They
1377 2748 101 20 propose,
1485 2741 118 26 therefore,
1610 2744 23 18 to
1638 2741 54 21 offer
1696 2748 13 14 a
1716 2741 86 21 reward
1807 2741 35 21 for
1847 2741 54 22 such

1310 2774 28 14 an
1356 2768 118 22 invention
1495 2775 24 14 or
1537 2768 128 27 discovery;
1685 2767 84 28 feeling
1788 2767 114 22 confident

1311 2793 47 22 that
1367 2795 38 22 the
1424 2795 115 22 Directors
1550 2795 27 21 of
1587 2795 39 21 the
1645 2795 56 21 New
1720 2794 101 22 Zealand
1835 2795 66 21 Com-

1310 2828 59 21 pany
1388 2822 45 21 and
1452 2821 64 22 other
1532 2821 85 22 friends
1635 2821 23 22 in
1676 2821 105 27 England
1800 2821 46 22 will
1864 2829 37 14 co-

1311 2852 89 23 operate
1411 2848 51 21 with
1473 2848 60 22 them
1544 2848 23 21 in
1579 2848 147 27 augmenting
1736 2848 38 22 the
1791 2848 110 28 subscrip-

1311 2874 52 28 tion,
1375 2875 45 22 and
1431 2875 48 22 that
1488 2875 37 22 the
1537 2875 117 27 Company
1664 2875 44 22 will
1721 2875 126 22 undertake
1863 2875 38 22 the

1311 2902 78 26 special
1411 2902 54 27 duty
1476 2902 23 21 of
1513 2902 93 27 making
1622 2902 83 21 known
1725 2902 38 21 the
1772 2902 88 27 subject
1878 2909 24 15 as

1311 2928 79 28 widely
1400 2936 24 14 as
1434 2928 96 28 possible
1539 2929 23 21 in
1574 2929 95 27 Europe,
1682 2928 46 22 and
1737 2928 26 22 of
1774 2929 127 27 promoting

1311 2955 44 22 and
1372 2955 125 28 rewarding
1515 2955 38 22 the
1578 2956 151 27 experiments
1748 2955 27 22 of
1793 2956 108 21 scientific

1310 2989 58 15 men.

1335 3009 47 22 The
1403 3009 132 22 Committee
1552 3009 59 22 need
1621 3012 40 18 not
1670 3009 64 22 insist
1742 3015 61 21 upon
1815 3009 38 21 the
1863 3009 38 21 ob-

1310 3035 62 24 vious
1390 3036 46 22 fact
1454 3036 49 22 that
1519 3036 37 21 the
1574 3035 136 27 landowner,
1727 3035 38 22 the
1776 3035 124 27 merchant,

1311 3062 36 22 the
1357 3063 123 26 mechanic,
1493 3063 44 22 and
1548 3062 30 22 all
1588 3062 66 22 other
1661 3062 146 27 descriptions
1815 3062 26 21 of
1852 3069 49 21 per-

1311 3097 49 14 sons
1370 3090 24 21 in
1405 3090 37 21 tke
1452 3089 134 27 settlement,
1598 3096 38 15 are
1647 3089 122 22 interested
1778 3089 24 21 in
1810 3089 91 27 provid-

1311 3116 37 26 ing
1364 3116 49 22 that
1431 3116 78 28 which,
1531 3116 20 22 if
1571 3116 112 26 obtained,
1705 3116 44 21 will
1767 3116 57 21 rank
1843 3116 56 21 New

1311 3142 98 23 Zealand
1428 3150 83 20 among
1527 3143 63 22 those
1608 3142 96 27 wealthy
1719 3142 100 22 colonies
1828 3142 72 21 which

1311 3170 78 28 supply
1406 3170 37 21 the
1457 3170 89 21 mother
1560 3172 96 25 country
1664 3169 52 22 with
1727 3169 38 21 the
1775 3176 46 14 raw
1830 3173 71 17 mate-

1311 3196 39 21 rial
1360 3198 27 20 of
1397 3196 63 23 those
1471 3196 167 22 manufactures
1648 3203 60 20 upon
1719 3195 72 22 which
1801 3196 28 21 its
1839 3203 62 20 pros-

1311 3223 78 33 perity,
1400 3223 21 22 if
1431 3227 41 18 not
1478 3224 30 21 its
1518 3223 120 26 existence,
1650 3230 50 14 now
1711 3221 106 28 depends.

1337 3250 164 28 Subscriptions
1519 3257 37 14 are
1574 3253 21 18 to
1612 3250 29 21 be
1655 3249 52 27 paid
1716 3249 48 21 into
1774 3248 38 22 the
1823 3249 76 21 Union

1312 3276 69 28 Bank,
1400 3277 23 22 in
1443 3276 38 23 the
1500 3284 67 15 name
1586 3276 27 21 of
1624 3276 37 21 the
1679 3276 123 21 Treasurer
1820 3279 23 18 to
1861 3275 38 22 the

1311 3303 148 22 Association.

1480 3336 150 17 SUBSCRIBERS
1645 3336 83 15 NAMES.

1312 3355 34 23 W.
1356 3356 133 23 Wakefield.
1504 3358 12 20 5
1544 3358 13 20 5
1586 3355 61 22 OW.
1656 3355 27 22 V.
1693 3356 96 21 Brewer.
1805 3357 13 20 2
1846 3357 13 20 2
1886 3357 14 20 0

1313 3383 172 22 G.S.Evans..
1502 3385 14 20 5
1544 3384 13 21 5
1585 3385 14 19 0
1613 3383 72 21 David
1695 3383 63 21 Scott
1767 3397 17 5 ..
1803 3383 14 20 5
1845 3384 12 19 5
1886 3384 13 20 0

1313 3409 29 22 H.
1355 3411 129 27 Moreing..
1502 3412 14 19 5
1544 3411 12 20 5
1585 3412 15 19 0
1614 3409 28 22 H.
1654 3410 31 21 St.
1697 3409 47 22 Hill
1767 3410 133 21 ..550

1311 3436 29 22 D.
1351 3437 94 22 Sinclair
1466 3452 6 5 .
1480 3452 5 5 .
1503 3438 13 21 5
1544 3438 13 20 5
1585 3436 53 23 OR.
1650 3436 28 21 D.
1694 3436 96 21 Hanson
1804 3437 13 20 5
1846 3437 12 20 5
1886 3438 14 19 0

1312 3463 23 22 F.
1356 3464 28 22 A.
1407 3464 84 22 Moles-
1610 3463 179 21 —Wickstead.
1805 3463 12 21 5
1846 3464 12 19 5
1887 3465 14 19 0

1338 3490 70 22 worth
1504 3492 12 20 5
1544 3491 14 21 5
1585 3489 62 22 OW.
1659 3490 32 21 M.
1703 3489 72 22 Smith
1784 3490 116 21 .550

1314 3516 26 22 A.
1353 3517 64 25 Hort,
1429 3518 87 26 jun.s
1542 3518 14 21 5
1585 3519 15 20 0
1610 3516 180 27 T.M.Partridge
1805 3517 12 20 5
1845 3517 13 20 5
1886 3518 12 20 C

1313 3543 33 22 W.
1358 3544 26 22 B.
1399 3544 91 22 Rhodes
1610 3543 22 22 S.
1645 3543 33 22 Re
1680 3550 77 14 vans..
1767 3558 18 5 ..
1803 3544 14 20 5
1845 3544 12 19 5
1885 3545 14 19 0

1337 3571 84 22 andCo
1503 3572 13 20 5
1544 3571 13 21 5
1584 3572 15 20 0
1610 3569 179 22 J.andG.Wade
1803 3570 14 21 5
1845 3570 12 20 5
1885 3572 14 19 0

1311 3597 68 27 Henry
1379 3597 111 27 Shuttl-
1611 3597 51 27 Hay
1673 3597 45 21 and
1727 3596 64 22 Mac-

1337 3624 70 21 worth
1502 3625 14 20 5
1543 3624 13 21 5
1584 3625 14 20 0
1637 3622 69 23 hattie
1803 3623 14 21 5
1845 3623 13 21 5
1885 3625 14 19 0

1311 3650 21 21 J.
1344 3650 23 23 C.
1376 3650 114 23 Crawford
1503 3652 13 20 5
1543 3652 13 19 5
1584 3649 47 22 OJ.
1644 3650 81 21 Dorset
1803 3650 14 21 5
1845 3650 12 21 5
1885 3652 14 19 0

1311 3677 117 27 Ridgways
1443 3677 46 22 and
1610 3677 23 21 J.
1645 3677 130 21 M'Farlane
1781 3678 117 20 .200

1337 3704 31 21 Co
1502 3705 13 20 5
1543 3704 13 21 5
1584 3703 53 22 OR.
1649 3703 47 22 Tod
1802 3704 14 20 5
1843 3704 13 20 5
1884 3705 14 20 0

1310 3729 25 22 E.
1346 3731 90 22 Daniell
1465 3746 6 5 .
1478 3742 8 9 *
1502 3732 14 20 5
1543 3732 13 20 5
1584 3730 54 21 OR.
1646 3731 26 20 R.
1681 3731 90 26 Strang.
1779 3731 119 20 .220

1311 3756 179 24 Waters&Smith
1504 3758 12 21 5
1544 3758 13 21 5
1585 3758 15 21 0
1610 3756 62 23 John
1682 3756 73 22 Smith
1765 3757 133 20 ..550

1310 3783 72 22 Willis
1392 3784 44 22 and
1448 3784 40 21 Co.
1502 3785 13 20 5
1543 3784 13 21 5
1585 3785 15 20 0

1310 3810 31 21 H.
1349 3811 34 21 W.
1395 3811 74 22 Petre.
1476 3812 122 20 .550
1752 3809 65 23 £144
1831 3811 26 20 16
1884 3812 14 20 0

1310 3837 32 22 M.
1353 3837 99 28 Murphy
1462 3838 135 21 ..220

701 3620 231 18 DISSOLUTION
947 3620 42 18 OF
1003 3620 262 19 PARTNERSHIP.

688 3650 146 48 NOTICE
848 3650 19 21 is
883 3650 84 28 hereby
979 3651 75 27 given,
1069 3651 50 22 that
1132 3650 37 23 the
1179 3654 97 24 partner-

782 3677 49 27 ship
849 3677 99 22 hitherto
967 3677 138 22 maintained
1125 3677 100 22 between
1247 3678 29 21 H.

690 3703 103 28 Moreing
802 3703 45 22 and
859 3704 30 21 H.
899 3703 84 29 Taylor
991 3704 19 22 is
1020 3704 44 22 this
1074 3704 44 28 day
1128 3704 111 22 dissolved
1248 3704 28 28 by

688 3730 87 22 mutual
784 3734 102 18 consent.

1015 3757 32 22 H.
1063 3758 121 26 Moreing,

1015 3784 32 22 H.
1064 3784 104 22 Taylor.

714 3809 146 28 Wellington,
876 3812 51 20 31st
935 3811 127 22 December
1072 3812 60 21 1840.

770 3837 99 18 Witness
870 3849 27 3 —
897 3837 61 18 John
968 3838 98 17 Tinline.

688 3880 70 47 ON
773 3880 86 26 SALE,
874 3884 23 18 at
907 3880 44 23 this
961 3880 79 28 Office,
1050 3880 49 23 files
1108 3881 27 22 of
1145 3880 38 23 the
1220 3881 55 22 New

762 3903 102 25 Zealand

736 3932 94 23 Gazette
866 3932 80 25 Office,
956 3933 59 22 Nov.
1025 3934 34 23 28,
1071 3935 60 21 1840.

39 3858 2 3 ,
170 3838 99 23 BILLS
283 3841 43 21 OF
342 3841 206 22 EXCHANGE.

36 3871 5 24 !
65 3870 164 28 *DRINTED
244 3875 104 24 FORMS
363 3877 61 22 FOR
439 3877 79 22 SALE
532 3878 43 22 AT
589 3878 64 23 THE

37 3894 6 27 I
67 3898 26 22 X
138 3899 110 25 OFFICE
262 3902 38 22 OF
311 3902 78 24 .THIS
403 3903 110 23 PAPER.

34 3929 17 18 Si
92 3925 130 24 November
229 3929 23 24 4,
263 3929 61 22 1840.

1937 3880 86 23 TUST
2035 3880 131 23 OPENED,
2183 3880 90 22 various
2289 3878 66 23 kinds
2370 3880 27 21 of
2412 3880 103 26 W,RAP-

1930 3904 26 25 O
1994 3906 72 23 PING
2080 3906 110 23 PAPER.

1979 3933 91 22 Gazette
2103 3932 80 26 Office,
2194 3932 57 23 Deo.
2261 3934 34 24 24,
2306 3934 59 21 1840.

1306 3880 95 48 JUST
1422 3880 167 27 RECEIVED,
1614 3879 193 23 PARCHMENT
1835 3879 62 24 IOR

1371 3907 111 22 DEEDS.

1487 3932 78 27 Office;
1576 3932 54 23 Jan.
1640 3932 19 27 7,
1672 3934 60 21 1841.

2096 619 128 22 PUBLIC
2244 622 95 21 SALE.

1929 649 67 38 rpo
2012 651 36 21 BE
2056 650 78 24 SOLD
2146 653 38 22 BY
2196 654 147 28 AU3TION,
2355 663 29 16 on
2395 658 116 28 Saturday,

1929 702 6 8 c
1955 703 23 7 
2002 677 48 33 30^
2059 678 30 21 Ja
2090 686 78 21 nuary»
2181 684 22 17 at
2219 682 26 21 12
2263 682 85 22 o'clock
2357 684 114 26 precisely,
2482 691 29 17 ex

1940 707 4 5 •
1953 703 66 27 Mary
2028 703 83 30 Taylor,
2138 707 46 21 and
2193 707 64 22 other
2268 709 66 27 ships,

1956 736 56 22 Fine
2023 738 114 23 Mauritius
2147 740 44 22 and
2203 741 98 23 Manilla
2310 750 72 21 su^ar,

1956 763 91 23 Refined
2059 773 73 19 sugar,
2142 768 28 20 50
2181 768 54 26 bags
2245 769 52 27 rice,
2310 769 89 24 Hawes'
2409 778 59 21 soap,

1955 791 59 21 Wax
2023 791 40 22 and
2073 792 73 22 tallow
2158 791 98 31 candles,

1956 816 81 32 Spices,
2047 822 108 24 nutmegs,
2167 820 82 27 cloves,
2261 823 76 27 cassia,
2348 823 46 23 and
2402 831 89 20 pepper,

1960 846 96 24 Vinegar,
2068 846 100 21 mustard
2179 847 44 21 and
2234 849 92 27 pickles,

1956 870 91 26 English
2053 872 46 21 and
2109 872 75 23 Dutch
2194 873 85 29 cheese,

1956 896 101 28 Weights,
2069 899 77 27 scales,
2158 900 45 22 and
2213 902 130 28 steelyards,
2353 910 15 14 a
2377 904 92 29 variety,

1955 923 50 27 Bar,
2016 924 41 26 rod,
2069 924 66 28 hoop,
2145 926 46 22 and
2200 926 64 24 sheet
2273 929 56 27 iron,

1956 950 85 22 Beaver
2048 950 55 28 hats,
2118 953 33 21 tin
2162 954 114 28 canisters,

1956 977 80 26 Prints,
2046 977 79 29 chintz,
2137 980 45 22 and
2195 988 68 20 gown
2278 982 80 28 pieces,
2375 982 91 28 Turkey
2475 983 40 25 red

1928 1002 173 30 handkerchiefs,

1956 1030 87 28 Kurope
2050 1032 43 21 and
2104 1033 46 22 coir
2159 1041 61 24 rope,

1955 1057 97 22 Tobacco
2062 1058 23 21 in
2096 1059 61 28 kegs,
2169 1060 58 23 wine
2238 1062 73 27 corks,

1956 1084 9 20 1
1979 1091 49 14 case
2038 1084 28 28 pit
2075 1086 44 21 and
2129 1094 76 14 crows-
2210 1092 39 18 cut
2258 1096 62 20 saws,
2332 1089 45 23 and
2387 1090 55 28 files,

1956 1110 108 23 Warren's
2073 1111 108 29 blacking
2188 1114 24 21 in
2223 1115 88 27 bottles,

1957 1137 83 27 Spirits,
2049 1145 55 18 rum,
2117 1140 94 22 Geneva
2221 1142 46 22 and
2277 1149 50 15 case
2337 1143 46 27 gin,

1957 1163 82 27 Wines,
2047 1164 111 24 Teneriffe
2167 1168 45 21 and
2220 1172 56 24 port,
2286 1170 24 20 in
2317 1173 91 24 quarter
2416 1171 69 28 casks,

1957 1192 8 19 1
1984 1197 50 15 case
2042 1192 115 28 raspberry
2170 1194 99 28 vinegar,

1956 1217 93 27 Writing
2067 1218 72 26 desks,
2158 1220 101 29 dressing
2274 1229 69 21 cases,
2361 1224 61 22 wcrk
2437 1224 77 24 boxes,

1930 1247 56 24 toys,
1996 1244 44 21 and
2048 1245 63 22 other
2118 1247 78 27 goods.

1930 1277 77 23 Terms
2016 1279 107 23 :-Under
2133 1281 55 26 £15,
2199 1283 53 21 cash
2261 1291 5 19 ;
2284 1283 57 22 from
2358 1284 47 22 £15
2420 1288 23 19 to
2459 1285 54 27 £50,

1930 1306 112 27 approved
2049 1306 49 22 bills
2108 1311 23 17 at
2145 1315 43 15 one
2199 1310 78 21 month
2286 1318 6 18 ;
2304 1311 70 21 above
2382 1312 54 27 £50,
2444 1316 24 18 at
2476 1319 42 16 one

2116 1335 46 21 and
2174 1338 44 19 two
2227 1337 98 22 months.

1958 1366 63 27 Also,
2033 1369 38 18 two
2080 1367 70 22 Town
2162 1369 78 27 Acres,
2252 1371 105 22 numbers
2366 1373 42 21 454
2417 1372 44 22 and
2468 1374 49 27 895,

1931 1399 29 16 on
1979 1393 38 22 the
2035 1394 237 28 Surveyor-General's
2292 1405 58 20 map.
2389 1399 35 22 No
2447 1401 42 21 454
2498 1400 19 22 ia

1931 1420 90 27 already
2040 1420 101 23 enclosed
2160 1422 46 21 and
2225 1424 73 22 under
2314 1425 137 28 cultivation,
2471 1426 46 23 and

1932 1446 44 22 will
1985 1447 28 21 be
2023 1447 127 23 subdivided
2159 1449 23 21 in
2195 1449 104 29 building
2314 1451 43 22 lots
2373 1456 22 18 to
2412 1453 44 22 suit
2464 1460 53 21 pur-

1932 1474 95 21 chasers.
2057 1474 63 28 Also,
2137 1475 37 22 the
2185 1481 95 23 country
2290 1479 96 21 sections
2395 1480 122 27 belonging

1932 1504 23 18 to
1965 1500 62 23 these
2036 1500 91 23 choices.
2158 1502 87 26 (Terms
2255 1504 34 22 for
2298 1505 52 22 land
2360 1509 24 19 at
2393 1507 68 27 Sale.)

2117 1536 114 23 Bethune
2244 1538 45 22 and
2300 1538 108 29 Hunter,

2334 1566 156 25 Auctioneers.

1934 1615 91 49 MR.
2040 1616 25 22 A.
2082 1616 87 23 HORT
2183 1617 44 22 will
2239 1618 55 22 offer
2303 1619 29 27 by
2341 1620 75 26 public
2430 1621 52 28 sale,
2494 1625 23 19 at

2023 1643 29 21 his
2073 1643 82 27 Stores,
2176 1645 57 21 back
2253 1646 25 21 of
2299 1646 31 21 Te
2351 1648 47 21 Aro
2416 1648 50 27 pah,
2488 1655 30 16 on

1932 1668 103 29 Tuesday
2055 1674 62 22 next,
2137 1671 116 28 February
2271 1674 20 25 2,
2318 1674 61 27 1841,
2398 1678 23 18 at
2440 1674 78 24 twelve

1933 1696 92 27 o'clock,
2036 1695 33 23 the
2079 1697 114 28 following
2203 1699 88 22 articles
2301 1707 5 14 :—:
2307 1712 27 4 —

1960 1731 40 20 100
2015 1730 68 26 pieces
2092 1731 77 21 brown
2180 1735 77 19 cotton
2268 1733 108 28 drillings.

1961 1758 39 20 100
2014 1756 50 22 ditto
2074 1757 109 23 bleached
2193 1758 54 29 long
2256 1760 68 26 cloth,
2334 1763 26 19 35
2371 1762 45 22 and
2423 1763 29 21 36
2460 1763 33 23 in.

1988 1785 8 20 1
2014 1791 44 14 case
2067 1784 44 22 silk
2120 1785 45 21 and
2176 1789 74 19 cotton
2263 1787 177 25 handkerchiefs.

1972 1812 28 20 20
2014 1810 69 28 pieces
2094 1812 66 26 fancy
2169 1813 80 26 prints.

1960 1838 78 21 Cotton
2046 1838 44 21 and
2099 1838 62 22 linen
2172 1839 53 23 tick.

1960 1865 64 21 Stout
2034 1864 79 22 twilled
2122 1866 68 27 stripe
2200 1867 37 22 for
2244 1868 83 23 blinds.

1960 1891 103 27 Flushing
2070 1892 88 26 jackets
2167 1893 47 22 and
2223 1898 111 20 trowsers.

1960 1918 70 27 Slops.

1960 1946 79 26 White,
2047 1946 90 27 striped,
2154 1947 45 22 and
2208 1952 88 23 regatta
2308 1949 75 23 shirts.

1960 1972 85 26 Cognac
2053 1972 95 28 brandy,
2160 1981 54 20 very
2224 1982 26 15 su
2256 1976 69 21 jerior
2332 1977 108 26 qualities.

1959 1999 67 25 Rum,
2036 1999 131 27 unequalled
2177 2001 23 20 in
2210 2001 39 22 the
2260 2003 88 27 colony.

1960 2024 97 22 Mustard
2067 2026 45 21 and
2123 2026 92 27 pickles.

1960 2051 73 22 Prime
2042 2052 126 26 negrohead
2177 2053 101 23 tobacco.

1958 2078 106 22 TenerifFe
2075 2079 64 28 wine,
2150 2080 24 21 in
2189 2080 70 28 pipes,
2277 2081 73 28 hhds.,
2366 2083 46 23 and
2426 2086 91 26 quarter

1932 2105 71 21 casks.

1959 2132 67 22 Brass
2035 2132 101 22 chamber
2146 2133 157 24 candlesticks.

1960 2159 99 21 Polished
2070 2160 94 22 snuffers
2176 2161 44 21 and
2230 2163 85 21 snuffer
2325 2165 66 26 trays.

1959 2186 81 21 British
2047 2187 66 21 metal
2126 2191 105 22 tea-pots.

1959 2212 51 22 Tea-
2016 2216 55 24 trays
2082 2213 45 22 and
2137 2215 96 21 waiters.

1960 2239 52 21 Iron
2024 2240 130 27 tea-kettles,
2165 2241 87 23 tinned.
2275 2245 4 3 '

1959 2265 53 22 Post
2022 2266 40 22 and
2071 2267 45 21 box
2126 2267 69 22 coffee
2205 2269 67 23 mills.

1960 2293 123 22 Plasterers'
2094 2294 45 22 and
2150 2294 144 29 bricklayers*
2309 2298 95 22 trowels*

1959 2320 58 22 Java
2027 2327 68 20 sugar.

1958 2348 28 20 50
1995 2347 50 27 bags
2054 2347 50 28 ship
2113 2347 89 23 biscuit.

1960 2374 21 21 A
1991 2374 33 21 lot
2033 2374 21 22 of
2064 2374 110 27 damaged
2184 2375 82 23 butter.
2287 2377 56 23 And
2355 2379 89 22 various
2453 2379 64 24 other

1931 2400 95 22 articles.

1960 2434 76 23 Terms
2045 2435 44 22 will
2099 2436 28 22 be
2137 2436 66 23 made
2218 2437 84 23 known
2312 2441 23 19 at
2351 2439 54 23 time
2421 2441 28 21 of
2465 2440 54 24 sale.

1932 2473 28 3 —
1961 2462 77 21 Lunch
2045 2463 44 22 will
2100 2464 27 21 be
2138 2465 117 27 prepared.

723 616 115 21 UNION
852 616 101 21 BANK
968 616 42 21 OF
1025 616 220 21 AUSTRALIA.

686 649 94 22 London
800 649 92 25 Office,
909 648 44 22 No.
968 650 35 24 3S,
1021 649 51 21 Old
1090 649 184 21 Broad-street.

740 682 94 28 Capital,
843 682 124 27 £500,000;
987 682 52 28 paid
1048 689 37 21 up,
1101 682 118 27 £300,000.

922 719 118 13 directors:

791 743 69 21 George
867 742 39 17 Fife
913 743 67 21 Angas,
989 743 48 21 Esq.,

791 763 68 17 Robert
868 764 73 19 Brooks,
952 764 48 21 Esq.,

791 785 61 16 James
860 784 47 17 John
916 785 98 18 Cummins,
1023 785 49 20 Esq.,

791 805 68 17 Robert
866 806 96 19 Gardener,
975 806 47 20 Esq.,
1035 805 121 20 Manchester,

791 826 47 17 John
847 826 52 18 Gore,
909 826 50 21 Esq.,

791 846 48 17 John
848 846 79 17 William
934 846 74 19 Buckle,
1014 846 48 21 Esq.,

791 867 96 21 Benjamin
895 867 20 17 E.
924 867 62 19 Lindo,
994 868 47 19 Esq.,

792 889 73 16 Charles
875 889 74 16 Kdward
958 888 85 20 Mangles,
1049 888 52 20 .Esq.,

791 909 115 21 Christopher
914 909 83 19 Rawson,
1007 909 47 19 Esq.,
1066 909 81 19 Halifai,

791 930 78 16 Thomas
877 930 63 17 Sands,
950 930 47 19 Esq.,
1007 928 99 21 Liverpool,

791 950 61 16 James
860 950 54 20 Bogle
923 950 66 18 Smith;
994 949 48 20 Esq.,

791 970 62 17 James
860 970 80 16 Ruddell
947 970 55 19 Xodd;
1012 970 42 20 Esq.

686 997 94 17 Trustees:
798 997 81 16 George
891 997 56 16 Carr
959 997 60 18 Glyn,
1033 996 48 21 Esq.,
1091 996 53 17 John
1155 996 61 19 Gore,
1226 996 48 20 Esq.,

834 1018 35 16 and
876 1017 67 17 James
951 1017 16 16 J.
975 1018 99 18 Cummins,
1086 1018 42 19 Esq.

714 1044 92 17 Bankers:
818 1044 74 16 Messrs.
900 1044 61 19 Glyn,
974 1044 113 18 Hallifax,
1096 1044 69 19 Mills,
1174 1043 36 17 and
1217 1044 30 16 Co.

807 1072 100 20 Secretary.
920 1072 83 16 Samuel
1009 1072 95 19 Jackson,
1113 1072 40 20 Esq.

777 1098 80 18 Colonial
865 1099 94 20 Inspector
964 1105 4 11 :
980 1099 16 16 J.
1005 1099 17 16 C.
1032 1099 102 18 M'Laren,
1142 1098 42 21 Esq.

809 1147 69 21 New
897 1147 122 21 Zealand
1037 1147 116 21 Branch.

687 1180 53 17 Local
747 1180 91 17 Directors
844 1185 5 11 :
864 1180 47 16 Geo.
924 1181 17 16 S.
954 1181 71 18 Evans,
1039 1180 48 21 Esq.,
1100 1180 68 19 D.C.L.,
1181 1180 36 17 and
1229 1180 47 16 Geo.

909 1201 90 19 Hunter,
1012 1201 43 20 Esq.

687 1228 95 21 Manager:
795 1229 47 17 John
851 1229 72 18 Smith,
932 1229 48 20 Esq.,
989 1229 35 15 late
1033 1229 20 15 of
1060 1228 32 17 the
1100 1227 116 18 Commercial
1223 1226 53 18 Bank

855 1250 21 15 of
885 1249 89 20 England,
986 1249 121 17 Manchester.

798 1276 113 24 Branches
923 1281 23 18 at
961 1277 96 27 Sydney,

963 1304 9 21 I
977 1300 73 26 tobart
1058 1304 77 27 Town,

963 1330 10 22 I
983 1334 128 24 aunceston,
1123 1330 45 22 and

962 1357 10 22 I
981 1361 33 18 ort
1026 1357 80 28 Philip.

688 1392 54 21 Port
750 1392 131 26 Nicholson,
893 1391 80 22 March
983 1392 33 26 24,
1029 1392 61 22 1840.

688 1445 91 49 THE
798 1445 113 22 Directors
928 1445 27 22 of
971 1444 37 22 Ihe
1025 1444 57 23 New
1099 1444 99 23 Zealand
1212 1443 66 23 Land

763 1472 116 28 Company
894 1472 80 27 herebj
994 1471 51 27 give
1062 1479 29 14 no
1095 1472 48 26 'ice,
1161 1471 48 22 that
1224 1472 53 26 they

686 1498 58 23 have
752 1507 112 14 effected
875 1506 29 14 an
916 1506 171 15 ARRANGEMENT
1096 1499 51 21 with
1156 1498 37 21 the
1203 1497 72 22 Union

687 1526 64 21 Bank
766 1527 27 20 of
810 1525 118 27 Australia,
947 1526 43 21 N.>.
1007 1527 34 25 38,
1057 1525 45 22 Old
1118 1525 158 25 Broad-street,

688 1552 101 28 London,
801 1553 34 21 f>r
845 1552 37 22 the
896 1552 168 22 establishment
1078 1552 26 22 of
1117 1559 15 14 a
1147 1551 130 22 BRANCH

688 1580 87 21 BANK
793 1580 33 21 IN
840 1579 72 22 NEW
928 1578 157 28 ZEALAND,
1101 1578 93 27 through
1206 1577 72 23 which

688 1606 37 21 the
735 1606 101 22 business
850 1606 26 22 of
890 1606 37 21 the
944 1606 57 21 New
1017 1605 101 22 Zealand
1132 1605 64 22 Land
1212 1606 66 21 Com-

686 1640 61 20 pany
756 1634 45 21 will
810 1634 27 21 be
848 1632 134 23 transacted.
1010 1632 49 21 The
1075 1632 113 22 Directors
1205 1631 73 22 there-

688 1666 45 15 tore
744 1659 145 22 recommend
899 1664 22 17 to
939 1659 110 22 Colonists
1065 1659 39 21 the
1122 1658 73 22 Union
1213 1658 64 22 B.mk

687 1686 27 22 of
732 1686 114 23 Australia
864 1694 24 14 as
906 1693 29 15 an
961 1685 170 23 establishment
1151 1685 127 27 possessing

688 1713 56 22 their
761 1714 70 21 entire
855 1713 138 26 confidence,
1012 1712 45 22 and
1077 1712 50 23 able
1146 1716 21 17 to
1186 1712 92 27 provide

687 1740 126 28 effectually
830 1740 34 22 for
880 1740 38 22 the
932 1739 106 23 financial
1054 1743 70 18 wants
1140 1739 25 22 of
1177 1735 37 25 the
1231 1739 47 22 first

686 1766 136 23 settlement.

855 1794 36 26 By
901 1793 67 22 order
976 1793 27 21 of
1012 1792 38 23 the
1060 1792 81 27 Board,

933 1819 84 22 JOHN
1034 1819 103 27 WARD,
1153 1820 125 26 Secretary.

687 1847 57 23 New
754 1847 99 22 Zealand
864 1846 210 28 Land/Company's
1084 1847 77 27 Office,

716 1876 19 26 1,
746 1874 276 28 Adam-streeVAdiMplii,
1033 1874 54 21 27th
1097 1874 66 26 Aug.,
1175 1874 61 21 1839.

921 1927 240 28 Surveyor-General's
1172 1926 78 28 Office,

989 1956 101 25 January
1101 1955 19 25 7,
1136 1955 59 20 1841.

688 1987 146 49 NOTICE
845 1988 28 22 IS
885 1987 125 22 HEREBY
1021 1987 109 25 GIVEN,
1141 1987 49 21 that
1196 1986 88 22 hence-

769 2013 102 26 forward,
884 2014 21 21 in
917 2013 65 22 order
992 2018 22 16 to
1024 2013 52 26 give
1087 2013 52 21 time
1154 2012 34 21 for
1203 2012 75 22 Land-

688 2048 85 14 owners
790 2041 44 21 and
852 2041 87 25 Agents
956 2044 21 18 to
993 2041 87 26 inspect
1096 2039 96 22 districts
1207 2039 72 21 under

686 2074 88 20 survey,
791 2067 47 22 that
853 2067 37 21 the
906 2067 105 21 selection
1031 2066 26 22 of
1074 2066 54 22 such
1143 2066 96 22 sections
1254 2073 24 14 as

686 2102 53 19 may
749 2095 26 21 be
786 2094 68 27 ready
866 2093 43 23 will
920 2094 52 22 take
980 2094 63 27 place
1054 2100 27 14 on
1094 2093 37 21 the
1141 2092 48 22 first
1194 2092 84 22 Thurs-

687 2121 44 27 day
740 2121 23 21 in
779 2128 67 26 every
860 2121 87 26 month,
965 2120 76 22 unless
1057 2127 29 15 an
1104 2119 175 22 advertisement

687 2155 92 20 appears
789 2152 23 18 to
823 2144 36 26 the
870 2151 112 24 contrary.

716 2180 35 22 On
775 2180 62 23 these
862 2181 115 21 occasions
1000 2180 29 21 all
1058 2179 152 23 Landowners
1233 2179 46 22 and

688 2209 86 25 Agents
786 2208 48 21 who
852 2207 44 22 still
913 2207 57 22 have
987 2207 58 22 their
1059 2207 88 22 choices
1165 2210 22 17 to
1204 2206 72 26 make,

686 2242 39 15 are
735 2234 117 28 requested
861 2238 24 17 to
901 2234 85 26 attend,
1003 2241 24 14 as
1041 2234 18 21 it
1076 2234 19 21 is
1110 2233 127 27 impossible
1255 2237 22 17 to

688 2269 38 14 say
735 2266 23 17 to
765 2262 60 21 what
832 2261 96 22 number
936 2261 38 22 the
980 2260 76 22 choice
1065 2267 52 20 may
1125 2260 74 21 reach.
1224 2260 54 27 Any

687 2288 79 22 holder
775 2288 26 22 of
812 2296 14 14 a
834 2288 54 22 land
905 2288 66 21 order
986 2287 98 27 residing
1099 2288 22 21 in
1139 2286 37 21 the
1191 2287 87 26 Colony

687 2315 51 22 who
748 2314 53 23 does
811 2318 39 19 not
860 2314 84 27 attend,
956 2314 44 22 will
1010 2314 27 21 be
1047 2313 130 22 considered
1188 2316 22 18 to
1220 2313 58 22 have

687 2342 104 21 reserved
801 2342 34 21 his
846 2341 84 25 choice,
942 2341 75 22 unless
1027 2348 63 15 some
1099 2340 62 22 other
1171 2347 81 21 peison
1260 2340 18 21 is

688 2368 98 29 deputed
796 2373 21 18 to
829 2368 80 23 choose
920 2369 34 21 for
965 2368 52 22 him.

852 2401 36 23 W.
904 2402 34 22 M.
954 2401 106 26 SMITH,
1073 2402 62 27 Capt.
1146 2401 66 26 R.A.,

1034 2429 119 26 Surveyor-
1158 2427 106 22 General.

921 2483 240 27 Surveyor-General's
1172 2482 78 27 Office,

990 2510 102 27 January
1102 2511 20 24 7,
1137 2511 59 21 1841.

690 2544 204 50 SURVEYORS
908 2543 146 23 WANTED.
1084 2543 44 22 For
1137 2543 86 22 further
1228 2550 50 21 par-

754 2571 91 22 ticulars
855 2570 67 28 apply
932 2575 23 18 at
969 2570 42 22 this
1027 2570 78 28 Office,
1123 2570 101 23 between
1242 2570 36 22 the

689 2598 67 23 hour
753 2598 40 23 3of
803 2600 13 20 9
827 2598 44 22 and
881 2600 21 19 4.

853 2624 35 23 W.
904 2624 35 23 M.
955 2624 106 27 SMITH,
1074 2625 62 27 Capt.
1148 2624 67 27 R.A.,

1035 2650 229 28 Surveyor-General.
