2569 4010
1910 671 222 25 WHOLESALE
2162 673 126 24 PRICES
2322 674 179 23 CURRENT.

1981 711 134 14 CORRECTED
2131 711 29 15 UP
2174 711 28 14 TO
2217 711 86 15 FRIDAY
2317 712 111 15 EVENING.

2253 731 16 17 JS
2291 735 16 12 s.
2332 731 18 17 d.
2406 731 17 18 £
2444 736 17 12 a.
2486 733 19 16 a.

1910 750 64 22 Ale:
1992 749 28 23 In
2030 749 77 29 bottle,
2121 751 115 28 perdoz..
2254 754 14 20 0
2284 753 26 21 12
2337 754 14 20 6
2369 767 19 5 ..
2407 755 14 19 0
2436 753 27 22 14
2489 755 16 20 0

1992 777 102 27 Taylor's
2252 779 13 21 7
2292 781 15 19 0
2334 780 14 20 0
2366 793 19 6 ..
2404 779 14 22 7
2445 781 15 20 0
2486 782 16 20 0

1911 803 99 22 Arrack
2020 811 5 13 :
2040 804 44 22 Per
2093 805 74 26 gallon
2256 808 14 20 0
2296 807 15 20 3
2338 807 84 21 6..0
2449 807 14 21 0
2471 806 3 4 '
2489 807 19 25 0'

1911 831 79 21 Bread
2000 838 4 14 :
2022 831 42 21 Per
2073 831 43 22 21b.
2130 831 50 22 loaf
2257 835 14 20 0
2298 835 14 19 0
2338 834 84 21 8..0
2450 835 14 20 0
2489 835 16 20 0

1910 857 74 22 Beef:
2001 857 77 28 Fresh,
2098 866 89 14 carcase
2202 866 41 20 per

2029 884 23 22 lb
2253 888 15 19 0
2295 887 14 20 0
2336 887 14 20 9
2368 900 6 6 .
2381 900 6 6 .
2406 889 15 19 0
2448 888 14 20 0
2488 889 16 20 0

1910 912 95 21 Butter
2012 918 6 14 :
2034 911 66 26 Irish,
2110 918 40 21 per
2158 912 30 22 lb.
2220 926 6 6 .
2234 926 5 6 .
2258 915 13 19 0
2300 914 9 20 1
2339 914 14 20 3
2371 927 6 6 .
2383 927 7 6 .
2409 915 14 19 0
2453 915 9 20 1
2491 915 16 21 8

2034 938 69 22 Fresh
2258 941 14 21 0
2297 941 15 20 3
2339 941 14 20 6
2371 954 19 6 ..
2408 941 15 21 0
2450 942 15 21 0
2491 942 16 21 0

1910 965 98 22 Brandy
2016 973 5 13 :
2037 965 60 22 First
2103 965 92 28 quality,
2203 972 41 21 per

2061 992 75 27 gallon
2256 995 14 20 0
2297 994 14 20 9
2338 995 52 20 0..
2408 994 57 22 012
2490 995 17 21 0
2533 995 9 19 .'

1910 1019 88 21 Brown
2017 1019 75 21 Stout
2100 1026 5 14 :
2129 1019 114 21 Trueman

2149 1045 45 21 and
2202 1046 39 21 Co.
2256 1048 13 19 6
2284 1047 26 20 15
2337 1049 15 19 0
2369 1061 19 6 ..
2408 1047 13 22 7
2449 1049 14 19 0
2489 1049 16 20 0

1910 1073 89 21 Cigars
2007 1080 5 14 :
2023 1071 104 28 Manilla,
2135 1079 39 20 per
2181 1073 61 26 1000,
2257 1074 55 20 310
2338 1075 15 19 0
2370 1088 6 6 .
2383 1087 7 6 .
2408 1075 15 21 4
2450 1075 15 20 0
2491 1075 17 24 0(

2021 1099 97 21 Inferior
2256 1101 13 19 2
2297 1101 14 19 0
2338 1101 84 21 0..0
2449 1101 14 21 0
2490 1102 16 20 0

2021 1125 138 28 Havannah,
2165 1133 39 20 per
2211 1126 31 21 lb.
2256 1127 14 20 0
2285 1127 27 20 14
2338 1128 14 20 0
2370 1141 19 5 ••
2408 1129 15 19 0
2449 1129 15 20 0
2489 1129 18 20 O

2021 1152 127 22 Chinsurah
2257 1154 13 20 2
2286 1154 26 20 10
2339 1155 84 20 0..0
2450 1155 14 21 0
2490 1156 20 20 ft

2021 1179 156 22 Alexandrian
2190 1194 46 6 ....
2256 1181 9 20 1
2284 1181 26 20 10
2338 1181 14 20 0
2369 1195 6 5 .
2382 1194 7 6 .
2407 1182 14 20 0
2449 1182 14 20 0
2489 1183 22 22 O.

1910 1207 90 21 Coffee
2007 1214 5 14 :
2024 1206 65 27 Java,
2100 1214 40 19 per
2148 1206 23 22 lb
2256 1209 14 19 0
2300 1208 8 20 1
2339 1209 15 19 0
2371 1222 6 5 .
2384 1221 6 6 .
2408 1209 15 19 0
2452 1208 10 22 1
2491 1209 16 21 3

1910 1233 105 22 Cheese:
2032 1233 106 21 Cheshire
2256 1235 14 20 0
2298 1235 10 20 1
2338 1235 85 21 3..0
2453 1235 54 21 110

2030 1259 56 21 Pine
2098 1259 73 28 Apple
2257 1262 14 20 0
2299 1262 11 20 1
2339 1262 84 20 4..0
2451 1262 14 20 2
2491 1263 16 19 O

2030 1286 76 22 Dutch
2258 1289 13 19 0
2299 1289 11 20 1
2339 1289 14 19 3
2371 1302 19 5 ..
2408 1289 15 20 0
2451 1289 11 21 1
2490 1289 18 20 5'

1911 1313 108 22 Candles
2027 1320 4 14 :
2038 1313 95 26 English
2141 1320 56 20 wax,
2204 1321 41 20 per
2261 1329 4 3 ■

2056 1339 24 22 lb
2257 1342 13 20 0
2298 1341 14 21 2
2327 1342 27 20 10
2371 1355 19 7 ..
2409 1343 14 19 0
2451 1342 14 20 3
2491 1343 17 20 0

2042 1366 82 22 Mould
2137 1376 32 12 ..;
2256 1370 14 20 0
2298 1369 10 20 1
2339 1369 14 20 0
2371 1382 19 6 ..
2409 1369 14 20 0
2452 1369 10 21 1
2490 1370 17 20 4

2044 1393 57 28 Dips
2256 1397 13 19 0
2296 1397 14 19 0
2325 1396 27 20 10
2370 1409 18 6 ..
2407 1397 15 20 0
2451 1396 10 21 1
2488 1397 18 20 O

1912 1420 94 22 Flour:
2016 1421 132 27 lstquality,
2160 1424 84 24 perton

2036 1447 27 21 of
2073 1449 54 20 2000
2137 1447 34 22 lbs
2241 1449 27 21 30
2296 1449 14 21 0
2338 1449 14 21 0
2370 1449 51 21 ..35
2450 1450 15 20 0
2490 1450 17 21 O

2012 1474 47 22 2nd
2068 1474 56 22 ditto
2244 1476 27 21 26
2298 1477 14 20 0
2339 1477 14 19 0
2371 1490 20 5 ..
2409 1477 14 19 0
2451 1477 14 20 0
2491 1477 16 21 0

1912 1501 47 21 Gin
1967 1508 6 14 :
1995 1500 54 22 Pale
2257 1504 13 20 0
2298 1503 13 20 5
2340 1503 50 20 6..
2409 1504 14 19 0
2451 1503 14 21 9
2491 1503 16 21 0

1995 1527 62 27 Case,
2072 1529 14 20 3
2100 1528 87 26 gallons
2196 1530 46 20 4-5.
2257 1530 55 20 018
2340 1530 14 20 0
2372 1543 18 6 ..
2411 1530 51 20 11
2491 1531 16 19 O

1912 1553 70 23 Hams
1990 1562 6 14 :
2011 1554 130 28 Yorkshire,
2157 1562 39 21 per
2205 1555 23 22 lb
2237 1571 5 6 .
2258 1557 13 19 0
2300 1557 52 20 11
2373 1570 5 7 .
2385 1570 6 6 .
2410 1558 14 19 0
2453 1557 10 20 1
2491 1557 17 21 3

1912 1581 128 22 Mustard:
2057 1582 44 22 Per
2110 1582 71 22 dozen
2194 1584 75 20 ....1
2300 1585 13 20 8
2340 1585 15 19 0
2373 1597 19 7 ..
2410 1584 15 20 0
2453 1584 14 21 0
2493 1584 15 20 0

1912 1608 103 22 Mutton
2024 1616 4 14 :
2051 1609 93 21 Carcase
2154 1616 40 21 per
2202 1609 24 22 lb
2237 1625 5 6 .
2258 1612 13 19 0
2299 1612 14 19 0
2340 1612 14 19 9
2372 1624 6 6 .
2385 1624 6 6 .
2409 1611 15 20 0
2453 1611 10 20 1
2492 1612 16 19 0

1912 1635 124 22 Muskets:
2053 1635 94 22 Walnut
2153 1636 92 22 stocked
2259 1638 13 20 0
2287 1638 27 20 14
2340 1639 15 19 0
2373 1652 18 5 ..
2411 1638 10 20 1
2452 1638 14 20 8
2492 1638 16 20 0

1912 1662 67 22 Milk
1987 1679 4 5 .
2009 1663 42 21 Per
2058 1663 50 27 pint
2258 1666 13 19 0
2298 1666 15 20 0
2339 1665 52 20 4..
2410 1665 14 20 0
2451 1665 15 20 0
2493 1664 16 21 0

1912 1690 44 21 Oil
1964 1697 5 14 :
1986 1689 105 27 Linseed,
2102 1697 39 20 per
2150 1690 75 27 gallon
2237 1693 34 19 .0
2298 1693 14 19 6
2340 1692 15 20 0
2373 1706 5 5 .
2385 1706 6 5 .
2410 1693 15 20 0
2453 1692 13 21 8
2492 1692 16 20 6

1969 1719 7 5 v
1987 1716 78 27 Black,
2071 1717 23 21 in
2100 1717 172 27 cask,pertonl6
2300 1720 14 20 0
2340 1720 15 19 0
2373 1732 19 7 ..
2410 1720 15 19 0
2452 1719 15 20 0
2492 1719 16 20 0

1912 1743 77 22 Pork:
2006 1743 76 28 Fresh,
2101 1751 88 15 carcase
2205 1752 40 20 per

2031 1770 23 21 lb
2257 1774 13 19 0
2298 1774 14 19 0
2339 1773 14 20 3
2372 1786 19 6 ..
2409 1773 14 20 0
2451 1774 14 19 0
2491 1774 16 20 0

1913 1797 64 21 Pork
1985 1805 5 13 :
2007 1797 66 26 Irish,
2084 1805 40 19 per
2133 1798 74 21 barrel
2220 1813 5 5 .
2234 1813 5 5 .
2257 1800 13 21 5
2298 1801 15 20 0
2340 1800 14 21 0
2372 1814 6 5 .
2385 1814 6 5 .
2409 1800 15 20 0
2451 1800 14 21 0
2492 1800 16 20 0

1913 1824 132 21 Potatoes:
2065 1824 57 22 New
2136 1824 108 28 Zealand,

2091 1859 40 19 per
2140 1855 38 18 ton
2258 1852 13 23 7
2286 1854 27 21 10
2340 1854 15 21 0
2373 1867 5 6 .
2385 1867 7 6 .
2409 1854 15 20 0
2451 1854 15 21 0
2492 1855 16 20 0

1913 1877 94 23 Porter
2017 1885 6 14 :
2052 1878 103 28 Dunbar,
2167 1879 23 22 in
2198 1880 46 21 bot.

2082 1906 92 26 perdoz
2258 1908 14 20 0
2286 1908 28 20 12
2340 1908 15 20 0
2373 1920 19 7 ..
2410 1908 14 20 0
2439 1908 28 21 14
2493 1908 15 20 0

1913 1932 100 22 Pickles
2024 1939 5 15 :
2061 1932 117 28 Assorted,
2207 1941 40 20 per

2087 1960 58 25 doz.,
2169 1964 77 24 quarts
2261 1962 10 20 1
2301 1962 14 21 8
2341 1963 16 20 0
2375 1976 5 5 .
2388 1975 6 6 .
2413 1962 11 19 1
2441 1962 27 21 16
2494 1962 15 19 0

1913 1986 74 22 Pitch
2000 1993 6 14 :
2037 1986 140 26 Stockholm,
2206 1995 42 19 per

2064 2012 71 21 barrel
2261 2014 9 20 1
2289 2014 26 21 10
2341 2015 16 19 0
2375 2027 19 7 ..
2425 2014 15 21 2
2454 2014 14 20 0
2494 2013 15 20 0

1913 2037 82 23 Plank
2003 2045 6 14 :
2036 2038 55 21 Port
2114 2038 132 28 Nicholson,

2039 2073 5 3 -
2063 2073 41 19 per
2113 2067 41 20 100
2162 2066 47 22 feet
2221 2068 20 19 .'.
2260 2069 13 20 0
2288 2068 26 20 18
2341 2068 51 20 0-..
2412 2067 9 20 1
2440 2068 27 19 10
2493 2065 16 22 0

2035 2092 124 27 Hokianga
2260 2096 13 19 ?
2301 2094 13 21 5
2341 2096 14 19 0
2375 2108 18 5 ..
2411 2094 14 21 2
2441 2094 27 21 10
2494 2094 15 21 0

1912 2119 71 22 Rice:
1997 2119 110 22 Common
2116 2127 41 20 per
2162 2124 49 17 cwt.
2223 2135 19 6 ..
2261 2122 54 21 018
2342 2122 15 20 0
2375 2135 19 6 ..
2413 2122 10 19 1
2453 2122 14 19 5
2495 2122 15 19 0

1995 2146 68 22 Good
2260 2150 10 19 1
2299 2149 16 20 4
2341 2150 14 19 0
2373 2162 19 6 ..
2412 2148 11 21 1
2440 2148 27 21 10
2493 2149 16 20 0

1913 2173 54 22 Rum
1976 2181 4 14 :
1999 2174 24 21 P.
2034 2174 26 21 B.
2073 2174 33 25 P.,
2122 2174 55 27 duty
2190 2174 55 27 free,

2022 2207 40 19 per
2071 2200 76 27 gallon
2260 2204 13 19 0
2300 2202 14 21 5
2341 2203 39 20 6.
2387 2203 39 20 .0
2441 2202 26 21 13
2495 2204 15 19 0

1912 2227 90 22 Sugar:
2019 2227 120 22 Mauritius
2149 2235 39 21 per
2195 2232 50 18 cwt.
2260 2230 12 20 2
2301 2231 14 19 0
2341 2230 15 20 0
2374 2243 19 6 ..
2411 2230 14 20 2
2441 2230 26 21 10
2495 2230 15 19 0

2023 2254 81 21 Brown
2259 2258 13 20 0
2300 2258 14 20 0
2341 2258 14 19 0
2373 2270 19 6 ..
2412 2256 11 21 1
2439 2256 26 21 15
2493 2257 16 20 0

2023 2280 98 23 Refined
2137 2282 53 26 loaf,
2207 2289 41 21 per

2049 2308 23 21 lb
2260 2312 12 19 0
2300 2311 14 20 0
2342 2310 13 20 8
2374 2324 18 5 ..
2411 2310 14 21 0
2453 2310 14 21 0
2494 2310 14 21 9

2023 2335 98 22 Manilla
2260 2338 10 19 I
2287 2338 26 20 13
2341 2338 14 19 0
2374 2351 18 6 ..
2413 2337 10 20 1
2441 2337 26 21 18
2494 2338 16 20 0

1912 2362 61 21 Salt
1980 2369 7 14 :
2003 2362 128 28 Liverpool,
2141 2370 40 19 per
2191 2367 39 18 ton
2239 2365 34 20 .6
2300 2365 15 20 0
2341 2365 14 20 0
2375 2378 5 6 .
2387 2378 6 6 .
2411 2364 14 21 8
2453 2366 15 19 0
2495 2365 14 20 0

1912 2390 61 21 Soap
1981 2397 6 14 :
2015 2389 104 22 Hawes's
2142 2390 104 27 London,

2039 2419 88 24 perton
2244 2418 28 21 42
2300 2419 14 20 0
2340 2419 15 20 0
2373 2418 52 21 ..50
2453 2418 14 20 0
2494 2419 15 20 0

1912 2443 106 22 Starch:
2035 2444 75 21 Perlb
2261 2446 14 20 0
2304 2446 8 20 1
2343 2446 14 19 9
2376 2459 18 6 ..
2413 2446 14 19 0
2455 2446 13 19 2
2495 2446 15 19 0

1913 2470 145 22 Scantling:
2075 2470 43 23 Per
2126 2472 40 21 100
2174 2472 55 21 feet.
2237 2486 5 5 .
2261 2473 55 20 018
2343 2473 14 20 0
2376 2486 19 6 ..
2413 2472 12 21 1
2455 2472 13 20 5
2495 2473 15 19 0

1913 2498 129 21 Shingles:
2060 2498 43 21 Per
2110 2499 54 21 1000
2261 2500 10 20 1
2289 2500 27 20 10
2343 2501 14 19 0
2376 2513 18 6 ..
2413 2500 14 20 2
2455 2500 14 20 0
2495 2500 16 20 0

1912 2524 64 22 Tar:
1992 2524 55 22 Coal
2261 2526 53 21 115
2343 2527 85 20 0..0
2456 2527 14 20 0
2496 2527 15 20 0

1996 2552 130 22 Stockholm
2263 2554 54 20 110
2344 2553 84 21 0..2
2456 2555 14 19 0
2496 2555 16 19 0

1912 2578 64 21 Tea:
1995 2578 89 28 Hyson,
2095 2586 39 20 per
2145 2579 62 21 chest
2224 2581 51 20 ..8
2303 2582 14 20 0
2343 2581 15 21 0
2376 2581 50 21 ..11
2444 2581 24 21 11
2496 2581 16 20 0

1912 2606 120 21 Tobacco:
2048 2606 143 26 Negrohead,
2209 2613 40 20 per

2074 2633 24 21 lb
2262 2635 15 19 0
2305 2635 9 19 1
2344 2635 14 20 3
2376 2647 20 6 ..
2414 2635 14 19 0
2457 2634 11 21 1
2497 2634 15 21 3

1912 2659 168 22 Turpentine:
2097 2660 43 21 Per
2145 2660 99 27 gallon..
2263 2662 14 20 0
2304 2661 13 21 8
2345 2662 14 19 6
2377 2675 20 5 ..
2415 2662 14 20 0
2456 2662 15 20 0
2497 2662 15 20 0

1913 2686 165 22 Whalebone:
2096 2687 90 21 Perton
2249 2689 28 19 90
2304 2689 14 19 0
2344 2689 15 19 0
2378 2688 65 21 ..100
2456 2689 15 21 0
2496 2689 16 20 0

1913 2712 84 23 Wine:
2014 2713 90 28 Sherry,
2114 2720 41 21 per
2164 2714 50 27 pipe
2225 2729 19 5 ..
2249 2715 27 21 28
2304 2716 14 20 0
2345 2716 14 20 0
2378 2716 52 20 ..40
2456 2717 15 19 0
2497 2716 15 20 0

2025 2740 72 27 Ditto,
2113 2748 41 20 per
2167 2741 80 21 dozen.
2264 2742 10 20 1
2304 2743 14 19 4
2345 2743 15 19 0
2378 2755 5 6 .
2391 2755 6 7 .
2415 2742 15 21 2
2458 2743 14 21 0
2498 2744 16 19 0

1915 2794 123 22 Poultry:
2054 2794 80 27 Fowls,
2142 2801 41 20 per
2188 2795 62 27 pair.
2265 2797 14 19 0
2293 2796 28 20 10
2347 2796 15 20 0
2379 2809 20 6 ..
2416 2796 15 20 0
2458 2796 15 21 0
2499 2796 16 20 0

2053 2821 86 27 Ducks,
2151 2821 55 22 ditto
2227 2836 5 6 .
2240 2836 6 6 .
2264 2823 55 21 015
2347 2823 14 21 0
2380 2836 4 6 .
2392 2836 7 6 .
2416 2823 16 21 0
2458 2823 15 21 0
2499 2823 15 21 0

2054 2848 81 27 Geese,
2148 2849 55 21 ditto
2227 2863 6 5 .
2240 2863 5 6 .
2264 2849 55 21 015
2347 2851 14 19 0
2379 2863 5 6 .
2392 2863 6 6 .
2416 2851 15 19 0
2458 2851 15 20 0
2498 2851 16 20 0

2053 2875 104 28 Turkeys
2264 2883 61 15 none
2334 2875 24 22 in
2368 2875 40 23 the
2418 2875 96 23 market.

2053 2902 107 27 Pigeons,
2170 2902 79 28 (wild,)

2081 2937 41 20 per
2131 2929 49 28 pair
2201 2945 45 5 ....
2265 2931 15 20 0
2307 2931 14 20 3
2348 2931 14 21 0
2380 2944 6 6 .
2394 2944 6 6 .
2418 2932 15 20 0
2459 2931 60 25 0.0.

2053 2956 86 28 Ducks,
2149 2957 35 22 do.
2195 2957 52 22 do..
2265 2959 15 20 0
2307 2958 14 20 5
2348 2958 15 20 0
2381 2971 19 6 ..
2418 2959 14 21 0
2459 2959 15 20 0
2500 2958 15 20 0

1915 2984 64 22 Eggs
1987 2991 5 15 :
2007 2984 46 22 Per
2062 2983 73 23 dozen
2267 2986 14 20 0
2308 2986 14 20 6
2348 2987 15 19 0
2380 2999 20 6 ..
2418 2987 14 19 0
2459 2985 15 21 0
2500 2985 16 21 0

1915 3038 79 22 Cows:
2009 3037 73 22 Milch
2251 3039 29 21 20
2307 3039 14 20 0
2348 3039 14 20 0
2380 3039 52 21 ..30
2458 3039 15 21 0
2498 3039 16 20 0

1917 3064 96 22 Mares:
2030 3064 76 22 Brood
2249 3065 30 21 50
2305 3067 14 19 0
2346 3067 15 19 0
2378 3067 53 19 ..90
2458 3067 15 19 0
2498 3066 16 22 0

1915 3091 119 23 Working
2051 3091 120 22 Bullocks
2180 3098 5 14 :
2208 3091 44 21 Per

1941 3119 51 26 pair
2251 3119 29 21 50
2307 3120 14 20 0
2347 3119 85 21 0..60
2458 3120 16 21 0
2498 3119 17 21 0

1915 3145 65 22 Hire
1992 3152 27 14 of
2030 3152 68 14 ditto
2106 3152 4 14 :
2127 3145 43 21 Per
2178 3144 51 28 day,
2239 3152 13 14 a

1941 3175 63 19 team
2014 3171 46 22 and
2067 3171 75 23 driver
2265 3173 12 21 1
2293 3173 28 21 10
2347 3175 15 19 0
2380 3187 19 6 ..
2416 3174 15 20 2
2458 3174 16 20 0
2498 3173 16 21 0

1915 3199 90 22 Sheep:
2021 3197 61 23 Each
2263 3201 12 20 1
2291 3201 28 20 10
2345 3201 15 21 0
2378 3214 20 6 ..
2415 3201 15 20 0
2457 3201 15 21 0
2497 3201 15 21 0

1915 3226 65 22 Boat
1990 3225 65 23 Hire
2061 3234 5 14 :
2081 3225 43 23 Per
2131 3225 50 28 day,
2187 3226 64 22 with-

2110 3256 40 19 out
2159 3253 89 22 hands.
2263 3255 56 20 010
2345 3256 16 19 0
2378 3267 21 8 ..
2416 3254 11 21 1
2457 3255 16 21 0
2498 3255 16 20 0

1915 3307 89 23 Wages
2010 3314 6 15 :
2044 3307 142 28 Mechanics,
2212 3314 41 21 per

2071 3334 63 22 week
2264 3335 15 20 2
2293 3335 28 22 14
2347 3335 83 21 0..3
2458 3335 16 21 6
2499 3336 16 21 0

2054 3361 127 22 Labourers
2264 3362 55 21 110
2346 3362 84 21 0..2
2458 3362 15 22 2
2498 3362 16 22 0

1915 3853 77 19 Printed
1995 3853 38 17 and
2035 3853 98 22 published
2141 3857 54 17 every
2202 3853 89 21 Saturday
2297 3852 91 22 morning,
2395 3853 25 21 by
2427 3853 83 17 Sakos&

1936 3874 92 19 Revaks,
2038 3876 21 16 at
2068 3875 33 18 the
2112 3875 57 17 Office
2179 3874 21 18 of
2210 3874 33 17 the
2254 3874 50 17 New
2309 3873 101 18 Zbalawd
2416 3874 96 17 Gazett»

1937 3900 43 13 a.kx>
1987 3895 138 18 Weixinoton
2131 3896 122 18 Stectatok,
2261 3894 155 21 Tarasaki-place,
2424 3894 86 22 Welling-

1936 3919 39 17 ton,
1982 3916 46 17 Port
2034 3916 108 20 Niqbalton,
2150 3916 45 17 N«w
2200 3916 87 16 ■ZrtalmtJ.

1936 3413 40 16 The
1988 3413 48 16 New
2047 3412 100 17 Zealand
2158 3412 93 16 Gazette
2262 3411 43 19 will,
2315 3411 28 17 for
2354 3411 33 17 the
2398 3414 81 19 present,
2489 3413 23 17 ba

1913 3433 99 21 published
2020 3432 74 21 weekly,
2101 3437 55 16 every
2162 3432 88 21 Saturday
2259 3432 90 21 morning.
2372 3431 72 18 Soioori
2453 3433 59 18 uitis

1914 3454 112 20 sufficiently
2032 3453 104 21 supported,
2146 3454 15 16 it
2168 3453 38 17 will
2216 3454 22 16 be
2244 3453 63 16 issued
2314 3453 132 22 semi-weekly.
2467 3455 46 17 Sub*

1912 3475 64 20 joined
1982 3479 31 12 are
2021 3475 32 16 the
2059 3476 57 15 terms
2121 3479 5 10 :
2127 3482 23 4 —

1936 3495 64 17 Pkick
2007 3500 25 12 of
2039 3499 41 13 the
2088 3495 75 16 Paper.
2164 3503 21 4 —
2185 3494 56 21 Forty
2246 3494 85 22 shillings
2338 3499 33 17 per
2380 3499 78 17 annum,
2469 3499 44 18 p»y.

1913 3516 42 17 able
1961 3516 19 17 in
1988 3516 81 16 advance
2074 3521 5 13 ;
2091 3520 19 12 or
2117 3519 35 12 one
2159 3515 76 20 shilling
2241 3516 28 15 for
2275 3516 59 20 single
2341 3517 95 17 number*.

1935 3538 192 16 Advertisements.
2127 3544 22 4 —
2150 3536 32 16 Six
2192 3536 47 16 lines
2250 3536 37 17 and
2297 3537 65 19 under,
2375 3538 26 16 3s.
2408 3538 30 17 6d.
2445 3538 28 17 for
2479 3538 31 17 tha

1913 3557 42 17 first
1964 3557 97 19 insertion,
2072 3557 38 16 and
2121 3561 34 12 one
2166 3557 76 21 shilling
2248 3557 28 16 for
2282 3557 45 17 each
2334 3559 114 20 subsequent
2454 3559 57 17 inter*

1913 3578 40 17 tion
1958 3583 4 14 ;
1974 3578 49 17 from
2030 3578 29 16 six
2067 3579 19 15 to
2093 3580 30 14 ten
2131 3578 53 19 lines,
2192 3578 35 17 five
2235 3578 86 21 shillings
2332 3579 29 17 for
2371 3578 33 18 the
2415 3580 45 19 first,
2472 3580 37 17 snd

1913 3604 36 11 one
1959 3599 77 20 shilling
2046 3599 37 16 and
2094 3599 87 21 sixpence
2192 3599 28 16 for
2231 3599 44 17 eaoh
2286 3601 115 20 subsequent
2410 3601 99 19 insertion;

1913 3621 57 15 above
1981 3621 32 15 ten
2025 3620 52 19 lines,
2089 3620 36 16 five
2136 3620 85 21 shillings
2234 3620 27 17 for
2272 3620 31 17 ths
2314 3621 39 16 first
2364 3623 33 16 ten
2408 3621 53 19 lines,
2472 3622 38 17 and

1913 3641 99 20 fourpence
2019 3645 32 16 per
2057 3641 39 16 line
2103 3641 27 17 for
2137 3641 32 17 the
2176 3645 64 12 excess
2247 3642 20 16 of
2275 3642 42 16 that
2324 3643 87 19 number;
2422 3643 38 17 and
2466 3644 44 16 two-

1913 3666 58 17 pence
1978 3665 32 17 per
2016 3662 38 16 line
2061 3662 28 16 for
2096 3662 45 16 each
2149 3662 112 21 subsequent
2268 3662 95 17 insertion.

1935 3683 159 17 Advertisements
2101 3683 38 16 will
2145 3684 33 15 not
2183 3687 68 17 appear
2261 3683 20 17 in
2291 3684 33 16 the
2334 3683 81 22 ensuing
2425 3684 84 20 number!

1913 3703 18 17 if
1938 3703 85 17 received
2030 3703 46 18 later
2082 3703 45 18 than
2139 3703 72 21 Friday,
2224 3705 20 16 10
2254 3704 75 20 o'clock,
2340 3709 43 13 a.m.
2406 3705 105 18 Advertiie.
2519 3709 3 2 '

1913 3727 62 14 ments
1981 3724 39 17 will
2027 3725 22 17 be
2056 3725 101 17 continued
2162 3726 37 16 and
2206 3725 78 20 charged
2288 3726 48 17 until
2340 3726 169 19 counter-ordered;

1914 3746 45 17 such
1966 3745 55 18 order
2027 3747 52 16 must
2084 3747 23 16 be
2114 3748 42 15 sent
2162 3747 19 16 to
2188 3746 32 17 the
2224 3747 57 16 Office
2286 3747 53 16 three
2345 3747 46 21 day*
2397 3747 63 16 before
2465 3745 47 23 pub*

1913 3766 82 20 lication,
2002 3767 38 17 and
2047 3768 53 16 must
2105 3768 24 17 be-
2134 3767 20 18 in
2162 3767 80 21 writing.

1935 3787 31 17 All
1973 3788 67 18 orders,
2053 3789 159 18 advertisements,
2223 3788 38 17 and
2270 3787 167 17 communication!
2449 3789 19 16 to
2479 3788 33 18 th«

1915 3808 70 20 Editor,
1992 3813 31 13 are
2030 3810 98 20 requested
2133 3811 20 15 to
2159 3810 22 17 be
2188 3809 98 17 addressed
2293 3810 19 16 to
2319 3809 38 16 this
2362 3809 65 16 Office.

514 40 100 31 THE
632 40 113 31 NEW
761 39 229 32 ZEALAND
1008 36 227 35 GAZETTE
1252 37 103 32 AND
1372 34 333 33 WELLINGTON
1727 33 299 33 SPECTATOR.

1392 1193 107 21 TOWN
1512 1194 115 20 ACRES
1642 1195 44 19 TO
1701 1195 76 20 LET.

1287 1226 181 50 NUMBERS
1484 1233 28 14 on
1524 1226 39 22 the
1573 1226 242 28 Surveyor-General's
1825 1227 56 22 Plan

1369 1254 26 21 of
1406 1253 39 22 the
1455 1257 68 23 town,
1564 1254 39 21 179

1575 1280 26 21 75

1574 1308 27 20 62

1560 1335 42 20 330

1548 1362 53 20 1097

1315 1388 37 22 On
1360 1386 138 28 application
1511 1390 25 19 to
1551 1387 44 22 Mr.
1612 1387 24 22 F.
1653 1387 85 27 Logan,
1756 1387 126 27 Clyde-ter-

1285 1421 60 20 race,
1357 1414 87 26 Petoni,
1455 1417 69 19 terms
1533 1414 45 21 will
1588 1414 28 21 be
1626 1414 65 21 made
1701 1414 91 22 known.

1313 1441 174 27 Clyde-tetrace,
1500 1440 59 22 Nov.
1569 1442 33 24 23,
1616 1442 60 21 1840.

51 1120 49 47 A
129 1118 132 26 HEWITT,
271 1118 161 23 Fishmonger,
445 1116 111 22 Lambton
566 1116 72 27 Quay,

106 1156 10 11 •
134 1144 144 27 Wellington,
285 1148 89 17 returns
382 1143 34 22 his
427 1143 88 22 sincere
525 1143 82 20 thanks
617 1147 23 16 to

50 1172 38 21 the
106 1171 137 22 inhabitants
262 1171 23 21 o'
308 1170 45 21 this
372 1170 85 27 Colony
476 1169 35 22 for
529 1169 38 22 the
586 1176 54 20 very

49 1198 78 23 liberal
146 1201 90 23 support
254 1197 27 22 he
296 1196 41 22 has
354 1196 83 22 hithert
445 1206 5 10 «
466 1196 111 25 received,
595 1196 45 21 and

49 1225 54 27 begs
113 1230 23 15 to
145 1224 80 22 inform
237 1223 60 22 them
309 1224 47 20 that
372 1223 26 21 he
410 1223 39 21 has
459 1223 66 21 made
536 1230 105 19 arrange-

50 1255 74 18 ments
139 1251 34 21 for
192 1258 13 13 a
219 1255 104 17 coustunt
339 1249 80 27 supply
438 1249 26 21 of
485 1249 38 21 the
543 1249 99 22 choicest

50 1278 102 21 varietips
162 1277 26 21 of
197 1276 48 27 fish,
265 1276 72 23 which
356 1278 26 19 he
399 1275 139 28 confidently
555 1283 86 14 recom-

50 1304 79 23 mends
139 1308 21 17 to
170 1303 38 22 the
217 1303 75 27 public
302 1311 24 14 as
334 1303 67 26 being
409 1303 26 20 of
446 1303 39 20 the
493 1303 48 20 best
548 1302 92 27 quality.

78 1330 82 22 Orders
169 1330 34 21 for
214 1330 104 27 shipping
326 1329 110 27 received,
452 1329 47 22 and
510 1325 130 32 punctually

51 1357 106 23 attended
166 1361 29 17 to.

206 1390 98 15 OYSTERS
319 1390 72 14 FRESH
407 1389 78 15 DAILY.

78 1417 63 28 Also,
153 1424 12 15 a
175 1417 79 28 supply
264 1417 26 22 of
305 1416 128 28 vegetables
451 1416 63 22 fresh
528 1416 58 22 from
602 1415 39 23 the

52 1445 83 27 garden
146 1445 67 26 daily.

697 1273 152 21 SELLING-
864 1273 63 20 OFF
943 1273 48 20 AT
1005 1272 115 21 PRIME
1136 1271 94 21 COST!

671 1306 70 49 AT
765 1306 68 22 HAY
857 1306 45 22 and
927 1305 210 22 MACHATTIE'S
1162 1304 95 23 General

750 1334 70 25 Store,
832 1341 13 14 a
855 1333 60 27 large
924 1334 133 21 assortment
1064 1333 27 20 of
1096 1331 161 27 merchandise,

671 1360 124 27 consisting
804 1360 36 22 of:
842 1370 28 5 —

697 1394 54 26 Tea,
998 1393 135 26 Negrohead
1145 1393 99 28 tobacco,

698 1421 76 26 Sugar,
998 1420 101 22 Tobacco
1110 1421 71 26 pipes,

698 1447 125 28 Groceries,
998 1447 98 21 Manilla
1105 1447 80 27 cigars,

697 1473 61 27 Beef,
997 1473 52 22 Mtis
1060 1473 47 28 ard,

698 1500 66 27 Pork,
998 1499 94 28 Pickles,

698 1527 79 26 Hams,
997 1527 71 28 Slops,

699 1553 57 23 Irish
765 1555 82 26 butter,
997 1553 69 22 Shoes
1076 1553 46 23 and
1130 1553 48 28 boot
1178 1553 24 28 3,

697 1581 75 26 Flour,
998 1580 80 27 Prints,

697 1607 93 27 Biscuit,
997 1607 81 25 Calico,

697 1635 65 27 Soap,
997 1634 170 27 Ironmongery,
1178 1634 41 22 &c.

671 1668 145 26 Wellington,
827 1668 102 26 January
939 1670 33 24 13,
985 1669 59 21 1841.

1285 1494 176 21 BUILDING
1480 1495 239 20 ALLOTMENTS
1742 1496 44 19 TO
1806 1496 76 19 LET.

1288 1527 91 49 THE
1399 1527 201 23 ADVERTISER
1616 1528 66 22 offers
1699 1536 60 19 upon
1776 1528 108 27 Building

1362 1555 90 25 Leases,
1465 1562 14 13 a
1488 1555 96 21 number
1594 1555 26 21 of
1631 1555 70 21 Town
1711 1555 138 21 Allotments
1858 1556 24 21 in

1287 1581 38 22 the
1335 1584 59 20 most
1404 1581 109 21 desirable
1523 1585 61 23 parts
1593 1581 27 22 of
1632 1581 43 22 this
1686 1582 140 22 Settlement.

1315 1609 47 21 The
1381 1608 112 22 attention
1510 1608 26 21 of
1554 1607 38 23 the
1609 1609 76 26 public
1702 1609 18 21 is
1738 1609 144 27 particularly

1287 1635 72 22 called
1379 1638 23 18 to
1422 1635 37 21 the
1479 1634 125 27 advantage
1623 1635 27 21 of
1668 1635 108 28 Building
1792 1636 89 27 Leases,

1287 1663 73 21 which
1371 1661 37 22 the
1418 1661 153 28 undersigned
1580 1670 18 13 is
1611 1662 95 22 enabled
1716 1667 22 17 to
1748 1667 73 22 grant,
1829 1663 52 26 viz.,

1287 1689 58 22 from
1355 1695 69 16 seven
1435 1692 23 17 to
1475 1692 140 23 twenty-one
1632 1696 73 20 years,
1722 1689 122 28 according
1860 1694 22 17 to

1287 1715 38 23 the
1345 1715 65 23 value
1428 1715 28 21 of
1476 1715 38 22 the
1537 1715 116 28 buildings
1673 1716 111 28 proposed
1807 1720 23 18 to
1854 1717 28 22 be

1289 1741 97 24 erected.

1534 1769 26 22 F.
1576 1770 29 21 A.
1622 1769 231 23 MOLESWORTH.

130 1497 92 22 JOHN
245 1497 124 25 LODSE,
391 1497 166 25 BUILDSR,

51 1532 106 50 BEGS
172 1536 22 17 to
204 1531 81 22 inform
296 1532 40 21 the?
344 1531 140 22 inhabitants
494 1532 26 21 of
531 1530 110 28 Welling-

114 1564 44 20 ton,
170 1559 47 21 thai
227 1558 84 27 having
322 1559 55 21 been
389 1565 67 19 many
468 1565 64 25 years
540 1558 100 27 engaged

49 1594 24 14 as
83 1588 101 19 foreman
194 1586 22 21 in
232 1585 36 22 the
285 1586 98 21 erection
400 1585 26 22 of
440 1584 120 28 buildings,
579 1585 26 21 he
623 1585 18 21 is

49 1619 50 16 now
109 1612 108 32 prepared
227 1617 22 16 to
260 1612 65 21 make
336 1612 63 27 plans
414 1611 45 22 and
476 1612 115 21 estimates
606 1611 36 22 for

48 1647 45 19 any
104 1638 132 27 description
253 1639 25 21 of
292 1638 118 28 buillings,
429 1638 45 21 and
492 1642 93 18 execute
602 1638 38 22 the

48 1673 61 15 same
120 1673 28 14 on
158 1666 130 22 reasonable
299 1670 75 22 terms,
386 1664 53 23 with
447 1664 62 28 good
516 1664 124 23 workman-

48 1693 57 25 ship.

76 1719 56 22 N.B.
134 1730 28 5 —
165 1719 19 22 A
200 1718 93 23 W)oden
310 1718 71 23 house
396 1721 24 19 to
437 1716 29 24 be
486 1718 117 28 disposed*.
609 1718 29 28 of,

49 1746 53 23 20ff.
115 1746 29 28 by
155 1746 52 23 lift.

76 1773 77 22 Thorn
159 1773 40 21 ion
211 1773 72 26 Q-iay,
294 1771 52 24 Jan.
358 1773 33 25 21,
403 1772 62 22 1841.

47 1828 75 49 AN
132 1827 115 22 extensive
256 1828 85 26 variety
352 1826 25 22 of
383 1827 69 27 goods
464 1827 44 21 will
518 1826 27 23 be
556 1826 82 22 offered

128 1855 33 21 for
170 1854 46 22 sale
226 1861 30 14 on
266 1853 150 27 Wednesday,
432 1853 38 22 the
483 1853 53 22 20th
548 1854 89 26 instant,

47 1882 45 21 and
102 1881 113 27 following
224 1881 61 28 days,
301 1880 82 27 during
393 1880 38 22 the
446 1880 69 22 hours
525 1880 26 21 of
562 1882 12 19 9
585 1884 22 17 to
617 1882 21 23 6,

47 1912 23 19 at
80 1908 38 23 the
127 1908 68 22 Tents
206 1908 25 21 of

324 1933 110 23 FRANK
451 1933 131 27 LOSACK,

129 1967 61 23 Near
200 1967 36 23 the
246 1967 58 22 head
316 1967 27 22 of
355 1967 36 21 the
400 1967 54 26 Bay,
464 1965 146 28 Wellington.

38 2012 16 4 -
66 2000 54 26 -Th?
123 2009 13 19 y
145 2001 44 21 will
196 2001 28 21 be
231 2000 71 21 found
310 2000 49 21 well
368 1998 95 28 adapted
470 2004 23 15 to
503 1998 36 22 the
544 1999 93 26 Colony,

47 2028 45 21 and
102 2027 93 22 suitable
207 2032 22 16 to
239 2027 29 21 all
280 2026 88 26 classes,
384 2025 45 23 and
445 2025 47 22 will
508 2025 26 22 be
551 2026 48 21 sold
616 2030 24 17 at

47 2054 42 23 fair
98 2054 45 22 and
153 2054 113 22 moderate
277 2052 100 27 charges.

262 2094 81 19 TERMS,
360 2094 64 14 CASH.

1288 1823 144 50 LAND
1457 1824 197 22 AGENCIE
1665 1825 54 21 S.—
1719 1825 40 21 TO
1783 1825 99 22 LAND-

1365 1851 184 22 HOLDERS—
1549 1851 48 22 The
1618 1851 158 28 Undersigned
1793 1852 44 27 beg
1860 1856 23 18 to

1287 1879 56 20 offer
1353 1877 135 22 themselves
1498 1882 22 17 to
1530 1878 58 21 their
1597 1878 87 21 friends
1694 1878 46 22 and
1754 1878 38 22 the
1807 1879 76 27 public

1287 1912 24 15 as
1323 1906 86 25 Agents
1419 1905 35 21 for
1464 1905 38 21 the
1512 1905 96 27 disposal
1617 1905 27 21 of
1650 1905 69 22 Town
1730 1906 45 21 and
1783 1906 99 27 Country

1290 1932 81 26 Lands,
1382 1931 45 22 and
1437 1935 59 18 trust
1505 1932 59 21 their
1574 1932 96 21 colonial
1682 1932 134 27 experience
1832 1940 51 20 may

1287 1958 78 23 entitle
1376 1957 61 22 them
1449 1962 23 17 to
1482 1965 14 14 a
1506 1958 66 22 share
1583 1959 26 20 of
1620 1958 37 22 the
1668 1959 75 27 public
1752 1963 130 25 patronage.

1314 1986 64 26 They
1389 1985 42 21 will
1443 1985 28 21 be
1480 1985 76 26 happy
1567 1988 21 18 to
1598 1992 96 19 arrange
1708 1986 34 21 for
1752 1986 45 21 and
1807 1994 76 18 super-

1287 2012 78 21 intend
1376 2010 38 22 the
1424 2018 93 20 surveys
1525 2011 46 21 and
1578 2011 160 21 sub-divisions
1746 2012 26 20 of
1779 2012 35 21 the
1821 2012 61 21 land.

1290 2037 87 23 Liberal
1388 2037 112 22 advances
1510 2037 45 21 will
1569 2038 28 21 be
1613 2038 66 21 made
1690 2045 28 14 on
1729 2038 66 21 lands
1804 2038 79 27 placed

1287 2065 22 21 in
1322 2065 56 21 their
1388 2063 73 22 hands
1468 2064 35 21 for
1509 2064 55 21 sale.
1592 2065 65 26 They
1665 2065 44 20 will
1717 2065 47 21 also
1773 2065 27 21 be
1808 2065 75 28 happy

1287 2096 23 17 to
1321 2092 65 21 assist
1395 2091 137 28 proprietors
1542 2091 23 21 in
1575 2091 88 28 leasing
1674 2091 58 22 their
1741 2091 71 23 lands.

1543 2125 86 21 JOHN
1640 2125 45 22 and
1697 2125 71 22 GEO.
1780 2125 102 23 WADE.

1315 2152 146 26 Wellington,
1474 2152 50 22 Oct.
1536 2153 21 25 7,
1569 2153 61 21 1840.

1517 2207 45 19 TO
1577 2207 77 25 LET,

1287 2239 122 50 TOWN
1425 2240 105 26 ACRES,
1546 2241 42 20 394
1601 2240 47 22 and
1661 2242 51 20 395.
1740 2240 46 23 For
1795 2240 88 23 further

1361 2266 142 29 particulars,
1515 2267 95 27 enquire
1621 2267 27 22 of

1463 2301 26 22 T.
1506 2301 33 21 M.
1556 2301 185 22 PARTRIDGE
1752 2301 45 22 and
1807 2302 47 21 CO.

1517 2357 45 20 TO
1577 2357 77 24 LET,

1287 2390 122 49 TOWN
1425 2390 106 26 ACRES,
1546 2392 41 19 245
1602 2390 47 22 and
1661 2392 50 21 392.
1740 2391 45 22 For
1797 2391 87 22 further

1365 2417 140 29 particulars,
1526 2418 95 27 enquire
1639 2421 23 18 at
1681 2418 39 22 the
1765 2418 96 22 Gazette

1287 2444 78 21 Office.

1287 2499 92 34 '"pHE
1404 2498 158 28 Undersigned
1579 2498 60 23 have
1657 2499 70 21 Town
1747 2500 72 21 Acres
1837 2500 47 21 and

1296 2533 28 15 jl
1362 2526 101 28 portions
1483 2527 25 20 of
1526 2533 63 14 acres
1606 2529 23 18 to
1646 2526 31 22 let
1691 2526 23 21 in
1734 2526 30 22 all
1781 2530 61 24 parts
1862 2527 25 21 of

1288 2553 145 27 Wellington.
1448 2552 49 22 The
1506 2555 70 19 terms
1583 2553 45 21 will
1633 2553 27 21 be
1667 2553 69 27 given
1743 2560 61 21 upon
1812 2553 72 28 appli-

1287 2581 83 21 cation.

1500 2606 133 22 HANSON
1644 2606 46 23 and
1700 2607 155 22 ALZDORF.

1314 2633 88 27 Petoni,
1414 2633 61 28 Sept.
1486 2635 34 26 29,
1532 2635 61 20 1840.

50 2143 70 49 ON
132 2143 85 25 SALE,
226 2147 23 16 at
259 2141 37 21 the
305 2141 74 21 Stores
386 2142 23 20 of
424 2140 38 22 the
473 2139 164 28 Undersigned,

127 2176 27 16 ex
195 2168 118 28 Lapwing:
337 2180 27 4 —

75 2197 75 21 Men's
160 2200 76 22 strong
244 2195 64 21 boots
318 2193 45 23 and
373 2193 72 23 shoes.

74 2223 96 22 Manilla
185 2223 44 21 and
244 2221 18 22 E
273 2228 60 20 irope
343 2228 60 20 rope.

73 2250 76 27 Single
160 2249 45 22 and
216 2249 79 22 double
306 2247 83 23 blocks.

74 2276 150 28 Gunpowder.

73 2303 111 23 Coloured
194 2303 77 28 prints.

73 2330 87 22 Glazed
171 2331 78 21 calico.

73 2356 96 28 Figured
175 2357 11 28 j
194 2359 82 19 iconet.

73 2383 76 23 White
160 2383 58 22 table
228 2382 78 23 cloths.

73 2410 102 23 Damask
185 2409 62 23 ditto.

74 2437 75 22 Men's
160 2437 44 22 and
214 2435 107 24 women's
336 2435 120 28 stockings.

73 2463 61 24 Half
144 2464 61 22 hose.

73 2491 88 26 Striped
170 2490 46 22 and
224 2493 93 24 regatta,
330 2489 72 23 shirts.

76 2517 112 23 Moleskin
211 2517 45 22 and
280 2516 83 23 fustian
388 2520 67 24 coats,
476 2517 97 28 jackets,
592 2516 46 23 and

47 2548 109 19 trowsers.

74 2571 48 22 Silk
131 2570 179 23 handkerchiefs.

73 2598 78 27 Fancy
162 2599 45 21 and
221 2597 115 23 cashmere
350 2600 66 20 vests.

74 2626 69 21 Straw
153 2625 57 21 hats.

73 2652 85 22 Pocket
167 2652 45 21 and
222 2658 42 21 pen
274 2651 88 22 knives.

72 2679 70 22 Table
152 2686 87 20 sp^ns,
250 2679 79 21 knives
339 2677 45 23 and
395 2677 68 23 forks.

73 2706 43 26 Pit,
128 2705 67 26 hand,
208 2705 44 22 and
262 2710 109 17 cross-cut
380 2713 63 14 saw.3.

73 2732 87 23 Pewter
175 2740 119 19 measures,
305 2732 41 22 bill
357 2732 76 27 hooks,
445 2733 42 21 &c.
499 2732 40 22 &c.
551 2732 40 23 &c.

327 2766 54 22 Hay
395 2765 46 22 and
461 2766 149 22 Machattie.

73 2799 145 26 Wellington,
229 2799 103 26 Janxiary
341 2801 33 24 23,
388 2801 58 20 1841.

812 1724 167 20 GENERAL
996 1723 118 21 STORE.

671 1756 91 48 MR.
776 1755 146 23 TELFORD
936 1755 83 28 having
1033 1755 100 28 recently
1145 1755 66 23 made
1221 1763 38 15 ex-

761 1783 86 21 tensive
864 1783 127 33 purchases,
1010 1783 52 27 begs
1073 1786 23 19 to
1106 1790 119 15 announce
1237 1786 22 19 to

669 1809 34 22 his
714 1809 84 22 friends
809 1809 48 22 that
866 1810 28 21 he
904 1809 41 22 has
955 1817 29 14 on
995 1809 52 28 sale,

696 1836 188 22 HARDWARE
899 1837 25 20 of
936 1836 94 25 the,first
1039 1836 92 28 quality,
1142 1836 118 27 including

668 1870 14 14 a
690 1867 64 22 great
761 1863 86 27 variety
857 1864 27 20 of
895 1863 63 22 nails.

695 1890 105 21 FLOUR
810 1891 26 20 of
848 1890 48 21 first
904 1890 46 21 and
960 1889 82 23 second
1052 1889 94 28 quality.

696 1917 215 21 GROCERIES.—
912 1917 53 26 Tea,
979 1924 84 19 sugars,
1082 1917 76 25 coffee,
1176 1917 82 26 butter,

668 1950 61 21 soap,
741 1943 99 27 candles,
851 1944 52 26 rice,
919 1951 65 20 curry
1000 1943 97 28 powder,
1114 1944 85 27 pickles
1214 1945 45 20 and

668 1977 84 18 sauces,
764 1971 111 26 spiceries,
887 1971 40 21 &c.

695 1996 102 22 WINES
811 1997 67 21 AND
890 1997 155 21 SPlßlTS.—
1047 1996 91 21 Besides
1148 1996 38 22 the
1195 1997 71 21 usual-

668 2023 80 27 supply
758 2023 26 21 of
796 2023 75 21 wines.
874 2023 45 21 and
929 2023 79 27 spirits,
1023 2022 62 22 there
1095 2022 19 22 is
1124 2030 13 14 a
1146 2023 113 21 consider-

668 2049 50 21 able
724 2050 103 27 quantity
831 2049 26 22 of
866 2050 87 21 Scotch
964 2049 110 22 Whiskey
1084 2058 5 18 ;
1101 2049 45 22 and
1153 2057 14 14 a
1172 2049 87 23 limited

668 2077 102 26 quantity
781 2077 26 21 of
818 2077 118 21 Colonial
947 2076 120 22 Whiskey.

694 2103 99 22 BOOTS
808 2103 68 22 AND
892 2103 136 22 SHOES.—
1029 2103 72 22 There
1111 2102 41 22 has
1159 2102 57 23 been
1224 2110 35 15 re-

668 2129 78 23 ceived
764 2138 13 14 a
797 2130 102 27 quantity
922 2130 26 22 of
970 2129 137 28 Wellington
1130 2129 65 23 boots
1214 2130 44 22 and

670 2156 111 22 Warren's
790 2157 113 26 blacking.

694 2183 172 22 BLANKETS.
869 2196 30 4 —
901 2183 70 22 Fresh
986 2183 92 21 arrivals
1094 2182 57 22 have
1163 2190 62 15 come
1237 2186 22 19 to

667 2209 61 23 hand
739 2211 22 21 in
771 2212 39 20 8-4
819 2211 46 22 and
875 2212 57 26 11-4,
951 2211 25 21 of
990 2211 88 21 various
1094 2210 103 28 qualities
1214 2211 44 21 and

668 2237 78 27 prices.

694 2263 301 23 HABERDASHERY.—
995 2263 72 23 There
1083 2264 19 21 is
1118 2271 13 14 a
1140 2263 71 23 select
1218 2264 41 22 bxit

667 2289 86 24 limited
779 2291 104 28 quantity
906 2299 30 14 on
962 2291 67 26 hand,
1052 2290 118 27 including
1188 2295 69 24 tapes,

668 2317 96 26 threads,
774 2317 68 22 black
853 2317 45 22 and
913 2317 105 22 coloured
1033 2325 87 14 sewing
1135 2325 63 14 silks
1214 2317 44 22 and

668 2344 64 27 twist,
754 2345 97 27 darning
870 2348 83 24 cotton,
972 2345 96 26 needles,
1088 2345 83 26 combs,
1193 2345 66 22 India

666 2371 44 22 silk
718 2371 44 22 and
769 2376 77 17 cotton
854 2371 180 26 handkerchiefs,
1042 2372 84 25 braces,
1136 2371 41 22 &c.

694 2398 169 22 DRAPERY.-
868 2398 92 22 -White
979 2402 76 18 cotton
1078 2397 103 28 shirting,
1200 2401 60 19 stout

666 2425 143 22 unbleached
823 2430 83 23 cotton,
921 2426 59 21 40in.
997 2425 62 26 wide,
1077 2428 76 19 cotton
1169 2425 89 28 checks,

668 2452 54 21 dark
734 2453 77 25 prints;
823 2453 41 21 &c.
876 2453 40 21 &c.

694 2479 54 22 OIL
770 2479 68 22 AND
864 2479 143 22 LAMPS.—
1007 2478 54 22 This
1078 2478 68 22 latter
1165 2478 40 23 has
1224 2486 33 15 re-

667 2505 78 22 ceived
754 2513 30 14 an
795 2506 100 21 increase
904 2506 27 21 of
942 2506 36 22 the
988 2506 49 21 best
1051 2505 86 29 quality
1155 2506 49 21 that
1219 2506 40 22 has

666 2536 39 23 yet
716 2533 55 21 been
783 2533 84 22 offered
877 2533 23 22 in
911 2533 38 22 the
960 2533 92 27 Colony.

693 2559 73 22 There
776 2559 98 22 has'also
886 2567 63 15 come
959 2564 22 17 to
1001 2559 60 22 hand
1078 2567 14 14 a
1108 2559 65 22 small
1187 2559 33 22 lot
1237 2559 26 22 of

667 2589 66 18 straw
751 2587 59 25 hats,
835 2587 49 22 sou'
908 2591 97 23 westers,
1028 2587 82 22 Scotch
1129 2594 60 20 caps,
1209 2594 50 15 um-

667 2613 88 26 brellas,
766 2614 41 21 &c.

694 2640 172 27 CLOTHING,
877 2640 123 27 consisting
1005 2640 26 21 of
1038 2639 92 22 Jackets
1137 2640 24 21 in
1167 2640 92 21 beaver-

668 2670 57 24 teen,
738 2667 117 27 corduroy,
866 2667 45 22 and
922 2667 56 22 duck
987 2675 6 18 ;
1011 2667 132 27 waistcoats,
1153 2667 24 21 in
1188 2674 67 15 swan-

668 2694 64 21 down
743 2694 47 22 and
798 2694 135 22 beaverteen
941 2702 5 18 ;
966 2693 57 22 duck
1035 2697 108 23 trowsers,
1155 2694 40 21 &c.
1204 2702 6 18 ;
1225 2701 35 15 re-

666 2724 69 24 gatta,
744 2720 141 23 unbleached
894 2725 83 23 cotton,
987 2722 20 21 &
1014 2724 61 19 stout
1084 2720 85 28 striped
1178 2720 67 23 shirts
1252 2729 6 19 ;

668 2748 120 27 Guernsey
806 2748 83 26 frocks,
910 2748 72 26 shirts,
1002 2748 52 21 blue
1073 2747 47 23 and
1137 2747 42 22 red
1196 2755 64 21 serge

668 2774 63 28 ditto,
744 2779 77 18 cotton
831 2774 47 23 and
889 2776 94 21 worsted
992 2774 61 23 hose.

1287 2688 93 49 THE
1402 2687 231 23 UNDERSIGNED
1649 2689 66 21 offers
1732 2688 35 22 for
1785 2689 54 26 sale,
1860 2696 25 14 or

1362 2715 68 26 lease,
1443 2715 55 22 land
1506 2715 25 21 in
1548 2715 38 21 the
1597 2719 60 17 most
1666 2715 112 22 desirable
1786 2719 63 24 parts
1862 2715 26 22 of

1288 2742 37 22 the
1334 2742 79 25 Town,
1426 2741 73 23 either
1506 2742 25 21 in
1541 2741 105 28 building
1653 2742 43 22 lots
1706 2750 26 14 or
1748 2750 69 19 acres,
1837 2742 48 22 also

1288 2773 43 17 two
1343 2769 100 27 Country
1455 2769 103 22 Sections
1569 2769 26 21 of
1606 2769 63 28 early
1684 2769 92 27 choice;
1798 2769 88 22 further

1287 2795 134 28 particulars
1431 2795 28 22 of

1634 2822 28 22 A.
1680 2822 94 27 HORT,

1358 2849 141 23 Auctioneer
1507 2849 46 21 and
1564 2849 151 23 Commission
1726 2849 129 23 Merchant.

1315 2876 148 27 Wellington,
1477 2876 59 22 Nov.
1546 2877 35 26 28,
1593 2878 63 20 1840.

1393 2931 108 21 TOWN
1514 2931 116 21 ACRES
1645 2932 44 21 TO
1705 2932 75 21 LET.

1287 2964 182 51 NUMBERS
1484 2972 30 15 on.
1525 2965 39 22 the
1574 2966 243 28 Surveyor-General's
1826 2974 54 20 map

1562 2994 42 20 438

1562 3020 42 21 553

1562 3048 43 20 627

1563 3073 41 23 775

1550 3100 56 22 1007

1550 3128 55 20 1057

1315 3154 45 21 For
1372 3153 134 27 particulars
1520 3153 95 28 enquire
1631 3155 25 20 at
1668 3152 40 23 the
1723 3152 65 24 office
1805 3153 27 22 of
1847 3154 39 22 the

1315 3208 59 21 Nov.
1385 3208 34 24 26,
1431 3208 62 20 1840.

1393 3262 108 20 TOWN
1514 3262 116 21 ACRES
1646 3263 44 20 TO
1705 3263 77 24 LET,

1287 3295 182 50 NUMBERS
1484 3302 30 15 on
1524 3295 38 22 the
1572 3295 244 27 Surveyor-General's
1825 3303 60 19 map,

1425 3323 41 20 199
1562 3324 41 20 470
1701 3324 41 21 288

1425 3350 41 20 168
1562 3350 42 21 559
1701 3349 42 23 .114

1425 3377 41 20 156
1564 3378 40 20 196
1701 3378 42 21 310

1423 3404 43 20 423
1562 3405 42 20 306
1701 3405 43 20 424

1437 3430 29 21 47
1562 3431 42 21 305
1702 3430 41 23 723

1423 3458 40 21 561
1563 3458 41 21 167
1701 3459 41 20 343

1313 3484 56 23 And
1378 3490 70 21 many
1459 3483 75 22 others
1544 3484 24 22 in
1578 3484 39 22 the
1627 3487 60 19 most
1701 3484 109 22 desirable
1825 3486 61 26 parts

1286 3511 27 22 of
1324 3511 38 22 the
1372 3514 68 19 town.
1470 3510 45 23 For
1524 3511 135 27 particulars
1674 3511 67 26 apply
1752 3514 24 18 to

1692 3540 23 19 J.
1727 3540 35 19 W.
1774 3538 82 21 Child.

1315 3564 89 26 Petoni,
1414 3564 61 22 Nov.
1485 3566 34 24 30,
1532 3566 62 19 1810.

1493 3618 71 21 FOR
1578 3618 100 25 SALE,

1288 3651 167 51 SEVERAL
1473 3651 72 21 Town
1562 3651 46 22 and
1625 3651 101 28 Country
1745 3651 102 23 Sections
1863 3652 27 22 of

1353 3678 73 23 Land.
1456 3677 78 28 Apply
1545 3680 23 19 to

1611 3704 95 22 Robert
1717 3705 28 22 R.
1755 3705 101 22 Strano.

1392 3758 109 22 TOWN
1515 3759 115 21 ACRES
1646 3759 43 21 TO
1705 3759 75 21 LET.

1286 3792 189 50 NUMBERS'
1480 3799 30 14 on
1520 3791 39 22 the
1569 3792 245 27 Surveyor-General's
1825 3800 60 19 map,

1427 3820 43 21 510
1579 3820 42 21 263
1734 3821 27 20 98

1314 3855 45 22 For
1367 3853 134 30 particulars
1508 3853 71 30 apply
1588 3856 23 20 to
1621 3853 110 28 Wallace,
1741 3854 85 30 White,
1840 3855 47 22 and

1285 3881 111 22 Wallace.

1313 3907 157 27 WelUington,
1483 3907 85 26 Jan*6,
1579 3909 64 21 lß4l.

47 2854 89 48 FOR
146 2853 84 26 SALE,
240 2853 48 21 that
296 2853 91 27 English
395 2853 55 22 built
459 2854 92 21 wooden
560 2854 77 26 house,

120 2880 69 27 lately
199 2880 107 27 occupied
316 2887 25 14 as
358 2887 12 14 a
388 2880 62 21 Store
467 2887 29 15 on
514 2881 38 22 the
570 2881 68 21 River

46 2907 60 22 Hutt
122 2907 29 28 by
170 2907 89 21 Messrs.
278 2907 99 27 Hopper,
402 2907 71 26 Petre,
492 2907 44 22 and
556 2907 82 22 Moles-

46 2934 79 21 worth.
155 2933 94 22 Further
258 2937 50 22 p-irt
316 2933 73 22 culars
400 2933 93 28 enquire
504 2934 26 21 of
545 2934 92 23 Messrs.

45 2961 66 22 Petre
122 2960 44 23 and
177 2960 150 22 Molesworth.

73 2995 102 26 January
187 2996 19 21 9.
219 2995 61 21 1841.

46 3049 69 35 FpO
129 3049 39 22 BE
184 3049 85 26 SOLD,
282 3057 24 14 or
316 3049 131 28 exchanged
459 3050 35 22 for
503 3058 80 18 mares,
593 3058 43 14 one

55 3071 26 26 A
121 3076 44 27 bay
184 3075 72 27 horse,
273 3076 125 22 warranted
417 3077 39 21 the
473 3077 50 22 best
541 3077 97 28 draught

45 3102 66 23 horse
121 3103 23 21 in
155 3103 37 21 the
203 3103 93 27 Culony,
308 3103 45 21 and
363 3110 42 14 one
415 3111 55 19 grey
480 3103 75 23 horse.

73 3129 32 21 To
115 3129 28 22 be
153 3129 55 27 sold,
221 3137 24 13 or
256 3130 132 27 exchanged
397 3130 34 22 for
442 3138 66 19 cows,
515 3131 13 21 5
536 3131 102 28 superior

45 3156 103 27 working
156 3155 109 24 bullocks.

393 3183 21 22 J.
431 3184 24 22 C.
471 3184 138 23 Crawford.

771 2842 42 23 TO
827 2842 66 23 THE
908 2842 116 23 RETAIL
1038 2842 116 23 TRADE.

694 2876 47 22 Mr.
750 2876 92 22 Telford
855 2876 41 22 has
904 2876 122 28 peculiarly
1037 2876 132 23 favourable
1178 2879 83 21 attrac-

668 2903 58 22 tions
737 2904 33 21 for
781 2903 38 22 the
828 2903 73 22 Trade
910 2903 25 22 in

694 2931 38 21 An
744 2930 115 22 extensive
870 2930 81 28 supply
962 2930 26 22 of
997 2929 53 29 rice,

694 2957 56 22 Raw
763 2964 86 18 sugars.

694 2983 206 28 STATIONERY,
925 2983 123 28 consisting
1070 2983 27 23 of
1116 2984 45 28 day
1180 2985 78 28 books,

666 3011 82 27 pocket
762 3011 96 26 ledgers,
875 3014 61 24 note,
952 3011 179 27 memorandum,
1148 3012 46 22 and
1210 3020 49 20 pass

666 3038 78 27 books,
755 3039 88 26 writing
851 3045 76 21 paper,
944 3037 47 28 ink,
1007 3038 73 27 slates,
1096 3038 56 22 slate
1167 3039 92 28 pencils,

666 3065 41 22 &c.

692 3091 105 27 Ticking.

695 3119 21 21 A
730 3119 42 21 few
787 3121 45 19 sets
846 3119 28 21 of
889 3126 82 15 scales
984 3118 47 22 and
1044 3126 104 15 weights
1168 3119 46 22 still
1230 3127 29 14 on

668 3145 69 22 hand.

693 3172 105 22 SNUFF.
800 3185 32 3 —
833 3173 45 21 Mr.
890 3172 90 22 Telford
991 3180 131 14 announces
1131 3180 14 14 a
1154 3172 61 23 fresh
1226 3180 34 15 ar-

667 3199 54 22 rival
728 3199 28 21 of
764 3199 45 22 this
815 3199 84 27 article,
908 3199 24 21 in
941 3199 87 22 various
1036 3199 100 28 superior
1143 3199 115 28 qualities;

666 3226 45 22 and
721 3226 63 22 snuff
795 3226 70 22 boxes
875 3230 23 18 at
908 3226 113 22 moderate
1033 3227 79 27 prices.

200 3237 44 21 TO
260 3237 71 20 THE
346 3238 136 20 PUBLIC.

45 3270 160 50 MESSRS.
242 3269 160 28 WALLACE,
443 3271 114 27 WHITE,
592 3272 44 21 and

138 3296 152 24 WALLACE
318 3297 58 22 have
383 3298 48 26 just
440 3298 90 27 landed,
553 3305 28 15 ex
598 3298 38 23 the

194 3331 28 14 an
240 3323 115 22 extensive
370 3328 136 19 assortment
523 3325 27 21 of
569 3333 65 19 guns,

43 3358 89 15 DOUBLE
153 3358 45 14 AND
216 3357 81 14 SINGLE
315 3357 140 21 BARRELLED,
472 3355 57 23 potS,
547 3352 88 26 kettles,

42 3385 132 20 Baucspans,
190 3377 39 22 flat
238 3376 67 27 iron*,
318 3376 44 22 and
377 3378 64 21 other
451 3378 73 21 useful
539 3378 95 27 articles,

43 3404 73 22 which
125 3404 52 27 they
186 3411 36 14 are
233 3403 81 27 selling
320 3408 23 17 at
351 3404 146 28 exceedingly
506 3405 42 22 low
556 3406 78 26 prices,

43 3435 25 20 at
77 3431 55 22 theii
146 3432 69 24 Store,
227 3437 29 14 on
267 3430 37 21 the
315 3430 77 23 beach.

816 3281 160 20 FENCING
993 3280 115 21 POLES.

701 3307 58 24 /TR.
783 3307 146 22 TELFORD
948 3307 19 22 is
984 3307 130 22 authorised
1132 3310 23 18 to
1172 3308 87 21 receive

668 3329 60 26 JLY-L
751 3334 84 23 .orders
845 3334 36 21 for
891 3334 43 21 this
944 3334 83 27 article,
1040 3338 22 17 to
1071 3334 29 21 be
1111 3334 115 23 delivered
1237 3339 22 18 at

668 3360 78 28 Lowry
751 3361 56 28 Bay,
813 3361 38 22 the
858 3361 75 22 Beach
938 3364 23 18 at
966 3361 86 26 Petoni,
1059 3368 25 15 or
1089 3361 169 28 atWellington.

821 3394 104 22 HOUSE
941 3394 62 22 FOR
1017 3395 87 21 SALE.

692 3427 59 22 That
764 3428 52 22 well
830 3428 96 23 finished
941 3428 45 22 and
1000 3432 68 19 water
1082 3429 59 27 tight

667 3454 84 27 House,
762 3455 109 27 occupied
880 3456 30 26 by
924 3456 42 21 Mr.
978 3456 72 21 Grace
1057 3463 4 19 ;
1079 3457 27 20 14
1115 3456 47 22 feet
1171 3463 86 21 square,

665 3481 45 22 and
721 3482 25 25 7£
759 3481 46 22 feet
819 3481 54 28 high
890 3482 23 21 in
931 3482 38 22 the
986 3482 67 22 walls.
1083 3482 23 22 It
1121 3483 20 22 is
1155 3482 39 23 the
1211 3484 49 21 best

666 3508 74 21 model
750 3509 26 20 of
786 3516 14 13 a
810 3509 147 22 comfortable
966 3509 66 22 small
1040 3509 71 22 house
1120 3513 40 24 yet
1169 3509 58 23 built
1234 3511 24 22 in

666 3535 37 21 the
716 3535 95 27 Colony.

692 3568 87 27 Petoni,
797 3569 61 27 Sept.
869 3570 34 26 18,
915 3570 61 21 1840.

82 3487 46 22 TO
142 3486 72 20 THE
228 3485 118 20 HEADS
361 3486 42 21 OF
417 3486 181 21 FAMILIES.

42 3521 52 48 A
111 3519 149 23 MARRIED
287 3518 92 26 LADY,
400 3519 48 26 just
467 3519 87 21 arrived
577 3519 58 22 from

123 3545 111 28 England,
245 3545 46 21 and
300 3545 55 26 long
365 3545 143 22 accustomed
516 3550 21 17 to
547 3546 88 22 tuition,

40 3573 75 23 would
134 3573 28 22 be
182 3573 75 26 happy
275 3575 22 18 to
316 3571 77 22 attend
412 3571 97 25 families
525 3579 24 15 as
568 3573 67 27 Daily

42 3601 135 21 Governess.
206 3599 44 22 She
265 3598 86 23 flatters
365 3598 84 22 herself
466 3598 40 22 she
515 3599 19 21 is
544 3599 91 28 capable

41 3628 27 21 of
78 3627 136 25 instructing
223 3626 22 22 in
257 3625 37 22 the
305 3625 65 22 usual
386 3625 111 22 branches
514 3625 25 21 of
555 3626 80 22 female

41 3654 126 26 education,
187 3653 52 21 with
256 3651 88 23 French
362 3651 44 22 and
423 3652 87 25 music.,
529 3653 50 25 viz.,
598 3653 37 21 the

39 3681 63 27 harp,
114 3680 143 29 piano-forte,
271 3679 83 27 guitar,
371 3678 45 22 and
431 3678 98 27 singing.
558 3679 77 23 Terms

40 3709 122 21 moderate.
192 3705 69 24 Cards
271 3705 45 23 will
325 3705 29 23 be
362 3705 41 22 left
410 3708 24 19 at
441 3705 109 23 Barrett's
558 3706 76 27 Hotel,

42 3735 146 25 Wellington.

268 3787 141 22 NOTICE.

41 3822 96 50 ANY
154 3829 82 21 person
254 3820 101 23 desirous
371 3820 26 21 of
414 3820 105 28 building
535 3828 30 15 on
580 3821 55 23 land

121 3848 115 29 adjoining
245 3848 39 22 the
294 3851 68 23 town,
380 3854 42 15 can
432 3855 95 20 procure
536 3848 56 22 land
600 3849 35 21 for

39 3876 39 22 the
87 3883 97 21 purpose
190 3876 47 22 free
248 3875 26 22 of
285 3877 58 23 rent,
360 3874 30 27 by
405 3874 110 28 applying
523 3877 23 19 to
558 3875 77 23 James

40 3903 69 26 Watt,
122 3903 52 27 Esq.

797 3622 156 20 WEEKLY
967 3623 164 21 MARKET.

669 3648 90 48 MR.
774 3648 23 21 J.
812 3648 145 22 TELFORD
971 3648 41 22 has
1024 3650 112 26 arranged
1145 3653 24 19 to
1178 3649 59 23 have
1246 3659 12 13 a

758 3682 94 14 weekly
877 3683 94 14 market
997 3683 29 14 on
1051 3676 139 23 MONDAY
1214 3678 44 22 and

665 3701 170 22 SATURDAY
851 3702 167 27 EVENINGS,
1035 3705 23 19 at
1066 3702 35 22 his
1111 3703 147 28 Warehouse,

666 3728 57 21 from
733 3730 14 20 4
757 3731 22 18 to
791 3730 12 20 7
815 3728 93 27 o'clock,
920 3728 68 28 being
1002 3729 109 22 intended
1127 3730 83 28 chiefly
1224 3731 35 22 for

665 3754 37 22 the
724 3754 195 22 accommodation
939 3756 27 21 of
983 3755 143 23 Workmen's
1145 3757 113 23 Families.

664 3782 48 21 The
730 3782 117 27 following
866 3782 89 22 articles
973 3782 45 22 will
1035 3783 28 21 be
1082 3783 50 22 sold
1150 3784 24 22 in
1193 3785 65 21 small

664 3809 129 27 quantities,
804 3811 23 19 at
837 3809 132 22 reasonable
978 3809 71 28 prices
1056 3817 5 14 :
1062 3822 32 5 —

690 3842 77 27 Flour,
777 3850 75 19 sugar,
865 3846 43 24 tea,
920 3843 77 27 coffee,
1012 3843 83 28 butter,
1105 3843 89 29 cheese,
1205 3852 54 15 can-

664 3869 56 27 dles,
729 3877 63 20 soap,
808 3870 41 21 &c.
861 3870 41 21 &c.

690 3903 56 22 Port
755 3903 133 27 Nicholson,
898 3903 61 24 June
970 3905 33 26 15,
1014 3906 60 21 1840.

878 121 70 21 FOR
957 120 97 26 SALE,

670 147 142 51 BYTIIE
820 147 236 23 UNDERSIGNED,
1063 153 14 15 a
1083 145 66 23 small
1155 146 102 28 quantity

731 181 3 3 ■
746 175 26 21 of
777 175 53 21 seed
840 181 62 20 corn,
917 173 53 23 seed
978 180 61 21 peas,
1051 172 77 26 (white
1135 173 45 21 and
1187 172 69 28 blue,)

670 201 90 23 kitchen
770 201 85 26 garden
866 200 71 26 seeds,
958 200 61 27 hops,
1037 200 41 21 salt
1088 200 23 21 in
1121 198 135 28 hogsheada;

670 228 50 27 pale
730 227 34 22 ale
773 229 24 20 in
809 234 61 15 cases
880 226 45 22 and
934 226 70 26 casks,
1015 226 58 26 good
1083 225 108 25 muskets,
1202 232 55 20 gun-

669 254 96 31 powder,
776 254 51 21 shot
842 254 70 26 (large
922 252 45 22 and
980 252 82 27 small,)
1077 258 70 21 paper
1156 252 35 21 for
1199 252 58 21 roof-

669 288 47 19 ing,
727 281 61 26 lamp
797 284 75 18 cotton
880 288 7 19 ;
902 279 47 21 also
959 286 29 14 an
1004 281 135 19 assortment
1157 278 27 21 of
1197 278 60 21 iron-

670 313 117 21 mongery.

821 332 66 22 Luke
897 331 128 26 Nattrass,
1037 330 111 22 Lambton
1158 330 73 26 Quay.

1289 119 90 48 MR.
1402 117 62 23 JAS.
1486 114 165 27 WILLIAMS
1673 116 56 28 begs
1746 120 26 17 to
1788 116 88 28 apprise

1378 147 95 19 masters
1482 142 26 23 of
1522 143 91 27 vessels,
1623 142 92 27 traders,
1726 142 48 23 and
1781 142 95 28 settlers,

1286 171 50 22 that
1345 172 53 26 they
1408 177 42 15 can
1459 170 30 22 be
1498 169 102 28 supplied
1610 173 25 18 at
1653 170 35 21 his
1703 170 76 21 Stores
1794 169 53 22 with
1865 177 12 14 a

1285 197 93 28 general
1392 200 137 19 assortment
1543 196 27 21 of
1579 196 72 27 goods
1667 195 97 28 adapted
1781 199 23 18 to
1820 195 58 22 their

1287 225 89 21 various
1384 227 79 21 wants,
1474 222 46 22 and
1530 226 23 17 at
1563 222 37 22 the
1609 222 100 22 reduced
1719 222 72 28 prices
1800 222 26 21 of
1839 222 38 21 the

1286 250 52 28 day.
1376 249 108 27 Whaling
1498 255 54 20 gear
1567 249 24 21 in
1607 248 31 22 all
1654 248 29 23 its
1699 248 110 22 branches
1824 248 54 27 kept

1287 275 128 27 constantly
1439 282 31 15 on
1493 274 70 25 hand,
1583 275 35 20 for
1637 274 73 22 which
1730 274 82 22 British
1832 274 44 21 and

1287 304 95 26 Foreign
1393 300 72 23 fished
1475 301 49 27 oils,
1534 301 46 21 and
1588 301 138 26 whalebone,
1736 301 38 21 the
1780 300 98 28 produce

1286 330 27 21 of
1324 329 37 22 the
1372 327 83 23 British
1464 327 91 27 fishery,
1572 327 45 21 will
1626 328 28 20 be
1671 327 68 21 taken
1755 327 24 21 in
1797 327 81 26 barter,

1286 363 26 14 or
1322 354 125 28 purchased
1460 354 36 21 for
1512 353 55 22 cash
1582 356 24 19 at
1624 353 39 22 the
1680 353 92 27 highest
1788 358 90 16 current

1286 382 79 27 prices.
1609 396 7 16 ,

1327 413 80 23 Kains'
1418 413 55 27 Bay,
1485 412 87 28 Cloudy
1581 413 57 27 Bay,
1649 412 57 22 New
1715 412 108 27 Zealand,

1396 440 128 21 December
1533 440 20 24 7,
1565 440 61 21 1810.

54 127 233 21 AUSTRALIAN
299 125 160 25 TAVERN,
473 125 22 19 &
510 123 132 22 COFFEE

286 151 127 22 ROOMS.

217 185 58 16 LATE
290 184 87 16 SYDNEY
388 184 92 15 STORE?.

57 210 112 50 GH.
185 211 126 22 COGLAN
326 211 54 27 begs
389 214 23 17 to
421 210 83 21 infovm
514 208 36 23 his
559 208 83 23 friends

113 248 11 12 •
155 238 43 22 and
218 238 38 21 the
271 237 82 27 public,
370 236 48 22 that
436 236 29 21 he
480 236 40 21 has
536 243 48 14 rem
593 234 49 22 tved

53 264 57 22 from
122 264 36 21 the
168 268 47 18 east
224 264 44 22 end
278 264 26 21 of
315 262 38 22 the
363 261 82 27 Beach,
464 262 85 26 Peroni,
565 265 23 18 to
603 261 38 22 the

53 295 55 17 west
116 290 51 26 end,
178 297 55 16 near
243 290 37 21 the
290 290 44 21 late
344 288 148 23 Commercial
507 288 51 26 Inn,
570 287 72 22 where

54 316 28 23 he
92 317 68 27 hopes
177 321 21 17 to
214 316 56 22 have
285 316 29 26 by
331 315 148 27 unremitting
494 314 116 27 attention,
628 321 15 14 a

55 343 65 22 share
130 343 26 21 of
167 343 73 27 public
250 346 129 23 patronage.

123 369 65 22 Good
197 368 193 22 accommodation
404 367 35 22 for
450 367 123 22 travellers.

81 394 58 23 N.B.
141 407 26 4 —
169 394 119 23 Barnard's
313 395 94 26 Passage
430 394 59 21 Boat
511 394 75 21 leaves
604 392 38 23 the

52 422 71 22 above
132 422 15 21 h
156 429 53 18 mse,
220 422 34 20 for
266 421 144 27 Wellington,
428 427 66 20 every
506 420 103 26 morning
619 423 24 17 at

52 449 54 21 nine
116 447 94 22 o'clock.

670 386 88 48 FOR
777 386 86 24 SALE,
884 392 13 15 a
915 384 63 22 small
997 383 101 27 quantity
1116 383 26 20 of
1159 383 98 29 superior

743 412 78 22 SEED
837 410 123 22 WHEAT.
988 410 75 26 Apply
1079 413 24 18 to
1120 408 51 23 Mr..
1181 408 76 22 James

671 438 70 24 Watt,
750 438 147 24 Wellington.

672 494 126 48 COAL
807 493 54 22 S'.—
861 493 22 21 A
899 492 42 22 few
959 495 50 18 tons
1023 491 35 22 for
1066 490 54 23 sale.
1150 490 76 28 Apply
1235 494 23 18 to

851 520 26 21 T.
889 519 32 22 M.
933 518 133 22 Partridge
1077 516 45 23 and
1132 517 48 26 Co.,

1033 544 196 22 Manners-slreet.

696 573 102 27 January
809 574 19 24 1,
843 573 61 20 1810.

1492 494 70 20 FOR
1578 494 97 24 SALE,

1289 530 50 47 A
1362 527 148 22 COUNTRY
1543 527 139 25 SECTION,
1713 526 59 27 (first
1794 526 85 26 series,)

1353 554 96 22 number
1459 561 54 20 very
1522 553 50 22 low.
1601 554 64 25 Also,
1675 554 34 21 for
1719 553 58 27 Sale,
1786 560 24 14 or
1820 556 23 18 to
1853 553 27 21 be

1289 582 48 26 Let,
1348 584 69 19 water
1426 581 102 26 frontage
1538 588 55 13 near
1602 580 39 21 the
1654 580 58 21 head
1728 579 27 22 of
1770 579 37 21 the
1823 579 56 28 Bay,

1287 608 45 21 and
1343 607 105 27 Building
1459 607 67 26 Plots,
1545 606 146 27 overlooking
1708 606 37 22 the
1762 606 54 27 Bay,
1835 606 46 22 and

1287 633 94 24 secured
1390 633 57 22 from
1458 634 38 21 the
1506 637 44 17 two
1561 633 116 22 urevalent
1686 633 78 21 winds.

1316 661 100 22 Address
1426 660 28 21 G.
1466 660 35 27 T.,
1670 659 80 22 Office.

2110 116 70 23 FOR
2195 116 99 26 SALE,

1907 142 73 49 AN
1995 139 188 26 EXCELLENT
2196 143 163 27 CANTEEN;
2380 139 121 32 tfotite.ftf

1983 169 77 22 useful
2068 173 24 18 to
2102 176 45 21 any
2157 177 42 14 one
2211 170 179 28 accompanying
2399 171 40 22 the
2439 172 4 11 1
2447 172 53 22 Sur-

1907 203 87 20 veyors.
2023 196 100 27 Enquire
2132 200 23 17 at
2165 196 37 21 the
2373 197 128 23 Oflßce.J...-

1907 240 36 48 J
1976 240 106 22 ALLEN
2093 245 88 17 returns
2192 241 82 21 thanks
2284 245 23 18 to
2324 241 35 21 his
2376 248 123 16 numerous

1947 277 10 11 •
1988 267 86 21 friends
2083 267 44 21 and
2138 267 38 22 the
2185 267 82 28 public,
2273 267 36 22 for
2314 267 38 23 the
2358 267 143 28 very'liberal

1907 297 93 23 support
2007 293 29 21 he
2047 293 40 22 has
2101 294 98 21 hitherto
2214 294 111 26 received,
2342 294 47 22 and
2405 295 53 26 begs
2475 298 24 18 to

1908 320 82 21 inform
2009 320 61 21 them
2090 320 49 21 that
2156 320 85 27 having
2258 320 67 22 made
2344 320 155 22 considerable

1908 345 113 22 additions
2030 349 23 18 to
2062 346 36 21 his
2107 346 82 22 former
2197 347 71 27 stock,
2279 347 29 21 he
2323 346 41 22 has
2380 351 65 23 great
2461 347 39 22 ad-

1908 374 108 24 vantages
2026 375 23 18 to
2059 372 54 21 offer
2122 373 23 21 in
2156 374 117 26 groceries,
2291 374 120 27 preserved
2427 373 72 28 fruits,

1910 398 90 26 pickles,
2020 398 101 27 vinegar,
2140 399 45 21 and
2199 400 125 26 provisions
2340 400 27 21 of
2378 400 30 21 all
2425 400 73 22 kinds.

1936 424 64 27 Also,
2021 431 28 15 an
2070 426 115 21 extensive
2204 429 134 19 assortment
2354 426 27 22 of
2397 426 101 27 muslins,

1908 450 79 28 prints,
1994 450 172 28 shawls,cloaks,
2172 452 75 26 scarfs,
2255 453 101 27 calicoes,
2361 454 55 26 long
2420 452 80 27 cloths,

1909 477 102 27 shirting,
2023 477 96 27 hosiery,
2129 478 45 21 and
2181 477 166 29 haberdashery
2354 488 5 19 ;
2377 480 72 21 ladies
2456 480 46 22 and

1909 504 122 21 children's
2039 504 104 26 bonnets,
2152 504 64 22 shoe's
2221 505 46 22 and
2272 506 70 26 boots,
2351 506 151 27 gentlemen's

1910 530 56 26 hats,
1985 537 59 21 caps,
2063 530 146 28 Wellington,
2221 532 115 27 Clarence,
2347 533 47 22 and
2404 533 98 23 Blucher

1910 557 71 25 boots,
1993 556 101 28 clothing
2104 558 23 21 in
2137 561 62 23 great
2209 558 94 28 variety.

1937 583 110 27 Shipping
2056 584 103 27 supplied
2169 584 51 21 with
2232 585 113 22 butcher's
2354 589 62 19 meat
2432 586 69 28 daily,

1910 617 30 14 on
1950 610 38 21 the
1998 614 59 17 most
2065 610 118 23 resonable
2192 614 76 20 terms.

182 501 192 20 BARRETTS
389 500 124 21 HOTEL.

55 534 50 48 R
133 534 143 22 BARRETT
290 534 53 26 begs
357 538 22 16 to
390 532 81 22 inform
483 532 37 22 the
530 531 112 22 Colonists

109 572 11 10 •
151 561 26 21 of
189 561 51 21 Port
250 560 131 26 Nicholson,
391 560 48 21 that
447 558 38 21 the
493 558 70 21 above
573 557 67 22 Hotel

52 588 19 20 is
80 594 49 14 now
139 594 65 20 open,
216 587 43 21 and
269 591 68 17 trusts
352 586 28 28 by
396 584 112 28 affording
523 591 67 19 every
605 591 35 14 ac-

53 614 165 21 commodation
228 618 23 17 to
261 613 34 21 his
304 617 83 23 guests,
398 616 23 17 to
431 612 66 21 merit
510 618 12 13 a
539 610 102 22 continu-

53 647 55 15 ance
118 640 26 22 of
155 640 37 22 the
207 644 122 24 patronage
344 638 91 27 already
450 636 115 23 bestowed
580 643 60 20 upon

52 665 55 23 him.

79 699 85 28 Wines,
181 700 81 28 spirits,
276 699 43 27 ale,
336 697 45 24 and
396 701 83 25 porter,
496 697 26 22 of
537 696 39 22 the
591 695 51 22 best

53 727 93 28 quality.

79 760 37 21 An
127 760 104 27 ordinary
241 758 58 28 daily
310 761 24 19 at
342 762 43 17 two
399 756 95 23 o'clock.
523 755 55 22 Cold
595 762 11 15 c
616 753 25 23 >I-

51 784 82 24 lations
143 786 81 26 always
233 785 76 27 ready.
339 784 64 22 Good
413 783 63 22 beds.

1289 713 187 49 BUILDING
1490 713 138 22 Allotments
1642 718 22 16 to
1679 713 48 27 Let,
1737 713 23 22 in
1771 712 49 22 that
1829 714 52 21 Sec-

1352 741 45 21 tion
1410 739 105 22 bounded
1526 740 29 26 by
1562 739 240 28 Taranaki-place'and
1808 740 73 22 Cuba-

1287 770 75 19 street.
1392 766 44 27 Ap|
1445 766 24 27 ly
1486 770 22 18 to
1526 767 63 21 John
1608 767 72 25 Yule,
1700 766 80 22 Petoni
1789 774 6 19 ;
1815 774 27 14 or
1858 770 22 18 to

1288 795 138 20 Archibald
1437 793 135 26 And:rson,
1584 792 147 28 Wellington.

1313 819 127 23 December
1451 821 33 24 17,
1496 821 61 19 1840.

1287 873 118 49 LAND
1416 873 63 21 FOR
1488 874 115 21 SALE.—
1605 874 49 21 One
1663 877 60 18 town
1730 875 46 20 and
1785 878 95 23 country

1363 901 87 22 section
1460 899 38 22 No
1506 901 49 20 838.
1584 899 77 28 Apply
1672 904 22 17 to

1654 928 5 3 '
1672 927 29 21 A.
1717 927 136 22 Anderson.

1313 953 148 27 Wellington,
1472 953 56 23 Dec.
1539 955 34 25 10,
1585 954 62 21 1840.

892 626 146 20 TIMBER.

671 652 183 50 SEASONED
864 652 88 26 boards,
965 654 9 19 1
984 652 39 26 in.,
1037 652 10 25 |
1056 650 41 28 in.,
1106 650 45 23 and
1164 650 9 26 i
1184 650 31 22 in.

751 678 107 23 Weather
868 678 89 22 boards.

751 705 117 27 Scantling
878 705 25 22 of
915 705 29 22 all
955 704 63 23 sizes.

750 732 99 27 Norway
860 731 69 23 deals.

751 758 103 22 Battens.

749 786 28 20 50
788 785 58 27 pairs
856 783 88 24 French
953 784 111 28 windows,
1075 786 45 19 two
1129 782 65 23 sizes.

751 810 126 23 Paunelled
888 810 73 23 doors.

847 844 26 22 T.
890 844 32 22 M.
938 843 182 23 PARTRIDGE
1131 842 46 23 and
1186 842 45 23 CO.

670 878 196 26 Manners-street,
876 878 145 27 Wellington,

720 907 32 20 Ist
762 905 132 25 December,
908 906 59 21 IS4O.

52 840 71 21 TKS
147 840 91 21 HOPE
264 839 130 21 CDFFEE
419 838 56 21 and
501 836 138 21 EATING

285 866 121 21 HOUSE.

54 899 33 48 S
122 898 172 23 MARSHALL
309 899 53 26 begs
379 897 64 21 leave
463 899 22 19 to
504 895 82 23 infotm
605 895 36 22 his

94 937 10 10 •
135 926 84 22 friends
228 925 45 21 and
284 925 36 21 the
330 924 75 27 public
415 923 22 21 in
447 922 101 28 general,
556 922 49 22 that
612 922 28 21 he

51 951 40 23 has
101 952 87 27 opened
197 952 36 22 the
243 952 71 21 above
324 951 74 25 house,
408 949 44 22 and
460 949 69 28 hopes
539 949 30 26 by
579 949 63 21 strict

51 979 109 21 attention
172 982 21 18 to
204 984 108 19 economy
322 977 45 21 and
377 976 92 27 quality,
487 976 49 22 that
551 976 29 21 he
596 975 44 21 will

50 1005 88 22 receive
148 1012 14 14 a
170 1005 65 21 share
245 1004 25 22 of
283 1004 56 21 their
349 1007 97 23 support.

78 1037 49 22 Hot
137 1038 70 27 joints
219 1036 68 28 ready
301 1036 58 22 from
374 1037 25 20 12
410 1035 33 22 till
452 1036 21 21 2.
503 1035 56 22 Cold
569 1035 72 27 joints

50 1064 83 28 always
143 1064 74 28 ready.

1288 1007 67 49 TO
1371 1006 39 23 BE
1425 1006 66 28 LET,
1506 1014 30 14 on
1548 1007 107 27 Building
1665 1007 88 26 Leases,
1773 1007 23 21 in
1814 1007 65 21 allot-

1350 1036 78 23 ments,
1439 1033 71 21 Town
1521 1035 78 25 Acres,
1609 1033 54 22 Nos.
1670 1035 49 25 430,
1729 1035 49 25 373,
1789 1035 33 24 78,
1830 1035 49 24 676,

1287 1060 44 22 and
1341 1061 47 22 677.
1427 1059 45 22 For
1481 1060 138 26 particulars,
1632 1061 67 27 apply
1710 1064 23 17 to
1743 1060 38 22 the
1792 1061 85 21 Under-

1286 1087 85 27 signed,
1392 1093 26 14 or
1430 1089 23 18 to
1466 1087 91 21 Messrs.
1572 1087 61 21 John
1646 1087 45 21 and
1701 1087 88 27 George
1801 1087 77 27 Wade,

1287 1118 23 18 at
1320 1114 73 22 whose
1405 1113 71 21 Office
1487 1113 37 21 the
1536 1113 68 22 Plans
1614 1114 30 21 lie
1654 1113 35 23 for
1699 1114 132 27 inspection.

1637 1140 22 21 J.
1676 1141 24 20 C.
1717 1141 136 20 Crawford.

877 960 69 20 FOR
960 958 94 26 SALE,

671 992 119 49 GOOD
800 992 85 27 sherry,
896 991 22 22 in
931 995 88 23 quarter
1028 990 71 22 casks.

752 1019 112 26 Crockery
875 1018 45 22 and
930 1019 122 20 iron-stone
1063 1024 65 15 ware.

697 1045 123 27 Eight-day
830 1044 45 22 and
886 1045 74 21 Dutch
972 1044 81 22 clocks.

696 1072 101 26 Fowling
807 1071 80 28 pieces,
897 1071 105 26 muskets,
1014 1070 44 22 and
1068 1069 128 23 umbrellas.

697 1099 104 26 Cooper's
813 1105 64 18 ware,
889 1097 54 22 such
954 1105 23 14 as
986 1097 101 27 buckets,
1098 1097 90 27 churns,
1199 1096 59 27 tubs,

670 1125 113 27 kneading
794 1125 98 26 troughs,
903 1125 41 21 &c.
955 1125 40 21 &c.
1005 1125 40 21 &c.

696 1151 99 23 Brushes
804 1152 26 20 of
842 1151 29 22 all
881 1151 74 21 kinds.

909 1184 27 23 T.
948 1184 31 23 M.
992 1184 135 23 Partridge
1137 1184 46 22 and
1193 1184 38 21 Co.

697 1219 126 23 December
832 1220 35 25 24,
879 1220 61 20 1840.
