4170 5799
1847 749 150 40 Mount
2040 753 157 45 Benger
2239 745 116 40 Mail.

1935 834 89 32 JUST
2046 834 66 32 AND
2134 834 88 32 FEAR

1946 919 117 27 FRIDAY,
2081 918 74 22 JULY
2172 918 20 25 2,
2225 914 55 22 1897.

1854 1002 181 43 Lawrence
2068 1001 159 54 Lighting
2256 1000 75 41 Com-

1951 1058 147 42 mittee's
2125 1057 134 50 Report.

1828 1144 60 29 The
1913 1148 94 25 recent
2031 1145 64 28 vi-it
2127 1142 29 29 of
2186 1141 47 29 the
2256 1140 122 39 lighting

1828 1185 155 28 committee
1993 1186 29 27 of
2032 1186 47 27 the
2089 1184 146 28 Lawrence
2246 1180 130 38 Borough

1829 1225 123 37 Council,
1977 1224 152 39 consisting
2153 1222 30 30 of
2207 1222 47 29 the
2279 1220 98 38 Mayor

1827 1267 55 28 and
1904 1267 37 27 Cr
1965 1253 114 48 Jeffciy,
2099 1270 28 22 to
2153 1261 145 29 Balclutha
2322 1260 54 28 and

1829 1306 70 28 Gore
1919 1306 43 28 for
1976 1292 176 51 th(H£«rpose
2173 1302 30 29 of
2215 1301 159 37 comparing

1829 1347 45 27 the
1889 1346 92 28 merits
1992 1345 52 28 and
2056 1348 58 26 cost
2125 1343 33 29 of
2166 1346 83 24 water
2261 1351 50 28 gas
2322 1340 54 28 and

1827 1386 111 28 electric
1971 1386 79 36 light,
2082 1382 188 40 respectively,
2300 1391 29 19 as
2361 1391 17 19 a

1828 1436 92 18 means
1933 1426 29 28 of
1976 1426 120 36 lighting
2118 1425 46 28 the
2189 1421 131 39 Borough
2347 1421 29 29 of

1828 1466 147 28 Lawrence
1987 1466 78 34 sigain
2083 1465 94 31 brings
2199 1463 47 27 the
2269 1461 108 38 subject

1828 1504 57 28 into
1899 1504 183 38 prominence.
2123 1502 103 37 Seeing
2251 1501 61 28 that
2334 1509 42 19 we

1827 1555 46 18 are
1882 1545 128 37 similarly
2022 1544 117 29 situated
2150 1543 71 35 here,
2234 1541 141 29 inasmuch

1827 1596 28 16 as
1879 1586 59 26 that
1963 1586 65 27 both
2058 1584 143 28 Lawrence
2227 1582 53 28 and
2303 1582 56 27 Kox-

1828 1625 90 36 burgh
1932 1636 45 17 are
1995 1634 71 19 more
2091 1624 64 28 than
2179 1634 16 17 a
2214 1622 103 29 decade
2331 1622 31 28 be-

1827 1665 66 28 hind
1933 1670 87 22 towns
2058 1665 28 28 of
2119 1664 52 28 less
2209 1663 169 37 importance

1828 1706 170 35 throughout
2013 1706 44 27 the
2070 1704 96 37 colony
2181 1704 26 28 in
2221 1703 46 29 the
2279 1708 99 23 matter

1828 1746 28 28 of
1883 1746 91 38 public
2007 1746 119 38 lighting
2129 1744 144 29 —neither
2302 1744 76 38 place

1828 1786 104 38 having
1944 1787 112 27 evolved
2067 1785 107 37 beyond
2188 1785 46 27 the
2246 1784 132 28 kerosene

1828 1826 73 33 lamp
1912 1826 169 33 stage—and
2095 1836 29 18 as
2138 1825 67 28 both
2227 1829 88 23 towns
2331 1833 45 18 are

1828 1868 55 27 also
1898 1871 29 24 at
1949 1871 110 33 present
2081 1865 147 39 enquiring
2247 1864 58 29 into
2331 1865 47 28 the

1829 1908 60 27 best
1903 1907 111 28 method
2028 1907 28 28 of
2068 1907 92 39 public
2184 1905 131 36 lighting,
2332 1905 46 27 the

1829 1953 93 33 report
1946 1948 30 29 of
1999 1948 47 29 the
2079 1948 146 28 Lawrence
2256 1946 122 38 lighting

1828 1990 155 27 committee
1996 1989 23 26 is
2030 1989 28 27 of
2071 1993 77 33 great
2164 1988 114 27 interest
2292 1993 27 21 to
2334 1997 40 22 ns,

1827 2030 54 28 and
1896 2040 61 26 may
1971 2029 34 28 be
2020 2029 27 28 of
2068 2027 185 31 considerable
2277 2026 85 39 practi-

1826 2070 40 29 cal
1882 2071 99 37 utility.
2021 2069 58 29 The
2093 2069 64 28 visit
2176 2079 53 17 was
2251 2068 45 28 the
2317 2071 45 25 out-

1826 2123 76 18 come
1913 2111 29 29 of
1955 2122 16 17 a
1983 2111 59 28 trial
2057 2111 76 28 made
2152 2120 73 17 some
2237 2109 64 28 time
2324 2120 52 24 ago

1826 2153 27 27 in
1868 2151 145 28 Lawrence
2027 2151 28 27 of
2067 2151 44 26 the
2122 2155 82 22 water
2213 2159 48 27 gas
2273 2153 101 32 system

1826 2193 86 28 under
1926 2192 45 27 the
1985 2191 123 37 auspices
2122 2191 28 26 of
2166 2189 44 29 thy
2230 2189 146 28 Balclutha

1828 2233 94 30 Water
1932 2233 55 28 Gas
2002 2234 57 34 Co.,
2073 2231 27 29 in
2115 2230 86 30 which
2220 2241 33 17 an
2276 2229 83 29 endea-

1826 2285 67 18 vour
1940 2283 54 17 was
2035 2273 76 28 made
2150 2276 28 23 to
2216 2281 84 27 prove
2340 2271 35 26 its

1825 2313 165 39 superiority
2006 2317 27 24 to
2047 2324 48 26 gas
2115 2323 29 18 as
2165 2323 32 17 an
2220 2311 156 29 illuminant

1825 2355 54 29 and
1893 2356 57 27 also
1963 2365 34 17 on
2013 2355 46 27 the
2073 2364 75 18 score
2162 2353 29 28 of
2207 2353 148 37 cheapness
2367 2363 8 23 ;

1825 2396 51 28 and
1893 2397 46 27 the
1953 2395 108 36 general
2074 2394 109 37 opinion
2208 2395 78 27 there
2308 2403 30 17 as
2360 2403 14 16 a

1824 2436 85 30 result
1923 2436 29 28 of
1966 2436 46 28 the
2026 2435 70 35 trial,
2112 2445 52 16 was
2187 2434 59 28 that
2270 2433 103 36 though

1825 2490 33 16 on
1871 2478 48 28 the
1932 2477 125 38 question
2072 2477 29 26 of
2117 2479 59 24 cost
2199 2475 47 28 the
2270 2473 104 30 verdict

1828 2523 70 23 mu<t
1962 2517 33 27 be
2036 2515 152 36 suspended
2248 2513 123 39 pending

1825 2568 65 25 prac
1906 2558 47 26 icat
1966 2555 273 34 demonstration,the
2250 2554 123 38 question

1825 2599 29 27 of
1875 2598 35 28 its
1935 2596 129 27 snnei'ioYi
2070 2596 2 30 1
2082 2607 12 16 v
2120 2602 25 19 to
2175 2606 48 20 gas
2251 2605 52 16 was
2330 2598 46 23 not

1825 2637 178 37 successfully
2047 2635 214 31 demonstrated.
2320 2635 56 28 The

1824 2676 167 36 'committee,
2007 2678 88 26 whose
2111 2681 90 32 report
2214 2676 88 27 shows
2319 2675 42 28 evi-

1826 2721 85 27 nYi!C'
1951 2720 28 26 of
2024 2717 45 29 the
2109 2717 176 38 painstaking
2323 2717 51 26 ami

1828 2760 136 35 thorough
1993 2767 94 20 nature
2111 2758 29 27 of
2162 2757 70 29 their
2253 2757 126 38 enquiry,

1828 2801 62 33 give
1906 2800 35 29 th<
1954 2800 22 28 ir
1989 2798 108 34 opinion
2113 2798 25 28 in
2154 2809 33 16 an
2199 2797 178 39 unequivocal

1828 2852 113 18 manner
1954 2852 29 16 as
1998 2842 126 40 locator
2137 2850 58 27 gas,
2216 2849 32 16 an
2268 2838 110 37 opinion

1828 2884 61 26 that
1899 2883 23 27 is
1934 2872 142 46 decidedly
2086 2890 94 17 averse
2192 2885 26 21 to
2234 2879 27 27 it.
2302 2878 57 28 Hav-

1828 2924 49 35 ing
1886 2915 139 38 observiiMf
2032 2922 20 26 it
2063 2920 25 26 in
2159 2918 219 38 underordinary

1828 2962 154 30 conditions
2019 2964 31 24 at
2089 2958 207 28 Balclutha—-in
2333 2958 46 28 the

1829 3007 108 31 streets,
1952 3002 26 28 in
1988 2998 94 41 public
2093 3000 151 37 buildings,
2253 2999 125 28 business

1828 3044 92 38 places
1953 3042 54 28 and
2040 3042 105 36 private
2178 3040 201 37 houses—they

1828 3088 70 25 state
1938 3083 61 28 that
2035 3081 108 37 though
2202 3080 78 28 those
2318 3080 61 28 who

1829 3134 48 19 use
1915 3124 47 28 the
2000 3133 50 27 gas
2087 3132 47 17 are
2171 3120 61 30 well
2258 3119 120 29 satisfied

1827 3164 67 29 with
1908 3164 47 29 the
1968 3163 73 39 light
2054 3161 148 39 produced,
2216 3160 47 30 the
2277 3164 101 33 system

1828 3206 66 29 does
1917 3208 49 25 not
1979 3213 101 29 appear
2093 3206 29 26 to
2148 3204 34 28 be
2208 3201 169 37 extensively

1828 3245 127 37 adopted,
1968 3245 54 27 and
2032 3244 46 28 the
2087 3244 117 28 number
2212 3243 28 28 of
2248 3242 130 36 dwelling

1828 3285 99 28 houses
1950 3284 81 35 using
2044 3284 22 26 it
2091 3283 22 26 is
2126 3292 66 28 very
2218 3281 88 34 small,
2333 3281 45 27 the

1828 3325 73 39 price
1934 3324 119 38 charged
2080 3322 85 40 being
2190 3327 45 25 too
2256 3321 68 40 high
2350 3324 28 26 to

1828 3367 98 28 induce
1953 3366 96 38 people
2063 3368 28 25 to
2113 3365 108 37 change
2247 3364 70 28 from
2334 3362 45 29 the

1827 3411 101 26 system
1963 3407 29 28 of
2017 3406 121 36 lighting
2171 3406 37 33 by
2248 3406 130 26 kerosene

1986 3446 60 29 And
2073 3457 51 24 aga
2126 3446 39 36 in,
2285 3444 56 39 beg
2352 3450 26 22 to

1828 3494 69 23 state
1913 3489 59 27 that
1988 3498 37 17 we
2040 3487 98 28 incline
2150 3488 124 34 strongly
2286 3491 27 23 to
2333 3486 45 28 the

1829 3530 83 27 belief
1937 3529 59 28 that
2014 3528 142 28 Lawrence
2181 3527 78 29 could
2289 3527 31 28 be
2348 3526 30 27 lit

1828 3581 74 18 more
1916 3569 112 38 cheaply
2041 3569 34 37 by
2089 3569 146 30 electricit.v
2253 3571 64 26 than
2340 3567 37 38 by

1827 3616 83 23 water
1924 3620 59 27 gas,
1994 3610 51 27 and
2058 3621 38 17 we
2108 3611 66 27 have
2185 3621 35 17 no
2231 3609 144 28 hesitation

1826 3653 26 27 in
1869 3651 98 33 saving
1980 3651 58 28 that
2053 3661 40 18 we
2107 3651 125 29 consider
2246 3650 46 29 the
2306 3651 56 27 elec-

1826 3693 50 29 trie
1887 3692 70 37 light
1966 3701 62 26 very
2037 3691 104 36 greatly
2150 3700 26 18 to
2186 3693 34 26 be
2227 3691 147 36 preferred,

1826 3733 51 27 and
1896 3734 70 26 trust
1978 3730 46 27 the
2039 3731 110 28 Council
2163 3731 51 28 will
2229 3734 47 24 not
2286 3735 75 24 enter-

1827 3773 54 29 tain
1898 3772 45 28 Mr
1956 3771 102 28 Watt's
2073 3771 68 28 offer
2156 3772 39 27 till
2212 3771 18 28 it
2246 3771 46 28 has
2308 3773 67 26 been

1828 3812 182 37 conclusively
2047 3813 91 26 shown
2167 3813 58 26 that
2253 3811 44 28 the
2336 3812 27 27 in-

1827 3853 154 29 troduction
2009 3852 28 27 of
2061 3851 48 29 the
2135 3853 109 27 electric
2259 3851 70 36 light
2355 3853 22 27 is

1827 3891 234 43 impracticab'e."
2103 3893 36 27 So
2164 3892 77 30 much
2267 3893 42 29 for
2331 3894 46 28 the

1828 3942 84 22 water
1924 3945 50 26 gas
1988 3934 48 28 the
2061 3934 131 39 principal
2220 3935 80 27 merit
2319 3934 59 31 that

1828 3988 48 16 can
1906 3976 33 26 be
1966 3974 113 28 claimed
2107 3976 39 26 for
2176 3975 84 29 which
2281 3976 31 28 is,
2340 3987 38 16 we

1828 4016 89 35 think,
1932 4015 34 28 its
1981 4015 157 38 cheapness.
2181 4016 39 27 On
2244 4017 45 27 the
2313 4017 48 27 sub-

1827 4059 54 38 ject
1956 4055 109 28 electric
2088 4055 123 40 lighting
2232 4057 45 29 the
2303 4067 55 19 com-

1828 4099 94 29 mittee
1957 4096 78 29 made
2068 4096 49 28 full
2153 4099 51 26 and
2242 4098 133 37 impartial

1827 4139 206 35 investigation,
2048 4137 70 27 their
2131 4138 123 28 remarks
2264 4139 111 28 thereon

1828 4180 84 37 being
1932 4189 29 17 so
1976 4177 127 39 practical
2119 4179 52 26 and
2187 4179 107 29 concise
2319 4179 57 28 that

1827 4232 39 16 we
1885 4228 84 30 quote
1982 4219 73 26 them
2072 4218 26 27 in
2114 4218 60 30 full.
2214 4221 57 26 The
2285 4224 91 33 report

1827 4266 100 24 states:
2105 4258 191 30 Balclnthawe
2315 4270 46 28 pro-

1827 4302 98 30 ceeded
1943 4306 27 22 to
1985 4299 134 34 Mataura,
2143 4301 89 27 where
2257 4311 39 17 we
2323 4311 53 17 smw

1826 4344 46 26 the
1906 4339 110 29 electric
2047 4338 72 36 light
2144 4339 25 28 in
2199 4351 46 16 use
2277 4341 26 27 in
2331 4342 45 26 the

1826 4381 122 34 freezing
1974 4377 99 35 works,,
2097 4379 52 28 and
2178 4381 144 34 returning
2348 4384 28 23 to

1826 4422 72 29 Gore
1911 4429 39 18 we
1964 4417 52 30 had
2032 4418 47 28 the
2089 4418 125 37 pleasure
2227 4420 29 28 of
2279 4420 97 37 seeing

1825 4463 60 27 that
1912 4466 69 21 town
1997 4458 31 28 lit
2042 4459 36 36 by
2092 4458 160 36 electricity.
2296 4461 80 27 After

1825 4501 100 29 careful
1965 4499 150 37 inspection
2144 4499 28 28 of
2208 4501 45 27 the
2289 4504 86 24 street

1825 4541 130 38 lighting:,
2000 4539 57 28 audi
2109 4538 30 28 of
2192 4540 47 27 the
2293 4550 81 25 many

1825 4583 82 34 shops
1930 4580 25 28 in
1972 4579 86 28 which
2073 4578 46 28 the
2134 4579 109 29 electric
2256 4579 73 35 light
2351 4580 23 28 is

1824 4621 76 35 used,
1927 4630 40 17 we
1993 4618 78 29 could
2093 4624 49 24 not
2155 4619 63 39 help
2240 4620 133 39 deciding

1826 4663 58 29 that
1898 4673 28 17 as
1938 4672 14 17 a
1965 4660 72 39 light
2051 4661 20 28 it
2085 4661 21 28 is
2120 4671 65 28 very
2200 4662 81 29 much
2296 4668 28 23 to
2339 4663 35 28 be

1823 4701 137 41 preferred
1979 4708 26 20 to
2019 4706 84 22 water
2125 4712 58 24 gas.
2224 4702 57 28 Our
2307 4707 66 23 next

1823 4748 60 32 step
1898 4751 54 18 was
1965 4744 28 24 to
2006 4740 107 37 inquire
2126 4752 30 16 as
2171 4746 28 23 to
2209 4742 47 28 the
2270 4747 60 23 cost
2343 4749 28 21 to

1822 4790 166 24 consumers,
2009 4780 52 27 and
2076 4790 38 17 we
2126 4781 61 31 irive
2202 4781 45 29 the
2264 4782 93 28 follow

1821 4824 49 35 ing
1910 4820 253 37 examples:—The
2202 4821 73 29 Gore
2311 4834 45 16 cor-

1821 4862 124 39 poration
1965 4869 68 27 pays
2056 4861 73 27 £l5O
2156 4871 16 16 a
2188 4871 74 26 year,
2282 4862 52 28 and
2348 4863 21 27 is

1821 4899 138 42 supplied'
1983 4899 37 38 by
2047 4899 46 30 the
2122 4900 118 30 Electric
2282 4901 87 40 Light

1821 4944 141 37 Company
1992 4940 65 28 with
2085 4944 53 25 two
2156 4952 45 18 arc
2230 4942 89 40 lamps
2341 4944 29 28 of

1820 4985 71 29 3000
1917 4981 202 38 candle-power
2143 4983 76 33 each,
2242 4984 124 30 nineteen

1819 5026 88 35 lamps
1932 5022 30 28 of
1993 5022 35 27 35
2061 5022 202 37 candle-power
2292 5025 75 34 each,

1819 5064 53 28 and
1886 5063 125 27 fourteen
2025 5060 131 30 kerosene
2174 5062 97 38 lamp*.
2310 5064 57 28 The

1819 5103 121 40 lighting
1965 5101 29 29 of
2007 5111 16 18 a
2047 5101 138 31 chemist's
2208 5104 39 28 sh<
2258 5115 18 29 p
2301 5104 65 28 with

1820 5150 54 24 two
1897 5144 34 28 32
1945 5153 52 26 c.p.
2024 5143 53 27 and
2091 5148 53 24 two
2168 5144 32 28 16
2212 5155 53 26 c.p.
2280 5146 86 29 lamps

1819 5187 72 26 costs
1911 5183 44 27 19s
1978 5181 35 29 6d
2037 5192 17 18 a
2077 5184 105 28 month.
2223 5186 24 26 A
2262 5185 104 34 doctor,

1821 5226 89 27 whose
1934 5222 139 30 residence
2097 5224 23 28 is
2145 5225 79 29 fitted
2237 5226 67 28 with
2334 5226 30 27 13

1823 5266 31 29 16
1882 5274 54 27 c.p.
1973 5263 55 29 and
2054 5275 52 19 oue
2135 5264 16 29 8
2179 5276 52 28 c.p.
2271 5267 95 36 lamps,

1819 5306 65 38 paid
1913 5304 44 28 for
1985 5314 83 18 seven
2097 5306 119 35 months,
2248 5306 119 30 October

1820 5351 29 25 to
1880 5344 87 38 April,
1999 5344 38 30 £3
2075 5344 45 30 10s
2154 5346 45 37 Id,
2225 5357 34 18 ;>n
2290 5357 61 17 aver-

1820 5397 52 22 age
1896 5385 29 28 of
1948 5385 48 29 10s
2018 5396 15 18 a
2059 5386 105 30 month.
2203 5386 58 30 Tie
2281 5386 72 29 li«rht-

1820 5428 49 35 ing
1881 5426 29 28 of
1934 5437 15 17 a
1962 5426 105 38 private
2084 5427 85 29 house
2193 5426 79 30 fitted
2298 5426 64 28 with

1820 5466 76 39 eight
1909 5466 88 38 lamps
2010 5473 58 23 cost
2079 5468 43 27 for
2132 5468 46 28 the
2190 5477 73 19 same
2274 5466 91 38 period

1820 5518 34 18 an
1878 5516 116 28 average
2020 5508 30 28 of
2073 5510 48 26 10s
2143 5517 16 19 a
2196 5517 27 18 m
2241 5506 59 30 nth.
2340 5506 23 28 A

1821 5548 104 35 draper,
1939 5547 91 30 whose
2040 5548 68 38 shop
2119 5547 22 27 is
2156 5545 130 38 provided
2301 5546 63 28 with

1825 5589 30 27 15
1871 5587 93 37 16c.p.
1978 5587 85 39 lamps
2075 5587 111 40 paid£4
2205 5590 44 26 18s
2262 5595 8 21 i
2281 5586 40 35 Id,
2332 5597 32 17 an

1819 5637 116 27 average
1960 5626 28 28 of
2009 5628 85 29 about
2109 5630 44 25 14s
2167 5627 35 28 2d
2214 5638 15 16 a

1822 5668 79 28 From
1914 5666 78 30 these
2004 5671 120 25 extracts
2137 5668 22 28 it
2172 5666 54 29 will
2249 5666 34 29 be
2302 5675 45 20 see
2358 5677 6 15 i

1821 5708 45 34 the
1878 5706 148 40 testimony
2044 5708 29 31 of
2094 5708 48 30 the
2166 5707 156 31 committee
2343 5706 24 32 is

2406 126 156 39 altogether
2573 126 29 28 in
2614 126 98 28 favour
2725 124 29 30 of
2766 123 110 29 electric
2887 123 73 38 light

2406 176 30 18 as
2449 166 110 37 against
2571 168 86 26 water
2670 175 49 27 gas
2731 176 7 23 ;
2759 164 54 28 and
2835 163 78 28 there
2926 163 33 34 is,

2406 217 41 20 we
2459 205 91 37 think,
2564 205 71 30 little
2649 204 89 30 doubt
2761 204 90 29 where
2874 203 86 39 cheap

2406 248 102 29 motive
2521 257 93 27 power
2626 246 23 28 is
2662 244 144 34 available,
2820 244 68 28 such
2902 255 29 17 as
2946 254 16 17 a

2406 286 129 40 plentiful
2548 289 86 25 water
2653 284 109 39 supply,
2783 284 47 28 the
2851 283 110 29 electric

2405 328 74 38 light
2492 326 23 30 is
2525 326 44 30 for
2579 336 83 28 many
2672 335 111 19 reasons
2798 324 48 29 the
2860 324 62 28 best
2933 328 28 24 to

2406 369 93 37 adopt,
2513 367 55 29 and
2581 366 147 38 compared
2740 365 66 29 with
2817 368 85 25 water
2912 375 50 26 gas

2407 407 89 30 would
2543 406 137 39 probably
2726 406 35 28 be
2799 405 47 28 the
2886 415 75 17 more

2408 446 166 32 economical
2599 446 28 28 in
2648 446 47 29 the
2715 445 68 39 long
2805 456 61 18 run.
2907 445 55 28 But

2407 488 116 29 another
2533 486 123 40 lighting
2664 496 105 27 agency
2780 486 49 28 has
2840 486 122 37 recently

2407 538 77 20 come
2504 528 59 28 into
2585 526 188 39 competition,
2801 526 46 29 the
2869 526 93 29 claims

2407 569 44 28 for
2485 568 90 28 which
2598 567 134 38 certainly
2754 567 80 28 merit
2860 566 103 29 serious

2407 608 202 30 consideration
2613 618 76 18 —we
2701 608 72 28 refer
2783 611 29 25 to
2822 606 140 30 acetylene

2407 661 59 25 gas.
2506 648 66 33 This
2597 648 72 40 light
2694 648 23 30 is
2751 648 209 30 manufactured

2406 692 73 28 fiom
2492 702 16 16 a
2517 691 146 28 substance
2676 690 102 28 known
2799 700 29 18 as
2847 690 113 28 calcuim

2407 732 120 33 carbide,
2541 742 16 17 a
2569 730 111 39 greyish
2691 730 60 30 lead
2762 741 82 25 mass,
2855 730 107 29 formed

2407 773 38 37 by
2459 772 117 37 melting
2599 772 128 38 together
2749 775 28 24 at
2799 771 67 37 high
2891 775 53 24 tem-

2407 817 128 35 perature
2561 812 69 30 coke
2658 812 54 29 and
2735 812 73 34 lime,
2829 811 53 29 and
2903 812 23 27 is
2947 823 15 17 a

2407 853 185 30 combination
2607 853 29 28 of
2649 854 101 27 carbon
2761 853 67 27 with
2842 853 119 27 metallic

2408 894 122 29 calcium.
2571 892 58 30 The
2642 892 148 30 formation
2805 892 29 29 of
2851 893 47 28 the
2912 902 49 27 gas

2408 935 78 28 takes
2500 935 76 37 place
2590 933 187 38 immediately
2794 933 46 28 the
2849 933 112 29 carbide

2407 975 23 29 is
2448 975 122 37 brought
2595 974 26 29 in
2648 977 111 26 contact
2785 973 66 30 with
2867 977 92 26 water.

2409 1017 39 28 As
2463 1027 16 17 a
2491 1015 68 28 rival
2577 1019 28 24 to
2619 1014 128 38 ordinary
2761 1015 57 28 coal
2840 1026 49 26 gas
2912 1015 47 28 the

2407 1057 72 39 light
2489 1057 23 28 is
2525 1055 90 30 stated
2628 1059 30 26 to
2671 1057 34 28 be
2727 1056 79 29 much
2827 1055 133 39 superior,

2408 1098 54 28 and
2486 1097 47 28 tlie
2552 1097 57 28 fact
2631 1097 60 28 that
2714 1097 21 28 it
2761 1098 22 27 is
2809 1097 150 36 eminently

2406 1137 125 38 portable
2533 1136 85 29 —the
2630 1136 111 28 carbide
2754 1137 85 36 being
2854 1137 103 38 packed

2406 1178 26 28 in
2447 1178 56 28 tins
2517 1175 54 30 and
2587 1176 46 28 the
2646 1186 49 25 gas
2710 1176 85 36 being
2808 1177 150 36 generated

2406 1217 101 39 simply
2520 1217 37 37 by
2571 1216 46 29 the
2630 1215 44 30 aid
2689 1215 30 30 of
2736 1217 145 30 water—is
2902 1217 57 29 also

2406 1259 29 28 of
2445 1267 95 20 course
2553 1267 67 27 very
2639 1257 82 28 much
2743 1258 28 27 in
2796 1259 36 27 its
2852 1259 105 28 favour.

2406 1298 65 29 This
2486 1307 49 23 gas
2548 1297 49 27 has
2612 1296 160 38 undergone
2787 1307 83 28 many
2889 1302 68 24 tests

2405 1339 29 28 in
2455 1338 114 34 Nelson,
2601 1336 91 29 where
2724 1336 45 29 Mr
2790 1336 96 39 Tyree,
2912 1338 47 29 the

2406 1382 87 32 agent
2505 1377 43 30 for
2561 1377 22 29 it
2598 1376 27 29 in
2641 1377 54 29 this
2710 1377 106 38 colony,
2831 1378 22 27 is
2867 1379 77 28 estab-

2406 1419 104 38 lishing
2522 1429 16 18 a
2551 1417 111 30 carbide
2673 1417 192 38 manufactory
2878 1431 7 23 ;
2905 1419 53 28 and

2407 1471 28 17 as
2449 1470 35 18 an
2507 1458 166 34 illuminant,
2695 1458 53 27 and
2772 1457 56 28 also
2851 1469 35 16 on
2912 1459 47 28 the

2407 1499 79 38 point
2496 1498 29 29 of
2533 1507 141 25 economy,
2682 1496 23 28 it
2716 1497 22 27 is
2747 1497 98 37 highly
2855 1498 104 37 spoken

2407 1540 30 29 of
2456 1540 37 37 by
2517 1537 48 30 the
2590 1536 68 30 local
2684 1546 86 29 paper
2796 1537 86 30 there.
2924 1539 37 27 As

2407 1579 115 36 regards
2541 1578 46 28 the
2611 1581 59 24 cost
2693 1577 29 28 of
2745 1577 150 37 acetylene,
2916 1579 46 28 the

2439 1620 100 29 N-'elson
2554 1617 67 29 Mail
2666 1626 62 29 says
2742 1617 60 28 that
2823 1617 70 29 from
2917 1619 45 28 Mr

2408 1659 113 31 Tvree's
2535 1657 187 35 calculations,
2733 1657 81 29 while
2823 1659 140 36 acetylene

2409 1702 108 34 costing
2533 1700 30 28 3s
2578 1699 35 28 6d
2627 1709 16 17 a
2665 1699 104 34 I,oooft
2793 1698 84 29 burns
2900 1699 64 36 only

2411 1742 40 28 Ift
2464 1753 33 17 an
2513 1741 78 34 hour,
2606 1737 58 31 coal
2678 1749 49 28 gas
2742 1744 29 23 at
2790 1737 44 40 10s
2855 1739 54 29 and
2933 1741 29 28 7s

2408 1795 16 15 a
2441 1782 105 34 I,oooft
2564 1781 87 27 burns
2666 1780 173 34 (nominally)
2864 1781 43 26 Ah
2929 1791 33 16 an

2408 1824 78 33 hour,
2507 1821 54 29 and
2588 1823 28 25 at
2636 1819 48 29 the
2717 1829 73 18 same
2823 1819 66 29 time
2914 1830 50 18 one

2407 1864 141 37 acetylene
2571 1861 42 31 ift
2631 1861 104 28 burner
2759 1861 77 36 gives
2856 1861 54 29 five
2935 1872 29 17 or

2409 1905 41 28 six
2466 1904 80 28 times
2561 1902 46 29 the
2621 1901 72 36 light
2711 1901 29 27 of
2763 1911 52 18 one
2839 1901 43 28 4ft
2905 1901 57 28 coal

2408 1955 50 28 gas
2472 1946 111 28 burner.
2623 1941 152 40 Acetylene
2790 1953 49 28 gas
2857 1953 49 18 can
2929 1942 33 29 be

2407 1986 127 38 supplied
2582 1984 79 33 (with
2712 1983 76 27 small
2837 1983 127 37 portable

2408 2026 171 36 generators)
2594 2024 43 29 for
2651 2033 47 19 use
2711 2023 27 29 in
2764 2022 93 39 public
2881 2022 79 35 halls,

2407 2068 76 35 large
2496 2065 143 39 buildings
2659 2064 29 29 of
2701 2075 82 27 every
2808 2063 78 35 kind,
2908 2064 53 28 and

2408 2109 104 38 private
2526 2107 108 29 houses.
2674 2104 89 30 There
2776 2105 32 35 is,
2823 2105 136 35 however,

2407 2160 51 17 one
2472 2158 83 28 grave
2569 2156 96 19 reason
2680 2146 109 38 against
2801 2146 35 26 its
2848 2146 111 36 general

2407 2200 56 24 use,
2503 2187 87 29 which
2629 2185 55 30 will
2723 2186 108 38 require
2867 2189 28 25 to
2928 2186 33 27 be

2406 2229 167 38 thoroughly
2586 2227 107 30 cleared
2707 2237 36 25 up
2758 2226 94 30 before
2866 2226 22 29 it
2910 2237 49 19 can

2406 2272 35 27 be
2453 2270 120 38 adopted
2597 2269 154 37 anywhere,
2774 2268 54 27 and
2850 2271 62 25 that
2936 2268 24 27 is

2406 2311 46 30 the
2491 2311 106 37 danger
2634 2309 30 29 of
2701 2308 153 38 explosion.
2900 2308 58 29 The

2406 2362 131 28 manager
2559 2351 92 38 points
2674 2353 49 24 out
2750 2350 61 27 that
2834 2360 35 16 no
2889 2349 67 28 such

2406 2393 103 35 danger
2523 2391 85 30 exists
2622 2391 78 28 when
2716 2389 82 37 using
2816 2390 47 27 the
2886 2400 55 17 com-

2406 2444 87 26 panys
2519 2436 158 35 generators
2700 2442 29 17 or
2750 2429 91 30 unless
2863 2430 28 28 in
2912 2430 47 29 the

2406 2475 87 27 hands
2541 2473 29 28 of
2608 2473 187 36 incompetent
2834 2481 123 27 person*.

2406 2514 70 29 That
2500 2514 85 33 point,
2606 2513 134 33 however,
2762 2511 194 37 satisfactorily

2407 2553 101 39 proved
2533 2553 139 28 acetylene
2695 2562 50 26 gas
2764 2551 49 27 has
2840 2562 15 16 a
2881 2555 79 33 great

2407 2593 59 30 deal
2481 2594 25 27 in
2521 2594 36 28 its
2572 2593 96 28 favour
2679 2603 7 23 ;
2706 2591 54 28 and
2775 2601 28 18 as
2818 2591 46 28 the
2891 2591 48 27 sub-

2405 2635 56 39 ject
2472 2635 22 27 is
2508 2638 29 25 at
2550 2640 111 31 present
2672 2631 158 38 occupying
2850 2631 46 28 the
2917 2634 28 25 at-

2407 2677 28 27 of
2451 2676 47 27 the
2510 2673 127 37 borough
2651 2673 114 35 council,
2778 2683 38 16 wo
2831 2672 68 27 have
2922 2682 35 16 no

2407 2716 87 28 doubt
2508 2716 64 35 they
2587 2713 52 29 will
2651 2713 165 37 thoroughly
2832 2717 54 24 test
2896 2712 59 27 that

2407 2756 124 39 question
2543 2752 4 43 !
2547 2766 30 18 as
2590 2755 59 28 well
2664 2765 29 16 as
2704 2755 46 27 the
2764 2754 93 28 chums
2880 2753 28 28 of
2922 2752 34 28 all

2409 2798 47 28 the
2470 2796 68 29 rival
2551 2795 87 40 lights
2650 2794 96 29 before
2759 2795 64 36 they
2835 2793 125 28 consider

2409 2838 46 28 the
2470 2837 126 39 question
2610 2836 29 28 of
2651 2835 136 38 adopting
2795 2844 61 27 any.
2898 2833 59 30 One

2407 2878 79 39 point
2517 2877 24 28 is
2580 2875 197 31 assured—the
2815 2875 66 28 time
2912 2874 49 29 has

2409 2918 106 28 arrived
2526 2918 77 27 when
2615 2925 73 19 some
2700 2925 35 28 up
2747 2919 28 24 to
2784 2915 63 28 date
2857 2918 102 34 system

2408 2958 29 28 of
2444 2957 94 40 public
2547 2957 122 38 lighting
2680 2956 84 35 (more
2773 2955 113 28 modern
2895 2955 66 28 than

2408 2999 133 29 kerosene
2555 2998 98 37 lamps,
2667 2995 54 30 and
2731 2995 142 29 doubtless
2885 3005 74 19 more

2408 3039 139 29 economic
2560 3038 68 35 also)
2639 3036 97 29 should
2751 3037 34 27 be
2799 3035 160 29 considered

2408 3080 37 37 by
2460 3080 46 27 the
2528 3077 161 29 authorities
2710 3076 55 29 and
2790 3075 120 39 adopted
2933 3075 27 28 in

2409 3120 47 28 the
2470 3130 65 18 near
2548 3118 102 28 future.

2437 3197 68 42 The
2536 3196 117 43 Water
2684 3195 246 42 Conservation

2600 3242 178 50 Engineer.

2407 3328 116 29 Anyone
2569 3325 61 30 who
2673 3325 96 29 knows
2827 3325 136 39 anything

2407 3369 28 29 of
2481 3368 105 38 mining
2586 3366 3 40 l
2591 3390 7 13 ,
2637 3366 54 28 and
2740 3367 148 38 especially
2936 3368 28 27 of

2407 3409 141 37 hydraulic
2577 3407 127 37 sluicing,
2730 3412 74 24 must
2829 3409 33 27 be
2877 3418 87 18 aware

2407 3450 28 29 of
2460 3450 73 28 what
2558 3449 48 29 the
2631 3452 74 24 want
2727 3448 29 29 of
2788 3459 16 17 a
2832 3448 129 39 plentiful

2407 3496 84 23 water
2515 3490 101 38 supply
2636 3500 93 18 means
2755 3495 27 23 to
2811 3502 14 16 a
2853 3490 108 28 district

2407 3532 102 38 proved
2536 3530 98 38 highly
2658 3530 163 28 auriferous.
2869 3530 93 28 Water

2406 3573 22 28 is
2442 3572 154 38 absolutely
2620 3572 45 28 the
2679 3570 56 30 sine
2751 3582 53 29 qua
2816 3582 54 18 win
2885 3572 62 27 with-

2407 3619 47 23 out
2468 3613 89 28 which
2585 3623 15 17 a
2620 3612 109 28 district
2757 3612 113 37 bearing
2896 3612 64 35 gold

2407 3655 87 28 under
2536 3653 131 39 ordinary
2708 3652 253 30 circumstances—

2407 3695 107 37 though
2524 3695 21 27 it
2557 3704 53 17 was
2620 3704 28 17 as
2662 3693 57 28 rich
2729 3704 28 16 as
2769 3693 189 39 California—■

2406 3735 22 28 is
2442 3733 213 39 comparatively
2670 3733 141 28 worthless
2826 3733 70 30 from
2915 3734 45 27 the

2407 3775 122 39 diggers'
2555 3774 78 39 point
2659 3773 28 29 of
2726 3774 76 27 view.
2845 3773 36 28 Of
2910 3774 52 27 this

2406 3816 56 29 fact
2497 3817 46 26 the
2571 3815 89 28 Mines
2696 3813 183 38 Department
2914 3815 47 28 lias

2407 3856 82 27 taken
2504 3856 49 28 full
2568 3857 173 36 cognisance,
2754 3853 52 30 and
2831 3854 65 29 with
2912 3855 49 28 the

2407 3897 124 29 ultimate
2544 3896 93 39 object
2650 3895 28 28 of
2691 3895 130 37 securing
2837 3895 124 29 valuable

2407 3942 83 25 water
2515 3939 65 28 sites
2604 3937 43 29 for
2659 3942 112 32 present
2794 3937 52 28 and
2872 3937 89 30 future

2408 3989 46 16 use
2465 3979 45 26 the
2525 3979 123 26 Minister
2657 3977 122 36 recently
2791 3977 166 38 despatched

2406 4027 34 19 an
2463 4018 94 30 officer
2583 4022 29 25 to
2626 4017 45 28 the
2698 4017 131 38 principal
2852 4017 107 38 mining

2407 4063 114 25 centres.
2563 4059 36 29 So
2625 4059 43 28 far
2681 4059 47 28 the
2754 4059 89 28 action
2871 4059 29 28 of
2915 4059 45 28 the

2411 4098 177 37 Department
2628 4099 23 30 is
2694 4103 71 24 most
2797 4099 138 28 commend-

2406 4139 70 33 able,
2524 4141 53 27 and
2616 4150 40 17 Ave
2703 4150 45 17 see
2788 4149 35 18 no
2861 4150 94 17 reason

2407 4185 27 20 to
2460 4179 114 40 impugn
2592 4181 71 27 their
2688 4179 72 38 good
2775 4179 69 29 faith
2860 4179 26 29 in
2912 4180 45 28 the

2407 4223 106 25 matter.
2554 4221 52 27 We
2621 4221 44 34 do,
2687 4222 134 32 however,
2836 4229 29 18 at
2890 4231 66 17 once

2406 4259 54 35 join
2474 4259 71 30 isfue
2560 4261 64 27 with
2642 4261 73 27 them
2730 4270 33 18 on
2780 4261 46 27 the
2846 4271 113 17 manner

2407 4300 25 27 in
2448 4301 88 27 which
2550 4302 47 28 the
2611 4302 68 37 duty
2693 4302 29 27 of
2736 4301 153 38 inspection
2903 4312 54 16 was

2409 4340 103 27 carried
2536 4346 57 29 out,
2619 4352 29 17 as
2676 4342 41 26 far
2731 4346 26 21 at
2773 4341 67 27 least
2860 4351 28 17 as
2903 4341 54 28 this

2408 4379 108 28 district
2541 4391 54 17 was
2609 4381 160 27 concerned.
2810 4386 39 21 As
2865 4387 26 20 to
2914 4381 43 27 Mr

2408 4419 140 29 Perham's
2586 4421 97 36 ability
2709 4423 28 24 to
2763 4419 115 38 compile
2910 4420 45 28 the

2406 4469 142 28 necessary
2574 4467 93 30 report
2703 4469 40 17 we
2769 4459 68 27 have
2870 4459 64 28 noth-

2405 4500 48 36 ing
2466 4504 28 23 to
2510 4510 56 26 say,
2580 4510 50 17 nor
2644 4502 72 25 must
2745 4509 37 16 we
2799 4501 31 24 be
2854 4499 83 28 under-

2405 4538 79 30 stood
2509 4542 29 25 to
2560 4539 69 27 raise
2643 4548 53 25 any
2711 4537 125 39 question
2851 4548 32 17 on
2908 4538 46 29 the

2404 4579 123 38 subject;
2553 4579 51 28 but
2616 4578 43 28 his
2685 4581 149 24 treatment
2854 4577 29 28 of
2908 4577 46 30 the

2404 4624 85 25 wants
2503 4619 30 30 of
2555 4619 47 29 the
2624 4617 105 40 mining
2743 4618 169 38 community
2926 4617 28 31 of

2404 4661 130 38 Tuapeka
2547 4672 55 18 was
2615 4664 49 25 not
2677 4659 67 29 such
2766 4670 29 17 as
2809 4662 28 27 to
2853 4659 99 38 inspire

2404 4702 168 28 oonfidence.
2613 4701 143 35 Speaking
2787 4706 27 21 to
2847 4711 15 15 a
2907 4701 30 26 de-

2402 4741 124 38 putation
2542 4741 71 27 from
2632 4741 47 26 the
2703 4739 110 35 Mining
2828 4739 108 28 Associa-

2402 4781 56 29 tion
2482 4785 28 24 at
2524 4780 104 28 Millers
2647 4779 67 34 Flat,
2728 4779 32 26 ho
2775 4779 20 26 is
2820 4779 125 37 reported
2963 4779 1 37 '

2402 4822 36 37 by
2464 4831 51 18 one
2529 4821 61 28 who
2615 4829 55 18 was
2696 4823 110 33 present
2828 4825 28 20 to
2883 4819 68 28 have

2400 4860 144 29 dismissed
2554 4860 46 28 the
2614 4859 107 34 subject
2734 4857 30 28 of
2776 4858 47 27 the
2847 4859 103 28 Dismal
2963 4851 1 42 |

2405 4913 5 3 •
2424 4910 86 30 warap
2537 4909 133 20 reservoir
2696 4908 28 17 in
2759 4908 15 17 a
2801 4908 64 28 very
2890 4909 58 28 airy

2399 4943 116 32 fashion,
2537 4951 29 18 a3
2592 4939 108 38 though
2733 4938 33 27 he
2792 4938 51 27 had
2879 4939 70 30 little

2400 4981 162 39 knowledge
2575 4980 29 29 of
2614 4981 35 28 its
2660 4979 100 38 unique
2772 4979 176 37 possibilities

2399 5035 28 16 as
2441 5033 15 17 a
2470 5021 106 28 natural
2599 5021 50 27 site
2670 5019 45 28 for
2729 5025 84 20 water
2827 5023 120 34 storage,

2397 5062 54 29 and
2465 5061 107 38 equally
2590 5059 70 29 little
2674 5057 164 39 knowledge
2851 5059 29 28 of
2900 5061 47 27 the

2397 5103 150 38 important
2557 5099 98 31 results
2669 5098 89 29 which
2769 5097 35 29 its
2824 5099 106 38 acquire-

2398 5148 74 24 ment
2497 5143 37 36 by
2548 5141 186 29 Government
2754 5139 89 28 would
2868 5142 80 36 bring

2396 5184 84 27 about
2494 5183 37 37 by
2544 5180 165 37 developing
2722 5190 16 16 a
2755 5179 75 37 large
2851 5184 96 25 extent

2397 5224 28 29 of
2437 5223 127 29 valuable
2577 5221 152 29 auriferous
2743 5224 115 32 country
2883 5221 60 28 that

2395 5268 101 26 cannot
2517 5262 143 30 otherwise
2685 5261 34 28 be
2737 5261 121 28 worked.
2899 5261 43 29 He

2397 5304 135 29 criticised
2546 5304 46 28 the
2609 5301 133 30 reservoir
2750 5301 28 27 in
2791 5312 16 17 a
2832 5311 113 19 manner

2396 5345 60 27 that
2468 5355 51 17 can
2542 5343 65 38 only
2632 5343 34 28 be
2687 5341 199 29 characterised
2912 5352 29 18 as

2394 5384 142 35 frivolous,
2550 5383 107 39 though
2668 5383 34 28 he
2717 5381 51 28 had
2783 5391 84 18 never
2882 5392 65 18 seen

2394 5425 32 29 it.
2465 5424 114 28 Instead
2611 5424 29 29 of
2665 5422 86 39 going
2776 5429 48 21 out
2847 5426 28 25 to
2899 5423 47 28 the

2396 5464 104 28 Dismal
2516 5465 109 37 Swamp
2639 5463 55 28 and
2705 5462 113 35 making
2837 5462 110 28 himself

2395 5504 70 38 fully
2475 5504 163 39 acquainted
2644 5503 66 28 with
2724 5502 35 28 its
2769 5511 139 19 resources
2910 5518 37 4 —

2395 5545 52 29 and
2482 5544 28 28 in
2534 5543 86 39 doing
2651 5553 29 18 so
2704 5543 34 28 he
2762 5542 90 29 would
2879 5542 69 28 have

2394 5584 126 30 received
2556 5594 84 27 every
2661 5583 150 29 assistance
2837 5581 28 30 in
2898 5583 48 28 the

2394 5624 108 30 district
2575 5623 36 29 he
2660 5633 56 18 was
2766 5625 113 26 content
2917 5626 28 25 to

2395 5665 64 29 take
2498 5664 42 28 his
2571 5673 62 19 ease
2664 5666 29 25 at
2734 5662 42 29 his
2807 5662 49 29 inn
2891 5662 55 29 and

2393 5705 69 32 send
2498 5704 43 35 his
2572 5703 93 41 junior
2698 5706 29 28 to
2759 5703 64 31 take
2856 5707 89 28 note?.

2991 120 27 28 Ife
3050 120 50 29 has
3129 120 70 29 been
3235 123 53 35 put
3319 120 129 32 forward,
3479 130 48 28 pos-

2990 160 71 36 sibly
3103 160 28 27 in
3169 160 186 30 extenuation,
3399 160 61 28 that
3498 160 46 27 Mr

2993 199 115 29 Perham
3134 199 55 30 had
3223 200 71 29 been
3326 202 63 27 sent
3441 210 35 19 on
3502 200 43 28 his

2991 240 112 29 mission
3145 240 28 28 in
3218 241 179 36 mid-winter,
3431 240 54 29 and
3514 251 29 18 so

2990 279 80 29 could
3090 283 50 25 not
3152 280 34 30 be
3199 280 134 40 expected
3347 284 29 26 to
3389 291 36 26 go
3436 284 28 26 to
3479 280 64 30 such

2992 320 90 39 places
3096 331 29 17 as
3139 321 47 29 the
3197 321 103 29 Dismal
3314 321 172 39 Swamp,but
3496 322 47 28 the

2992 362 158 28 contention
3168 362 23 30 is
3214 362 112 35 absurd,
3352 374 29 17 as
3401 363 47 29 the
3469 362 61 38 jour-

2992 412 53 27 ney
3067 402 80 28 could
3169 402 69 29 have
3258 404 67 27 been
3341 403 201 39 accomplished

2994 442 63 29 with
3072 453 70 24 ease,
3154 444 54 28 and
3221 443 46 29 Mr
3279 443 125 36 Perham,
3411 444 71 29 from
3495 444 46 29 the

2992 487 96 25 nature
3102 484 29 28 of
3144 484 41 28 his
3213 484 84 35 office,
3310 484 50 28 has
3373 484 92 38 surely
3491 484 54 29 had

2994 534 74 19 some
3094 526 160 37 experience
3281 526 29 28 of
3336 526 46 28 the
3400 525 145 39 hardships

2994 564 28 28 of
3035 575 15 17 a
3061 564 122 38 digger's
3198 576 101 25 career,
3313 566 55 28 and
3381 566 23 28 is
3422 576 106 28 presum-

2993 604 64 38 ably
3071 610 49 23 not
3129 606 174 29 accustomed
3317 611 29 24 to
3368 606 86 30 travel
3480 606 65 29 with

2995 647 132 37 wanning
3140 658 68 29 pans
3221 647 53 30 aud
3288 647 47 30 hot
3345 652 85 25 water
3444 647 101 30 bottles

2995 687 76 28 when
3098 698 33 18 on
3171 689 77 38 duty.
3289 689 65 29 This
3383 690 161 28 contention

2994 727 54 29 will
3058 733 47 24 not
3117 740 85 19 serve.
3243 731 58 28 The
3312 729 103 40 bungle
3425 741 65 19 over
3499 731 46 29 the

2995 769 133 30 purchase
3141 771 29 27 of
3183 771 47 28 the
3244 771 63 28 Moa
3321 771 62 28 Flat
3394 775 87 24 estate
3493 781 52 18 was

2995 809 119 30 excused
3128 811 42 28 for
3183 822 16 18 a
3211 811 103 30 similar
3322 822 105 26 reason,
3439 812 49 30 but
3499 812 46 29 the

2995 853 53 24 two
3079 861 76 18 cases
3187 863 45 17 are
3263 857 49 24 not
3343 854 29 26 in
3404 864 54 26 any
3484 864 59 23 way

2994 890 158 39 analogous.
3192 891 27 29 It
3247 893 23 28 is
3294 892 114 30 feasible
3434 894 109 37 enough

2994 931 60 27 that
3068 941 33 18 an
3115 931 157 39 inspecting
3285 934 100 35 officer,
3401 934 94 37 seeing
3508 945 34 17 an

2994 974 87 26 estate
3092 975 28 25 at
3133 973 35 28 its
3180 978 81 24 worst
3269 974 66 29 time
3346 974 26 28 in
3387 974 45 29 the
3442 974 100 30 middle

2994 1011 27 28 of
3035 1011 105 36 winter,
3168 1014 89 34 might
3281 1014 63 39 give
3368 1026 34 17 an
3428 1015 113 29 adverse

2993 1057 94 34 report
3101 1063 33 18 on
3149 1053 38 36 it;
3201 1054 50 29 but
3263 1061 49 23 not
3325 1067 29 17 so
3366 1055 64 29 with
3442 1057 96 38 regard

2993 1097 27 23 to
3048 1104 15 17 a
3086 1099 85 23 water
3183 1097 188 27 conservation
3396 1097 60 28 site.
3496 1100 45 24 Mr

2993 1133 141 28 Perham's
3162 1139 98 33 report,
3286 1136 22 27 if
3321 1136 34 27 he
3369 1136 48 28 has
3435 1136 104 28 treated

2990 1182 21 19 o'
3021 1173 49 28 her
3103 1173 120 29 districts
3256 1175 26 28 in
3321 1176 45 27 the
3401 1186 138 27 summary

2990 1213 106 29 fashion
3112 1214 59 29 that
3184 1214 34 30 he
3232 1215 47 30 has
3294 1215 104 31 treated
3413 1216 64 33 this,
3488 1227 48 18 can

2989 1256 34 26 be
3049 1255 29 27 of
3110 1255 51 29 but
3190 1256 70 28 little
3296 1257 130 37 practical
3451 1257 87 27 value.

2988 1294 179 38 Fortunately
3188 1296 44 26 for
3257 1307 40 23 us,
3332 1296 135 33 however,
3494 1296 46 26 the

2988 1335 127 28 Minister
3127 1335 44 29 for
3184 1336 90 28 Mines
3286 1336 55 28 and
3364 1336 42 28 his
3430 1335 95 36 depart-

2989 1382 74 22 ment
3089 1387 45 17 are
3161 1376 69 38 fully
3258 1376 146 37 cognisant
3439 1376 28 28 of
3495 1375 46 29 the

2990 1416 77 29 value
3081 1418 27 26 ot
3123 1416 46 28 the
3183 1416 143 37 reservoir,
3339 1416 55 29 and
3420 1416 75 28 what
3507 1416 35 28 its

2988 1456 204 37 re-acquisition
3204 1458 37 35 by
3253 1456 188 28 Government
3450 1466 93 17 means

2989 1498 27 24 to
3031 1495 46 28 the
3104 1495 109 28 district
3235 1495 71 28 from
3333 1495 64 29 Coal
3413 1495 89 27 Creek
3517 1500 26 22 to

2990 1536 45 28 the
3051 1536 162 35 Beaumont,
3227 1535 55 29 and
3308 1540 28 24 to
3363 1535 61 28 that
3450 1538 95 25 extent

2990 1586 40 18 we
3051 1587 45 17 are
3119 1576 158 38 practically
3302 1575 189 39 independent
3517 1575 28 27 of

2990 1615 42 28 his
3053 1627 80 27 repor
3150 1639 5 6 .

3018 1697 43 20 The
3084 1697 80 21 rainfall
3188 1696 32 21 for
3242 1697 35 20 the
3301 1697 74 20 month
3399 1696 22 21 of
3442 1696 63 27 June,
3528 1703 20 14 as

2993 1725 109 25 registered
3112 1726 23 25 by
3147 1725 31 20 Dr
3188 1724 82 26 Mullin,
3279 1724 111 21 amouuted
3399 1726 21 19 to
3431 1724 31 21 .51
3473 1724 75 26 inches,

2993 1754 43 19 rain
3046 1752 71 26 falling
3126 1760 26 13 on
3162 1754 32 19 six
3202 1752 56 26 days.

3018 1787 43 19 The
3082 1788 53 19 Hon.
3156 1789 26 18 R.
3201 1788 22 20 J.
3243 1787 81 20 Seddon
3343 1787 37 20 has
3395 1787 51 20 been
3460 1787 59 19 made
3538 1794 10 12 a

2995 1814 61 25 Privy
3067 1814 116 20 Councillor
3198 1814 40 20 and
3256 1815 35 19 the
3307 1814 71 26 degree
3395 1814 21 20 of
3436 1815 76 19 Dootor
3528 1813 20 21 of

2995 1841 57 21 Laws
3061 1841 36 21 has
3113 1841 49 22 been
3174 1841 107 22 conferred
3290 1849 24 14 on
3328 1841 42 22 him
3384 1841 27 27 by
3428 1841 120 27 Cambridge

2998 1869 125 26 University.

3018 1903 42 20 The
3069 1903 100 21 members
3179 1903 22 21 of
3210 1904 35 20 the
3258 1904 66 25 Otago
3335 1904 87 20 Hussars
3438 1903 70 21 cabled
3522 1905 21 21 to

2992 1930 86 27 Captain
3101 1931 65 22 Robin
3188 1931 54 22 their
3268 1931 173 26 congratulations
3466 1931 22 21 of
3510 1932 35 21 the

2993 1959 78 21 honour
3080 1960 104 20 conferred
3195 1968 25 13 on
3235 1960 42 21 him
3289 1961 18 19 in
3319 1961 120 20 conuectien
3447 1960 49 21 with
3507 1961 35 20 thi

2992 1987 81 19 Jubilee
3082 1987 130 25 proceedings
3221 1988 21 19 in
3251 1988 92 19 London.

3018 2020 29 20 At
3056 2019 35 21 the
3115 2019 155 25 Fruitgrowers'
3280 2020 126 21 Conference
3415 2021 22 20 at
3451 2019 96 22 Brisbane

2992 2047 36 20 the
3036 2047 72 26 judges
3118 2048 108 25 suggested
3237 2047 46 22 that
3293 2055 12 13 a
3315 2049 73 24 special
3400 2048 68 21 award
3475 2048 73 21 should

2992 2075 24 20 be
3027 2074 57 21 made
3094 2077 21 18 to
3127 2075 103 21 Professor
3242 2075 61 25 Kirk,
3312 2075 21 21 of
3351 2076 52 21 New
3411 2076 97 26 Zealand,
3519 2074 29 23 for

2992 2102 30 21 his
3031 2102 79 27 display
3121 2103 21 20 of
3152 2103 95 21 colonred
3257 2103 65 27 plates
3336 2104 92 27 showing
3444 2104 102 27 injurious

2992 2131 74 19 insects
3072 2131 40 19 and
3121 2131 134 19 mischievous
3267 2132 60 18 birds.

3015 2165 44 20 The
3081 2165 145 26 appointment
3244 2166 16 19 is
3277 2166 92 25 gazetted
3388 2166 22 20 of
3430 2166 73 21 Messrs
3524 2167 22 20 T.

2990 2193 90 20 Andrew
3104 2192 140 26 (Roxburgh),
3265 2193 26 21 R.
3310 2194 20 21 S.
3351 2194 93 20 Gilkison
3459 2194 87 27 (Clyde),

2990 2221 70 20 James
3090 2220 81 26 Rivers,
3195 2216 70 25 James
3286 2221 122 26 Simmonds,
3429 2222 28 21 H.
3477 2222 69 26 Symes

2990 2248 141 26 (Alexandra),
3143 2248 40 21 and
3199 2248 14 22 J
3232 2250 23 21 C.
3267 2249 102 22 Arbuckle
3381 2249 122 27 'Lawrence)
3522 2253 20 18 to

2990 2276 36 21 the
3034 2275 133 22 Commission
3178 2276 23 21 of
3210 2277 34 20 the
3252 2278 69 19 Peace.

3014 2309 43 21 The
3067 2309 73 21 tender
3153 2309 21 21 of
3186 2310 42 20 Mrs
3238 2309 105 22 M'Mullin
3351 2310 31 21 for
3392 2310 74 27 supply
3475 2311 23 20 of
3507 2311 36 20 the

2990 2338 47 20 loan
3047 2337 21 20 of
3078 2337 54 21 £;»50
3143 2337 33 20 for
3187 2345 59 13 seven
3257 2345 66 19 years,
3334 2338 32 20 for
3372 2339 35 20 the
3415 2342 60 17 water
3482 2339 64 20 works

2988 2368 99 23 contract,
3100 2370 39 14 was
3154 2366 97 25 accepted
3273 2366 27 25 by
3310 2366 36 20 the
3357 2366 94 26 Borough
3461 2367 84 20 Coun.il

2990 2394 38 19 last
3042 2392 93 25 evening,
3153 2392 35 21 the
3208 2397 43 16 rate
3269 2393 22 20 of
3308 2394 86 20 interest
3411 2394 59 26 being
3489 2395 13 20 6
3512 2401 34 19 per

2988 2424 54 17 cent.
3070 2420 66 20 There
3150 2427 38 13 was
3199 2427 39 14 one
3249 2421 61 20 other
3319 2420 80 22 tender.

3119 2455 3 23 ;
3124 2455 56 21 uirch
3300 2458 63 19 states
3383 2457 45 20 that
3448 2463 12 14 a
3477 2456 67 22 wheat

2987 2491 78 19 grower
3074 2490 19 14 in
3105 2482 38 21 thi
3154 2483 118 21 Ashburton
3282 2489 76 20 county
3369 2485 43 20 sold
3429 2485 39 20 last
3482 2485 63 25 week,

2988 2513 20 18 in
3026 2518 38 12 one
3083 2511 47 24 tin-,
3149 2511 72 24 v,OOOO
3238 2513 57 17 sacks
3308 2512 21 18 ot
3347 2511 67 20 wheat
3432 2514 22 17 at
3469 2512 22 20 4s
3511 2518 35 18 per

2988 2538 80 23 bushel,
3077 2535 107 23 delivered
3191 2541 22 17 at
3220 2538 36 20 the
3265 2538 97 24 Vyinslow
3369 2538 82 25 railway
3460 2539 83 20 station.

2987 2566 22 19 It
3029 2573 39 12 was
3087 2566 63 20 aloat
3171 2565 43 20 half
3229 2565 78 20 Tuscau
3328 2566 40 19 and
3388 2565 44 20 half
3448 2566 98 20 Hunter's

2988 2592 69 20 white.

3013 2628 62 21 Cable
3083 2636 55 13 news
3152 2627 36 21 has
3197 2627 50 21 been
3258 2627 91 21 received
3360 2628 46 21 that
3417 2628 36 20 the
3463 2629 23 22 P.
3507 2629 38 21 and

2987 2655 26 21 0.
3024 2656 122 26 Company's
3159 2660 88 16 steamer
3260 2655 56 21 Aden
3334 2655 36 21 has
3387 2655 49 21 been
3454 2657 90 20 wr-cked

2988 2690 26 13 on
3024 2684 84 20 Socotia
3118 2683 74 26 island,
3200 2683 19 19 in
3230 2683 35 19 the
3275 2683 71 20 Indian
3357 2683 74 21 Ocean.
3458 2684 88 26 Seventy

2990 2712 38 19 five
3038 2711 22 20 of
3068 2711 36 20 the
3114 2717 119 20 passengers
3244 2711 39 19 and
3299 2718 51 12 crew
3359 2718 35 13 are
3408 2712 88 26 missing,
3507 2712 39 20 and

2988 2746 33 13 are
3032 2739 99 26 supposed
3143 2740 22 19 to
3176 2738 52 21 have
3237 2737 51 22 been
3299 2739 110 22 drowned..

3014 2774 42 20 The
3068 2773 94 21 Dunedin
3177 2775 53 18 tram
3240 2773 40 20 and
3289 2773 53 21 train
3352 2773 68 21 traffic
3430 2773 116 26 dnringthe

2990 2801 93 26 holidays
3114 2800 86 22 exceeds
3221 2801 28 20 all
3278 2801 96 26 previous
3399 2801 87 21 recoids.
3513 2801 32 21 On

2990 2829 89 25 Monday
3097 2828 35 20 the
3152 2831 108 22 tramways
3279 2828 78 21 carried
3376 2828 74 24 15,709
3467 2828 39 20 and
3521 2835 24 14 on

2990 2856 92 26 Tuesday
3092 2855 78 28 25,283.
3197 2855 43 21 The
3250 2855 45 21 best
3306 2855 96 26 previous
3414 2856 56 25 day's
3477 2856 69 20 record

2992 2891 38 13 was
3038 2884 69 26 18,8l>0
3116 2884 74 25 during
3205 2883 35 21 the
3257 2883 124 22 exhibition.
3411 2884 81 25 During
3512 2883 34 21 the

2990 2911 108 21 festivities
3112 2911 70 24 12,000
3194 2917 51 14 were
3256 2910 90 25 brought
3354 2911 45 21 iuto
3411 2911 98 21 Duuedin
3519 2911 27 25 by

2990 2938 45 20 tail.

3019 2971 36 27 Up
3068 2972 22 20 to
3100 2970 36 22 the
3145 2971 83 26 present
3237 2970 59 22 there
3306 2970 37 22 has
3355 2970 50 22 been
3415 2977 27 15 no
3452 2971 55 21 word
3527 2971 20 21 of

2992 3001 37 19 the
3035 3005 95 20 recovery
3136 2998 21 22 of
3165 2999 35 20 the
3207 2998 52 27 body
3269 2998 22 21 of
3297 2998 36 21 the
3339 2998 40 21 late
3387 2999 44 21 Jas.
3442 2999 105 27 Drysdale,

2993 3027 45 21 who
3049 3034 40 13 was
3105 3026 96 21 drowned
3222 3026 53 20 from
3296 3026 35 20 the
3347 3025 113 28 Roxburgh
3474 3027 73 26 dredge

2993 3054 98 25 recently.
3119 3054 43 20 The
3195 3054 52 23 body
3268 3060 42 14 was
3336 3054 99 26 expected
3461 3056 23 18 to
3510 3055 37 20 rise

2993 3081 107 25 yesteiday
3115 3081 40 21 and
3165 3088 12 13 a
3184 3080 75 21 careful
3278 3080 46 21 look
3339 3084 37 17 out
3394 3088 41 14 was
3451 3081 50 25 kept
3511 3081 36 21 but

2993 3111 21 19 to
3024 3116 26 14 no
3069 3115 95 20 purpose.
3191 3108 39 20 We
3249 3108 127 21 understand
3391 3116 13 13 a
3425 3104 85 26 brother
3525 3109 21 21 of

2994 3136 35 20 the
3040 3136 95 21 deceased
3144 3136 17 20 is
3170 3135 100 26 expected
3280 3135 20 21 in
3311 3135 112 27 Roxburgh
3431 3136 79 27 shortly
3525 3138 22 19 to

2993 3164 60 21 settle
3063 3163 31 21 his
3103 3163 74 21 affairs.

3021 3199 33 21 Mr
3063 3199 24 21 L.
3098 3199 24 20 E.
3132 3199 77 21 Haines
3218 3199 43 19 met
3277 3198 49 21 with
3337 3205 25 14 an
3378 3199 92 21 accident
3487 3199 60 21 while

2996 3227 75 26 paying
3094 3227 31 20 his
3151 3226 59 20 usual
3234 3225 49 21 visit
3301 3229 21 17 to
3341 3226 78 21 Millers
3442 3227 47 24 Flat
3509 3227 38 21 last

2997 3253 101 26 Tuesday.
3125 3253 42 20 The
3177 3253 59 20 horse
3250 3253 26 20 he
3287 3260 39 13 was
3340 3254 66 25 riding
3422 3261 41 13 was
3478 3255 69 19 rather

2996 3281 63 24 fresh,
3070 3283 36 17 not
3118 3280 75 25 having
3207 3279 50 21 beeu
3276 3280 103 20 exercised
3398 3281 61 19 much
3476 3281 70 25 lately,

2996 3308 39 20 and
3045 3307 58 20 when
3110 3313 48 14 near
3168 3307 35 20 the
3214 3307 99 20 MoaFlat
3322 3307 132 21 schooihouse
3464 3307 17 21 it
3491 3307 56 22 shied

2995 3339 21 17 at
3028 3342 54 14 some
3097 3335 67 26 object
3180 3335 26 26 by
3224 3334 35 22 the
3271 3335 100 26 roadside,
3386 3337 101 26 throwing
3506 3336 37 21 the

2995 3364 60 20 rider.
3083 3363 25 20 In
3119 3364 35 19 the
3164 3363 36 20 fall
3212 3362 33 21 Mr
3259 3363 77 20 Haines
3346 3363 88 21 douhled
3444 3363 31 22 his
3492 3364 55 21 hand

2995 3391 65 20 under
3074 3391 49 25 him,
3140 3391 68 26 giving
3223 3390 32 21 his
3270 3391 56 20 wtist
3342 3398 12 13 a
3372 3398 69 14 severe
3461 3392 86 21 wrench.

2996 3419 32 20 He
3047 3425 39 13 was
3102 3418 112 26 fortunate,
3235 3417 101 28 however,
3360 3418 21 21 iu
3398 3419 94 27 escaping
3510 3426 37 19 any

2995 3453 55 14 more
3064 3446 75 21 serious
3149 3446 76 26 injurv.

3021 3481 32 20 Mr
3068 3480 78 20 Hubert
3165 3479 85 27 M'Kay,
3268 3479 36 21 the
3322 3480 45 21 well
3386 3481 75 21 known
3476 3481 72 24 draper

2995 3509 39 19 and
3053 3508 79 27 general
3150 3507 92 26 clothier,
3259 3509 21 19 of
3294 3509 116 26 Lawrence,
3427 3509 81 20 notifies
3520 3510 28 24 (iu

2995 3537 85 19 another
3093 3535 89 24 column)
3197 3534 31 21 his
3237 3537 87 23 country
3329 3539 113 17 customers
3454 3537 91 19 between

2996 3563 106 21 Lawrence
3111 3563 40 20 and
3161 3562 49 21 Coal
3223 3562 64 21 Creek
3299 3563 45 20 that
3361 3563 25 21 he
3403 3564 35 20 has
3449 3571 60 18 given
3521 3571 27 19 up

2995 3591 31 21 his
3037 3590 106 26 periodical
3155 3589 55 22 v.sits
3226 3594 20 17 to
3264 3591 57 20 those
3336 3591 92 21 districts
3444 3592 31 20 for
3490 3599 56 13 some

2995 3620 49 19 time
3055 3624 21 14 at
3085 3618 58 20 least.
3170 3618 33 20 Mr
3213 3617 78 26 M'Kay
3306 3618 16 20 is
3335 3625 38 13 one
3389 3618 22 20 of
3426 3619 37 20 the
3483 3619 65 20 oldest

2995 3646 105 21 travellers
3106 3652 26 14 on
3142 3644 35 22 the
3186 3645 57 27 road,
3252 3645 73 27 having
3334 3645 33 21 for
3377 3645 35 22 the
3429 3648 45 24 past
3491 3646 44 21 four-

2995 3678 45 16 teen
3057 3680 55 17 years
3129 3673 71 20 vis.ted
3216 3674 35 19 the
3264 3672 73 22 Teviot
3356 3674 39 20 and
3416 3674 130 25 intervening

2995 3701 88 20 districts
3094 3704 21 16 at
3125 3700 79 23 regular
3219 3700 104 20 intervals.
3351 3701 79 25 During
3442 3702 46 19 that
3499 3702 49 19 time

2995 3728 24 20 be
3032 3729 34 19 has
3076 3727 57 21 made
3146 3735 12 12 a
3168 3727 46 20 host,
3224 3727 21 20 of
3256 3727 85 25 friends,
3352 3728 39 19 and
3403 3728 54 20 their
3470 3727 76 27 orders,

2996 3756 25 21 he
3027 3755 70 22 wishes
3104 3755 18 20 it
3131 3754 59 21 made
3197 3754 81 26 known,
3292 3755 38 19 will
3345 3755 74 25 always
3433 3756 82 19 .receive
3526 3763 21 12 as

2996 3787 81 22 prompt
3086 3782 40 21 and
3136 3782 76 20 careful
3223 3781 100 22 attention
3334 3789 21 13 as
3362 3782 123 21 heretofore.

3018 3817 239 22 To-morrow*afternoon
3275 3824 11 13 a
3302 3817 82 20 football
3402 3818 68 20 match
3501 3817 43 21 Moa

2994 3846 46 20 Flat
3050 3852 20 14 v.
3088 3843 111 27 Roxburgh
3216 3845 59 20 2nd-*-
3284 3845 40 19 will
3341 3845 23 19 be
3380 3843 72 28 played
3470 3852 24 12 on
3512 3845 32 20 the

2994 3873 93 20 Keseive.
3118 3871 42 21 The
3170 3871 105 25 following
3286 3871 78 28 plajers
3375 3872 39 20 wdl
3425 3872 48 20 take
3484 3875 60 22 part:

2997 3902 43 19 Moa
3049 3898 126 24 Flat—Back
3185 3898 4 28 :
3206 3898 23 24 F.
3239 3899 64 27 Eady.
3338 3898 3 28 I
3350 3899 46 21 hiee
3404 3903 93 22 quarters
3506 3899 38 22 :C.

2995 3929 118 25 Nicholson,
3130 3928 21 22 S.
3177 3927 61 29 Eady,
3253 3928 20 21 J.
3297 3928 90 26 Hughes.
3415 3927 89 22 Halves:
3520 3930 24 19 A.

2997 3958 91 19 W'escott
3113 3958 104 24 (captain),
3240 3956 27 21 N.
3287 3956 113 26 Campbell.
3428 3956 116 20 Forwards:

2993 3985 25 20 R.
3033 3985 99 24 Yv'.seou,
3143 3984 22 19 J.
3176 3984 94 24 U'lirien,
3282 3983 28 21 N.
3322 3984 68 24 Elder,
3400 3983 14 20 J
3433 3983 111 26 Campbell,

2994 4013 25 20 A.
3036 4011 93 25 Rooney,
3150 4010 26 21 H.
3195 4010 64 26 Eady.
3287 4010 134 25 Roxburgh—
3428 4010 51 19 Back
3489 4017 5 13 :
3518 4009 26 22 H.

2993 4039 78 21 Baillie.
3102 4040 65 19 Three
3173 4043 107 23 quarters:
3296 4036 101 26 F.Lalnii,
3412 4037 31 21 VV.
3458 4036 85 28 lelford,

2994 4068 26 21 H.
3045 4070 85 18 (iiover.
3159 4067 65 21 Half:
3251 4066 31 22 W.
3310 4066 106 21 O'Connor
3440 4066 103 26 (captain).

2993 4095 117 20 Forwards:
3130 4095 23 21 C.
3169 4094 74 26 {Smith,
3265 4097 24 17 A.
3310 4095 66 21 Toms,
3394 4094 21 20 D.
3438 4093 40 21 Cor
3480 4094 64 26 mack,

2991 4124 23 19 I'.
3037 4124 85 24 G-oige,
3150 4121 52 23 Wm.
3227 4121 119 27 Haughton,
3367 4121 24 20 R.
3414 4120 80 27 Harris,
3518 4121 25 21 R.

2991 4150 105 19 Beaufort.

3016 4185 38 20 We
3082 4184 57 22 learn
3169 4184 35 21 the
3232 4183 119 26 Roxburgh-
3357 4183 71 22 Heriot
3453 4182 88 28 Railway

2991 4212 80 26 League
3080 4221 34 12 aie
3127 4212 150 24 endeavouring
3285 4217 20 14 to
3317 4212 68 20 obtain
3393 4212 34 20 the
3435 4216 106 15 assistance

2990 4240 19 19 of
3023 4241 34 18 the
3070 4240 63 20 whole
3143 4240 21 19 of
3174 4240 35 19 the
3219 4240 89 19 districts
3319 4239 90 26 through
3429 4244 20 14 to
3469 4238 68 21 luve>°-

2988 4267 69 25 cargill
3082 4266 20 22 in
3119 4267 123 25 forwarding
3260 4268 35 18 the
3314 4266 137 20 construction
3468 4265 21 21 of
3506 4266 34 19 the

2989 4295 198 25 Roxourgh-Henot
3202 4300 112 14 extension.
3342 4294 56 26 Tney
3418 4294 50 20 have
3488 4299 37 14 com-

2988 4323 116 19 municated
3117 4323 48 19 with
3180 4322 34 19 the
3230 4328 79 19 mayors
3322 4320 22 20 of
3360 4321 97 25 T.ipauui,
3475 4321 59 24 Gore,

2987 4349 34 20 Ma
3023 4351 58 18 taunt
3102 4349 41 19 aud
3334 4347 40 21 ami
3397 4347 35 21 the
3456 4347 80 25 leading

2987 4375 98 20 residents
3107 4375 20 21 in
3150 4376 59 19 oher
3236 4377 72 23 places,
3329 4374 40 21 ami
3396 4377 36 17 the
3461 4375 72 24 replies

2986 4403 91 19 received
3099 4403 51 19 have
3172 4403 21 19 in
3219 4402 26 19 ail
3268 4408 54 13 cases
3346 4402 48 20 been
3419 4401 113 25 eminently

2984 4429 136 25 saiisfacrory.
3148 4430 19 19 A
3179 4434 87 15 inoußtar
3277 4428 86 26 petition
3369 4436 24 13 on
3404 4429 34 19 the
3447 4429 45 25 subj
3503 4434 32 20 'Ct,

2985 4460 20 15 to
3020 4455 24 20 b«
3055 4456 103 25 presenied
3169 4459 21 17 to
3202 4455 182 27 Parliamenteirly
3391 4460 49 16 next
3450 4461 86 21 session,

2985 4483 41 19 will
3037 4483 22 20 be
3071 4488 37 20 put
3117 4483 19 20 iu
3147 4485 117 18 c.rculaUou
3277 4488 22 15 at
3310 4483 34 20 tlu
3355 4484 81 19 earliest
3447 4483 90 26 possible

2983 4511 55 18 date.

3012 4545 27 18 A.t.
3049 4544 35 20 the
3097 4543 123 26 half-yearly
3236 4543 90 26 meeting
3339 4544 22 20 of
3377 4544 35 20 the
3425 4543 112 28 Roxburgh

2985 4570 133 21 Oildfeilows'
3138 4570 73 27 Lodge,
3232 4571 46 20 held
3296 4578 25 13 ou
3344 4570 126 27 Wednesday
3491 4572 46 25 (las.

2987 4598 71 25 week),
3070 4600 35 18 the
3116 4598 104 25 following
3230 4598 77 20 officers
3321 4605 51 13 were
3390 4598 110 27 appointed
3517 4602 20 17 to

2985 4625 36 21 the
3032 4626 66 21 chairs
3112 4626 32 21 for
3154 4626 35 20 the
3202 4633 84 19 ensuing
3296 4626 142 24 term—N.G.,
3448 4626 47 23 Bro.
3511 4626 26 23 K..

2988 4654 142 26 Woodhouse;
3146 4654 65 28 V.G.,
3225 4655 44 22 Bro.
3285 4654 22 22 J.
3321 4655 118 27 Campbell;
3453 4655 84 22 elective

2983 4687 108 22 secretary,
3120 4678 46 26 Bro.
3190 4682 23 22 F.
3246 4683 78 25 Jeffery
3335 4690 5 18 ;
3362 4684 98 25 auditors,
3481 4684 56 20 Bios.

2983 4709 80 25 Jeffery
3082 4710 41 19 and
3136 4710 26 20 G.
3184 4710 122 24 Fitzgerald.
3333 4710 48 20 Bro.
3400 4710 21 19 E.
3437 4712 26 19 A.
3484 4711 53 19 Han.

2983 4743 39 12 Wits
3037 4736 112 26 appointed
3161 4743 36 13 one
3208 4738 20 19 of
3239 4738 35 19 the
3283 4736 74 26 lodge's
3368 4739 126 24 trustees,.to
3509 4738 26 19 till

2983 4762 34 21 the
3032 4769 88 20 vacancy
3135 4764 73 19 caused
3227 4764 26 25 by
3269 4764 34 20 the
3323 4764 61 20 death
3404 4764 20 20 of
3444 4765 46 20 Bro.
3507 4764 28 21 M.

2983 4790 89 21 Mauuel.
3109 4791 81 21 Several
3201 4790 22 22 of
3232 4792 36 19 the
3279 4791 66 21 minor
3358 4792 67 20 offices
3434 4798 52 14 were
3495 4791 42 21 also

2982 4818 62 26 tilled,
3069 4818 41 20 mid
3135 4825 10 13 a
3173 4823 117 16 committee
3313 4820 110 25 appointed
3446 4822 22 18 to
3491 4819 46 21 look

2982 4845 88 26 through
3086 4848 35 17 the
3141 4847 78 19 revised
3236 4847 80 19 district
3336 4848 54 18 ruies
3393 4845 3 28 ;
3411 4847 64 20 which
3485 4847 51 19 have

2980 4872 43 25 just
3032 4880 56 12 cume
3104 4877 20 15 to
3135 4872 62 26 baud,
3217 4873 32 21 for
3265 4878 35 16 ttie
3319 4873 133 21 information
3469 4875 22 19 of
3502 4875 34 19 the

2979 4899 65 24 iod.{e.

3005 4932 44 21 One
3058 4932 21 21 of
3094 4932 35 21 the
3145 4933 57 20 Press
3218 4934 171 27 correspondents
3402 4934 131 28 telegraphed

2980 4960 52 21 frum
3042 4959 79 22 Larissa
3129 4961 46 20 that
3187 4968 24 13 on
3225 4962 34 20 the
3269 4965 102 24 approach
3382 4962 21 21 of
3419 4963 34 20 r,he
3469 4963 64 20 Turks

2980 4993 21 16 to
3010 4990 85 22 Lar.ssa,
3107 4995 26 13 an
3149 4992 65 17 entire
3231 4990 79 26 family,
3331 4991 110 25 consisting
3462 4991 20 20 of
3498 4994 35 17 the

2980 5019 89 21 parents,
3081 5019 40 16 two
3131 5022 54 19 sons,
3196 5017 40 20 and
3248 5019 55 18 three
3314 5016 205 28 daughters,commit-

2980 5042 35 20 ted
3022 5042 75 20 suicide
3107 5049 72 12 sooner
3192 5044 48 18 than
3253 5043 35 20 fall
3300 5044 51 19 alive
3368 5045 42 18 into
3423 5045 35 19 the
3469 5045 64 19 hands

2979 5069 21 19 of
3015 5068 34 21 the
3064 5068 101 27 invaders,
3182 5070 40 20 and
3239 5070 41 21 und
3293 5077 42 19 rgo,
3352 5078 23 13 as
3391 5070 48 26 they
3455 5071 75 26 feared,

2978 5096 102 21 infamous
3109 5098 119 21 treatment.
3256 5098 42 21 The
3316 5099 66 20 eldest
3397 5099 21 20 of
3436 5098 33 21 the
3484 5098 47 28 girla

2980 5131 42 13 waa
3030 5125 49 25 only
3094 5128 117 24 seventeen,
3220 5126 36 20 hut
3262 5127 27 19 all
3299 5127 95 26 accepted
3405 5128 35 20 the
3446 5127 84 21 father's

2978 5159 93 17 proposal
3088 5153 47 18 with
3155 5153 145 21 cheerfulness.
3328 5155 57 24 They
3403 5155 127 25 accordingly

2977 5179 50 19 shut
3044 5178 122 21 themselves
3189 5186 27 19 up
3237 5187 20 13 m
3277 5181 35 20 the
3329 5182 91 24 parental
3439 5182 92 25 sleeping

2976 5208 124 24 apartment,
3126 5206 42 22 and
3193 5207 113 23 suffocated
3333 5209 122 21 themselves
3480 5209 50 21 with

2976 5233 91 21 charcoal
3082 5235 74 19 fumes.
3185 5235 67 21 When
3270 5239 35 18 the
3320 5237 66 20 Turks
3401 5238 83 20 entered
3494 5239 36 19 the

2976 5261 40 26 city
3028 5263 47 25 they
3086 5261 63 21 fo.itid
3158 5262 27 20 all
3194 5270 60 14 seveu
3265 5264 44 26 just
3317 5265 60 26 alive,
3390 5265 38 21 but
3444 5265 84 21 medical

2975 5296 45 13 care
3030 5289 61 21 failed
3102 5296 20 14 to
3131 5289 59 26 bring
3201 5292 55 19 them
3267 5294 71 19 round.

3001 5328 113 26 Yesterday
3131 5329 75 24 (writes
3225 5330 35 20 the
3463 5332 21 21 of
3494 5332 35 21 the

2976 5356 49 21 28th
3035 5356 49 25 ult.)
3096 5363 28 13 we
3135 5357 40 20 had
3188 5357 35 20 the
3239 5359 92 24 pleasure
3348 5360 21 19 of
3384 5367 12 12 a
3411 5362 48 19 visit
3476 5361 52 20 from

2977 5385 32 19 Mr
3019 5383 39 21 'ind
3069 5384 41 20 Mrs
3119 5383 22 21 J.
3152 5385 27 19 D.
3191 5385 118 22 Buchanan,
3321 5386 45 21 who
3380 5394 51 13 were
3443 5388 86 21 married

2976 5410 40 23 last
3025 5410 75 28 Friday
3115 5411 21 21 in
3155 5411 131 28 Wellington.
3317 5414 32 21 Mr
3363 5414 111 23 Buchanan
3490 5423 39 13 was

2976 5446 37 13 one
3023 5439 22 19 of
3064 5439 36 20 the
3115 5444 115 21 promotors
3246 5440 21 21 of
3286 5441 36 21 the
3338 5442 90 21 Vincent
3446 5444 83 26 Cycling

2978 5465 52 21 Club
3035 5466 40 20 and
3084 5466 17 19 is
3111 5473 25 13 ou
3147 5466 35 20 the
3192 5468 49 19 s'aff
3256 5468 21 19 of
3286 5471 37 18 tha
3338 5469 96 22 Duustau
3449 5472 75 19 Times.

2978 5494 40 18 Mis
3030 5493 117 26 Buchanan,
3158 5500 37 14 nee
3206 5494 48 21 Miss
3266 5494 71 29 Pache,
3355 5503 39 14 was
3410 5497 97 27 formerly
3516 5504 12 14 a

2976 5520 89 21 resident
3073 5520 22 21 of
3112 5520 64 26 Clyde
3187 5522 37 20 but
3244 5528 95 17 removed
3355 5527 21 18 to
3397 5524 17 21 V:
3422 5525 104 26 ellingtou,

2976 5548 39 20 and
3025 5554 16 14 is
3051 5554 45 15 now
3106 5549 105 25 returning
3230 5550 58 21 there
3305 5552 51 21 with
3371 5552 37 21 her
3425 5552 100 22 husband.

2978 5575 52 21 Both
3041 5582 34 14 are
3086 5576 133 21 enthusiastic
3228 5578 81 26 cyctista
3319 5580 40 20 and
3368 5586 48 20 very
3432 5581 93 26 popular.

2976 5602 43 21 The
3052 5604 119 19 Wheelman
3182 5604 87 24 heartily
3278 5607 53 24 joius
3342 5609 29 23 (as
3380 5608 47 20 does
3437 5608 45 20 also
3491 5609 36 19 the

2976 5630 69 25 Mail)
3063 5631 21 20 in
3109 5630 34 21 the
3162 5632 51 24 good
3229 5633 73 20 wishes
3324 5634 32 20 for
3371 5635 47 25 long
3433 5635 36 20 life
3487 5636 39 19 and

2976 5658 113 26 prosperity
3099 5660 22 18 to
3130 5658 35 21 tha
3180 5658 67 28 newly
3255 5660 89 22 married
3352 5662 80 27 omp'.e.
3460 5662 33 20 Mr
3502 5662 23 22 J.

2976 5686 19 19 U
3013 5685 108 22 Buchanan
3131 5685 16 22 is
3157 5693 12 14 a
3177 5686 84 22 brother
3276 5687 22 21 of
3312 5688 33 22 Mr
3360 5689 24 21 D.
3408 5689 116 27 Buchanan,

2976 5712 128 29 Roxburgh's
3118 5714 85 27 popular
3212 5715 84 25 athlete.

3597 122 43 22 The
3651 125 45 20 wrifi
3709 125 22 20 of
3740 126 119 21 mandamus
3871 127 81 25 applied
3966 127 33 21 for
4008 128 26 23 bv
4050 129 71 23 Messrs

3575 150 75 22 Brooks
3660 152 38 20 and
3708 153 75 21 Woods
3793 154 78 24 against
3886 155 31 19 Mr
3926 155 87 26 JefrVy,
4029 155 17 21 cl
4054 157 29 19 t!c
4099 157 22 20 of

3573 177 35 21 the
3618 180 64 24 court,
3695 180 120 27 Rixhursh,
3825 181 71 26 askiug
3910 181 46 21 that
3973 182 25 21 he
4013 183 72 21 should
4096 184 24 20 Im

3573 204 83 23 ordered
3679 208 21 20 to
3717 207 80 22 declare
3820 208 56 22 theru
3895 208 55 26 prior
3967 209 112 24 anplicants
4098 218 22 14 an

3573 234 81 25 regard*
3670 235 36 21 the
3720 236 78 27 mining
3811 236 123 23 application
3947 238 57 21 made
4021 239 27 25 by
4064 239 58 22 them

3573 261 40 20 and
3627 261 76 21 Roland
3716 263 76 21 Parker
3800 266 22 18 at
3903 272 56 13 some
3973 266 50 20 time
4034 273 37 19 ago
4081 274 40 13 w«s

3574 289 85 24 granted
3669 289 27 24 by
3705 289 33 22 Mr
3747 291 79 21 Justice
3832 291 101 21 Williams
3940 299 25 14 on
3971 292 52 22 Tu<?s
4030 294 40 21 lav.
4098 295 21 21 Is

3575 315 40 21 will
3622 316 24 20 be
3803 317 34 22 the
3845 326 44 13 ose
3897 326 39 14 wa>
3943 321 106 22 contested
4055 329 25 14 on
4088 322 35 21 the

3574 345 77 24 ground
3662 345 45 22 tint
3717 346 50 21 thev
3777 353 51 15 were
3867 346 36 22 sitn
3912 348 101 23 ilfcaaeom
4031 350 76 26 applici-

3654 376 22 17 at
3686 374 35 20 the
3731 376 57 24 time,
3804 374 38 21 hut
3852 375 30 20 his
3898 375 75 22 HoniU
3975 384 8 8 l-
3998 377 58 22 ruled
4073 379 46 20 tha*;

3575 399 35 20 the
3634 400 122 25 implication
3779 402 44 20 first
3842 402 109 25 registered
3974 403 85 24 (Brooks
4082 412 24 14 an
4116 407 6 19 I

3575 426 89 23 Wood's)
3675 428 71 21 should
3757 429 52 21 have
3818 428 92 28 priority;
4007 439 51 14 were
4067 432 39 21 fix*
4113 433 7 21 I

3574 455 78 22 aeaiust
3663 456 25 22 R.
3701 456 76 22 Parker
3788 459 21 19 at
3826 456 40 22 £l2
3877 457 33 22 12s
3944 458 33 21 Mr
3995 459 126 28 Maclonald,

3575 482 124 27 Alexandra,
3714 484 130 21 renresented
3853 485 36 21 the
3900 486 126 27 applicants;
4043 487 80 23 MrSini

3573 512 110 25 appearing
3692 512 32 21 for
3733 513 84 21 Parker.

3600 546 32 21 On
3646 547 90 26 Monday
3748 548 85 25 evening
3841 548 41 21 last
3891 548 36 21 the
3936 548 44 21 R°v
4000 550 32 19 Mr
4042 550 82 23 Hooper

3574 581 49 15 gave
3646 581 12 13 a
3681 574 64 21 ma°ic
3762 574 81 23 lantern
3864 576 159 21 entertainment
4045 578 20 20 in
4088 578 36 21 thi

3575 601 111 27 Roxburgh
3708 602 107 26 Wesleyan
3835 603 89 22 Church.
3952 604 65 21 There
4027 611 40 14 was
4077 606 48 26 only

3574 636 12 15 a
3599 629 38 22 fair
3652 630 135 23 attendance:
3801 631 101 28 certainly
3917 631 85 27 nothing
4012 632 41 22 like
4069 633 55 22 what

3575 658 34 21 the
3632 659 71 21 merits
3722 658 21 22 of
3763 659 36 22 the
3822 659 160 23 entertainment
4001 662 119 25 warranted,

3575 687 65 20 which
3658 694 40 14 was
3716 687 49 21 both
3776 688 119 21 instructive
3905 688 40 21 and
3955 689 98 26 amusing.
4081 690 43 20 The

3574 715 61 21 views
3645 715 104 22 exhibited
3757 716 112 27 comprised
3877 715 80 28 leading
3966 719 109 19 statesmen
4083 717 40 23 and

3576 744 91 20 warriors
3681 745 53 24 (past
3751 743 39 22 and
3809 744 103 25 present);
3931 751 68 14 scenes
4019 745 52 21 from
4090 747 36 20 the

3574 770 35 21 life
3619 771 22 20 of
3653 771 57 25 Lady
3727 772 53 20 Jane
3796 772 61 27 Grev,
3877 771 109 25 Eng'and's
4004 773 122 21 uncrowned

3575 798 69 27 Queen
3663 798 58 22 (with
3741 799 122 24 descriptive
3881 799 97 25 lecture);
3994 799 129 28 Queensland

3574 828 68 26 views,
3667 827 104 27 including
3792 828 98 22 Brisbane
3914 828 73 27 during
4013 828 35 22 the
4069 831 49 25 great-

3572 855 51 19 flood
3632 855 4 27 ;
3653 856 50 19 New
3721 855 105 21 Zealand's
3844 856 82 21 natural
3945 856 98 26 beauties,
4061 857 39 20 and
4110 864 12 13 a

3572 882 86 21 number
3675 882 22 21 of
3705 883 63 21 comic
3778 884 94 24 pictures.
3901 884 79 25 During
3990 883 37 21 the
4036 884 85 25 evening

3571 910 77 21 several
3663 910 74 23 hymns
3754 911 110 26 (displayed
3883 919 25 12 on
3919 911 35 22 the
3964 912 90 23 cinvass)
4067 919 50 14 were

3571 944 57 19 sung,
3641 939 39 20 and
3689 938 28 22 all
3726 941 55 19 went
3795 939 60 21 home
3864 938 46 22 well
3919 939 89 22 satisfied
4020 940 49 21 with
4079 940 35 21 the

3571 965 38 21 exh
3618 966 72 22 bition.

3595 995 106 20 CVtainlv
3716 995 34 19 the
3765 996 53 18 most
3832 995 94 20 effective
3937 995 99 20 medicine
4050 995 19 19 in
4081 995 37 21 the

3571 1022 61 20 world
3652 1023 16 19 is
3686 1022 115 20 SANDER
3813 1021 40 21 and
3870 1021 75 21 SONS'
3961 1022 160 22 EUCALYPTI

3570 1049 90 21 EXTRA
3665 1049 40 21 OT.
3733 1049 48 21 Test
3788 1049 27 21 its
3822 1049 110 22 eminently
3940 1050 97 25 powerful
4046 1050 44 21 effe,
4098 1051 22 21 is

3569 1077 20 21 in
3603 1077 81 26 couchs,
3696 1077 60 25 colds,
3766 1077 115 26 influenza,
3902 1077 36 21 the
3949 1077 59 22 relief
4016 1077 16 22 is
4045 1078 66 21 instan-

3570 1108 90 17 taneous.
3691 1105 24 20 In
3730 1106 76 19 serious
3816 1112 54 12 cases
3884 1105 40 20 and
3938 1105 80 21 acciden
4030 1112 9 14 s
4054 1105 22 21 of
4088 1106 29 20 all

3569 1132 67 21 kinds,
3648 1133 24 19 be
3682 1132 50 25 they
3743 1130 91 24 wounds,
3845 1132 67 21 burns,
4044 1132 78 20 brui-es

3571 1160 85 23 sprains,
3665 1161 17 17 it
3691 1158 17 21 is
3716 1158 35 21 the
3760 1157 62 21 safest
3832 1157 134 26 remedy—no
3976 1158 145 23 swelling—no

3570 1185 155 22 inflammation.
3756 1185 48 21 Like
3813 1185 111 26 surprising
3934 1187 72 19 effects
4016 1186 101 25 produced

3568 1213 20 22 in
3604 1220 69 19 croup,
3684 1212 108 28 rliptheria.
3807 1212 117 26 bronchitis,
3935 1213 148 21 inflammation
4097 1213 22 22 of

3569 1241 37 21 the
3628 1241 67 25 lilies,
3708 1240 108 26 swellings,
3825 1243 38 18 etc.
3885 1241 108 24 diarrh<ea,
4008 1241 108 27 dysentrv,

3570 1269 88 19 diseases
3668 1270 21 17 of
3698 1268 35 19 the
3747 1267 85 24 kidneys
3842 1268 40 19 and
3897 1268 80 25 urinary
3988 1275 77 16 organs.
4095 1270 22 18 In

3572 1300 15 14 u
3594 1301 15 13 <e
3616 1301 9 13 a
3629 1294 41 20 tall
3677 1294 98 24 hospitals
3780 1293 40 20 and
3827 1293 54 20 raedi
3893 1294 19 19 al
3918 1294 74 23 clinics,
4003 1295 116 23 patronised

3573 1322 27 26 by
3609 1321 38 21 His
3656 1321 88 26 Majesty
3754 1319 35 21 the
3800 1319 55 27 King
3864 1319 22 22 of
3896 1320 63 27 Italy,
3969 1321 91 21 crowned
4080 1322 46 20 .vnh

3575 1348 66 22 medal
3651 1348 40 21 and
3700 1347 90 27 diploma
3799 1351 22 17 at
3832 1347 149 22 International
3996 1348 125 26 Exhibition,

3575 1376 140 22 Amsterdam.
3742 1375 62 20 Trust
3814 1381 20 14 in
3844 1376 41 19 this
3895 1376 102 26 approved
4004 1376 72 21 article
4084 1377 43 20 and

3571 1405 63 26 reject
3642 1404 28 21 all
3680 1406 76 18 otliers.

3715 1472 126 49 Mining
3876 1471 113 40 Notes.

3599 1549 42 21 The
3656 1549 96 27 ill-edging
3764 1552 81 19 returns
3863 1549 32 20 for
3917 1549 35 20 the
3971 1549 55 21 week
4045 1549 78 26 ending

3575 1577 102 26 Saturday,
3684 1578 157 20 were—Ettriek
3856 1577 55 26 21oz,
3928 1577 80 20 Golden
4023 1578 100 20 Treasure

3651 1605 79 20 Golden
3740 1605 52 20 Gate
3802 1605 47 20 12oz
3864 1604 39 25 (for
3913 1604 57 20 three
3980 1604 64 26 days),
4053 1604 66 25 Otago

3576 1632 47 20 15oz
3634 1631 38 25 (for
3682 1632 38 21 five
3729 1632 66 26 days),
3806 1632 94 21 Dunedin
3917 1632 49 20 290z
3982 1631 76 22 lldwts
4067 1631 54 27 12gr.

3601 1659 41 21 The
3653 1660 110 25 Roxburgh
3773 1660 74 26 dredge
3857 1666 39 15 was
3905 1658 42 23 laid
3957 1666 26 20 up
3999 1659 33 21 for
4046 1660 77 26 repair*

3577 1688 22 19 to
3607 1686 35 21 the
3651 1688 70 24 engine
3728 1688 25 20 all
3764 1688 39 19 last
3812 1687 64 21 week.

3602 1714 42 20 The
3653 1714 78 21 Golden
3742 1715 45 20 Run
3796 1715 13 20 S
3818 1715 65 24 uicing
3901 1714 36 22 0».
3957 1714 81 21 washed
4052 1720 29 20 up
4096 1720 27 14 oa

3578 1741 99 27 Saturday
3688 1742 31 21 for
3728 1742 48 21 220z
3787 1742 31 21 for
3825 1742 54 27 eight
3892 1741 55 27 diys'
3960 1742 61 21 work.

3602 1770 42 19 The
3653 1769 78 21 Golden
3741 1770 97 20 Treasure
3857 1770 36 20 Co.
3909 1769 47 21 held
3975 1769 36 20 the
4028 1768 95 25 ordinary

3578 1796 103 20 directors'
3698 1796 88 26 meeting
3800 1800 22 16 at
3836 1795 88 27 Laff-y's
3943 1795 91 25 Railway
4051 1796 72 24 Hotel,.

3580 1823 113 27 Lawr.-nca,
3703 1830 25 14 on
3743 1823 98 27 Tuesday.
3870 1823 19 20 A
3906 1823 96 21 dividend
4015 1822 21 21 of
4050 1823 21 20 2s
4087 1822 34 26 lid,

3580 1851 83 25 payable
3674 1850 69 26 to-day
3754 1851 43 23 (the
3806 1850 40 23 2nd
3856 1850 57 26 inst.)
3924 1858 39 13 was
3976 1850 100 22 declared.

3604 1879 42 20 The
3656 1879 79 20 Golden
3745 1879 52 21 Gate
3808 1879 52 25 Co's,
3870 1879 98 20 directors
3985 1879 42 19 also
4038 1881 41 17 met
4089 1877 37 21 the

3579 1912 55 14 same
3643 1905 92 26 evening,
3754 1905 39 21 and
3809 1905 92 21 declared
3916 1912 13 14 a
3945 1905 96 21 dividend
4057 1905 22 20 of
4095 1906 27 25 Is,

3579 1933 84 28 payable
3673 1933 35 22 the
3717 1940 54 15 same
3780 1933 45 27 day.

3603 1962 43 20 The
3660 1963 52 19 river
3722 1961 103 23 continues
3836 1961 38 21 low
3884 1961 40 21 and
3933 1961 16 21 is
3959 1960 42 22 still
4011 1960 77 24 falling.

3603 1989 43 19 The
3656 1989 84 25 sluicing
3745 1989 58 19 claim
3810 1991 21 17 at
3842 1989 75 24 Craig's
3935 1989 50 21 Flat,
3999 1995 48 13 near
4059 1988 67 20 Island

3580 2016 62 21 Block
3651 2016 120 26 (Rattrays),
3784 2015 64 21 which
3859 2022 39 14 was
3913 2016 118 25 prospected
4046 2015 26 26 by
4091 2015 31 21 Mr

3579 2044 90 21 Rawlins
3684 2051 56 13 some
3758 2044 48 20 time
3824 2050 43 19 ago,
3887 2043 38 21 but
3945 2050 39 13 was
3994 2043 85 26 stopped
4093 2042 32 23 for

3578 2073 54 19 want
3642 2071 21 20 of
3676 2073 69 24 water,
3761 2070 77 21 started
3854 2070 57 27 again
3926 2073 22 18 at
3966 2070 35 20 the
4016 2070 107 26 beginning

3577 2100 22 21 of
3608 2100 34 21 the
3653 2098 63 27 week,
3726 2099 99 21 sufficient
3834 2104 62 16 water
3905 2098 59 26 being
3973 2098 97 21 available
4076 2105 45 14 now

3577 2128 46 20 that
3644 2128 36 19 the
3695 2128 69 19 Island
3780 2127 63 20 Block
3858 2127 59 20 claim
3936 2126 35 20 hiis
3991 2127 48 20 shut
4055 2126 68 21 down*

3577 2155 71 20 About
3662 2154 68 21 fifteen
3748 2161 45 13 men
3803 2153 52 20 hive
3869 2154 50 19 been
3934 2156 37 22 put
3985 2160 33 18 on,
4035 2152 39 21 and
4091 2153 32 20 'Ac

3576 2182 63 20 Jones
3651 2182 37 20 has
3700 2182 48 20 been
3760 2183 37 19 put
3807 2181 20 20 in
3834 2180 71 22 charge
3919 2180 20 21 of
3950 2180 33 21 the
3993 2180 66 21 eiainv.

3630 2244 180 42 Lawrence
3839 2244 97 42 News
3963 2243 109 42 Notes.

3709 2319 62 21 (OW.V
3785 2316 201 25 CoRURSPON'DENT.)

3609 2348 139 27 Lawrence
3761 2347 53 26 and
3827 2347 45 26 the
3883 2347 90 34 people
3992 2346 27 26 in
4036 2346 22 26 it
4079 2354 43 17 arc
4123 2346 1 35 v

3575 2385 76 27 much
3665 2385 47 26 the
3725 2394 71 17 same
3816 2394 28 17 as
3865 2384 82 26 usual.
3989 2383 45 27 We
4057 2383 66 26 have

3575 2424 34 26 all
3623 2422 77 27 made
3713 2432 15 16 a
3738 2422 106 35 display
3855 2422 27 25 of
3889 2430 47 16 our
3946 2420 177 35 appreciation

3574 2460 27 26 of
3613 2470 47 16 our
3682 2460 108 31 Queen's
3814 2457 143 29 wonderful
3980 2457 90 28 record
4093 2457 29 26 in

3574 2507 70 16 some
3658 2507 58 19 way
3728 2506 30 17 or
3769 2497 82 27 other,
3867 2496 51 25 and
3931 2505 44 16 are
3993 2504 57 17 now
4062 2504 45 15 con-

3574 2538 57 23 tent
3644 2537 26 23 to
3682 2535 65 33 drop
3761 2533 64 26 back
3839 2533 57 26 into
3909 2542 47 16 our
3968 2533 72 34 quiet
4053 2531 70 35 style

3574 2572 27 26 of
3613 2572 107 30 moving
3732 2571 79 31 along

3608 2608 54 26 The
3679 2608 114 26 weather
3805 2608 61 26 here
3887 2606 41 26 for
3940 2606 53 26 this
4012 2606 65 26 time
4097 2604 29 27 of

3573 2655 64 26 year
3649 2646 22 25 is
3686 2645 150 34 something
3851 2645 163 33 exceptional
4029 2644 52 25 and
4105 2640 23 28 if

3573 2684 22 25 it
3609 2684 135 25 continues
3758 2692 15 16 a
3786 2683 70 24 little
3870 2683 90 33 longer
3979 2690 36 18 we
4029 2681 54 25 will
4093 2681 24 25 be-

3574 2730 63 17 over
3649 2721 45 26 the
3707 2719 95 27 winter
3813 2719 89 27 before
3915 2728 37 17 we
3973 2719 77 27 know
4062 2718 61 27 that

3575 2759 21 25 it
3609 2758 48 26 has
3670 2759 65 25 been
3749 2756 66 28 here.
3856 2756 134 36 Although
4007 2766 38 16 we
4058 2756 67 26 have

3575 2795 52 27 had
3642 2805 15 16 a
3669 2795 45 26 fall
3729 2803 29 17 or
3771 2796 51 24 two
3832 2794 28 26 of
3869 2803 78 23 snow,
3961 2794 45 26 the
4020 2793 104 27 frost'so

3575 2832 41 27 far
3627 2832 45 26 has
3686 2832 64 26 been
3764 2840 16 17 a
3791 2834 126 32 stranger.

3609 2869 54 28 The
3676 2869 91 27 claims
3786 2878 44 17 are
3849 2869 35 26 all
3910 2869 28 26 in
3960 2868 51 27 full
4032 2868 89 35 swing.

3577 2907 86 26 Baker
3676 2907 52 25 and
3742 2908 85 32 party,
3848 2906 57 25 who
3927 2914 16 18 a
3966 2906 74 25 short
4060 2906 66 25 time

3576 2953 49 26 ago
3639 2942 104 28 erected
3756 2951 17 17 a
3782 2942 125 35 hydrulio
3917 2942 113 34 sluicing
4049 2942 77 33 plant

3576 2983 28 24 to
3616 2980 71 28 work
3701 2979 115 27 German
3829 2979 67 31 Flat,
3916 2989 43 16 are
3973 2981 27 24 at
4020 2980 106 33 present

3576 3019 134 33 receiving
3735 3026 64 26 very
3823 3017 168 34 satisfactory
4014 3019 112 27 returns,

3577 3056 66 25 with
3656 3055 58 26 still
3735 3055 85 25 better
3840 3054 124 34 looming,
3979 3063 34 25 up
4034 3053 29 26 in
4083 3053 45 26 the

3578 3102 64 17 near
3655 3091 190 27 future.—The
3858 3090 101 27 Golden
3980 3090 60 27 ltise
4060 3090 23 26 is
4102 3094 26 22 at

3580 3132 106 31 present
3704 3128 120 34 working
3834 3129 33 25 24
3878 3128 86 26 houra,

3694 3202 178 43 Cromwell
3899 3201 114 42 Notes.

3728 3281 54 19 Own
3796 3281 186 19 Cokrespondent

3613 3309 56 27 The
3691 3309 116 26 weather
3828 3308 61 27 here
3912 3308 47 28 has
3979 3309 65 26 been
4065 3318 60 26 very

3578 3347 162 36 changeable
3753 3347 145 35 lately—at
3915 3356 49 19 .one
3977 3347 63 26 time
4059 3357 50 16 com-

3578 3387 69 33 plete
3667 3384 97 28 winter
3776 3385 51 26 and
3849 3385 179 35 immediately
4050 3385 75 35 again

3578 3424 92 34 spring
3684 3431 28 17 or
3724 3432 121 16 summer.

3613 3462 25 26 It
3652 3462 21 25 is
3688 3460 121 35 reported
3824 3460 58 26 that
3896 3460 43 27 tlie
3953 3470 83 26 opera,
4077 3460 46 27 Les

3578 3499 109 27 Cloches
3701 3498 31 27 de
3915 3499 53 26 will
3983 3500 29 25 be
4034 3500 88 33 stage!

3578 3538 78 32 again
3694 3536 103 34 shortly
3835 3536 35 35 by
3908 3537 45 25 the
3990 3535 133 27 Cromwell

3579 3573 138 27 Dramatic
3728 3574 73 25 Club.

3611 3612 54 26 The
3677 3611 137 26 Cromwell
3829 3612 91 34 people
3940 3622 65 16 were
4023 3615 45 23 not
4082 3612 28 26 bo-

3576 3650 66 26 hind
3657 3649 25 26 in
3696 3648 71 28 their
3789 3650 100 34 loyalty
3909 3650 95 33 during
4029 3650 95 27 Record

3579 3687 70 26 week
3696 3686 40 25 On
3750 3685 121 36 Tuesday
3885 3688 133 25 afternoon
4033 3695 13 17 a
4059 3687 54 27 foot

3577 3725 53 24 ball
3651 3723 99 26 match.
3773 3721 36 28 St.
3837 3722 124 29 Bathan's
3986 3734 21 16 v.
4034 3723 90 35 Upper

3577 3761 100 26 Ciutha
3708 3760 122 26 Football
3860 3760 86 32 Clubs,
3962 3761 57 26 took
4046 3761 77 33 place,

3576 3798 87 26 which
3691 3798 118 26 resulted
3840 3798 25 26 in
3896 3807 14 18 a
3940 3799 50 27 win
4021 3799 40 27 for
4087 3799 34 28 St.

3578 3835 117 25 I'athans
3705 3836 34 32 by
3750 3835 15 24 6
3776 3835 87 33 points
3877 3838 26 23 to
3913 3836 14 24 3
3940 3836 85 33 points
4070 3836 54 26 The

3576 3872 92 34 Upper
3682 3871 97 26 Ciutha
3793 3872 63 34 boys
3870 3872 67 27 tried
3951 3882 15 16 a
3979 3874 58 31 goal
4058 3872 63 27 fr.-m

3575 3921 14 16 a
3604 3909 81 30 mark,
3701 3908 51 27 and
3765 3908 45 27 t\w
3822 3911 97 25 referee
3929 3919 63 20 yave
4004 3911 20 27 it
4037 3920 15 18 a
4058 3911 64 35 goal,

3578 3950 45 23 but
3638 3947 155 26 afterwards
3807 3957 65 23 gave
3886 3949 21 24 it
3917 3959 15 15 a
3940 3953 87 31 poster
4072 3951 10 24 'I
4093 3950 31 26 he

3576 3986 62 24 local
3658 3984 104 33 umpire
3775 3984 22 25 is
3811 3993 57 16 now
3877 3986 27 24 in
3919 3987 45 23 hot
3975 3990 80 22 water
4064 3996 60 16 over

3574 4023 28 30 it,
3617 4031 28 16 as
3659 4020 20 27 it
3699 4029 53 16 was
3766 4020 32 26 he
3820 4021 60 27 that
3899 4024 84 24 raised
4009 4024 40 25 his
4073 4023 50 36 flag

3576 4061 47 34 (by
3634 4059 123 33 mistake)
3769 4057 41 27 for
3819 4068 15 17 a
3844 4060 56 32 goal
3908 4061 51 25 and
3968 4061 152 26 afterwards

3574 4097 119 26 declared
3708 4096 32 25 he
3753 4095 115 34 thought
3882 4098 21 24 it
3917 4107 50 16 was
3989 4107 15 17 a
4026 4103 92 29 poster.

3573 4135 12 25 I
3597 4134 99 26 believe
3708 4133 22 25 it
3740 4133 22 25 is
3774 4133 44 26 the
3825 4133 129 27 intention
3965 4136 27 25 of
4000 4145 47 16 our
4058 4137 62 33 boys

3572 4175 26 23 to
3612 4170 94 36 appeal
3721 4173 27 22 to
3767 4170 45 26 the
3826 4170 94 31 Union,
3934 4173 52 26 and
3999 4173 45 27 the
4062 4173 62 31 feel-,

3571 4210 46 33 ing
3631 4209 61 25 here
3705 4208 22 26 is
3739 4208 60 25 that
3811 4208 64 35 they
3896 4210 52 25 will
3971 4215 44 29 get
4028 4213 30 24 it.
4096 4213 24 24 if

3571 4255 27 16 so
3611 4245 53 26 this
3681 4245 51 24 will
3747 4245 68 26 alter
3828 4245 44 26 the
3885 4247 114 26 decision
4012 4248 25 25 in
4052 4248 70 26 their

3569 4285 100 24 favour.
3716 4281 48 28 Ihe
3780 4291 76 23 game
3875 4294 52 15 was
3946 4285 96 36 played
4061 4286 26 27 in
4106 4295 14 18 a

3570 4320 117 33 friendly
3701 4320 78 34 spirit
3793 4318 169 36 throughout,
3982 4323 50 25 and
4053 4323 65 26 from

3571 4358 144 33 beginning
3728 4361 26 18 to
3767 4356 50 24 end
3832 4357 20 24 it
3866 4367 51 16 was
3929 4368 14 14 a
3955 4360 95 34 closely
4061 4368 42 17 con-

3569 4394 86 25 tested
3668 4392 97 26 match.

3603 4431 30 25 In
3665 4430 44 24 the
3740 4430 111 33 evening
3880 4432 44 25 the
3954 4435 81 24 street
4067 4443 48 16 was

3569 4464 171 30 illuminated
3754 4465 64 25 with
3833 4467 79 32 lights
3926 4471 27 24 at
3966 4478 78 19 every
4055 4464 60 36 win.,

3568 4506 65 26 clow,
3648 4503 52 26 and
3723 4503 109 25 Chinese
3858 4504 116 26 lanterns
3996 4507 73 31 hang
4090 4510 22 22 ai

3567 4540 128 27 intervals
3711 4539 74 25 down
3800 4539 44 26 the
3857 4543 87 23 street.
3982 4541 54 26 The
4056 4543 43 25 bon-

3568 4580 43 24 fire
3644 4585 49 17 vsas
3726 4575 31 25 lit
3788 4578 27 22 at
3847 4576 57 26 730
3933 4578 52 26 and
4015 4579 100 26 burned

3566 4615 120 35 brightly
3700 4612 41 28 for
3763 4611 58 27 half
3839 4622 32 18 an
3894 4614 70 28 hour.
4004 4615 110 29 Rockets

3566 4654 52 28 and
3631 4652 75 27 other
3721 4652 131 26 fireworks
3863 4662 67 18 were
3940 4654 63 27 then
4016 4654 36 28 let
4071 4655 42 30 off,

3565 4692 45 25 the
3620 4691 71 26 band
3702 4689 162 35 discoursing
3869 4692 155 26 meanwhile
4034 4692 78 34 lively

3566 4727 83 27 music
3692 4726 54 25 The
3760 4727 168 33 proceedings
3950 4727 108 28 linished
4076 4738 35 24 up

3567 4765 63 25 with
3644 4764 45 26 the
3702 4762 145 26 bandsmen
3861 4765 51 24 and
3924 4765 34 26 all
3971 4767 141 33 spectators

3566 4803 107 34 singing
3688 4804 5 11 '
3697 4803 5 12 ;
3712 4798 57 28 God
3782 4800 66 26 Save
3867 4800 45 28 the
3923 4801 87 32 Queen
4050 4802 62 28 with

3566 4836 32 34 hat
3609 4836 10 34 3
3630 4836 43 34 oft'
3719 4841 18 21 A
3754 4836 83 34 slight
3850 4838 101 27 shower
3964 4840 52 30 fell,
4031 4841 47 25 but
4092 4840 20 26 it

3564 4877 27 25 in
3605 4886 32 15 no
3651 4885 58 26 way
3721 4873 110 34 stopped
3844 4875 44 26 the
3902 4877 173 34 proceedings.

3597 4914 71 26 Next
3681 4911 113 32 evening
3813 4911 187 37 (Wednesday)
4023 4924 15 17 a
4060 4915 49 26 bill

3564 4962 51 16 was
3629 4951 69 32 held,
3712 4952 28 24 at
3752 4948 86 26 which
3851 4950 115 28 between
3977 4953 30 25 25
4018 4953 51 25 and
4079 4952 35 27 30,

3563 4990 104 34 couples
3698 4996 66 18 were
3796 4993 112 28 present,
3940 4991 52 25 and
4030 4991 79 27 which

3563 5026 97 34 proved
3705 5033 63 24 very
3816 5025 143 35 enjoyable.
4017 5026 94 29 Messrs

3564 5062 170 34 M'Laughlin
3759 5060 90 34 (piano
3871 5063 51 26 and
3947 5065 110 33 cornet),
4081 5065 28 25 T.

3564 5100 96 28 Barnes
3683 5099 52 28 and
3756 5097 24 27 J.
3806 5098 152 38 M'Eiligott
3980 5102 128 35 (violins;,

3564 5143 25 22 A.
3620 5139 167 25 Williamson
3811 5136 86 36 (flute)
3919 5140 120 34 supplied
4065 5140 42 27 the

3560 5177 89 28 music,
3664 5176 50 25 and
3729 5174 43 27 Mr
3791 5172 40 27 W.
3862 5175 125 28 Kichards
4006 5178 101 25 catered

3558 5214 40 25 for
3611 5214 45 25 the
3666 5213 61 26 ball.

3594 5251 40 27 On
3664 5251 131 36 Thursday
3825 5251 135 27 afternoon
3983 5263 14 16 a
4022 5252 70 36 picnic-

3558 5299 52 17 was
3630 5290 60 25 held
3713 5292 28 23 at
3766 5292 45 24 the
3836 5290 85 25 Arbor
3945 5291 108 33 ground,
4080 5301 23 15 at,

3559 5326 84 27 which
3668 5335 72 17 races
3762 5327 51 26 and
3844 5335 88 26 games
3956 5337 62 16 were
4047 5326 31 27 he
4090 5329 13 24 <1

3557 5366 41 24 for
3611 5364 44 26 the
3669 5364 125 31 children,
3809 5364 46 26 the
3867 5364 68 25 baud
3949 5364 106 35 playing
4065 5366 38 24 fjr

3557 5402 82 26 them.
3676 5400 164 28 Afterwards
3863 5400 62 36 they
3955 5402 99 30 formed
4078 5402 24 26 in

3557 5439 148 34 procession
3718 5439 52 25 and
3784 5447 78 21 came,
3883 5439 100 26 headed
4004 5439 35 34 by
4059 5439 44 26 the

3559 5476 68 25 band
3640 5476 51 25 and
3705 5475 160 26 marshalled
3888 5475 34 34 by
3943 5475 44 26 the
4006 5476 83 25 school-

3556 5515 100 25 master
3668 5513 52 26 and
3733 5512 119 26 mistress
3865 5512 53 26 and
3930 5512 128 27 members
4078 5512 25 25 of

3556 5550 45 26 the
3638 5550 87 26 school
3773 5549 148 26 committee
3969 5549 134 34 marching

3556 5587 114 34 through
3685 5588 45 25 tbe
3749 5589 69 25 town
3841 5595 32 26 up
3896 5592 25 19 to
3941 5586 43 27 tlie
4006 5586 95 30 school,

3558 5624 83 25 where
3655 5634 15 15 a
3684 5624 111 25 number
3806 5622 28 26 of
3845 5623 66 33 goid
3925 5623 88 33 things
4037 5632 65 17 were

3557 5661 108 33 waiting
3690 5661 40 25 for
3753 5660 79 26 them.
3871 5659 61 27 This
3957 5659 143 28 concluded

3555 5698 44 27 the
3613 5696 102 30 Record
3728 5695 70 29 week

2094 17 228 54 BEHGEfe

3545 18 164 55 Friday,
3732 27 102 50 July
3855 30 39 42 2,
3919 24 116 46 1891

43 130 6 11 '
74 125 140 32 TEYIOT
224 123 216 34 WESLEYAN
454 121 170 32 CHURCH.

45 219 10 22 i
75 209 79 49 jT)N
175 209 114 40 Sunday
303 207 123 32 Services
437 203 56 31 will
514 203 35 31 be
561 212 63 20 con-

165 250 101 31 ducted
279 261 29 19 as
321 250 91 29 follow
424 260 44 16 :

78 301 113 26 Roxburgh
202 301 19 25 (7
231 299 137 29 p.m.)-Rev.
377 297 21 21 J.
407 297 28 21 H.
443 296 84 25 Hooper

118 328 182 28 (Subject—''The
311 325 51 23 Rich
372 325 46 21 Mao
429 323 37 22 and
478 323 94 21 Lazauis.
587 322 6 24 )

82 356 48 22 Coal
141 356 65 23 Creek
216 356 20 27 (3
245 355 59 28 p.m.)
311 355 70 21 -Kev.
391 353 21 22 J.
421 352 27 22 H.
464 351 82 27 Hooper

81 385 115 25 Ettrick(ll
209 385 83 21 a.m.)—
294 384 50 21 Rev.
351 383 22 20 J.
382 382 27 20 H.
419 381 82 25 Hooper

169 412 54 25 (6.30
231 411 119 26 p.m.)—Mr
359 410 85 20 Watson

181 464 43 37 C-
264 463 37 37 J.
342 461 188 47 Coombs,

100 535 197 31 SURGICAL
318 534 23 28 &
358 527 256 35 MECHANICAL

275 572 165 37 DENTIST

292 633 38 27 (By
344 632 80 25 Exam.)

82 750 88 50 lljß
188 748 154 31 COOMBS
358 746 111 38 maybe
484 742 147 32 Consulted

341 798 29 19 at)

239 842 125 29 Hekon's
386 841 94 29 Hotel

135 894 44 30 Ou
200 894 158 35 FRIDAY,
381 894 71 28 23pd
476 889 108 31 JULY.

101 974 62 29 -As
176 974 15 29 I
203 973 97 30 intend
313 972 113 36 visiting
445 970 55 29 this
519 967 113 31 District

85 1014 187 39 periodically,
285 1014 21 28 it
316 1014 54 28 will
378 1022 63 20 save
454 1010 123 29 Patients
587 1008 46 29 the

83 1065 122 29 expense
217 1054 30 30 of
259 1054 87 40 going
359 1058 28 25 to
399 1057 74 25 town
483 1063 10 24 ;
513 1049 53 29 and
579 1059 30 18 as
619 1047 13 30 I

86 1099 151 34 guarantee
256 1095 36 28 all
315 1094 87 36 work,
428 1092 122 30 Patients
571 1100 62 27 may

83 1136 60 38 rely
156 1146 35 18 on
204 1135 112 38 getting
329 1145 15 18 a
357 1133 142 29 first-class
510 1131 114 27 denture

83 1215 94 22 TEETH
203 1214 83 22 MADE
313 1214 38 22 B7
381 1212 95 23 OTHER
501 1209 133 23 DENTISTS

105 1242 131 24 PROVING
246 1239 252 26 UNSATISFACTORY
508 1238 60 23 MAY
580 1238 35 21 BE

139 1272 195 20 REMODELLED
348 1271 36 20 AT
397 1268 94 22 SMALL
504 1266 75 22 COST.

86 1339 123 28 Painless
238 1338 162 27 Extraction
430 1334 64 29 with
521 1333 113 29 Nitrous

120 1378 90 29 Oxide
231 1378 64 34 Gas,
318 1377 126 33 Cocaine,
457 1374 96 35 Ether,
567 1383 31 19 or

266 1417 182 29 Chloroform.

80 1491 132 28 Stopping
232 1498 71 19 with
323 1490 84 33 Gold,
430 1487 148 33 Amalgam,
598 1493 33 19 ob

294 1529 123 30 Cement.

171 1607 31 29 C.
249 1607 29 28 J.
330 1603 207 36 COOMBS,

216 1654 128 31 Surgeon
367 1653 119 29 Dentist

118 1702 145 39 (Opposite
276 1700 130 40 Cargill's
419 1700 174 36 Monument)

284 1748 81 22 DUNE
369 1748 59 22 DIN.

197 1789 80 33 (Late
292 1788 75 28 Kidd
381 1788 54 27 and
450 1787 59 36 Co.)

203 1852 145 31 >ECORD

219 1894 129 29 ECOKD
388 1881 46 24 ±V
437 1893 103 28 EIGX.

131 1977 24 29 0
179 1978 99 28 enable
302 1978 48 27 the
375 1976 95 38 public
494 1978 29 24 to
550 1974 83 28 Dress

166 2018 118 30 suitable
293 2020 28 26 to
332 2017 47 29 the
390 2015 134 35 occasion,
538 2014 14 29 I
564 2014 69 28 have

190 2068 183 30 REDUCED
393 2067 136 29 PRICES

81 2112 29 29 of
123 2122 46 27 my
181 2111 78 37 large
277 2110 54 29 and
344 2109 94 29 varied
452 2108 96 36 fctoc'k,
562 2110 70 27 viz.:

153 2162 86 37 Suits,
251 2163 40 29 £3
310 2162 48 35 3s;
381 2161 140 34 Trousers,
539 2161 55 27 15s.

153 2203 119 38 Factory
287 2221 10 4 -
311 2202 80 28 made
433 2201 85 36 Suits,
560 2202 15 27 2
585 2202 47 34 Is;

224 2247 141 32 Trousers,
379 2242 32 30 6s
425 2241 45 29 6d.

105 2297 71 35 Ties,
191 2296 82 39 Caps,
287 2296 111 33 Braces,
414 2294 58 37 &c.,
487 2295 35 29 Gd
537 2294 75 30 each.

80 2339 78 29 Hard
172 2337 55 29 and
242 2337 62 29 Soft
318 2336 61 28 Felt
398 2340 81 31 liats,
507 2338 27 26 Is
555 2335 75 29 each.

97 2416 181 25 REDUCTIONS
294 2417 31 21 IN
341 2418 54 19 ALL
408 2417 98 20 OTHER
518 2416 89 21 LINES.

172 2484 39 40 E,
259 2484 42 40 A,
351 2483 183 47 HART,

77 2542 106 22 TAILOR
204 2542 17 20 &
242 2540 198 22 GENTLEMEN'S
465 2538 164 22 OUTFITTER.

133 2582 257 27 ScOTI.AND-STKKKT,
412 2578 162 28 FOXBUBGH.

77 2681 214 32 ROXBURGH
301 2679 163 31 BAKERY
474 2679 22 30 &
509 2679 118 29 STORK

78 2776 180 56 Robf.
270 2775 357 66 :Sinaßton,

94 2853 142 36 BAKER,
265 2849 295 33 CONFECTIONER
585 2848 24 30 &

211 2900 283 33 STOREKEEPER,

117 2957 148 23 SCOTLAND
287 2957 113 26 STREET,
423 2955 167 21 ROXBURGH.

118 3030 74 30 K.K.
202 3030 103 30 desires
317 3033 29 25 to
360 3028 88 29 thank
461 3028 47 28 the
521 3027 92 29 inhabi-

80 3075 74 25 tants
167 3070 30 30 of
210 3070 155 38 Roxburgh
377 3068 53 30 and
443 3067 183 38 surrounding

80 3112 121 28 districts
224 3110 44 30 for
287 3110 47 28 the
357 3112 116 35 support
495 3107 133 30 accorded

77 3153 55 29 him
146 3152 28 28 in
188 3152 48 28 the
247 3154 72 36 past,
333 3150 53 28 and
400 3154 28 24 to
436 3148 102 29 inform
552 3148 76 28 them

78 3194 60 28 that
152 3193 118 38 nothing
282 3192 55 28 will
352 3192 34 28 be
399 3190 125 38 wanting
537 3200 35 18 on
586 3189 42 29 his

76 3239 62 33 part
150 3234 28 27 in
189 3234 48 28 the
249 3234 91 28 future
351 3236 29 25 to
388 3231 82 29 merit
478 3241 16 17 a
502 3230 110 29 continu-

73 3283 68 19 ance
153 3273 30 28 of
195 3273 72 28 their
280 3276 124 34 support.

101 3352 142 22 WEDDING
261 3352 62 21 AND
342 3350 152 23 BIRTHDAY
512 3349 91 22 CAKES

220 3387 82 21 MADE
320 3387 35 21 TO
369 3385 105 22 ORDER.

76 3435 123 27 SOIREES,
221 3434 112 21 PICNICS
355 3434 17 20 &
392 3432 86 21 BALLS
496 3429 132 23 CATERED

117 3472 55 21 FOR
188 3470 38 22 ON
242 3471 57 20 THE
312 3468 147 23 SHORTEST
477 3460 113 29 NOTICE.

76 3515 128 39 Nothing
216 3516 52 27 but
282 3514 46 28 the
341 3514 62 28 best
414 3510 124 31 material
553 3511 75 28 used.

75 3601 77 21 GOOD
166 3599 185 22 ASSORTMENT
360 3598 36 20 OF
407 3597 166 28 GROCERIES,
583 3597 45 23 4c,

276 3633 39 22 ON
333 3632 91 21 HAND.

174 3704 107 19 jlbeeal
302 3694 139 29 Discount
454 3702 49 19 for
526 3691 83 30 Cash.

75 3797 257 31 DISSOLUTION
361 3796 48 29 OF
436 3794 168 31 PARTNER-

301 3837 102 29 SHIP.

78 3922 164 39 JOHNS
295 3921 32 40 &
374 3919 253 43 M'COMBE,

211 3982 156 27 MILLERS
387 3982 98 26 FLAT.

105 4078 21 12 j
138 4061 91 30 AVLS
238 4061 23 29 G
273 4061 154 29 Purchased
440 4061 47 28 the
497 4060 130 29 Business

174 4102 29 28 of
228 4103 47 28 the
299 4102 59 28 firm
390 4103 29 28 of
449 4102 92 28 Johns
574 4110 53 19 and

79 4142 149 36 M'Combe,
243 4143 20 27 it
276 4143 55 27 will
353 4143 34 27 be
409 4142 82 28 taken
514 4152 66 18 over
598 4152 29 17 as

80 4182 70 29 from
166 4183 46 28 the
228 4182 63 29 loth
304 4183 64 35 inst,
385 4183 53 28 and
461 4183 53 28 will
529 4183 82 28 hence-

78 4224 119 27 forward
225 4224 34 27 be
284 4225 103 27 carried
407 4234 32 17 on
468 4224 89 28 under
581 4224 46 27 the

79 4274 81 17 name
174 4264 29 27 of

115 4304 47 28 All
197 4309 129 23 accounts
363 4305 91 38 owing
485 4308 74 25 must
593 4305 34 28 be

77 4345 101 28 settled
199 4348 28 23 at
247 4354 75 19 once.

226 4396 32 28 E.
298 4395 180 36 JOHNS,

90 4449 117 22 GROCER
221 4449 61 22 AND
299 4448 136 21 GENERAL
449 4448 164 21 MERCHANT.

273 4514 141 21 AGENCIES
422 4521 6 14 :

77 4554 177 29 Manchester
268 4553 62 30 Fire
343 4553 148 29 Insurance
506 4552 47 30 Co.

77 4595 158 27 Australian
246 4594 106 28 Mutual
362 4592 150 30 Provident
520 4592 108 37 Society

77 4664 57 53 p\
216 4664 33 39 J.
329 4661 299 45 WILLIAMS,

103 4734 200 22 HAIRDRESSER
321 4734 63 21 AND
402 4732 200 27 TOBACCONIST,

233 4773 4 29 .
270 4773 164 29 Lawrence.

114 4858 150 29 LADIES'
295 4853 297 34 HAIRCOMBINGS

158 4910 110 29 MADE
289 4908 92 30 INTO
401 4905 145 31 PLAITS.

79 4984 101 28 Orders
190 4984 37 27 bv
236 4986 61 33 po?t
306 4981 140 38 promptly
452 4979 129 30 attended
592 4983 36 26 to.

102 5047 20 35 I
247 5046 57 36 W
369 5045 20 36 I
454 5043 38 38 H
558 5043 37 37 H
621 5071 6 12 ,

75 5117 135 25 painter,
235 5115 131 26 glazier,
389 5113 93 23 paper
501 5112 127 23 hanger.

149 5153 70 21 sign
239 5150 115 21 writer
376 5149 62 21 akd
460 5148 94 21 house

263 5181 177 25 decorator,

165 5226 72 30 Ross
258 5224 99 35 Place,
377 5222 161 28 Lawrence.

112 5311 43 28 On
171 5308 63 29 Sale
247 5318 16 18 a
273 5307 77 37 large
360 5304 55 29 and
423 5303 94 29 varied
526 5306 87 25 assort-

73 5355 78 26 ment
164 5350 29 29 of
206 5348 69 36 Oils,
289 5346 105 35 Paints,
418 5344 97 35 Scrim,
539 5343 88 34 Glass,

71 5391 232 41 Paperhangicgs
325 5387 56 29 and
400 5384 135 30 Painters'
557 5383 53 29 Sun-

71 5435 84 29 dries.'

110 5474 69 29 New
186 5472 56 30 and
249 5468 173 32 fashionable
430 5466 74 29 Wall
515 5465 112 39 Papers,

74 5515 72 29 from
160 5513 37 29 5d
218 5522 50 29 per
287 5511 78 39 piece
386 5507 138 41 upwards.
567 5513 7 19 »
587 5508 27 26 at-

74 5558 76 26 terns
164 5558 61 25 sent
238 5563 36 20 on
294 5550 176 41 application,
484 5552 64 36 post
560 5546 66 30 free.

111 5595 148 29 Estimates
272 5593 83 39 given
368 5591 44 30 for
435 5588 117 31 General
574 5586 36 30 Re-

73 5636 83 37 pairs.

113 5674 163 30 Celebrated
291 5673 130 30 Lustruss
439 5671 91 35 Paint,
543 5668 84 39 ready

71 5716 101 36 mixed,
186 5716 36 30 all
237 5715 121 31 Colours.

805 134 58 23 THE
876 133 186 24 CELEBRATED

655 173 171 30 CORNISH
845 173 206 31 AMERICAN
1067 170 142 30 PIANOS

797 222 83 30 AND
905 220 163 32 ORGANS.

719 300 118 29 ESSRS
865 299 168 31 CORNISH
1055 296 24 30 &
1095 296 56 30 CO.
1164 306 47 18 are

755 341 48 30 the
816 341 65 34 only
895 341 60 29 firm
969 340 30 30 of
1012 337 90 31 actual
1115 347 77 19 manu-

660 383 132 27 facturers
806 383 29 26 of
854 382 68 38 high
945 380 85 36 grad°
1044 380 99 27 Pianos
1157 378 54 27 and

660 421 108 39 Organs
792 421 30 29 in
848 421 47 28 the
929 418 105 31 United
1062 420 91 27 {States
1185 417 28 29 of

662 462 111 29 Ameria
804 461 100 37 selling
933 459 167 37 exclusively
1126 458 87 28 direct

660 503 71 30 from
745 503 47 29 the
804 502 107 38 factory
922 504 28 25 to
961 501 46 28 the
1016 498 112 40 general
1142 498 57 39 pub

660 545 45 33 lie,
714 547 28 24 at
751 542 170 39 guaranteed
930 540 144 30 wholesale
1084 540 74 38 price
1169 539 44 28 for

660 595 16 18 a
689 583 88 39 single
790 583 176 28 instrument.
1005 580 45 29 No
1064 583 99 34 agents
1182 588 31 19 or

661 624 103 29 dealers
787 634 45 18 are
853 622 115 29 allowed
992 625 29 26 to
1041 620 102 29 handle
1165 619 48 29 the

662 665 115 31 Cornish
787 664 144 29 American
945 662 100 30 Pianos
1054 673 30 18 or
1093 661 117 38 Organs.

661 707 28 29 It
701 707 23 29 is
734 706 60 39 just
807 716 29 19 as
850 715 64 28 e»sy
927 704 44 29 for
985 703 47 30 the
1054 701 111 30 readers
1183 701 30 28 of

660 748 54 28 this
727 757 85 29 paper
825 750 28 25 to
867 746 35 28 sit
915 745 80 29 down
1020 744 55 29 and
1098 743 80 28 order
1197 752 16 17 a

661 788 84 29 Piano
759 797 31 19 or
804 786 93 39 Organ
910 785 72 29 from
996 783 135 35 America,
1145 793 30 17 as
1184 785 28 24 to

662 829 79 30 order
750 839 52 19 one
814 827 71 30 from
896 827 72 29 their
978 825 85 30 music
1074 828 82 31 store,
1165 822 47 29 the

661 870 63 37 only
738 868 147 28 difference
898 867 86 36 being
997 866 66 36 they
1075 864 55 28 will
1148 873 64 18 save

661 910 68 29 from
745 909 35 29 50
793 912 29 25 to
839 908 50 28 100
902 918 50 28 per
964 909 72 27 cent.

698 949 53 30 We
764 949 68 29 have
848 948 108 39 Organs
970 947 70 29 from
1053 947 38 28 £6
1104 949 27 25 to
1145 944 68 33 £25,

662 992 99 28 Pianos
773 991 69 27 from
857 990 57 28 £34
928 993 28 24 to
969 988 67 33 £6O,
1047 987 53 29 and
1110 997 40 17 we
1163 984 47 29 sell

661 1032 44 29 for
717 1031 64 30 cash
795 1041 32 19 or
852 1040 71 29 upon
945 1029 160 29 instalment
1124 1026 88 39 plans,

662 1077 29 25 to
705 1073 54 29 suit
782 1072 46 29 the
851 1070 183 31 convenience
1047 1069 29 29 of
1089 1068 47 30 the
1149 1077 48 29 pur-

663 1114 103 28 chaser.
806 1112 58 29 Our
893 1112 77 37 large
999 1110 53 28 and
1079 1108 135 37 complete

663 1152 143 37 catalogue
829 1151 52 29 will
907 1151 35 29 be
966 1149 154 29 forwarded
1141 1157 71 29 upon

663 1197 119 35 request.
822 1192 27 30 It
862 1192 22 28 is
898 1192 47 28 the
957 1191 82 29 finest
1048 1189 166 38 description

665 1235 28 30 of
707 1234 99 30 Pianos
819 1234 55 29 and
888 1233 108 39 Organs
1008 1231 92 31 issued
1114 1231 37 38 by
1162 1240 52 28 any

665 1277 60 27 firm
747 1276 29 27 in
799 1276 47 27 the
872 1278 125 33 country,
1009 1273 54 29 and
1078 1273 78 37 gives
1169 1271 45 28 the

664 1315 89 29 actual
766 1315 106 37 factory
885 1314 79 29 value
977 1313 29 29 of
1019 1323 82 27 every
1114 1312 86 28 instru-

664 1359 76 24 ment
753 1356 21 27 it
788 1355 146 28 describes.
957 1354 75 28 With
1048 1363 82 27 every
1143 1355 57 25 cata-

664 1396 81 37 logue
757 1395 23 28 is
794 1394 145 38 presented
954 1405 51 17 our
1017 1394 102 38 unique
1132 1392 69 29 refer-

662 1446 66 17 ence
742 1435 83 34 book,
868 1435 57 28 The
943 1434 84 31 Heart
1040 1434 29 29 of
1082 1434 47 28 the
1149 1433 49 28 Peo-

759 1474 89 28 Write
857 1476 44 26 for
910 1475 153 35 catalogue.
1084 1474 130 32 Address,

784 1524 171 30 CORNISH
976 1524 24 29 &
1025 1523 67 37 CO.,

674 1573 162 25 Washington,
851 1573 54 20 New
918 1573 91 24 Jebset,
1020 1573 59 22 U.S..
1091 1573 111 19 America.

696 1642 334 30 EXTRAORDINARY

896 1689 281 30 OPPORTUMTY.

659 1771 79 21 FROM
757 1772 58 21 THE
834 1771 131 21 FACTOIIY
986 1770 104 21 DIRECT
1103 1770 36 21 TO
1158 1770 56 21 THE

856 1798 157 22 CUSTOMER.

663 1867 89 56 OUR
768 1869 105 26 Company
888 1868 15 21 is
924 1867 72 26 selling
1009 1865 65 23 direct
1087 1868 22 18 to
1124 1865 36 21 the
1171 1874 33 14 cus-

738 1900 71 22 towr,
829 1897 48 19 thus
896 1895 108 24 procuring
1022 1895 32 19 for
1072 1894 35 20 the
1125 1894 62 20 latter
1204 1902 9 12 a

662 1926 74 26 double
761 1930 104 21 economy,
891 1922 87 26 namely,
998 1921 36 21 the
1055 1921 61 27 profit
1134 1921 21 20 of
1178 1921 36 21 the

663 1954 107 21 wholesale
780 1953 50 20 dealt
838 1961 16 14 r,
865 1952 38 20 anil
914 1951 35 20 the
960 1958 55 13 nv>re
1024 1949 139 22 considerable

662 1986 22 19 of
691 1986 35 19 the
735 1982 56 20 retail
804 1981 73 21 dealer,
889 1978 120 26 amounting
1020 1980 23 19 to
1050 1977 53 22 from
1111 1978 21 20 5s
1143 1980 22 18 to
1173 1978 41 20 £lO

662 2019 54 19 upon
731 2016 12 15 a
752 2008 64 26 single
826 2006 74 22 watch.
928 2005 67 21 Retail
1003 2006 66 20 wach
1079 2005 58 20 deal*
1138 2011 19 14 in
1175 2005 38 20 and

662 2039 108 28 jeweller?,
776 2035 80 27 usually
862 2033 72 25 Belling
940 2032 39 22 but
984 2039 12 15 a
1001 2032 39 22 few
1049 2032 87 22 watch's
1150 2032 64 27 daily,

662 2075 33 13 are
705 2065 66 23 forced
783 2066 21 18 to
815 2063 58 20 make
882 2068 25 13 an
916 2061 153 24 extraordinary
1081 2062 61 24 profit
1158 2067 48 19 upot

662 2096 47 20 each
721 2100 38 15 one
777 2091 43 21 sold
831 2091 18 20 iu
869 2090 59 19 order
948 2090 21 19 to
979 2088 72 27 defray
1062 2088 28 21 th<
1099 2088 15 20 b
1131 2095 14 17 g
1157 2095 47 14 una
1208 2088 5 10 1

662 2129 102 20 expenses.

687 2156 39 20 We
752 2152 141 23 manufacture
916 2158 22 12 as
964 2157 37 13 our
1034 2150 79 23 speei.'i
1127 2157 11 12 v
1168 2150 31 16 <>•'.

660 2184 85 22 sterling
762 2182 61 20 silver
841 2187 22 12 or
882 2178 47 27 gold
954 2177 128 21 stt'm-wiude
1094 2186 8 10 s
1128 2178 85 24 lk<>»->

661 2210 103 24 watches).

688 2246 44 21 The
744 2245 78 27 keyless
830 2243 122 22 mechanism
969 2241 22 21 of
1005 2241 88 21 watches
1110 2240 4 32 :
1116 2248 8 12 s
1138 2247 37 10 »■'••>
1194 2240 20 19 if

662 2275 35 20 the
719 2277 53 17 moot
794 2273 111 23 important
919 2270 40 20 and
975 2269 66 21 useful
1060 2270 38 17 biv.
1123 2276 14 7 •■•
1156 2276 20 10 i«
1208 2269 5 10 '

663 2302 82 21 modem
769 2300 67 21 times.
865 2297 82 21 Instead
963 2297 22 20 of
1004 2297 101 21 fum'-liug
1123 2304 17 10 '"
1159 2303 31 11 '»:»•
1199 2295 14 19 's

662 2330 83 24 pockets
756 2332 20 15 to
790 2328 39 20 find
846 2326 35 20 the
896 2325 46 25 key,
961 2325 65 20 which
1043 2324 57 20 when
1117 2323 63 21 found
1199 2323 3 31 i

661 2362 54 17 most
735 2357 74 23 always
835 2353 54 22 filled
909 2352 48 21 with
973 2352 115 21 dust—'lds
1103 2352 21 19 <f
1144 2357 63 13 c«rr««.

663 2389 18 15 hf
686 2386 34 20 ins:
728 2382 122 23 transferred
867 2385 21 16 to
898 2380 35 21 the
944 2380 64 19 watch
1021 2387 19 11 -■
1044 2387 9 9 •■
1064 2388 10 9 ••
1086 2379 35 20 ha*
1141 2379 2 27 '
1153 2384 20 14 n*
1194 2384 19 14 'o

662 2416 45 17 turn
716 2419 11 12 a
741 2410 86 21 knurled
841 2410 72 19 burton
929 2407 60 21 fitted
1000 2410 21 17 to
1032 2407 35 20 the
1084 2406 4 27 )
1098 2406 75 20 endent
1184 2407 29 20 (or

662 2440 58 25 ting),
731 2439 48 20 thus
788 2437 88 23 winding
884 2436 34 19 the
929 2435 64 20 watch
1001 2434 38 21 and
1056 2434 114 27 regulating
1179 2433 34 20 'he

661 2468 62 20 hands
733 2466 24 26 by
769 2466 33 21 th-
813 2472 54 14 smie
882 2471 74 14 means.

686 2501 43 21 Our
739 2500 89 20 watch's
837 2505 34 13 are
878 2497 130 26 everywhere
1015 2496 115 24 recognised
1148 2497 21 17 to
1189 2495 24 19 he

662 2528 34 20 the
712 2528 43 19 best
773 2527 19 20 in
804 2526 35 20 the
854 2524 87 26 mntke-t,
951 2523 118 25 surpassing
1081 2523 26 19 n'l
1118 2522 61 21 other
1186 2522 27 26 hy

660 2556 35 19 the
705 2553 97 27 precision
820 2553 21 20 of
851 2553 49 19 their
912 2554 127 18 movements
1053 2558 22 12 as
1093 2551 43 19 well
1149 2558 21 12 as
1187 2549 24 27 by

660 2583 52 20 their
722 2587 95 19 accuracy
827 2580 39 20 and
877 2580 117 22 cheapness.

685 2617 44 22 Our
738 2616 87 27 factory,
841 2615 53 20 since
910 2614 27 20 its
947 2613 120 21 foundation
1076 2613 19 20 in
1109 2612 55 27 18-52,
1176 2612 35 20 has

659 2644 95 27 acquired
763 2652 10 12 h
790 2642 124 22 weild-wide
929 2642 126 24 refutation,
1070 2640 39 20 and
1116 2640 94 20 obtained

660 2673 35 19 the
721 2671 81 23 highest
823 2670 80 20 awards
922 2669 52 21 frm
995 2669 25 19 all
1042 2669 35 19 the
1098 2668 112 25 brjortant

659 2699 137 23 Exhibitions.
826 2697 32 22 No
886 2696 64 22 walch
978 2697 68 24 hays
1073 2702 37 13 our
1134 2696 72 19 (acton

661 2728 88 21 without
771 2726 73 22 laving
863 2726 50 20 hem
932 2723 98 27 carefully
1050 2723 105 21 examined
1171 2723 40 21 and

660 2754 89 24 verified,
768 2755 48 19 thus
910 2760 38 13 ten-
958 2760 12 18 y
991 2753 31 19 for
1040 2751 48 20 imm
1102 2751 55 20 diate
1166 2758 43 14 use.

659 2783 54 20 Each
723 2790 38 11 one
769 2782 16 19 is
795 2787 36 21 pur
839 2788 28 19 up
878 2781 19 20 in
907 2787 23 13 an
941 2780 88 24 ellegant.
1043 2778 101 22 silk-lined
1159 2786 51 17 case,

658 2811 39 20 and
708 2817 59 13 accon
776 2808 73 28 punted
860 2808 24 26 by
895 2815 10 12 a
917 2810 101 23 warranty
1029 2807 31 20 for
1070 2806 57 20 three
1145 2813 64 20 years.

684 2838 44 21 The
743 2838 66 23 buyer
823 2843 47 19 may
886 2839 71 17 return
976 2841 40 14 anv
1032 2834 23 21 of
1069 2841 37 13 our
1123 2833 87 21 watches

660 2866 76 21 vvithen
745 2866 29 19 six
787 2864 83 21 months
879 2862 72 22 should
966 2863 35 20 the
1018 2862 61 21 latter
1092 2864 36 18 not
1143 2862 67 21 bffo'rd

660 2894 35 20 the
705 2897 53 17 most
768 2892 99 26 complete
874 2891 134 20 satisfaction.

685 2921 34 20 All
736 2920 80 20 articles
831 2919 44 19 sold
890 2925 36 13 are
940 2917 103 21 delivered
1053 2918 45 24 post
1109 2917 50 25 free,
1171 2917 39 20 and

658 2951 79 18 custom
754 2947 52 25 duty
823 2946 46 25 paid
888 2947 21 19 to
926 2951 40 20 any
984 2946 46 25 part
1046 2943 23 21 of
1087 2943 36 21 the
1140 2943 70 26 world,

660 2975 48 21 thus
718 2974 88 20 without
815 2974 36 20 the
865 2972 95 27 slightest
970 2971 82 22 trouble
1069 2977 23 14 or
1107 2970 103 27 formality

659 3005 22 19 to
690 3002 36 21 the
734 3002 95 20 receiver.

686 3029 120 26 Alliepairs
830 3029 74 25 during
921 3028 36 20 the
975 3028 12 20 3
996 3033 58 21 years
1071 3026 22 21 of
1101 3027 111 24 guarantee

660 3065 35 13 are
719 3057 98 21 executed
842 3055 143 26 gratuitously,
1009 3054 16 20 if
1043 3054 36 20 the
1104 3054 65 20 watch
1187 3054 25 20 be

660 3085 114 21 forwarded
785 3086 22 18 to
816 3091 38 13 our
863 3083 84 21 London
956 3083 63 20 office.

686 3113 43 21 The
735 3112 104 25 following
844 3118 33 14 are
884 3110 46 22 cash
938 3111 64 26 prices
1010 3109 88 22 without
1103 3109 108 21 discount:

1149 3147 16 21 £
1191 3152 19 16 a.

707 3179 28 22 A.
750 3178 151 25 Stem-winder,
917 3177 84 25 sterling
1015 3176 67 25 silver,
1093 3175 42 21 hall

759 3207 92 26 marked,
869 3205 91 28 jewelled
978 3205 21 21 in
1015 3205 12 19 6
1050 3205 85 24 actions,

758 3235 75 26 crystal
841 3234 59 26 glass,
909 3241 10 13 a
927 3236 70 19 strong
1003 3233 40 20 and
1050 3231 85 21 durable

758 3262 65 19 watch
860 3277 21 4 ...
983 3275 23 6 ...
1111 3275 22 5 ...
1187 3258 24 20 12

688 3306 46 21 AA.
750 3304 42 21 The
802 3310 54 14 same
866 3303 48 20 with
924 3302 74 21 double
1013 3302 61 20 silver
1089 3308 44 14 case

758 3331 106 28 (Hunter),
874 3330 99 28 elegantly
983 3329 98 27 engraved
1111 3346 21 5 ...
1185 3328 25 21 18

709 3377 25 21 B.
750 3375 52 22 Gold
822 3374 144 26 stem-winder,
988 3373 42 21 hall
1051 3372 82 21 marked

761 3407 70 21 strong
841 3403 76 26 keyltss
927 3403 74 23 action,
1010 3401 92 26 jewelled
1113 3401 19 19 in

761 3431 23 19 V?
802 3431 84 24 actions,
905 3429 48 21 with
974 3429 45 24 gold
1044 3436 22 12 or
1083 3428 49 20 steel

761 3457 130 26 hands,small
899 3456 70 23 second
978 3457 48 23 dial,
1034 3463 99 15 eneraven

761 3487 19 20 in
788 3485 19 21 l»
814 3485 72 23 nntiful
894 3486 158 24 designs,engine
1060 3485 72 20 turned

761 3522 22 10 or
792 3515 52 24 plain
853 3513 148 26 polished.with
1009 3520 124 18 monogram,

760 3542 81 21 initials,
850 3548 60 19 arms,
921 3544 39 18 etc.
987 3557 20 5 ...
1074 3539 4 28 -
1110 3556 22 4 ...
1159 3539 12 21 2
1198 3539 11 19 A

692 3588 43 21 LB.
749 3587 43 20 The
801 3593 54 13 snrne
863 3592 20 13 as
893 3586 23 22 R,
924 3584 48 21 with
982 3588 67 19 strong
1059 3584 74 21 douh'e

761 3614 44 26 gold
816 3621 51 14 case,
877 3619 24 13 an
917 3613 99 20 excellent
1030 3612 39 20 and
1086 3617 47 21 very

760 3642 81 23 elegant
851 3640 122 26 timekeeper
993 3657 13 5 ..
1110 3656 21 5 ...
1159 3638 12 23 3
1185 3638 25 21 10

709 3684 24 21 C.
748 3683 63 20 Boval
822 3682 145 24 chronograph,
980 3682 23 20 IS
1012 3682 55 19 carflt
1077 3681 53 25 trold,

760 3713 50 17 most
822 3709 90 23 superior
920 3709 18 19 k>
946 3709 51 25 y'ess
1009 3711 122 21 movement,

759 3737 21 19 rf
794 3737 35 19 the
847 3739 52 17 most
915 3737 91 19 accurate
1022 3735 97 21 workman-

759 3764 53 26 shin,
831 3763 39 21 and
888 3770 37 12 one
938 3763 21 20 of
973 3763 35 20 the
1017 3763 45 21 best
1072 3769 48 15 wear-

758 3792 93 25 resisting
862 3791 87 20 watches
985 3807 21 5 ...
1110 3807 21 5 ...
1158 3791 12 20 4
1196 3790 12 21 0

688 3836 41 21 CC.
743 3835 43 21 The
796 3841 53 13 same
860 3833 63 21 watch
939 3834 48 20 with
1004 3833 72 19 double
1093 3834 38 20 and

759 3864 56 18 extra
827 3863 69 21 strong
905 3868 51 17 case,
968 3861 22 19 IS
1008 3862 54 18 carat
1078 3861 52 25 gohl.

758 3889 119 21 ar'isticallv
918 3888 106 27 enersved,
1060 3894 72 16 ernnne

759 3916 73 22 turned
851 3924 22 12 or
891 3916 53 27 p'sin
964 3915 98 28 polished,
1083 3916 48 22 with

759 3952 134 20 monogiams,
905 3944 81 26 initials,
997 3950 31 15 etc
1110 3962 21 5 ...
1159 3945 12 20 G
1185 3945 24 20 10

709 3991 26 19 D.
752 3988 94 24 Imperial
856 3988 93 19 calendar
955 3987 145 23 chronometer,
1109 3989 24 20 18

759 4016 56 21 carat
832 4016 52 23 gold,
907 4014 106 23 indicating
1033 4015 35 20 the
1086 4015 45 23 dav.

760 4044 35 20 the
806 4043 62 22 week,
879 4042 35 21 the
926 4042 122 26 mon'h,and
1058 4042 47 22 da*e
1112 4043 22 21 of

759 4071 80 23 month,
858 4070 92 27 jewelled
969 4070 18 20 i'>
1008 4071 22 20 IS
1049 4071 82 22 ec'inns.

761 4099 48 22 with
825 4099 26 20 all
863 4098 35 21 the
907 4097 61 22 latest,
976 4098 158 27 improvements

759 4128 38 20 and
815 4126 122 25 inventions,
948 4133 37 11 rni«
1001 4125 20 21 of
1039 4127 21 20 th
1063 4134 10 9 p
1090 4126 44 20 best

759 4155 40 20 and
822 4155 54 19 most
898 4153 128 24 magnificent
1047 4155 86 19 watches

761 4180 161 25 manufactured,
938 4181 47 19 such
999 4188 63 14 asaie
1073 4189 61 13 never

759 4219 21 11 so
790 4210 47 21 dhv
849 4210 57 20 re'ail
914 4209 77 20 dealers
1001 4209 31 21 for
1037 4210 40 21 less
1083 4210 50 21 than

759 4238 40 22 £25
827 4233 3 27 '
862 4254 21 4 ...
987 4253 22 4 ...
1112 4254 21 5 ..
1148 4238 24 19 10
1197 4237 13 20 0

684 4287 33 21 All
726 4293 37 13 our
771 4284 88 21 watches
867 4291 32 12 are
906 4283 153 23 manufactured
1067 4284 18 20 in
1093 4285 12 20 2
1112 4284 98 21 different

658 4316 57 21 sizes.
726 4315 54 19 hirL'e
790 4313 38 19 -*nd
839 4311 57 21 ureal'
957 4312 113 24 gentlemen
1079 4313 38 20 and
1130 4313 80 23 ladies.)

658 4343 86 20 without
757 4341 109 19 difference
874 4339 21 20 of
907 4339 60 25 p'ice.

685 4370 39 18 Ohl
736 4367 94 25 watches,
842 4367 32 19 o'd
886 4367 45 23 go'il
942 4367 38 18 »nd
991 4367 60 18 si'ver
1062 4367 38 19 wpl
1112 4367 24 19 he
1148 4367 60 19 taken

658 4397 20 20 in
689 4396 98 27 payment
797 4397 21 16 at
836 4394 34 20 the
889 4393 79 26 highest
1063 4393 16 20 if
1098 4393 111 21 fciwarded

658 4424 26 25 by
695 4423 64 24 paicd
771 4424 45 23 post
827 4423 21 17 to
858 4428 37 13 our
905 4421 87 21 address.

685 4451 138 20 Kemitfrarioes
839 4456 46 19 may
903 4449 25 19 be
948 4449 58 19 made
1025 4448 65 20 either
1105 4448 26 25 by
1142 4448 68 20 Postal

658 4478 73 26 Order,
742 4477 37 21 Chi
785 4484 47 19 que,
844 4477 57 20 Hank
914 4476 61 21 No'es
985 4476 91 26 (postage
1093 4479 77 21 s'amps
1179 4476 32 20 for

658 4505 59 21 small
731 4506 103 24 amounts)
850 4505 22 19 of
890 4511 40 20 any
950 4509 93 23 country,
1059 4504 21 20 in
1100 4503 110 27 registeied

658 4533 69 25 letter,

683 4560 22 20 Tt
726 4560 17 19 is
761 4566 38 13 our
816 4558 39 21 aim
867 4560 22 19 to
909 4558 43 24 give
971 4558 35 20 th<>
1028 4558 79 20 u'mest,
1123 4556 87 27 possible

658 4586 126 21 satisfaction
804 4587 21 19 to
843 4593 37 13 our
895 4586 80 25 c'i°nts,
992 4585 94 22 knowing
1103 4584 42 21 this
1156 4588 20 16 to
1187 4585 23 17 be

658 4614 36 20 the
700 4614 45 19 best
754 4613 158 21 advertisement
928 4613 32 20 for
972 4619 37 15 our
1020 4611 102 29 products,
1135 4612 37 20 and
1183 4611 27 21 all

660 4641 44 20 who
711 4641 51 20 have
782 4647 48 14 once
849 4641 82 21 entered
943 4642 44 21 into
1006 4640 92 20 business
1114 4639 97 21 relations

660 4668 48 21 with
715 4676 24 13 us
746 4668 67 26 gladly
823 4670 126 20 recommend
961 4677 23 15 us
994 4672 22 19 to
1026 4668 53 21 their
1086 4668 33 21 frn
1126 4667 37 21 nds
1171 4667 39 21 and

659 4696 159 25 acquaintances.

683 4727 90 21 Address
781 4727 31 21 for
821 4727 70 23 letters
901 4729 39 21 and
953 4729 69 21 orders
1032 4727 4 23 :

684 4769 110 40 Morse
818 4770 273 52 Manufacturing
1117 4770 69 51 Co,,

782 4821 19 26 7,
820 4822 56 21 RED
895 4823 68 21 LION
980 4823 94 21 COURT

848 4857 101 25 London,
969 4858 49 22 E.C.

683 4922 128 23 (&y-Wnnted
836 4925 21 19 at
879 4932 56 19 once,
959 4926 19 20 in
997 4933 61 19 every
1072 4926 92 27 locality,
1183 4932 24 14 sn

659 4950 115 25 intelligent
794 4957 71 19 person
886 4955 21 17 to
921 4955 31 17 act
967 4960 21 13 as
1014 4960 37 14 our
1175 4954 34 20 No

660 4977 73 26 special
764 4977 117 28 knowledge
916 4981 99 26 required,
1048 4983 39 20 and
1121 4983 87 19 without

659 5004 119 22 interfering
799 5006 49 20 with
863 5011 81 21 present
966 5011 126 24 occupation.
1121 5010 88 25 Highest

659 5031 66 27 salary
744 5032 39 20 and
804 5033 132 23 commission.
964 5037 32 19 An
1015 5037 101 20 excellent
1136 5044 60 19 oppor-

669 5058 60 26 unity
742 5058 32 20 for
787 5065 12 14 a
813 5059 82 27 3apabb»
904 5067 66 20 voung
982 5069 45 14 man
1038 5070 22 14 or
1070 5063 56 23 lady.

659 5117 206 54 yiCTORIA
883 5119 142 33 LIVERY
1040 5123 168 30 STABLES

745 5185 71 21 PEEL
829 5186 109 28 STREET,
954 5189 166 24 LAWRENCE.

660 5253 35 43 T,
724 5254 118 52 Dwyer
888 5268 7 30 :
942 5268 7 31 :
1004 5259 202 53 Proprietor.

696 5341 59 29 The
767 5352 66 28 very
846 5342 61 30 best
921 5343 128 41 Stabling;
1065 5347 143 38 provided,

658 5382 66 29 with
739 5393 15 17 a
769 5381 98 30 Groom
881 5384 99 39 always
994 5387 28 27 in
1035 5388 173 28 attendance.

658 5475 26 28 A
707 5474 158 30 Handsome
890 5477 54 28 and
971 5478 237 39 Well-appointed

756 5536 153 37 Hearse
932 5549 52 25 on
1013 5541 101 36 Hire.

697 5630 158 30 First-class
888 5630 92 37 Single
1013 5634 53 28 and
1100 5633 109 29 Double

659 5671 141 39 Buggies;
820 5670 66 30 also.
900 5670 176 33 Ladies'and
1096 5674 96 29 Gentle-

658 5712 88 35 men's
759 5710 103 31 Saddle
874 5710 111 37 IJorses.

1405 313 225 40 ROXBURGH,

1269 384 59 29 Has
1342 395 62 18 now
1418 386 114 38 Opened
1549 388 41 28 his
1604 388 91 37 Large
1708 389 56 28 and

1350 438 104 30 Varied
1468 440 177 29 Assortment
1655 440 29 30 of

1244 508 298 56 WINTER

1514 598 278 59 GOODS!

1373 697 61 38 (per
1459 696 62 29 S.S.
1549 696 119 37 Gothic.)

1273 776 226 29 BLANKETS!
1540 776 223 28 BLANKETS!

1278 827 206 31 White—from
1500 829 31 29 9s
1547 828 52 30 lid
1614 839 50 27 per
1676 828 61 38 pair

1279 868 245 29 Coloured—from
1541 870 31 27 9s
1593 869 51 27 lid
1658 878 49 28 per
1720 868 59 37 pair

1361 956 122 31 RUGS!
1560 957 102 30 RUGS
1679 957 6 30 !

1318 1009 112 40 Striped
1493 1011 71 28 from
1600 1011 32 28 4s
1661 1011 62 29 lid.

1366 1092 113 30 WOOL
1513 1091 172 31 SHAWLS.

1335 1145 26 28 A
1399 1144 91 38 Large
1524 1145 187 29 Assortment.

1291 1240 237 40 WINTER
1582 1240 171 40 DRESS

1417 1302 213 39 STUFFS

1506 1359 29 19 IN

1311 1400 154 37 SERGES,
1494 1400 241 37 CORDUROYS,

1394 1453 170 34 TWEEDS,
1590 1452 60 36 &c,

1301 1504 81 28 From
1400 1505 48 28 10s
1464 1504 34 28 6d
1512 1503 46 28 the
1573 1503 61 28 Full
1648 1503 93 28 Dress.

1332 1585 134 38 Splendid
1491 1587 167 26 assortment
1683 1583 29 29 of

1376 1637 89 30 NEW
1491 1636 170 31 JACKETS

1412 1686 71 27 from
1515 1686 44 27 IGs
1586 1684 44 28 Gd.

1291 1780 78 40 New
1411 1777 174 49 Millinery,
1618 1776 136 49 Gloves,

1396 1835 156 51 Ribbons,
1591 1833 63 43 &c,

1343 1931 103 31 LONG
1484 1930 77 31 FUR
1600 1929 98 31 BOAS

1423 1973 68 28 from
1519 1974 31 27 4s
1577 1972 45 28 6d.

1337 2058 19 24 A
1385 2054 74 37 large
1486 2056 166 25 assortment
1673 2053 29 27 of

1281 2115 23 28 M
1327 2114 106 28 ;;N'S
1488 2110 271 33 CLOTHING.

1386 2195 86 27 L.i'.-t
1505 2195 92 35 Styles
1624 2195 26 26 ill

1322 2243 20 27 II
1358 2242 68 34 \T-,
1459 2241 182 37 SCAUVES,
1670 2241 49 33 &c.

1283 2330 113 30 MfcN'S
1417 2331 138 28 TWKKD
1579 2331 111 30 SUIJ'S
1711 2331 48 30 TO

1244 2380 78 35 65s
1451 2377 129 30 ORJ>I<R
1651 2377 3 41 .
1693 2409 10 9 r
1714 2380 80 35 6ss

1291 2463 116 31 MENS'
1434 2475 55 19 and
1515 2465 98 30 BOYS
1650 2465 96 30 CAPS

1241 2514 25 27 in
1292 2514 108 27 endless
1422 2514 213 35 variety—from
1661 2515 34 27 Gd
1719 2515 75 28 each.

1287 2593 23 29 A
1325 2592 78 40 large
1417 2594 53 28 and
1484 2594 122 28 assorted
1624 2594 78 29 stock
1717 2594 29 29 of

1340 2646 119 28 BOOTS
1484 2655 55 19 and
1567 2646 131 28 snots.

1249 2759 85 56 W.
1357 2760 58 55 T.
1439 2759 357 67 TALBOYS,

1378 2850 286 33 ROXBURGH.

1308 3013 421 44 BERNSTONE,

1290 3091 77 29 THE
1587 3090 145 30 TAILOR

1388 3150 94 35 (From
1510 3150 152 38 Dunedin),

1429 3228 34 29 jL
1480 3228 65 29 visit
1559 3227 165 39 Roxburgh,

1437 3269 106 26 Millers
1574 3268 71 34 Flat,
1671 3267 54 27 and

1315 3307 189 39 surrounding
1540 3307 122 30 districts
1695 3311 28 24 *t

1313 3349 111 39 regular
1435 3349 141 36 intervals,

1450 3405 78 28 when
1544 3405 34 27 lie

1328 3472 102 30 WILL
1445 3471 104 31 TAKE
1565 3469 149 33 ORDERS

1316 3537 28 24 to
1369 3534 55 27 suit
1439 3533 45 28 the
1498 3532 183 30 convenience
1695 3532 29 28 «>f

1390 3580 47 30 the
1455 3580 67 30 local
1545 3580 103 32 public

1361 3676 129 30 Charges
1514 3676 162 29 Moderate.

1317 3770 75 28 Suits
1402 3770 69 28 from
1483 3770 38 29 £3
1533 3781 43 23 o*;
1592 3768 131 30 Trousers

1445 3817 70 28 from
1534 3818 6 25 1
1550 3820 39 24 <)*.

1314 3909 45 30 Fie
1373 3908 174 31 Gunrpnteed
1568 3920 31 17 or
1618 3908 104 40 Money

1239 4097 68 51 C«
1359 4095 435 60 TownsJiencl,

1278 4177 269 40 MOBNJKGTON,
1568 4178 190 32 DUNEDIN.

1377 4273 55 21 FOR
1460 4273 197 29 RHKUMATISSf,

1239 4322 283 31 TOWNSHKND'S
1563 4323 21 28 H
1594 4321 201 31 FIEUMATIC

1424 4369 193 27 LINIMENT

1241 4417 20 25 is
1276 4425 12 17 a
1303 4425 57 17 cure
1374 4416 36 25 for
1425 4414 78 28 which
1520 4415 28 25 he
1570 4414 41 26 has
1632 4412 24 35 111
1661 4425 10 11 *-•
1696 4412 98 35 Injrhpst

1299 4452 174 31 testimonials,
1486 4451 46 27 and
1550 4451 77 27 which
1644 4452 43 25 has
1701 4457 43 19 not

1420 4489 59 27 been
1495 4489 115 26 excelled.

1305 4568 77 27 THE
1403 4565 184 30 PARAGON
1608 4565 123 29 SALVK

1274 4626 56 17 now
1344 4626 13 17 a
1376 4616 160 27 well-known
1558 4615 106 36 specific,
1684 4614 47 28 and
1752 4614 42 27 has

1310 4656 90 35 proved
1415 4664 30 18 an
1467 4654 111 28 absolute
1597 4661 75 22 CUHE
1691 4653 36 27 for

1244 4701 94 29 Ulcers,
1361 4700 89 27 Boms.
1472 4701 93 28 Scalds,
1587 4703 68 29 Open
1671 4698 122 28 Wounds,

1301 4737 121 26 Poisoned
1437 4736 72 27 Floh
1526 4737 46 25 and
1588 4737 30 26 all
1634 4736 72 26 kinds
1719 4737 24 25 of

1479 4774 78 26 Sores.

1368 4859 294 30 TESTIMONIALS.

1265 4916 16 21 A
1303 4915 98 21 Resident
1423 4914 21 20 of
1464 4914 31 22 St.
1515 4915 89 20 Rathans

1243 4943 110 26 purchased
1364 4950 11 12 a
1387 4942 37 20 box
1439 4941 22 22 of
1470 4949 50 14 your
1530 4943 114 26 Ointment,
1655 4942 38 21 Mid
1704 4941 17 21 it
1730 4941 61 21 cured

1241 4978 24 15 an
1276 4977 50 20 open
1337 4977 43 14 sore
1388 4969 51 21 from
1448 4969 63 21 which
1519 4977 33 14 mv
1559 4970 68 21 father
1634 4977 38 14 whs
1681 4969 110 24 mvffering;

1240 5000 19 20 in
1270 5000 49 23 f;ict,
1330 4998 17 21 it
1360 5005 40 12 was
1414 4998 35 19 the
1462 4997 45 20 best
1517 4998 107 21 Ointment
1641 5005 29 12 we
1680 4998 51 20 have
1745 5004 47 13 ever

1239 5027 47 20 hiid.
1314 5026 21 20 If
1343 5031 39 20 you
1401 5025 50 20 have
1466 5032 40 19 any
1521 5032 55 13 more
1592 5026 108 19 Ointment
1715 5024 41 20 like
1766 5024 23 24 it,

1237 5054 67 25 please
1313 5052 50 20 send

1265 5088 91 25 Writing
1366 5087 52 20 from
1434 5087 35 19 the
1484 5085 68 23 North
1563 5087 48 20 East
1622 5086 82 27 Wlev,
1714 5092 12 14 a
1735 5084 56 26 Lady

1349 5114 61 27 Bring
1420 5122 32 14 me
1462 5122 12 14 a
1483 5113 73 28 supply
1567 5114 22 22 of
1595 5121 8 17 s
1608 5122 38 14 our
1652 5114 108 22 Ointment
1764 5118 25 15 on

1239 5151 52 20 your
1309 5146 50 19 next
1374 5143 54 26 visit,
1446 5150 21 13 as
1483 5150 29 14 we
1526 5143 92 21 consider
1633 5144 17 20 it
1661 5140 130 24 iuvaluable.'

1263 5179 89 20 Tnomas
1373 5177 92 27 Moffatt,
1490 5177 22 20 of
1542 5176 89 28 Mosgiel,

1241 5207 52 21 have
1303 5205 49 22 used
1363 5212 51 19 your
1424 5204 122 22 Rheumatic
1556 5205 104 21 Liniment
1672 5204 66 21 twice,
1752 5202 39 21 and

1240 5236 52 20 have
1302 5234 81 26 already
1394 5233 90 21 received
1497 5233 33 21 the
1546 5237 89 22 greatest
1649 5232 76 21 benefit
1739 5231 51 20 from

1237 5265 24 20 it.
1288 5262 55 22 Send
1352 5268 56 14 more

1275 5310 96 27 Dozens
1395 5309 27 26 of
1444 5310 70 25 other
1535 5307 173 27 Testimonials
1731 5307 61 25 have

1239 5348 50 27 also
1303 5348 60 26 been
1377 5347 111 27 received
1510 5347 32 36 by
1565 5346 42 27 the
1625 5343 166 36 undersigned

1237 5387 68 36 quire
1319 5385 154 27 unsolicited.

1357 5472 65 26 Send
1436 5480 64 27 your
1512 5470 92 27 Orders
1617 5473 61 23 to—

1295 5523 31 30 C.
1382 5520 354 35 TOWNSHEND,

1552 5581 81 21 DUNE
1637 5579 51 22 PIN'

1295 5633 86 28 OZIE
1401 5633 84 27 TEA.
1525 5632 65 27 This
1617 5628 88 30 brand
1731 5629 23 26 is
1776 5636 20 30 a;

1286 5681 5 4 •
1316 5675 150 36 guarantee
1474 5672 29 29 of
1511 5672 92 39 purity
1611 5670 55 28 and
1676 5667 113 45 quality.

1236 5713 56 40 Try
1305 5713 47 30 the
1365 5714 50 36 2s;
1436 5713 46 30 'tis
1496 5712 100 40 superb
1610 5711 5 29 !

1935 129 163 30 SPECIAL
2116 126 152 31 NOTICE.

1826 230 46 20 ■*■*
1909 233 124 36 thanking
2051 234 39 27 his
2112 241 74 22 many
2208 230 94 28 friends
2327 226 48 28 and

1825 270 41 25 the
1879 270 82 34 public
1975 271 124 36 generally
2114 270 111 27 between
2240 268 135 25 Lawrence

1824 306 48 27 and
1887 307 59 27 Coal
1961 308 78 27 Creek
2053 309 37 27 for
2100 312 55 31 past
2166 306 106 29 favours,
2283 302 91 26 desires

1825 350 24 20 to
1863 353 129 20 announce
2006 346 52 28 that
2072 345 37 28 for
2121 353 67 20 some
2203 342 59 27 time
2275 345 25 22 at
2314 339 61 26 least

1825 381 29 26 he
1868 382 49 26 will
1932 390 42 19 not
1987 384 60 26 visit
2057 385 41 25 the
2108 382 96 26 district
2215 375 158 37 periodically

1824 428 26 16 as
1861 418 142 28 hpretofore.
2043 421 40 26 He
2093 421 28 31 is,
2133 419 120 26 however,
2265 414 94 26 increas-

1824 456 45 33 ing
1883 456 38 27 his
1935 457 111 28 facilities
2069 460 37 25 tor
2130 454 132 33 attending
2285 458 24 19 to
2332 451 42 25 the

1825 501 79 19 wants
1918 494 27 25 of
1954 503 104 19 coumrv
2071 501 144 21 customers,
2227 489 48 27 and
2290 487 83 27 orders

1825 531 138 35 personally
1994 543 27 16 or
2051 533 31 27 hv
2113 537 55 30 post
2196 527 49 27 will
2281 526 94 28 receive

1824 576 99 28 prompt
1937 568 47 27 and
1997 569 92 27 careful
2107 567 129 28 attention.

2064 617 98 29 R9BT.
2182 612 123 30 M'K*Y,

2022 656 64 27 Rns«
2100 656 82 27 Plricp.
2197 653 138 26 Lawnw.
