4170 5799
1625 32 198 40 MOUNT
1905 36 234 43 BBHGEEB
2225 38 155 40 MAIL.

3496 32 169 51 Friday,
3688 30 101 51 July
3813 30 37 45 X
3870 30 116 40 1897.

3541 5541 83 21 Printed
3638 5541 39 21 and
3694 5541 109 21 Published
3824 5546 26 22 by
3870 5541 102 21 William
3987 5542 107 21 Pannell

3595 5574 126 23 Matthews
3731 5575 32 20 for
3772 5575 35 20 the
3817 5574 130 27 proprietors,
3958 5575 80 20 Dunne
4047 5580 47 16 and

3596 5610 132 26 Matthews,
3750 5612 22 18 at
3793 5609 54 21 tlieir
3864 5609 118 26 .Registered
4000 5609 94 28 Printing

3596 5645 70 21 Offcp.
3687 5645 94 21 Scotland
3791 5645 71 26 street,
3881 5643 119 27 Roxburgh,
4019 5646 67 26 Oiagc

3591 5680 50 22 New
3650 5680 16 21 Z
3671 5680 27 21 :A
3703 5680 36 21 tad
3748 5680 99 27 -F.Uay,
3864 5680 52 26 July
3929 5678 20 29 2,
3957 5665 55 47 Hfoj.

64 155 86 52 King
170 154 113 42 Dick's
308 151 99 50 Royal
429 149 179 51 Progress,

94 264 41 20 AX
145 263 114 21 EPISTLE
267 262 34 20 TO
311 260 72 22 JOCK
393 256 176 23 MACKENZIE.

57 337 92 21 Sfecial
155 336 71 22 Cable
232 339 27 17 to
264 339 42 17 the
336 334 125 19 Auckland

57 409 61 26 Well,
129 408 59 25 Jock,
197 407 38 21 I'm
244 406 48 20 here
303 405 19 20 in
333 402 110 27 Hingland,
456 402 36 21 the
507 402 50 20 dear
573 402 34 20 old

106 436 69 21 native
184 434 54 25 land,

200 463 48 19 with
259 460 36 22 the
304 459 54 21 lords
367 458 40 20 and
416 457 123 25 dooks.and
546 457 61 26 doing

106 492 21 19 of
137 491 35 20 the
181 489 75 24 crawl;

57 519 38 22 I'm
105 523 21 16 at
136 518 34 21 the
185 518 61 21 Hotel
257 515 61 26 Cecil,
330 522 12 14 a
357 520 49 20 very
419 513 87 21 swellish
523 515 44 19 sort
584 513 21 21 of

108 546 47 26 r>uh,

55 575 25 20 In
94 577 53 17 most
156 572 105 21 luxuriant
269 571 85 26 diggins,
363 569 49 21 with
422 569 35 21 the
473 569 44 20 tree
534 576 38 13 run
584 569 21 19 of

106 600 35 21 the
155 599 63 26 grub;

54 628 83 21 There's
149 626 66 22 turtle
228 633 50 19 soup
292 625 41 21 and
348 624 93 26 venison,
455 622 41 22 and
514 624 48 25 pate
581 623 26 21 de

105 654 40 22 foie
155 661 44 19 gras

56 683 48 20 And
115 682 71 21 tucker
195 681 50 21 with
261 680 48 21 such
320 679 79 26 foreiga
416 685 69 14 names
503 678 48 20 that
566 685 41 18 you

106 710 56 20 don't
172 709 61 22 know
246 708 67 21 where
322 714 40 20 you
372 713 41 14 are.

57 738 78 20 You've
144 739 35 23 got
187 738 23 19 to
219 736 55 24 parle
283 736 60 25 frong
356 742 13 13 a
379 735 37 25 bit,
430 732 40 21 and
484 732 57 21 mind
556 739 52 20 your

106 764 103 27 blooming
216 765 56 25 stops

56 793 67 20 When
133 792 70 27 you're
212 792 70 26 diniDg
290 791 21 21 in
320 790 36 21 the
366 796 100 20 company
480 788 23 21 of
518 788 90 26 howling

107 820 77 20 British
194 819 56 26 toffs,

55 847 49 22 And
115 854 39 18 you
165 847 45 25 give
219 852 56 20 away
285 845 35 21 the
331 844 103 26 blooming
448 843 57 21 show
522 842 17 21 if
555 849 53 19 your

107 870 112 31 liaspirates
228 880 40 21 you
276 873 70 26 drops.

57 935 50 20 Was
123 935 8 19 1
144 941 33 14 sea
195 934 41 21 sick
243 934 10 21 ?
277 934 34 21 No
323 933 49 22 fear,
390 931 62 26 cocky
462 931 6 21 I
494 930 87 26 Though
598 929 10 20 I

108 962 40 19 felt
156 968 12 13 a
177 961 54 20 little
237 967 69 20 queer,

58 988 43 22 But
116 988 36 21 the
170 988 73 21 missus
260 986 90 23 suffered
367 984 94 23 dreajful
475 983 53 23 from
547 983 62 22 the—

109 1016 59 21 ahem
177 1016 5 21 !
188 1016 62 21 —mal
260 1016 25 21 de
292 1022 66 18 meer;

59 1044 70 21 That's
137 1043 88 27 French,
243 1043 34 21 old
287 1042 57 27 pard,
358 1042 33 21 for
403 1047 34 15 sea
455 1039 86 22 sick-it
555 1044 57 16 must

110 1071 62 27 fairly
179 1071 24 21 be
213 1070 86 22 allowed

55 1099 59 21 •That
128 1098 38 22 I'm
176 1099 81 27 picking
264 1105 28 21 up
302 1098 36 21 the
344 1098 84 28 phrases
444 1095 20 22 of
474 1094 35 22 the
519 1094 79 21 fashion-

109 1127 46 21 able
159 1126 74 22 crowd.
573 1132 11 14 «

61 1154 47 21 You
125 1154 36 21 bet
176 1152 43 23 I've
236 1155 37 19 not
290 1153 51 21 been
358 1152 47 22 idle.
433 1150 67 22 When
518 1150 12 23 I
547 1150 36 26 got
601 1156 12 13 a

112 1181 74 22 chance
195 1181 79 26 ashore,

62 1210 13 21 I
83 1210 101 25 annexed,
197 1209 27 26 by
238 1215 44 20 way
290 1207 23 22 of
327 1207 88 28 pastime
428 1206 28 22 all
470 1206 36 21 the
516 1204 66 22 island
591 1204 22 21 of

113 1237 87 26 Samoa;

62 1265 23 22 Jt
94 1265 40 20 will
141 1265 25 21 be
175 1272 12 14 a
195 1263 94 29 splendid
298 1264 89 27 present,
402 1261 40 23 and
450 1260 138 29 appropriate,
598 1259 11 21 I

113 1299 64 19 ween,

62 1320 75 21 Wbicti
144 1320 12 21 I
169 1319 52 21 shall
228 1320 83 25 present
319 1319 22 21 in
350 1325 72 20 person
432 1320 22 18 to
468 1317 44 21 Her
523 1315 89 26 Majesty

115 1347 33 20 th-i
158 1347 84 26 Queen;

63 1374 12 21 Z
87 1373 51 20 shall
146 1373 59 21 stand
218 1380 26 13 no
261 1372 122 27 interlopers
397 1372 22 20 in
436 1369 51 22 such
502 1370 71 25 things
592 1371 22 18 to

112 1400 112 21 intervene.

62 1458 68 21 When
141 1458 10 21 I
160 1457 80 22 arrived
257 1458 22 20 at
289 1455 141 27 Washington,
446 1454 50 27 they
516 1454 28 21 all
563 1453 47 21 took

111 1486 31 20 off
151 1486 102 24 their'ats,

62 1513 47 20 And
125 1513 10 20 I
144 1512 59 21 made
216 1519 13 13 a
246 1512 34 26 big
296 1510 119 26 impression
433 1516 27 14 on
475 1509 37 20 the
526 1508 84 21 Yankee

111 1540 125 25 democrats;

61 1567 48 23 And
118 1567 37 21 the
161 1568 90 20 senators
257 1566 50 26 they
318 1564 63 23 asked
390 1571 33 15 me
435 1564 17 22 if
464 1564 32 21 I'd
506 1569 40 21 any
561 1562 50 22 time

110 1596 22 20 to
142 1601 66 20 spare,

59 1622 21 22 If
89 1629 12 14 a
109 1629 86 20 vacancy
208 1621 74 23 should
293 1621 81 28 happen
392 1620 22 22 in
428 1620 36 22 the
476 1618 133 23 Presidential

109 1651 63 26 chair,

59 1679 30 21 To
97 1682 39 23 put
144 1686 30 19 up
182 1679 32 20 for
223 1678 36 21 the
268 1678 64 25 office,
346 1677 31 21 for
385 1676 50 25 they
446 1677 55 19 want
510 1681 12 13 a
531 1681 48 13 man
588 1673 22 21 of

108 1707 43 26 grit

54 1734 35 21 To
97 1741 47 13 save
156 1733 37 22 the
201 1733 103 26 blooming
323 1733 87 25 country
425 1730 41 22 and
476 1731 23 20 to
506 1735 58 15 ronse
571 1728 38 21 'em

109 1768 29 20 np
146 1768 12 14 a
170 1761 40 22 bit.

54 1788 70 21 -These
139 1789 84 21 Yankee
246 1787 123 29 politicians,
384 1787 51 26 they
455 1791 46 20 may
516 1784 61 22 know
598 1790 12 14 a

110 1817 59 25 thing
177 1823 23 14 or
209 1818 49 24 two,

60 1844 44 22 But
118 1844 51 28 they
184 1846 75 19 cannot
273 1844 47 21 boss
330 1849 12 15 a
355 1843 88 25 country
451 1840 42 23 like
502 1839 49 22 such
563 1847 46 14 men

109 1879 23 14 as
140 1879 33 15 me
186 1872 40 21 and
235 1878 49 20 yon,

60 1900 49 21 And
119 1900 11 21 I
144 1906 59 20 guess
218 1899 59 21 we're
290 1899 45 27 jut
350 1897 36 22 the
400 1899 111 20 statesmen
525 1903 23 14 as
560 1895 50 27 they

111 1929 56 19 want
176 1929 22 19 to
207 1926 45 28 pull
259 1926 40 21 'em
312 1925 98 27 through.

59 1986 43 22 Did
108 1987 11 20 I
133 1993 34 14 see
175 1985 37 22 the
220 1985 73 27 Rocky
303 1984 119 22 Mountains
430 1985 9 21 ?
462 1983 48 26 Yes,
525 1982 11 22 I
551 1983 60 21 know

111 2014 38 21 'em
158 2013 42 22 like
207 2020 12 14 a
226 2013 59 25 book.

59 2042 43 21 But
112 2042 11 21 I
132 2048 60 18 guess
201 2041 51 27 they
260 2039 51 23 ain't
324 2048 12 14 a
345 2040 146 22 circumstance
503 2046 107 20 compare

111 2069 51 21 with
172 2075 38 14 our
220 2069 75 20 Monnt
304 2068 69 25 Cook;

57 2096 54 21 New
121 2095 75 22 York's
204 2103 13 14 a
227 2096 78 26 biggish
314 2096 51 26 eity,
373 2095 41 21 and
430 2095 27 21 its
471 2100 51 21 very
530 2093 46 22 nice
591 2095 22 19 to

59 2152 43 21 But
110 2152 18 20 it
139 2151 75 21 cannot
223 2150 59 22 boast
290 2150 49 21 such
348 2149 104 28 buildings
461 2156 22 15 as
498 2149 63 22 we've
578 2150 36 25 got

109 2185 27 15 on
145 2178 101 21 Lambtob
257 2178 66 28 Quay.

59 2206 43 21 The
111 2206 82 27 Capitol
202 2208 23 19 at
237 2206 133 26 Washington
380 2206 10 21 ?
414 2204 22 22 It
450 2207 72 18 makes
534 2211 12 14 a
563 2210 49 20 very

109 2234 41 20 fine
156 2232 83 27 parade,

59 2261 43 21 But
111 2261 11 20 I
130 2260 61 21 think
198 2267 38 14 onr
246 2260 110 21 Gur'mect
365 2258 110 28 Buildings
490 2258 68 23 would
574 2261 38 24 put

111 2288 16 20 it
137 2288 21 21 in
170 2288 36 21 the
214 2288 71 21 shade.

59 2315 43 22 The
115 2314 73 22 White
202 2314 85 23 House?
312 2313 65 29 Well,
395 2313 35 23 its
445 2313 82 28 stylish,
544 2313 41 22 and
600 2321 12 14 a

109 2350 50 19 very
167 2343 45 21 nice
221 2342 70 24 abode,

61 2371 39 20 Yet
111 2373 16 18 tt
136 2371 74 21 cannot
224 2370 61 20 touch
295 2369 36 21 the
347 2369 111 21 Residence
475 2369 22 22 in
515 2368 97 22 Tinakori

109 2398 72 27 Bond;

59 2426 43 20 But
111 2432 39 19 you
157 2427 74 19 cannot
236 2424 40 22 liek
294 2425 55 20 their
359 2425 104 24 cocktails,
483 2425 40 21 and
543 2423 54 21 Lord
607 2423 4 28 !

110 2452 46 20 how
164 2452 36 20 the
206 2451 124 26 champagne
340 2452 70 22 flowed
414 2452 11 23 j

59 2502 49 24 And
122 2501 58 23 when
189 2509 30 14 we
227 2503 36 26 got
277 2503 24 21 to
308 2501 115 29 Liverpool,
444 2501 41 23 and
494 2500 75 24 landed
586 2508 26 15 on

111 2531 36 21 the
155 2530 66 27 shore,

56 2557 48 21 The
122 2558 70 26 Mayor
200 2556 40 22 and
247 2557 44 26 eity
308 2556 104 22 alderman
430 2556 51 27 they
490 2556 78 24 booted
589 2563 24 14 us

111 2592 28 20 up
149 2592 47 14 once
205 2592 68 19 more.;

61 2613 48 21 And
128 2615 58 24 next,
202 2615 23 19 at
238 2613 89 26 Euston,
343 2611 77 23 station
438 2611 50 26 they
497 2618 50 21 gave
565 2618 25 16 ni
601 2618 12 14 a

111 2641 113 24 surprise—

58 2668 68 21 Three
140 2667 63 27 Royal
220 2667 97 24 carriages
402 2666 97 23 there—l
517 2667 92 21 couM'nt

111 2695 71 22 b'lieve
191 2695 99 27 myeyesl

60 2723 37 23 All
123 2723 67 21 ablaze
213 2723 50 22 with
280 2722 47 28 gold
342 2721 41 23 and
398 2721 62 26 satin,
480 2721 40 23 and
545 2721 66 28 lovely

110 2752 82 25 fil'gree,

59 2778 49 22 And
127 2778 36 21 the
177 2778 94 25 flunkeys
285 2778 20 20 in
320 2778 55 21 their
389 2784 100 20 gorgeous
503 2778 50 25 -logs
562 2777 50 22 took

110 2806 30 20 eff
149 2805 53 21 their
210 2805 40 21 'ats
263 2807 22 19 to
295 2812 38 15 me.

56 2834 46 20 The
117 2832 48 22 took
181 2839 34 14 me
230 2833 32 21 for
278 2840 14 13 a
304 2832 105 26 blooming
425 2831 57 27 king,
501 2839 13 14 a
533 2831 79 27 foreign

110 2862 114 24 potentate,

58 2886 51 21 Just
119 2886 72 21 landed
208 2886 55 20 from
270 2886 36 21 the
314 2885 118 26 Oontinong
445 2884 41 21 and
502 2884 111 26 travelling

111 2914 20 21 in
142 2916 54 19 state
205 2920 7 18 ;

57 2940 61 28 They
135 2940 91 23 conld'nt
240 2940 88 23 mistake
353 2947 37 20 my
405 2940 62 26 style,
484 2947 43 19 yon
544 2939 69 27 know,

110 2968 32 19 for
150 2968 18 20 it
176 2974 41 15 was
225 2973 29 21 np
263 2967 23 20 to
294 2968 55 21 dale..

59 3017 46 22 The
121 3016 100 28 notables,
240 3016 49 27 they
303 3024 57 14 came
377 3017 22 22 in
415 3016 59 23 mobs
492 3018 24 21 to
532 3024 35 15 see
577 3017 36 22 the

113 3044 78 28 foreign
200 3044 70 27 swell;

59 3072 61 27 They
135 3073 84 20 blocked
229 3079 30 19 up
267 3072 26 21 all
303 3072 37 23 the
355 3079 92 20 passages
462 3072 41 23 and
520 3072 94 22 crowded

111 3105 38 15 our
157 3099 70 26 hotel;

59 3125 59 27 They
135 3125 116 22 smothered
273 3132 23 14 us
319 3125 51 22 with
388 3126 75 22 invites
480 3127 23 21 to
524 3126 86 24 dingers

110 3156 58 24 great
176 3153 40 23 and
227 3153 84 22 small—

60 3182 12 21 I
80 3182 52 21 shall
142 3182 53 21 have
203 3184 23 20 to
234 3182 49 22 take
296 3189 12 14 a
323 3182 44 22 reef
384 3184 37 21 out
430 3182 17 23 if
462 3182 39 22 I'm
516 3183 60 26 going
590 3184 22 20 to

110 3211 34 20 eat
156 3209 39 21 'em
213 3209 34 21 all.

60 3236 44 21 The
113 3236 121 27 Cambridge
243 3236 127 27 University,
378 3243 28 15 no
414 3236 66 22 doubt
487 3236 50 22 with
544 3236 68 28 ample

109 3270 67 20 cause,

58 3291 62 23 Have
136 3290 106 24 conferred
250 3298 26 16 on
287 3298 33 16 me
330 3292 37 22 the
383 3292 78 22 honour
470 3292 23 22 of
504 3300 11 15 a
525 3292 73 23 Doctor-

109 3319 46 26 ship
164 3319 22 21 of
193 3319 71 26 Laws;

59 3346 49 23 And
116 3346 60 28 Jock,
184 3347 35 22 old
228 3353 56 22 man,
292 3347 13 23 I
311 3347 54 23 can't
372 3347 54 28 deny
434 3347 38 23 the
481 3347 51 29 fact,
542 3348 67 22 tfwiit

109 3382 33 14 me
149 3375 41 22 and
199 3382 48 20 you,

55 3403 32 22 -So
101 3403 32 21 far
145 3410 23 14 as
184 3403 83 28 making
285 3402 56 23 lav's
356 3404 112 22 concerned
487 3404 63 22 we've
563 3404 35 22 doc-

108 3430 56 21 tored
174 3437 28 20 ap
210 3438 13 14 a
233 3431 54 26 few;

59 3457 47 22 And
126 3457 11 22 I
146 3458 82 21 wonder
238 3459 46 21 haw
294 3458 37 23 the
339 3458 56 23 devil
408 3458 60 23 those
484 3458 126 28 Cambridge

108 3485 78 22 fellows
195 3485 64 23 knew.

59 3537 44 22 Her
120 3537 89 28 Majesty
221 3537 17 22 is
256 3538 61 27 going
331 3539 23 20 to
368 3538 53 27 give,
438 3545 22 14 as
476 3538 21 21 in
507 3538 36 21 the
552 3538 59 21 Press

108 3572 91 20 appears,

59 3593 20 24 A
88 3592 72 27 special
169 3593 63 26 grand
243 3594 101 25 reception
356 3595 22 19 to
392 3593 91 22 Colonial
493 3595 98 24 premiers
605 3601 5 18 ;

59 3620 37 22 I'm
107 3620 59 25 going
175 3624 21 17 to
205 3620 52 21 have
269 3628 12 13 a
290 3621 47 20 chat
346 3620 51 21 with
407 3620 43 26 her,
459 3620 62 26 Jock,
534 3621 49 20 such
594 3621 18 21 is

109 3654 34 20 my
152 3647 74 23 intent.

59 3674 48 21 And
118 3676 29 26 tip
157 3675 36 21 her
202 3682 12 14 a
221 3674 40 24 few
271 3675 96 22 wrinkles
376 3675 20 22 in
405 3675 37 22 the
450 3677 33 20 art
491 3675 22 22 of
522 3682 75 21 govern
603 3687 6 5 -

109 3705 70 24 ment;

57 3730 14 21 I
88 3730 51 21 shall
160 3731 49 21 read
229 3732 23 21 to
273 3731 38 21 her
322 3739 43 14 ,our
384 3730 141 23 Parliament's
545 3732 65 25 grand

108 3758 81 21 Jubilee
198 3758 91 27 address,

59 3785 59 21 With
128 3785 46 21 that
182 3785 96 27 dignified
291 3786 117 27 expression
423 3793 41 19 you
480 3786 28 22 all
526 3786 62 22 know
602 3786 10 22 I

109 3820 84 19 possess.

59 3840 85 26 Though
163 3840 79 20 Reeves
263 3847 45 19 says
330 3841 33 20 it's
383 3842 38 20 not
443 3841 109 26 etiquette,
574 3840 38 22 I'm

110 3867 78 26 hanged
197 3867 18 21 if
225 3867 8 21 I
243 3874 38 14 can
291 3874 32 14 see

61 3894 52 22 How
128 3902 39 21 any
184 3895 74 23 breneh
268 3895 22 23 of
299 3896 100 29 etiquette
407 3896 60 22 there
477 3896 90 28 possibly
574 3904 40 14 can

110 3923 24 21 be

60 3949 95 21 Between
164 3950 50 21 such
229 3951 81 21 exalted
327 3958 84 19 persons
424 3958 22 14 as
463 3952 92 20 Victoria
574 3951 41 21 and

61 4027 12 20 I
93 4027 43 21 told
153 4027 36 21 the
207 4028 79 26 Mining
303 4029 118 26 Engineers,
443 4029 27 26 by
492 4036 44 20 way
559 4029 22 21 of
604 4036 12 14 a

112 4055 107 25 reminder.

62 4081 21 23 If
93 4081 90 26 England
193 4090 51 14 were
253 4083 102 27 attacked,
365 4083 56 22 she'd
430 4084 41 22 find
480 4084 37 22 the
525 4084 89 22 colonies

134 4109 74 23 behind

60 4136 55 22 That
132 4139 36 25 top
186 4140 48 20 note
242 4139 64 26 alway
317 4139 78 22 fetches
416 4147 47 15 men
478 4140 22 21 of
520 4139 96 29 patriotic

114 4165 80 26 feeling,

63 4191 48 21 And
129 4199 22 13 so
165 4193 49 26 they
231 4193 85 22 cheered
336 4194 48 21 with
400 4194 49 22 loud
465 4195 88 23 hurrahs
567 4195 49 21 that

113 4218 62 22 shook
186 4220 36 21 the
231 4227 48 16 very
289 4221 79 25 ceiling.

61 4245 58 26 They
132 4246 38 20 feel
184 4247 84 21 assured
277 4254 27 14 no
313 4247 77 27 foreign
404 4248 33 21 foe
454 4249 40 20 will
504 4256 49 14 ever
562 4249 49 20 dare

113 4273 68 21 attack
189 4272 47 29 'em,

62 4300 88 21 Because
159 4301 79 26 they've
249 4304 34 24 got
297 4302 53 25 Dick
359 4303 81 23 Seddon
453 4304 39 23 and
504 4304 36 23 his
555 4311 58 21 army

113 4328 47 21 here
169 4332 22 17 to
200 4329 50 22 back
257 4330 48 26 'em,

59 4355 31 22 Of
99 4363 77 19 course,
187 4356 11 22 I
207 4356 66 23 did'nt
282 4358 76 27 specify
368 4358 45 22 how
423 4360 31 21 far
463 4360 77 22 behind
562 4360 52 21 we'd

112 4384 31 25 be,

60 4410 49 22 And
118 4411 18 20 it
145 4410 71 22 was'nt
227 4419 104 19 necessary
341 4412 35 22 old
385 4419 55 21 man,
449 4414 66 21 t'wixt
523 4421 42 20 you
571 4414 41 21 and

110 4445 41 20 me,

59 4466 42 21 For
109 4466 60 22 there
179 4466 61 22 won't
248 4466 25 22 be
282 4474 39 20 any
329 4467 85 28 fighting
422 4468 20 22 in
455 4469 36 21 the
509 4468 105 23 Diamond

116 4494 88 22 Jubilee.

57 4544 64 27 Well,
130 4544 59 26 Jock,
200 4544 12 22 I
221 4544 61 21 think
299 4544 44 22 I've
352 4545 71 21 shown
432 4552 42 20 you
481 4546 49 22 that
545 4553 58 19 every-

108 4572 76 26 thing's
193 4571 65 27 0.K.,

57 4599 28 21 So
94 4606 42 19 you
144 4599 83 21 need'nt
236 4598 43 21 feer
289 4598 39 22 I'm
334 4598 60 27 going
403 4600 22 20 to
434 4600 45 26 give
490 4600 36 21 the
532 4601 80 25 Colony

109 4633 72 18 away;

58 4653 88 25 Though
156 4653 40 20 I'm
204 4652 49 27 only
262 4652 91 22 Richard
362 4652 81 23 Seddon
451 4655 23 20 at
482 4661 62 19 every
551 4655 64 25 grand

111 4680 68 27 affair,

62 4708 34 21 I'll
106 4707 56 21 swell
181 4715 35 18 my
233 4707 57 21 chest
299 4708 41 20 and
355 4709 36 25 try
399 4708 22 20 to
434 4708 47 21 look
495 4716 23 13 as
529 4709 46 20 wise
593 4716 22 13 as

113 4741 40 19 any
162 4734 72 25 there;

64 4761 11 21 I
92 4760 53 21 shall
163 4761 53 21 blow
226 4761 63 21 about
306 4761 37 21 the
360 4761 83 27 empire,
452 4762 41 21 and
503 4762 36 21 the
558 4762 56 21 little

114 4788 65 21 silken
189 4789 37 26 tie,

62 4816 49 20 And
132 4816 36 20 the
177 4818 58 24 great
243 4815 41 21 and
302 4816 80 26 mighty
391 4816 80 22 nations
486 4824 29 14 we
524 4816 53 22 shall
586 4817 29 21 all

113 4843 25 21 be
151 4843 138 25 by-and-bye;

62 4870 34 21 I'll
105 4877 37 19 say
151 4870 86 26 nothing
243 4869 21 21 of
273 4870 36 20 the
318 4869 89 21 burdens
416 4871 65 20 under
490 4871 67 21 which
577 4878 38 14 our

114 4897 73 26 people
195 4903 69 19 groan,

63 4924 12 21 I
92 4924 54 21 shall
156 4924 65 27 praise
230 4930 38 14 our
277 4923 53 28 loyal
339 4923 76 28 feeling
426 4924 40 22 and
477 4925 95 21 affection
583 4925 31 21 for

115 4952 36 21 the
161 4951 90 27 throne;

62 4980 43 21 It'll
115 4986 57 14 come
183 4979 21 21 in
214 4986 49 19 very
272 4979 69 27 handy
351 4980 22 20 to
388 4979 61 21 assist
457 4980 86 22 another
560 4980 54 22 loan.

75 5060 236 30 CHRISTMAS
337 5060 25 30 &
391 5061 91 29 NEW
513 5061 105 31 YEAR

96 5092 12 23 J
233 5101 227 30 NOVELTIES.

106 5141 138 38 (Suitable
257 5142 45 28 for
318 5142 105 37 Young
434 5142 55 29 and
503 5141 76 40 Old),

174 5223 28 30 A
214 5224 136 39 complete
362 5224 108 39 display
482 5224 31 29 of

64 5264 131 32 FANCY
226 5264 135 37 GOODS,
396 5264 220 32 CHRISTMAS

114 5304 136 36 CARDS,
289 5304 108 35 TOYS,
435 5306 136 37 BOOKS,

187 5345 236 36 MAGAZINES,
443 5346 50 31 &c.

64 5423 149 24 BARGAINS
231 5423 41 22 ON
288 5424 58 21 THE
363 5424 138 22 SHILLING
518 5424 99 23 TABLE.

187 5489 163 30 Inspection
369 5489 123 31 Invited.

116 5576 61 58 F.
223 5574 345 60 JEPFERY.

71 5652 195 26 BOOKSELLER,
280 5652 131 28 CHEMIST,
425 5653 83 22 NEWS
525 5654 95 22 AGENT

231 5680 167 28 STATIONER,
412 5680 38 23 &c.

125 5715 143 32 TEVIOT
296 5715 257 32 DISPENSARY.

691 147 33 23 To
739 155 28 16 be
780 150 129 23 Published
923 157 25 16 in
958 152 112 24 January,
1087 149 57 21 1803.

644 201 171 34 STONES'
845 205 126 30 OTAGO
1002 204 24 30 &
1052 202 143 32 SOUTH-

885 246 107 28 LAND

689 296 153 28 Commercial,
858 300 134 26 Municipal,
1005 299 17 21 &
1036 298 109 22 General

796 354 242 33 DIRECTORY.

674 450 91 29 NEW
783 451 181 30 ZEALAND
981 450 174 37 ANNUAL,

864 505 112 36 1898.

659 590 167 30 Fourteenth
845 591 75 29 Year
939 591 30 29 of
986 590 183 30 Publication.

637 668 90 39 Demy
753 669 52 29 Bvo
831 669 64 36 size,
921 668 163 37 containing
1107 667 85 29 about

656 709 285 40 900pages,together
950 710 62 28 with
1023 717 148 19 numerous

694 749 80 40 Maps
798 750 140 30 corrected
960 754 28 24 to
1001 749 72 34 date,
1087 747 47 31 the

720 792 87 28 whole
820 792 178 35 handsomely
1012 789 95 29 bound

748 831 27 28 in
790 831 85 36 cloth,
885 829 194 40 gilt-lettered.

640 911 78 31 Price
731 916 28 26 to
774 912 188 36 Subscribers,
977 912 48 28 12s
1040 910 52 35 6d;
1114 909 77 29 Non-

789 953 185 33 Subscribers,
986 953 57 25 15s.

687 1032 131 37 STOx\E,
851 1032 81 35 SON,
965 1030 82 30 AND
1077 1030 68 35 CO.,

830 1086 178 33 Publishers,

697 1131 142 31 Crawford
866 1133 100 33 Street,
989 1130 140 30 Danedin.

652 1216 42 55 [)
778 1216 45 36 A.
897 1212 296 44 BUCHANAN,

723 1289 74 22 BOOT
823 1289 61 21 AND
908 1287 76 22 SHOE
1007 1285 113 26 MaKER,

689 1334 142 29 Scotland
840 1350 10 5 -
862 1341 105 26 street,
987 1331 163 29 Roxburgh.

753 1428 91 38 Every
865 1426 167 39 description
1054 1426 32 28 of

642 1481 88 28 Boots
743 1489 56 19 and
813 1480 89 28 Shoes
916 1478 135 29 Supplied
1063 1485 35 21 or
1110 1477 84 29 Made

818 1528 34 20 to
871 1519 143 29 Measure.

640 1572 46 30 Fit
696 1571 183 30 Guaranteed.
955 1570 47 29 Fit
1009 1569 186 30 Guaranteed.

691 1664 123 22 repairs
839 1663 115 21 neatly
985 1662 158 21 executed.

760 1741 25 28 A
807 1740 86 29 Trial
915 1739 154 29 Solicited.

640 1828 42 54 F
765 1826 45 37 A.
887 1823 305 44 MILLER,

641 1902 133 26 BUILDER,
786 1900 107 22 JOINER
907 1898 62 23 AND
987 1897 207 26 UNDERTAKER,

734 1952 72 30 Ross
826 1951 99 36 Place,
943 1950 165 30 Lawrence.

643 2052 218 32 PLANSAND
873 2048 321 33 SPECIFICATIONS

783 2106 26 29 A
830 2102 222 33 SPECIALLY.

642 2199 153 38 Quantities
809 2197 137 39 Prepared
968 2197 55 28 nnd
1045 2196 149 27 Estimates

668 2240 87 30 Given
768 2239 45 29 for
823 2237 36 30 all
872 2237 101 30 classes
986 2237 30 28 of
1032 2234 133 31 Bnilders'

873 2277 98 28 Work.

814 2371 20 32 I.
921 2363 34 39 B
1000 2362 34 40 L
1080 2362 30 39 0
1148 2361 47 43 Y,

668 2431 198 24 WHITEHAVEN
878 2430 113 25 STREET,
1005 2429 168 21 LAWRENCK.

644 2519 129 31 BOARD
795 2517 82 31 AND
905 2516 221 30 RESIDENCE
1147 2515 49 30 AT

687 2570 256 33 REASONABLE
962 2568 189 31 CHANGES.

753 2660 94 28 Mkals
866 2667 34 21 at
917 2667 51 23 all
987 2661 106 25 Hours.

660 2753 59 29 The
732 2754 62 28 best
809 2751 244 31 Accommodation
1075 2751 44 29 for
1131 2751 48 28 the

781 2792 159 39 Travelling
955 2792 106 30 Public.

642 2879 104 29 GOOD
760 2877 202 30 STABLING.
1000 2876 98 29 OATS
1115 2875 82 29 AND

753 2918 130 31 CHAFF
902 2917 53 30 ON
978 2916 108 31 SALE.

715 2990 212 32 ERBERT
973 2989 101 32 AND
1123 2988 76 37 CO.,

833 3059 171 23 LAWRENCE.

797 3148 154 32 Importers
970 3157 70 21 of—

639 3205 203 38 Ironmongery

726 3249 192 41 Agricultural
940 3248 185 40 Implements

900 3297 193 38 Agricultural
1111 3295 88 31 Seeds

814 3354 217 32 GROCERIES

658 3413 98 31 TEAS
870 3414 97 29 TEAS
1080 3412 100 30 TEAS

642 3460 129 41 (Ceylon)
862 3460 123 40 (Indian)
1074 3459 122 40 (China.)

641 3539 93 51 W.
802 3539 66 64 J.
930 3537 267 63 MartiS}

642 3618 290 30 WATCHMAKER
948 3619 25 29 &
986 3613 212 35 JEWELLER

734 3670 72 30 Ross
825 3670 98 37 Place,
943 3671 163 30 Lawrence.

644 3751 143 38 Watches,
807 3751 101 30 Clocks
927 3752 54 29 and
1003 3752 147 39 Jewellery
1168 3753 32 29 of

690 3793 36 29 all
739 3793 183 38 descriptions
934 3793 69 39 kept
1016 3793 28 29 in
1058 3793 97 30 Stock.

663 3844 70 29 Nice
746 3843 140 30 Selection
898 3844 30 29 of
945 3844 79 37 Gem,
1037 3845 144 39 Wedding

778 3888 55 26 and
847 3884 110 41 Keeper
969 3885 98 40 Rings.

646 3966 19 20 A
679 3964 107 22 CHOICE
807 3965 181 21 ASSORTMENT
1008 3966 36 22 OF
1062 3967 138 22 ARTICLES

667 3998 140 23 SUITABLE
817 3998 56 22 FOR
884 3998 139 23 WEDDING
1033 4000 150 23 PRESENTS.

704 4066 156 40 Spectacles
873 4071 30 25 to
916 4067 62 29 Suit
988 4068 37 29 all
1040 4068 107 40 Sights,

665 4148 107 31 Watch
804 4158 56 20 and
892 4148 89 31 Clock
1016 4150 119 30 Repaies
1166 4160 17 21 a

849 4193 157 26 Specialty.

645 4268 116 41 Repairs
774 4279 31 19 or
818 4268 101 31 Orders
936 4269 71 31 from
1021 4270 47 31 the
1081 4275 118 36 country

695 4311 38 38 by
755 4315 63 34 post
840 4311 54 28 will
917 4312 104 29 receive
1042 4319 113 34 prompt

849 4353 145 28 attention.

663 4428 3 36 I
706 4428 102 26 OOR
870 4429 19 25 A
920 4429 16 25 I
995 4430 175 26 THIS!

663 4454 3 34 1
687 4454 4 34 1

709 4506 102 26 BOOTS
828 4511 36 21 tor
879 4509 40 24 the
937 4508 81 29 Great,

734 4549 75 27 Boots
828 4552 36 24 for
886 4553 42 24 the
941 4553 91 30 Small;

706 4592 73 25 Boots
793 4593 38 24 for
850 4593 40 26 the
908 4594 79 31 Short,

738 4636 71 25 Boots
826 4638 37 25 for
879 4640 41 24 the
938 4640 55 24 Tall
1009 4647 6 23 ;

710 4680 71 26 Boon
794 4681 37 25 for
849 4683 41 25 the
908 4682 96 33 Young,

737 4719 73 25 Boots
826 4722 37 23 for
878 4723 40 23 the
936 4723 48 24 Old
996 4731 6 21 ;

739 4783 54 24 *nd
810 4783 102 26 BOOTS
927 4786 46 24 and
993 4786 104 26 SHOE*

858 4840 35 24 fur
909 4842 29 23 all
962 4850 14 16 a

753 4900 40 36 K
844 4903 118 38 Bail
976 4906 124 45 lie's,

659 4974 114 31 Oppotite
787 4976 158 28 Commercial
964 4981 82 31 Hotel,
1065 4981 134 33 Roxburgh

677 5089 130 28 •WCome
823 5092 47 26 and
887 5095 90 30 inspect
989 5096 41 26 the
1046 5097 80 26 Stock.

661 5233 111 26 FANCY
797 5235 110 27 GOODS
924 5238 73 26 AND
1015 5240 166 26 DRAPERY.

732 5340 22 25 J.
791 5341 135 26 YVATKR3
952 5345 90 26 desires
1068 5351 25 20 to
1118 5347 74 29 no;ify

668 5374 4 33 ■
693 5390 6 6 .
730 5374 53 24 that
797 5376 42 24 she
851 5377 71 30 keeps
932 5378 23 24 in
965 5381 67 22 stock
1049 5380 85 25 Ladies
1146 5387 45 17 ana

645 5405 113 26 Children
769 5416 11 15 s
796 5407 196 35 TJnderclothing,
1009 5414 48 22 aud
1069 5415 29 21 all
1119 5413 74 25 kinds

645 5438 24 25 ef
684 5439 114 32 Drapery.

676 5482 79 33 Fancy
768 5484 81 26 Good*
859 5495 15 16 a
888 5488 136 32 Specialty.

682 5526 132 27 Christmas
823 5531 47 24 and
882 5531 54 25 New
950 5531 64 26 Year
1025 5537 137 27 presents—

767 5581 13 16 a
797 5581 64 23 great
873 5577 88 28 variety
972 5583 24 17 to
1009 5578 61 22 hand
1074 5602 6 7 4

766 5607 135 29 Inspection
912 5609 94 24 Invited

671 5636 112 33 Fainting
796 5640 45 23 and
854 5647 35 18 a't
915 5641 151 25 icedlework
1079 5640 86 29 targht

737 5674 111 23 faummer
861 5673 81 26 «Jocds
958 5682 52 16 now
1025 5683 29 16 yn
1070 5674 63 25 hand

648 5725 220 28 Address—Ormc
879 5730 34 24 d's
923 5730 115 32 Building
1049 5730 148 32 Roxburgh,

1251 726 488 87 AUTUMN

1874 1775 480 87 WINTER

1587 2296 411 89 GOODS

1547 5096 497 63 DUNEDIN.

2387 1465 179 54 j\|ILLS,
2587 1466 133 44 DICK,
2747 1465 37 38 &
2810 1465 130 38 CO.'S

2631 1526 69 29 1897

2405 1578 191 30 ALMANAC
2617 1586 54 21 and
2694 1576 229 31 DIRECTORY.

2570 1625 87 35 Price,
2673 1624 29 29 Is
2716 1624 46 29 6d.

2387 1705 92 39 Every
2505 1705 124 34 Farmer,
2657 1704 106 34 Miner,

2636 1750 54 29 and
2718 1750 134 28 Business
2878 1750 66 28 Man

2464 1805 106 30 Should
2597 1805 121 29 Procure
2740 1815 18 18 a
2784 1804 86 38 Copy.

2416 1883 60 30 Can
2501 1883 36 29 be
2563 1882 56 30 had
2644 1882 71 30 from
2743 1882 47 30 the
2816 1881 85 29 under-

2568 1923 200 30 mentioned—

2424 1983 121 31 Mackay
2560 1983 95 37 Bros.,
2669 1982 157 41 Roxborgh

2423 2025 28 29 J.
2467 2025 129 35 Noonan,
2611 2025 110 28 Ettrick

2423 2065 94 29 Johns
2532 2074 56 20 and
2602 2065 149 35 M'Combe,
2765 2063 106 30 Millers
2884 2063 62 29 Flat

2423 2107 28 28 J.
2467 2106 33 30 R.
2518 2106 94 35 Kemp,
2626 2106 69 28 Bald
2711 2105 57 29 Hill
2783 2105 62 29 Flat

2424 2147 33 29 L.
2473 2147 90 35 Kyan,
2575 2147 73 34 Jnr.,
2663 2145 161 30 Alexandra
2838 2145 90 29 South

2424 2187 33 29 B.
2472 2187 125 34 Naylor,
2612 2187 88 37 Clyde

2390 2270 56 28 TIT
2450 2270 79 28 ANY
2551 2270 99 28 Ladies
2673 2269 138 39 complain
2825 2269 62 28 that
2899 2269 47 27 the

2486 2311 56 29 Tea
2554 2311 66 38 they
2634 2311 70 29 have
2714 2311 70 28 been
2800 2310 82 37 using
2895 2309 51 29 has

2387 2352 110 30 neither
2506 2352 128 39 strength
2646 2361 50 19 nor
2706 2350 114 30 flavour.
2843 2350 27 29 If
2880 2350 64 38 they

2387 2397 45 33 try
2448 2393 86 28 Kozie
2547 2392 56 28 Tea
2616 2392 66 38 they
2695 2392 56 27 will
2765 2392 33 28 be
2813 2390 131 29 satisfied.

2387 2433 94 28 Johns
2498 2432 25 28 &
2542 2431 148 35 M'Combe,
2706 2432 118 36 Agents,
2840 2430 106 28 Millers

2388 2472 72 31 Flat.

2387 2550 554 66 €%im®.WQgg&€®.

2462 2682 56 29 and
2532 2681 120 30 German
2666 2681 99 29 Makes
2777 2679 31 30 of
2821 2679 101 29 Pianos
2935 2689 7 19 :

2439 2735 176 26 brinsmead,
2634 2734 139 25 oollard,
2793 2732 99 26 sames,

2582 2761 169 26 eavestoff,

2388 2801 205 26 schwechten,
2603 2801 70 26 lipp,
2683 2800 74 20 ocrs
2766 2800 17 21 k
2793 2797 149 26 kallman,

2515 2838 166 25 gerhardt,
2698 2838 124 20 hansen.

2426 2910 121 39 Chas.
2570 2909 111 47 Begg
2704 2907 83 39 and
2810 2906 100 40 Co.'s

2388 2977 235 32 EXHIBITION
2651 2976 134 32 MODEL
2814 2975 130 48 PIANO^

2591 3031 57 29 £3B
2668 3039 78 21 NETT.

2387 3110 124 31 STORY
2535 3109 25 31 &
2587 3109 164 31 CLARK'S
2780 3106 164 39 ORGANS,

2485 3162 179 30 KIMBALL
2684 3161 164 36 ORGANS,

2387 3215 82 29 From
2478 3215 58 29 £2O
2546 3217 28 27 to
2583 3211 79 33 £50..
2671 3213 92 30 .From
2772 3213 57 30 £2O
2838 3216 29 26 to
2876 3211 68 30 £SO.

2387 3296 148 30 BESSON
2563 3296 24 28 &
2617 3294 182 30 BOOSKY'S
2820 3293 124 30 BRASS

2523 3335 288 31 INSTRUMENTS.

2387 3417 100 31 Violin
2502 3418 68 29 Bow
2586 3417 155 29 Repairing
2754 3425 18 21 a
2786 3416 156 30 Specialty.

2426 3469 103 36 Violin,
2544 3469 66 29 Bow
2624 3468 54 29 and
2695 3467 101 31 Case...
2839 3465 68 40 30/-

2423 3509 186 36 Accordeons,
2623 3509 72 29 from
2768 3533 28 5 ...
2859 3507 47 40 7/6

2456 3591 111 29 CHAS.
2588 3590 102 28 BEGG
2715 3589 80 29 AND
2815 3589 58 29 CO.

2386 3639 81 29 Have
2487 3637 48 30 the
2558 3637 105 41 largest
2686 3637 55 28 and
2763 3641 73 24 most
2848 3636 94 30 varied

2386 3679 78 32 stock
2478 3679 30 30 of
2521 3679 91 30 Music
2622 3679 27 29 in
2661 3679 48 29 the
2720 3679 113 37 Colony.
2873 3678 69 29 New

2483 3720 162 39 Shipments
2659 3719 189 39 Fortnightly.

2571 3771 71 30 New
2663 3771 98 30 Songs.

2423 3813 83 28 Morn
2538 3813 30 29 of
2606 3813 124 28 Sorrows
2732 3811 211 29 —Snowflakes

2386 3853 174 30 Fair—Gate
2573 3853 29 30 of
2621 3851 156 31 Life—For
2797 3851 47 31 the
2868 3851 60 31 Chil-

2385 3895 93 29 dren's
2493 3894 183 30 Sake—Wilt
2689 3894 77 28 Thou
2780 3893 35 29 be
2832 3893 112 29 Mine—

2387 3935 140 30 Sunshine
2559 3935 98 28 Above
2659 3933 95 30 —She
2787 3933 102 38 Stoops
2915 3937 29 24 to

2387 3974 213 39 Conquer—No
2622 3975 44 28 for
2687 3984 36 19 an
2744 3975 117 28 Answer
2862 3973 82 30 —No

2387 4015 91 30 Man's
2492 4015 87 30 Land.

2519 4067 101 30 Violin
2640 4076 55 20 and
2715 4066 97 30 Piano.

2425 4108 129 30 Andante
2577 4112 28 25 et
2629 4108 119 30 Scherzo
2771 4107 173 40 Capriccioso

2390 4148 113 37 (David)
2583 4149 101 28 Bach's
2727 4152 41 25 Ist
2808 4148 136 29 Concerto

2391 4188 109 37 (Alard)
2504 4189 127 28 —Three
2666 4188 95 29 Pieces
2788 4187 156 38 Classiques

2390 4228 192 38 (Ragghianti)
2586 4229 90 28 —Les
2683 4229 105 27 Echoes
2794 4226 147 38 (Leonard)

2387 4268 174 29 —Mazurka
2599 4269 34 29 de
2679 4269 119 30 Conceit
2845 4266 99 36 (Ovide

2389 4309 103 37 Musin)
2495 4309 177 30 —Romance
2707 4309 126 37 (Jansen)
2837 4309 107 27 —Sou-

2389 4349 78 29 venir
2480 4349 34 29 de
2528 4349 103 38 Haydn
2649 4351 8 35 (
2685 4350 125 36 eonard).

2432 4430 121 41 Chas.
2577 4431 110 49 Begg
2714 4431 84 38 and
2822 4430 75 43 Co.,

2406 4491 32 28 21
2481 4491 119 29 Princes
2637 4490 113 35 Street,
2786 4489 139 33 Dunedin,

2387 4541 115 34 Having:
2526 4553 16 17 a
2568 4542 76 29 Most
2671 4541 128 29 Efficient
2823 4539 72 29 Staff
2914 4539 30 28 of

2389 4581 162 38 Workmen,
2560 4593 52 19 can
2626 4582 98 39 Hepair
2733 4581 55 29 and
2810 4584 6 24 1
2826 4591 54 19 une
2890 4589 53 29 any

2510 4623 119 30 Musical
2648 4624 173 28 Instrument

2443 4674 50 30 AT
2519 4674 213 30 MODERATE
2753 4671 134 31 RATES.

2396 4749 170 51 JOHN
2641 4746 303 38 THOMPSON,

2387 4784 11 17 f
2513 4800 276 32 AUCTIONEER,

2435 4850 81 21 land
2530 4849 62 21 and
2606 4848 112 26 estate,
2731 4847 85 26 loan,
2833 4847 59 20 and

2386 4887 175 31 GENERAL
2575 4885 223 29 COMMISSION
2813 4885 131 28 AGKNT»

2479 4938 72 30 Ross
2571 4937 98 35 Place,
2691 4936 163 29 Lawrence.

2564 5019 95 37 Agent
2673 5017 43 29 for
2728 5017 47 29 the

2386 5061 130 30 Norwich
2526 5060 96 29 Union
2636 5059 151 28 Insurance
2801 5057 49 30 Co.

2386 5101 140 29 Standard
2537 5101 63 29 Fire
2608 5099 56 29 and
2674 5099 107 28 Marine
2790 5098 151 29 Insurance

2460 5141 49 31 Co.

2382 5183 162 29 Australian
2565 5181 108 29 Mutual
2695 5179 151 31 Provident
2866 5179 74 37 (Life

2456 5222 166 37 Assurance)
2640 5221 111 38 Society

2380 5262 140 31 Standard
2546 5262 121 39 Fidelity
2699 5261 52 29 and
2779 5261 156 29 Guarantee

2453 5304 120 38 Society.

2415 5384 49 29 All
2476 5384 127 31 business
2615 5382 152 31 connected
2790 5382 67 29 with
2874 5382 40 38 Ap-

2380 5424 145 38 plications
2544 5424 45 28 for
2610 5423 198 38 Assignments
2828 5433 31 19 or
2878 5422 38 28 Ex-

2380 5464 108 37 change
2502 5464 29 28 of
2546 5463 191 39 Agricultural
2751 5462 109 35 Leases,
2875 5464 40 36 Ap-

2382 5503 144 39 plications
2535 5504 88 29 under
2631 5503 135 29 Deferred
2776 5503 159 38 Payments,

2384 5543 108 38 Mining
2506 5543 101 29 Leases
2618 5555 30 17 or
2660 5543 110 34 Claims,
2780 5542 157 39 Up-lifting

2384 5583 29 29 of
2434 5582 99 29 Crown
2553 5583 111 35 Grants,
2677 5583 60 36 &c,
2751 5583 112 38 quickly
2882 5581 54 29 and

2385 5621 115 39 cheaply
2512 5623 167 29 transacted.

2386 5701 91 31 Loans
2484 5701 180 41 Negotiated.
2687 5703 103 39 Money
2800 5701 138 31 Invested.

3105 142 66 17 ~v-v-.*.

3209 199 100 24 see:

3013 297 11 19 r
3095 272 90 44 THAT
3206 273 92 43 YOUR
3319 272 107 44 BOOTS

3013 346 61 42 ARE
3096 345 152 43 BRANDED
3267 346 45 41 ON
3333 346 64 42 THE
3420 346 89 42 HEEL

3834 414 64 23 km

3192 428 121 54 140

3911 482 27 25 m

3328 650 26 30 *

2518 669 53 19 !!,:.I'V

2506 682 32 19 ,!■!>:!

3792 688 19 10 a
3827 688 1 12 ;
3845 688 1 12 ,

2556 691 28 21 ■:*

2693 715 73 32 rtfg

3563 716 6 14 »
3587 716 1 14 •

2515 726 14 19 ;.
2537 722 34 25 :,;:
2572 722 3 25 :

2790 786 81 57 FOR
2903 785 85 58 THE
3021 786 267 60 FOLLOWING
3321 787 81 59 REA

2603 837 84 34 mm

2504 853 46 12 ?==3S
2557 853 30 11 «
2593 853 12 13 K

3648 857 85 19 9SJKH

2597 864 4 24 ,
2603 865 24 21 ?'*'
2629 864 1 24 i
2634 864 3 24 i
2640 864 5 15 ,
2648 873 13 14 v<

2482 945 121 30 FIRST.
2811 946 160 29 SECOND.
3180 948 130 30 THIRD.
3511 949 165 31 FOURTH.
3878 950 122 31 FIFTH.

2384 983 120 32 BOOTS
2537 985 67 30 with
2642 987 56 29 this
2738 987 42 29 On
2794 987 56 29 this
2872 987 94 29 Brand
2985 987 65 38 only
3090 987 72 38 Only
3182 988 47 30 the
3250 1001 67 26 very
3340 990 63 29 best
3441 990 134 36 Farmers,
3632 991 114 35 Miners,
3786 991 56 29 The
3851 992 135 30 Standard
3995 992 92 30 Brand

2384 1025 92 30 Brand
2486 1037 35 18 on
2531 1027 48 29 the
2587 1027 59 29 heel
2653 1038 46 18 are
2738 1028 47 28 the
2817 1038 67 28 very
2921 1028 64 28 best
3023 1027 29 29 of
3090 1028 28 28 of
3130 1029 140 29 Materials
3280 1041 46 19 are
3334 1030 65 29 used
3439 1032 53 28 and
3506 1032 34 28 all
3557 1032 60 28 who
3631 1035 73 25 want
3718 1035 28 25 to
3789 1032 80 30 Hoots
3882 1033 54 30 and
3947 1033 87 30 Shoes
4042 1043 51 20 are

2384 1067 170 39 guaranteed
2560 1071 28 25 to
2596 1067 43 30 Fit
2645 1069 55 29 and
2740 1068 154 30 Workmen
2924 1079 45 18 are
2995 1079 56 19 em-
3090 1068 26 30 in
3153 1070 55 29 tVis
3248 1072 92 28 Brand
3373 1072 30 29 of
3439 1072 70 38 keep
3530 1073 72 28 their
3615 1072 57 30 feet
3685 1072 61 39 dry,
3784 1073 101 30 known
3902 1074 71 30 from
3994 1074 93 29 Auck-

2459 1107 85 29 Wear
2557 1108 69 30 well.
2842 1109 110 39 ployed.
3117 1110 84 30 Boots
3214 1112 55 28 and
3284 1111 96 31 Shoes.
3474 1117 45 34 try
3533 1113 55 29 this
3607 1113 92 29 Brand
3786 1114 60 28 land
3862 1118 28 25 to
3904 1115 46 30 the
3963 1115 127 29 Blufffor

3819 1155 116 36 sterling
3944 1156 113 36 quality.

2423 1188 73 29 ALL
2517 1189 119 30 BOOTS
2657 1190 172 29 BEARING
3157 1191 53 29 ON
3238 1192 78 28 THE
3337 1192 102 30 HEt'L
3471 1193 74 29 ARE
3572 1194 320 30 MANUFACTURED
3913 1196 41 29 IN
3975 1195 77 30 THE

2702 1230 252 32 CELEBRATED
3264 1232 132 30 BRAND
3416 1234 98 29 BOOT
3533 1234 177 31 FACTORY
3730 1235 49 30 BY

2667 1295 372 66 RARGOOD,
3084 1296 130 56 SON
3253 1296 47 55 &
3340 1298 218 56 EWE\
3559 1300 6 17 T
3571 1342 14 19 ,
3637 1319 189 38 nomas.

2436 1361 177 23 WHOLESALE
2639 1362 87 21 ONLY.

2971 1449 474 70 Matthews
3502 1466 51 52 &
3600 1452 494 85 Chalmers,

3170 1582 259 58 COACH
3493 1583 403 71 BUILDERS,

3207 1684 332 36 WHEELWRIGHTS,
3578 1687 285 38 BLACKSMITHS,

3059 1811 304 31 AGRICULTURAL
3403 1811 228 31 IMPLEMENT
3668 1815 357 38 MANUFACTURERS;

3335 1886 73 29 Ross
3447 1886 99 37 Place,
3584 1888 164 31 Lawrence.

3012 1981 73 29 ALL
3127 1980 124 30 KINDS
3290 1980 49 30 OF
3377 1979 148 31 MINING
3563 1980 235 31 MACHINERY
3836 1982 108 31 MADE
3983 1984 89 30 AND*

3443 2033 205 30 REPAIRED.

3433 2126 111 30 Agents
3563 2137 50 20 for
3614 2144 36 6 —

2977 2194 230 39 Massey-Hnrris
3228 2194 122 38 Reapers
3371 2194 55 29 and
3454 2195 125 35 binders,
3600 2196 177 36 Cultivators,
3803 2197 138 37 fcicufflers,
3967 2197 129 40 Plough*

3440 2235 90 30 Horse
3543 2236 100 36 Rakes,

3282 2286 123 31 Peerless
3425 2286 53 37 Oil,
3499 2287 103 30 Binder
3621 2287 102 38 Twine,
3744 2288 49 31 &c.

3030 2368 48 30 All
3107 2367 90 31 Work
3227 2368 152 31 Entrusted
3400 2372 29 27 to
3455 2368 42 31 Us
3523 2370 54 29 will
3603 2370 117 30 Receive
3747 2370 114 40 Prompt
3886 2372 152 30 Attention.

3301 2448 132 22 CHARGES
3459 2448 135 22 STRICTLY
3621 2449 154 23 MODERATE

3232 2538 76 30 FOR
3346 2537 119 32 SALE!

3610 2538 74 30 FOR
3723 2539 116 31 SALE!

3055 2619 217 31 STAUNCH
3304 2620 92 29 AND
3434 2620 253 30 HANDSOME
3725 2621 381 32 THOROUGHBRED*

3433 2774 142 31 Produced
3602 2775 36 38 by

3139 2825 163 30 Yankee
3322 2827 241 28 enterprise
3584 2827 77 30 out
3681 2827 48 28 of
3751 2826 183 30 America.

3240 2866 48 39 Up
3300 2869 29 27 te
3342 2876 54 29 any
3409 2865 112 39 weight,
3534 2866 54 30 and
3602 2866 99 30 carries
3713 2876 17 19 a
3743 2865 88 39 Lady.

3048 2918 175 30 Guaranteed
3233 2919 169 37 thoroughly
3410 2918 88 29 sound
3510 2919 54 28 and
3574 2919 84 38 quiet.
3701 2919 62 28 Will
3772 2928 64 29 pass
3846 2919 116 29 traction
3972 2919 131 37 engines,,

2972 2961 95 33 trams,
3081 2958 96 36 trains,
3191 2961 172 33 motor-cars,
3377 2957 98 30 forked
3490 2958 151 40 lightning,
3654 2968 31 18 or
3703 2958 139 39 anything
3863 2958 66 38 else,
3948 2959 114 38 barring
4080 2968 23 22 a,

2972 2998 65 41 lady
3050 2999 132 30 mounted
3195 3008 36 20 on
3243 2998 117 30 another
3385 2998 161 29 Newhavkn
3567 2998 126 31 Bicycle.

3048 3078 183 29 FARMERS
3245 3078 144 40 requiring
3402 3077 83 30 Grain
3496 3078 95 36 Drills,
3602 3078 106 39 Turnip
3721 3078 55 29 and
3786 3079 118 30 Manure
3911 3078 95 36 Drills,
4019 3078 67 29 Com

2975 3118 83 31 bined
3072 3118 95 38 Drills,
3179 3118 67 31 Disc
3259 3119 141 37 Harrows,
3414 3117 131 41 Ploughs,
3560 3118 70 31 Seed
3645 3118 139 40 Cleaners,
3795 3132 32 19 or
3838 3132 54 27 any
3906 3119 80 32 other
3998 3119 108 40 Imple-*.

2973 3164 91 25 ments
3077 3172 32 17 or
3123 3160 141 30 Machines
3276 3159 98 30 should
3385 3159 67 30 send
3464 3160 45 29 for
3521 3171 50 18 our
3582 3160 154 36 catalogue.

2998 3200 59 20 THE
3070 3199 146 22 COLONIAL
3228 3199 150 22 COMBINED
3395 3199 102 21 DRILLS
3509 3200 61 20 AND
3584 3199 63 21 DISC
3660 3199 146 23 HARROWS
3819 3201 58 21 ARE
3890 3201 58 21 THE
3965 3200 64 22 BEST
4043 3198 35 22 M

3423 3226 57 22 THE
3501 3226 124 22 MARKET.

3063 3298 305 59 Morrow,
3438 3298 260 50 Bsss@ff
3769 3297 50 52 &
3882 3299 106 66 Co,

3224 3373 181 31 DUNfciDIN
3442 3382 55 21 and
3536 3372 312 38 CHRISTCHURCH,

3288 3425 65 31 Sole
3365 3426 108 36 Agents
3487 3425 28 30 in
3529 3424 67 30 New
3609 3425 118 29 Zealand
3742 3426 44 28 for

3103 3467 79 30 THE
3201 3466 219 31 M'CORMICK
3440 3466 249 29 HARVESTING
3709 3466 184 29 MACHINE
3913 3466 57 31 CO.

3021 3564 389 58 COSSENS
3478 3563 169 57 AND
3713 3560 334 75 BLACK,

3097 3652 235 39 ENGINEERS,
3352 3650 283 37 BLACKSMITHS,
3656 3650 277 32 MILLWRIGHTS
3955 3650 24 32 &

3382 3693 312 35 IRONFOUNDEKS,

3249 3745 362 27 CRAWFORD-STREET,
3651 3744 171 23 DUNEDIN.

3288 3814 383 29 —MANUFACTURERS
3704 3814 85 28 OF

2973 3857 141 39 Pumping
3128 3856 54 31 and
3204 3855 139 40 Winding
3363 3855 170 40 Machinery,
3559 3854 229 31 HYDRAULIC
3809 3853 113 31 MINDS
3930 3853 24 31 G
3976 3854 130 40 PLAN*^

3043 3899 157 37 (including
3215 3897 154 38 Hydraulic
3384 3897 120 36 Giants),
3520 3897 90 28 Sluice
3624 3896 110 35 Valves,
3748 3895 128 29 Elevator
3893 3895 144 39 Castings,

3280 3936 65 29 Iron
3360 3936 55 29 and
3430 3936 77 29 Steel
3522 3935 100 30 Flurnir
3633 3947 29 28 g,
3675 3934 59 37 &c,
3749 3934 49 31 &c.

3085 3989 157 30 DREDGE
3268 3988 218 36 TUMBLERS,
3508 3988 186 36 BUCKETS,
3714 3987 127 36 LINKS,
3862 3986 60 36 &c,
3942 3986 48 31 &c.

2977 4031 207 35 Waterwheels,
3194 4029 147 35 Turbines,
3355 4029 84 29 Brick
3453 4028 55 29 and
3523 4029 86 28 Drain
3625 4028 67 39 Pipe
3706 4027 117 40 Making
3834 4028 55 29 and
3899 4027 91 30 Wood
4001 4027 80 30 Work-

3057 4073 48 37 ing
3121 4071 171 37 Machinery.
3334 4069 90 30 Horse
3440 4069 119 36 Powers,
3574 4069 192 35 Chaffcutters,
3781 4068 104 39 Turnip
3903 4068 125 39 Pulpers,

3225 4111 54 30 and
3293 4111 36 29 all
3342 4110 84 30 kinds
3438 4110 30 30 of
3480 4109 162 40 Machinery
3655 4110 53 29 and
3722 4109 129 39 Gearing.

3091 4193 20 21 A
3137 4191 79 22 VERY
3245 4191 95 21 LARGE
3366 4190 89 22 STOCK
3480 4189 36 21 OF
3542 4189 144 21 PATTERNS
3711 4189 35 21 TO
3772 4188 103 22 SELECT
3901 4188 87 23 FROM.

2974 4259 215 31 ESTIMATES
3211 4258 131 31 GIVEN.

3513 4255 355 32 CORRESPONDENCE
3889 4255 210 32 SOLICITED.

2991 4342 116 38 Repairs
3121 4341 54 29 and
3191 4351 82 27 every
3286 4339 167 38 description
3468 4339 29 28 of
3511 4338 188 38 Engineering
3712 4338 53 28 and
3784 4337 194 31 Blacksmith's
3991 4338 92 29 Work

3379 4378 143 38 Promptly
3543 4378 148 28 Executed.

3172 4471 104 35 GROWN
3306 4472 37 34 ON
3374 4471 62 35 THE
3467 4472 88 34 HILLS
3583 4473 36 33 OF
3647 4471 104 35 SUNNY
3777 4472 124 36 CEYLON.

3485 4735 121 32 KOZ'IE

3365 4753 10 8 --.

3064 4762 13 15 m-

3063 4779 32 27 m

3064 4823 40 21 Ki

3064 4861 40 29 1%

3384 4988 45 14 urn
3443 4968 58 35 £*,
3553 4968 2 35 I
3593 4975 80 27 ifiinh
3686 4982 36 18 nil,
3737 4982 21 19 ■

3737 4983 95 17 mmam

3762 5003 118 47 run*
3885 5005 30 45 !h
3927 5005 50 45 iii.

3097 5021 12 30 I
3136 5018 35 33 a.
3172 5018 6 17 ,
3175 5040 6 11 l
3193 5018 330 33 lKtfl»lHilKff.'lWi
3558 5018 85 33 lAUV:

2970 5094 129 70 W.
3146 5089 366 75 Bmmlmt
3558 5087 64 73 ft
3675 5079 171 95 Co.,
3902 5111 152 29 dtoew

3402 5183 90 33 Loqal
3514 5183 145 27 Agents—

3002 5242 35 29 D.
3054 5239 196 36 CORMACK,
3271 5236 174 40 Roxburgh;
3464 5234 124 31 JOHNS
3608 5234 23 29 &
3652 5232 181 37 M'COMBE,
3854 5233 105 30 Millers
3979 5234 72 29 Flat.

3596 5316 86 30 OZIE
3697 5316 82 29 TEA.
3818 5316 26 29 A
3856 5316 173 39 stimulating
4038 5317 56 29 and

3630 5357 154 38 sustaining
3797 5367 52 29 cup
3861 5357 29 29 in
3903 5367 120 21 summer
4039 5359 57 39 an^

3541 5400 103 28 winter.
3683 5397 35 29 D.
3734 5396 39 30 Co
3778 5406 99 27 rmack,
3890 5398 105 37 Agent,
4017 5398 60 29 itox-

3541 5439 99 37 burgb.

2998 5311 14 26 >
3044 5309 112 25 OBK
3186 5308 21 24 R
3234 5307 19 23 T
3318 5305 24 24 M
3344 5303 7 14 >
3381 5303 22 24 K
3435 5301 77 26 AY.

3008 5377 123 23 General
3158 5374 104 28 Pra?kr
3278 5378 50 18 and
3340 5370 129 23 Clothie*

3083 5424 61 25 Ross
3165 5423 70 26 Place
3259 5421 130 24 Laurence.

3026 5537 57 22 New
3102 5534 46 26 and
3167 5531 158 25 Fashionable
3347 5529 105 28 Drapery

2996 5576 77 29 Large
3085 5572 63 25 stock
3165 5570 78 28 Alan's
3256 5571 46 22 and
3317 5569 60 28 Hoys
3386 5566 109 29 Cioth*'g

3027 5614 86 24 Ladies
3186 5609 125 24 Uiildrens
3322 5607 130 31 requisites.

2998 5671 74 25 Viairs
3275 5664 46 24 and
3356 5660 158 32 surrounding

2968 5706 102 23 districts
3083 5700 105 33 monthly
