2550 4039
81 76 317 27 THE
503 76 317 27 NEW
925 76 738 27 ZEALAND
1768 76 738 27 GAZETTE

81 103 2425 193 AND

81 296 1155 192 WELLINGTON
1351 296 1155 192 SPECTATOR.

619 509 221 39 PUBLISHED
885 512 133 38 EVERY
1063 514 259 38 WEDNESDAY
1366 516 88 37 AND
1501 517 231 40 SATURDAY
1777 520 202 40 MORNING.

550 622 134 33 PORT
712 625 290 41 NICHOLSON,
1024 629 316 33 WEDNESDAY,
1357 630 242 43 MORNING,
1621 637 271 33 NOVEMBER
1916 643 50 33 17,
1992 644 88 28 1841.

97 619 65 33 No.
186 621 65 39 90.]

2319 644 98 39 [Vol.
2440 645 47 32 11.

752 719 44 20 Ex
986 722 55 21 and

690 751 96 49 RED
801 752 46 22 and
862 752 68 24 white
946 754 58 22 wine
1020 754 24 23 in
1062 755 69 28 pipes,
1149 754 50 22 half
1210 755 68 27 pipes,

770 779 46 22 and
833 783 90 24 quarter
939 781 77 28 casks;
1030 782 68 22 moist
1114 789 72 20 sugar,
1203 781 77 23 Dutch

689 806 89 27 cheese,
797 806 86 27 ginger,
902 814 92 21 pepper,
1010 808 46 23 and
1069 809 65 22 black
1160 812 51 24 tea;
1235 809 44 22 five

688 835 52 19 tons
759 832 26 22 of
804 833 46 22 fine
867 841 50 15 new
936 835 103 23 Colonial
1056 835 65 23 flour.
1163 835 78 29 Apply
1256 839 23 19 to

941 868 37 22 W.
994 869 25 22 B.
1035 869 96 22 Rhodes
1150 870 45 22 and
1211 871 46 22 Co.-

688 910 198 49 MAIZE!
926 912 154 23 MAIZE!
1120 913 156 24 MAIZE!

781 944 29 15 on
821 938 46 22 sale
876 941 24 19 at
908 938 38 22 the
958 939 74 22 Stores
1044 940 27 22 of

961 966 22 22 J.
995 966 33 22 M.
1038 966 103 28 Taylor,
1152 967 32 22 Te
1193 968 56 22 Aro.
1257 990 2 5 ,

748 1007 232 25 RIMSTONE'S
997 1011 204 23 CELEBRATED
1216 1012 60 23 EYE

769 1035 105 28 SNUFF,
890 1043 29 15 on
930 1036 47 23 sale
987 1040 23 19 at

931 1069 23 23 J.
970 1070 34 23 M.
1018 1071 117 23 Taylor's
1150 1073 70 27 Store,

1150 1100 32 21 Te
1191 1100 56 22 Aro.

685 1140 97 48 JM.
799 1140 134 30 TAYLOR,
949 1142 33 22 Te
998 1143 55 28 Aro,
1072 1143 40 23 has
1130 1152 27 14 on
1175 1145 53 28 sale,
1246 1153 30 14 ex

726 1177 12 11 •
768 1168 61 26 Lucy
839 1169 90 27 Sharpe,
942 1171 113 26 Clydeside,
1066 1171 46 22 and
1120 1173 93 20 Matilda
1220 1181 36 12 :—

713 1193 109 24 Gunter's
831 1196 93 28 pickles,
935 1204 85 21 sauces,
1030 1198 87 28 cheese,
1129 1200 40 21 &c.

712 1221 116 28 Blankets,
839 1223 89 27 printed
938 1224 112 28 druggets,
1062 1226 88 27 tweeds,

712 1247 54 29 Slop
785 1248 106 29 clothing,
910 1251 92 28 printed
1020 1252 102 27 muslins,
1146 1253 64 22 boots
1229 1253 46 22 and

684 1274 75 28 shoes,

712 1301 56 28 Ship
777 1302 131 29 chandlery,
916 1303 87 29 blocks,
1015 1305 90 28 oakum,
1116 1307 39 22 &c.

711 1328 112 29 Tobacco,
836 1330 92 24 tobacco
936 1332 72 28 pipes',
1015 1352 2 7 ,

712 1355 87 28 Paints,
809 1358 136 27 turpentine,
952 1358 76 23 boiled
1037 1359 37 28 oil,

712 1383 132 23 Stockholm
853 1387 40 24 tar,
904 1385 70 28 pitch,
985 1388 41 25 tar,
1037 1386 101 28 brushes,

711 1410 136 28 Stationery,
857 1411 144 28 gunpowder,
1011 1413 108 28 muskets^
1130 1414 40 22 &c.

711 1436 140 29 Perfumery,
862 1445 61 20 soap,
931 1438 124 29 jewellery,
1111 1449 18 16 ».
1143 1449 3 5 >

711 1463 67 23 Some
787 1463 46 23 fine
842 1464 55 23 East
905 1465 68 22 India
982 1466 108 28 Madeira,
1100 1467 54 23 L.P.
1163 1467 111 23 Teneriffe

680 1489 96 28 •Sherry.

862 1537 94 25 Sperm
971 1538 126 22 Candles.

684 1568 72 50 ON
776 1569 86 28 SALE,
879 1577 14 15 a
906 1571 104 28 quantity
1025 1572 27 22 of
1069 1580 55 21 very
1139 1573 45 22 fine
1199 1581 75 21 sperm

748 1595 46 23 and
801 1597 149 27 composition
962 1599 100 22 candles.

1018 1626 30 22 D.
1058 1627 21 21 S.
1090 1627 79 22 Durie
1178 1627 46 22 and
1234 1628 38 21 Co.

680 1672 91 48 THE
785 1674 153 27 undersigned
953 1675 58 23 have
1020 1676 37 22 for
1065 1677 53 26 sale,
1130 1685 28 14 ex
1171 1679 100 28 Matilda,

753 1707 14 15 a
782 1701 109 28 superior.,
896 1701 34 23 lot
945 1703 27 21 of
985 1704 109 22 seasoned
1104 1704 71 23 Baltic
1185 1705 87 28 boards,

752 1727 52 23 well
822 1731 43 24 cut,
877 1729 46 21 and
940 1729 97 28 adapted
1050 1731 36 22 for
1104 1731 103 28 building
1222 1740 51 19 pur-

679 1759 76 21 poses.

1006 1783 84 23 Waitt
1102 1785 47 23 and
1161 1785 84 24 Tyser.

784 1834 55 21 For
854 1834 70 26 Sale,
941 1841 37 15 ex

681 1866 93 48 ONE
787 1867 110 22 hundred'
902 1868 44 23 and
957 1868 77 28 eighty
1042 1869 55 28 bags
1106 1877 74 21 sugar,

757 1894 14 21 7
780 1893 54 28 bags
843 1894 87 29 ginger,
1194 1895 5 8 '

705 1921 30 21 36
744 1920 55 22 coils
807 1928 62 21 rope,

706 1948 27 20 12
743 1954 63 15 cases
815 1947 117 29 furniture,

705 1975 27 20 13
742 1974 64 27 bags,
806 1982 64 19 sago,,
993 1976 3 3 '
1058 1978 5 9 *
1095 1994 3 2 .

704 1998 121 29 NutmegsJ
836 2007 66 20 sugar
910 2001 83 28 candy,

705 2025 87 27 Gunny
799 2026 61 28 bags,
867 2028 104 27 oatmeal,

703 2051 44 23 Tin
757 2053 78 33 plates,
848 2056 10 19 1
867 2062 12 14 c
889 2055 46 21 and
944 2056 12 21 1
964 2062 24 21 x,

703 2076 92 26 Bottled
804 2080 85 29 sherry,

703 2105 125 24 Preserved
836 2111 79 20 meats.

1008 2136 82 24 Waitt
1100 2138 47 23 and
1154 2139 85 23 Tyskr.

919 2181 106 22 Bricks.

674 2211 143 49 BRICKS
828 2220 30 15 on
867 2213 46 23 sale
922 2215 32 27 by
963 2215 38 22 the
1010 2216 158 28 undersigned,
1184 2222 24 19 at
1220 2221 46 21 60s.

751 2246 41 20 per
802 2241 62 21 1000.

701 2265 107 24 Terms—
810 2267 59 23 Cash
878 2275 30 15 on
918 2269 100 29 delivery
1027 2273 24 20 at
1060 2270 38 23 the
1107 2271 56 24 kiln.

700 2319 62 9 ,_.„.
1083 2298 31 23 A.
1131 2299 107 24 LuDLAM.

700 2320 160 29 Willis-street,
870 2322 53 22 29th
933 2323 106 23 October.

675 2365 74 49 ON
759 2365 85 28 SALE,
856 2374 29 15 ex
893 2369 61 20 Arab
963 2369 46 22 and
1018 2370 82 21 Amelia
1111 2372 125 24 Thompson-.
1237 2384 29 5 —

751 2394 79 26 50,000
837 2393 82 24 bricks.

755 2420 28 22 20
792 2420 66 23 hhds.
867 2421 63 23 lime.

700 2446 23 22 A
728 2447 103 28 quantity
837 2448 26 21 of
864 2448 88 24 battens
957 2450 102 23 andinch
1065 2451 72 23 board
1143 2453 120 28 (English.)

757 2474 75 28 Apply
841 2477 24 20 to
1041 2478 89 24 Willis
1142 2481 44 21 and
1196 2482 39 21 Co.

844 2521 44 21 Ex
902 2523 46 20 the

670 2553 111 49 POTS,
791 2553 89 29 kettles,
891 2563 131 21 saucepans,
1033 2558 45 22 and
1088 2566 68 21 every
1166 2560 98 29 descrip-

744 2580 49 23 tion
803 2581 27 22 of
836 2582 96 28 cooking
940 2585 103 22 utensils.
1067 2601 3 5 ,

698 2607 73 28 Guns,
782 2608 82 24 double
876 2610 47 22 and
938 2610 72 28 single
1026 2611 81 30 barrel,
1118 2614 95 23 suitable
1227 2615 36 22 for

670 2634 77 23 native
756 2634 71 23 trade.

802 2662 123 29 Wallace,
941 2664 93 29 White,
1050 2667 45 21 and
1109 2667 124 24 Wallace.

737 2707 130 22 Presents
881 2710 29 20 to
927 2711 70 20 send
1011 2712 30 20 to
1056 2712 136 28 England.

824 2741 123 25 NATIVE
961 2744 91 28 MATS,
1068 2745 41 23 &c.

667 2776 53 48 A
734 2775 69 23 FEW
812 2784 31 14 on
851 2777 47 22 sale
908 2781 23 18 at
940 2778 40 23 the
990 2779 75 23 Stores
1075 2780 26 22 of

799 2803 124 29 Wallace,
939 2805 94 29 White,
1048 2808 47 21 and
1109 2808 124 24 Wallacs.

695 2835 130 23 November
834 2838 34 26 11,
880 2839 62 21 1841.

666 2880 166 48 BARLEY,
848 2882 47 23 and
906 2883 81 29 barley
996 2885 46 23 and
1057 2886 74 23 wheat
1148 2891 65 20 straw
1227 2890 36 21 for

745 2907 54 23 sale.

694 2960 18 10 t,
738 2960 7 8 ,
859 2963 18 2 _
1060 2940 76 24 James
1150 2942 82 23 Watt.

693 2960 154 29 Berhampore
859 2963 74 28 Farm,
946 2965 51 22 Oct.
1007 2967 35 27 28,
1053 2968 61 22 1841.

856 3008 34 21 A.
904 3008 87 27 Hort,.
1003 3010 71 28 jun.,

742 3039 283 28 CUSTOM-HOUSE
1052 3046 132 25 AGENT.

691 3073 92 27 August
791 3074 35 28 27,
840 3076 62 22 1841.
1032 3092 14 5 ..

859 3121 27 21 J.
900 3122 39 22 M.
956 3123 110 28 Taylor,

740 3153 285 27 CUSTOM-HOUSE
1052 3159 133 25 AGENT.

663 3185 117 30 Courtney
789 3187 74 28 Place,
875 3189 32 23 Te
917 3190 56 23 Aro.

890 3234 32 23 H.
936 3235 96 30 READ,

804 3269 119 22 Tinman
933 3272 57 20 and
999 3264 122 36 Brazier,

741 3300 63 24 Near
813 3302 39 23 the
863 3304 157 29 Court-house,
1031 3306 147 29 Wellington.

787 3346 116 30 INGLIS,
921 3349 55 28 (late
987 3351 56 22 Miss
1058 3352 96 29 Souter,)
1164 3355 56 27 begs
1232 3359 25 18 to

661 3373 65 37 .\
756 3399 7 11 ,T,
771 3380 13 16 T
785 3376 23 32 $
808 3382 42 15 nrn
860 3375 21 35 )*
883 3383 12 14 c*e
896 3383 11 14 *
921 3377 98 27 grateful
1038 3379 220 30 acknowledgments

661 3402 25 19 to
702 3401 40 21 the
756 3401 72 22 ladies
845 3401 27 23 of
886 3402 54 22 Port
956 3404 123 24 Nicholson
1095 3408 36 22 for
1147 3408 38 23 the
1201 3417 55 18 very

660 3427 81 21 liberal
759 3431 124 24 patronage
901 3429 41 23 she
961 3431 40 22 has
1014 3433 104 23 received
1137 3435 60 23 since
1215 3436 42 22 her

661 3454 89 26 arrival,
766 3454 46 23 and
820 3455 54 28 begs
884 3459 23 19 to
917 3460 58 19 state
986 3458 48 23 that
1050 3460 39 23 she
1099 3461 42 22 has
1149 3463 108 22 removed

660 3481 42 21 her
719 3481 146 29 Millinery,
886 3483 85 28 Dress,
992 3485 45 22 and
1059 3488 81 22 Straw
1159 3490 96 23 Bonnet

660 3509 202 28 Establishment,
881 3510 58 22 from
963 3512 45 23 Mr.
1027 3513 71 23 Jabez
1115 3516 96 27 Allen's,
1231 3521 24 18 to

661 3535 242 30 Wellington-terrace,
924 3538 96 29 directly
1043 3544 24 19 at
1088 3542 39 23 the
1150 3543 59 23 back
1231 3545 27 21 of

660 3562 45 22 Mr.
717 3562 114 22 Robson's
841 3563 71 23 Store.

700 3596 46 16 N.B.
749 3603 27 3 —
777 3597 111 15 FASHIONS
903 3599 139 16 REGULARLY
1057 3602 62 16 FROM
1140 3604 73 16 PARIS.

786 3624 89 21 Several
883 3626 140 26 Apprentices
1039 3631 89 21 wanted.

657 3669 39 20 To
712 3669 169 27 Merchants,
897 3671 185 29 Shipowners,
1093 3676 121 21 Masters
1225 3677 31 21 of

801 3696 122 28 Vessels,
938 3700 57 20 and
1010 3701 100 22 others.

656 3728 187 49 WILLIAM
860 3730 134 30 WJLCOX,
1006 3734 56 22 Ship
1077 3735 113 29 Builder,
1201 3737 49 28 &c,

752 3758 90 21 intends
852 3758 24 22 in
886 3758 75 23 future
971 3761 105 28 carrying
1091 3770 30 14 on
1137 3771 14 14 a
1162 3764 91 27 regular

656 3782 122 26 Ship-yard
800 3784 24 21 in
848 3785 54 22 Port
924 3786 134 29 Nicholson,
1077 3789 74 23 where
1170 3791 82 26 sailing

655 3810 90 26 vessels,
757 3817 25 14 or
787 3813 69 19 steam
865 3813 65 25 boats,
947 3814 28 20 of
988 3821 45 20 any
1048 3819 105 24 tonnage,
1169 3824 42 15 can
1222 3818 28 22 be

654 3836 58 21 built
721 3840 22 17 to
755 3837 49 27 any'
809 3838 82 22 model.
992 3848 20 15 -y,
1052 3847 22 14 ><
1098 3854 2 6 ,

683 3862 89 23 Vessels
789 3864 57 22 hove
862 3864 72 30 down,
945 3873 26 15 or
978 3866 47 23 hov
1022 3885 4 11 s
1026 3871 21 18 e'
1053 3875 28 15 on
1100 3868 72 29 shore,
1185 3877 64 15 over-

653 3890 89 24 hauled,
754 3890 45 22 and
808 3892 116 28 generally
934 3894 110 26 repaired.

681 3915 80 22 Whale
776 3916 65 23 boots
856 3918 58 22 built
930 3919 74 28 singly
1019 3928 25 14 or
1060 3921 33 28 by.
1105 3921 39 23 the
1159 3923 85 23 dozen:

651 3942 59 21 Deal
720 3942 70 28 boats,
801 3942 57 24 New
867 3944 63 23 York
942 3946 57 27 pilot
1006 3947 71 28 boats,
1088 3946 42 26 &c.

681 3968 82 23 N.B.—
763 3969 120 25 -Scientific
893 3972 86 24 models
990 3975 64 22 made
1063 3979 22 19 to
1095 3976 72 24 order.

200 715 55 21 For
282 715 117 21 London
423 715 97 27 direct,

219 750 30 20 To
251 749 78 25 follow
339 750 36 21 the

104 778 83 41 NJSfSL
217 808 4 3 -
309 787 106 23 ANTED
425 790 24 20 to
457 795 12 15 c
469 787 16 22 h
487 791 34 19 art
561 795 14 16 a
584 789 74 22 vessel

94 811 134 36 imgSa^,
244 811 24 34 ?>.
279 824 10 12 »
335 814 27 22 of>
376 816 59 21 fro™
450 816 42 21 200
507 819 24 19 to
546 817 41 20 300
606 820 51 19 tons

91 837 137 36 tjTJ^Hy
249 840 107 23 burthen.
385 842 78 28 Apply
472 846 24 18 to

67 864 165 42 fjggli(!lJE^
279 868 23 22 J.
314 868 33 22 M.
356 868 104 26 Taylor,
472 869 53 28 Ship
535 870 92 28 Broker,

209 938 54 21 For
276 939 106 21 Nelson
396 939 107 28 Haven,

232 974 35 20 To'
267 974 47 20 Sail
321 974 23 20 in
352 974 65 26 ttfew
426 975 59 26 days,

63 1001 108 45 -"'^Sg]
216 1010 93 22 JTIHE
326 1010 45 22 fast
386 1018 52 15 new
453 1011 112 23 schooner
578 1014 75 26 Mana,

64 1034 138 38 _imM&^.
313 1036 98 24 Thomas
440 1039 91 26 Barker,
562 1044 92 19 master.

216 1063 135 28 Passengers
361 1065 100 22 desirous
470 1066 26 21 of
508 1066 93 27 visiting
610 1066 45 23 this

57 1087 209 39 BBn^ff^&new
275 1091 46 21 and
329 1091 124 28 important
462 1092 135 28 settlement,
609 1094 46 22 will

56 1114 149 29 HSbßbhSv
215 1117 58 23 have
290 1117 39 23 the
345 1119 145 27 opportunity
500 1120 26 21 of
535 1120 120 28 returning

58 1143 31 28 by
103 1152 63 14 same
183 1152 144 19 conveyance
343 1145 25 22 in
382 1145 69 22 about
469 1149 39 18 ten
523 1146 55 27 days
589 1147 66 24 .after

58 1171 83 22 arrival
152 1171 69 24 there.
249 1172 46 21 For
303 1171 84 28 freight
401 1179 25 15 or
442 1180 94 20 passage
551 1174 68 28 apply
629 1178 24 19 to

294 1198 75 23 Munn
383 1199 46 22 and
443 1199 106 29 Barkkr,
560 1207 27 16 or
602 1206 23 17 to

295 1225 88 22 Willis
397 1226 47 23 and
458 1227 40 22 Co.

184 1271 53 20 For
251 1270 158 28 Wanganui
427 1272 96 26 direct,

73 1305 31 19 To
113 1304 42 21 sail
159 1305 113 26 positively
281 1311 27 14 on
319 1305 114 26 Saturday,
444 1306 36 20 the
488 1307 53 20 20tA
549 1308 88 25 instant,

93 1335 81 42 ygtfSL
225 1338 92 39 np&E
340 1343 45 23 fine
408 1343 45 23 fast
475 1344 81 27 sailing
579 1345 74 22 NEW

85 1367 132 38 fg&s3§§V.
231 1376 31 15 -*-
288 1369 69 28 Clyde
367 1370 58 22 built
439 1371 85 28 barque
536 1373 115 26 Clydeside,

74 1392 144 40 Jy^^^g^
237 1396 29 22 B-
277 1397 135 28 Mathieson,
418 1399 159 24 .commander.
602 1399 51 22 Has

58 1420 163 38 gffiES^
237 1430 56 21 very
307 1424 101 27 superior
416 1430 4 4 ■
427 1426 172 30 acpomodation
616 1427 37 21 for

58 1454 9 13 t
67 1454 154 21 hft»fri%Hiap
236 1457 138 21 passengers,
393 1451 46 22 and
453 1451 20 23 i
475 1451 18 23 3
487 1453 51 21 well
554 1453 99 28 adapted

54 1475 36 21 for
99 1476 107 27 carrying
215 1477 75 23 cattle.
319 1478 45 22 For
382 1478 84 27 freight
473 1486 26 14 or
507 1486 94 21 passage
613 1488 40 20 ap-

54 1501 40 28 ply
103 1505 25 19 to
137 1500 38 24 the
186 1503 95 28 Captain
291 1512 30 14 on
328 1505 77 27 board,
415 1513 26 14 or
449 1508 25 20 to

406 1538 85 23 Waitt
505 1540 45 22 and
564 1541 86 22 Tyser.

150 1583 54 20 For
217 1583 46 20 the
279 1583 132 21 Chatham
425 1584 121 22 Islands.

63 1627 16 10 -*
79 1624 11 13 sl
93 1610 79 43 jfa2jg>
216 1615 92 38 rjIHE
319 1615 45 23 fine
373 1617 138 28 fast-sailing
519 1618 51 28 brig
585 1620 64 20 Caro-

72 1666 12 12 J
84 1646 108 29 Mfe~BSl
191 1670 4 5 k
222 1653 31 10 -*-
286 1643 49 25 line,
355 1643 28 22 R.
408 1644 104 28 Coombs,
537 1649 83 19 master
621 1658 29 5 —

228 1667 86 29 having
322 1673 51 25 part
382 1671 27 22 of
414 1670 41 23 her
461 1679 67 20 cargo
538 1674 110 27 engaged,

53 1695 156 35 lyrrfj^nSßE
228 1695 46 22 will
284 1696 40 23 sail
340 1697 25 22 in
379 1697 70 23 about
461 1698 35 23 six
512 1699 62 28 days.
603 1701 46 21 For

227 1722 83 28 freight
329 1731 25 15 or
369 1731 95 21 passage
480 1726 68 28 apply
568 1730 23 19 to
609 1728 40 22 the

214 1749 94 28 Captain
319 1758 29 15 on
357 1751 77 29 board,
446 1760 26 15 or
480 1756 24 19 to
577 1764 7 12 •_
587 1767 17 15 ih

368 1778 102 24 Waters
480 1780 46 22 and
535 1780 84 24 Smith.

203 1822 53 20 For
272 1822 109 27 Sydney
398 1823 98 28 direct,

209 1858 92 26 HT'HE
333 1860 46 22 fine
401 1860 47 22 fast
466 1861 88 28 sailing,
580 1863 24 22 A
628 1865 11 21 1

282 1886 86 28 barque
388 1888 111 26 Winwick,
517 1891 35 20 W.
568 1889 76 29 Ware,

55 1909 53 32 <J\i
114 1909 93 38 JJZE3&
221 1914 154 28 commander,
382 1914 46 23 will
437 1916 42 22 sail
484 1916 37 22 for
527 1916 38 22 the
575 1917 71 23 above

50 1938 157 38 Sgggfjgglg
216 1939 25 31 ?
242 1943 35 19 ovt
285 1940 25 22 in
325 1940 105 24 fourteen
446 1942 63 29 days.
538 1943 45 23 For
595 1951 52 20 pas-

50 1965 152 32 ySgeS&Ssr
221 1974 53 19 sage
282 1968 61 28 only,
352 1968 85 28 having
445 1970 102 27 superior
555 1978 91 15 accom-

44 1990 130 28 inodaHoir,
186 1992 69 26 apply
266 1991 35 22 tUT-
346 1992 5 4 *
470 2000 11 3 -
498 1999 5 3 -
531 2001 2 3 .

311 2018 37 23 W.
362 2020 28 22 B.
404 2020 98 22 Rhodes
515 2022 46 22 and
575 2023 40 22 Co.

204 2062 54 21 For
272 2063 109 27 Sydney
395 2064 97 28 direct,

158 2096 30 20 To
201 2096 42 20 sail
255 2098 23 19 in
292 2098 63 21 about
361 2099 105 25 fourteen
479 2101 58 27 days,

36 2124 118 111 Jk
174 2135 93 25 TPHE
281 2136 46 23 fine
342 2138 43 23 fast
397 2140 82 28 sailing
495 2141 85 29 barque
593 2143 51 21 Ma-

185 2163 24 19 M.
248 2164 60 26 Tilda,
330 2165 93 28 Captain
448 2168 104 23 Roberts.
589 2169 55 23 This

136 2196 33 31 IP
247 2192 73 21 vessel
328 2192 41 22 has
378 2197 61 18 most
446 2196 101 26 superior
554 2204 90 15 accom-

136 2216 32 19 w
187 2216 128 24 modations
333 2219 36 22 for
385 2227 141 22 passengers,
549 2223 20 23 is
592 2224 52 22 well

47 2243 78 24 lound,
136 2243 46 22 and
195 2243 77 23 famed
281 2245 34 22 for
324 2246 94 28 making
427 2249 69 27 quick
507 2249 61 28 trips.
597 2251 46 23 For

49 2269 82 24 freight
151 2276 25 15 or
192 2277 102 23 passage,
311 2273 68 29 apply
397 2277 24 19 to
441 2275 38 23 the
500 2277 95 27 Captain
613 2286 29 15 on

50 2296 74 25 board,
136 2302 25 15 or
171 2300 23 18 to

51 2349 9 1 _
370 2328 84 23 Waitt
469 2330 45 22 and
528 2331 86 23 Tyser.

348 2373 109 29 STEAD,
481 2375 28 22 of
523 2376 39 22 the
590 2378 52 21 Ger-

61 2396 94 34 yV&£&
164 2402 40 16 >-^
233 2399 68 26 trude,
312 2399 46 23 will
367 2404 40 19 not
415 2401 30 22 be
455 2403 137 24 answerable
607 2406 35 21 for

48 2423 110 25 •jrSrggfca
172 2431 46 20 any
228 2425 64 23 debts
300 2428 130 22 contracted
439 2429 31 28 by
479 2429 36 23 his
524 2438 65 15 crew.

155 2469 146 23 Contracts
311 2472 44 21 for
364 2473 166 28 Stationery.

243 2505 198 25 Sub-Treasurer's
450 2507 79 30 Office,
614 2502 2 14 '

44 2554 53 50 N
178 2530 146 29 Wellington,
338 2533 130 23 November
476 2537 34 26 16,
521 2538 63 22 1841.

99 2556 93 24 OTICE
208 2557 28 23 IS
246 2559 129 24 HEREBY
392 2561 109 28 GIVEN,
515 2563 50 23 that
579 2564 60 23 Ten-

126 2585 49 21 ders
191 2585 46 22 will
245 2585 29 23 be
282 2587 103 23 received
395 2591 23 20 at
434 2589 45 22 this
490 2590 71 23 Office
579 2592 60 22 until

46 2616 58 16 noon
115 2611 26 21 of
147 2611 151 30 Wednesday,
308 2613 40 23 the
356 2615 53 22 24th
420 2620 65 24 curt.,
496 2618 36 21 for
540 2618 99 23 furnish-

44 2643 40 21 ing
92 2638 36 21 for
135 2638 38 22 the
185 2639 103 23 Colonial
297 2641 88 23 Service
399 2643 25 22 in
435 2644 45 22 this
487 2644 100 29 District,
598 2646 39 23 the

44 2665 202 23 undermentioned
255 2668 106 28 supplies,
376 2670 25 21 in
411 2671 58 22 such
479 2672 121 28 quantities
613 2681 24 15 as

44 2691 85 26 maybe
135 2693 111 28 required,
253 2694 36 22 for
297 2695 39 22 the
346 2697 96 28 ensuing
450 2705 56 21 year
512 2707 6 19 ;
529 2699 60 23 from
598 2700 38 23 the

43 2719 34 19 Ist
85 2721 109 26 January,
212 2722 62 27 1841,
284 2729 62 21 upon
358 2723 39 23 the
408 2725 128 23 conditions
546 2726 90 24 herein-

44 2746 55 20 after
108 2747 114 26 specified.

261 2783 151 18 STATIONERY.

67 2799 111 28 Foolscap
187 2807 77 22 paper,
274 2802 50 23 best
334 2804 93 28 quality,

124 2826 65 23 Ditto
270 2831 85 21 second
363 2826 93 34 quality.

68 2853 80 21 Letter
156 2860 76 22 paper,
241 2854 51 24 best
300 2857 94 29 quality,

66 2878 63 23 Note
138 2887 76 21 paper,
324 2883 38 23 do.

65 2905 105 30 Blotting
177 2915 71 20 paper
324 2910 37 22 do.

67 2933 111 28 Drawing
186 2942 78 28 paper,
274 2936 27 22 of
307 2936 64 29 sizes,

66 2959 68 29 Pens,
147 2958 74 32 quills,
231 2962 48 29 ink,
291 2970 25 15 or
324 2964 41 22 ink
373 2965 109 29 powders,

67 2987 92 28 Sealing
167 2996 51 15 wax
228 2990 45 22 and
282 2991 86 27 wafers,

66 3013 49 23 Pen
125 3015 81 23 knives
215 3016 46 23 and
270 3017 76 29 ebony
355 3018 75 23 round
439 3020 78 29 rulers,

66 3040 74 29 Paper
148 3042 80 23 knives
238 3044 46 22 and
293 3050 97 18 account
397 3046 80 28 books,

67 3067 78 24 Letter
154 3069 71 23 books
234 3071 71 27 ruled,
316 3072 27 21 of
348 3072 30 22 all
388 3073 65 23 sizes.

66 3094 72 24 Black
147 3095 52 24 lead
208 3098 86 27 pencils
303 3098 46 23 and
359 3099 66 23 India
432 3101 89 29 rubber,

65 3121 92 24 Lucifer
165 3124 102 23 matches
275 3125 46 22 and
329 3126 68 23 wafer
405 3130 93 26 stamps,

66 3147 122 26 Inkstands
199 3151 45 23 and
253 3152 78 23 brown
339 3154 100 28 packing
446 3162 77 22 paper,

66 3175 115 29 Cartridge
189 3185 70 21 paper
268 3179 46 23 and
322 3180 40 23 red
373 3184 59 26 tape,

66 3202 48 22 Silk
121 3203 88 29 ribbon,
219 3206 48 22 and
275 3206 60 28 cord,
345 3215 77 20 green*

66 3229 39 22 All
112 3230 39 22 the
164 3232 95 30 articles,
267 3234 104 28 required
380 3235 31 27 by
420 3235 45 23 tins
475 3237 75 23 notice
560 3246 38 15 are
609 3243 22 20 to

71 3282 11 13 a
134 3284 13 11 jestj
173 3261 35 20 est
216 3267 14 20 9
231 3260 57 22 ualit
288 3268 15 20 y
312 3261 28 22 of
345 3261 58 23 their
413 3264 88 22 several
510 3264 74 25 kinds.

66 3285 32 19 As
119 3285 111 28 adequate
239 3288 99 28 security
346 3288 45 23 will
399 3288 29 23 be
437 3291 105 27 required
550 3293 37 22 for
592 3293 39 23 the

38 3312 120 21 imminent
166 3312 28 22 of
202 3312 38 23 the
250 3317 108 25 contract,
369 3323 30 15 no
407 3316 93 24 Tender
508 3326 42 16 can
558 3320 30 22 be
598 3325 34 18 at-

38 3339 83 20 tended
134 3341 25 20 to
171 3339 77 24 unless
265 3342 160 26 accompanied
439 3344 32 28 by
480 3352 15 15 a
510 3347 121 24 certificate

39 3366 57 18 lrom
106 3366 38 21 the
154 3367 81 27 parties
247 3370 112 26 proposed
373 3377 25 16 as
407 3372 122 28 securities,
547 3375 85 25 stating

39 3393 48 19 tnat
101 3393 54 27 they
163 3400 39 15 are
210 3393 86 30 willing
308 3399 25 19 to
342 3396 95 24 become
452 3398 79 24 bound
539 3401 36 22 for
591 3402 39 23 the

39 3419 123 22 contractor
171 3422 150 29 accordingly,
339 3424 45 22 and
394 3424 38 23 the
449 3426 73 23 bonds
532 3431 61 19 must
601 3429 29 23 be

39 3445 108 22 executed
156 3447 77 23 within
242 3452 39 19 ten
296 3450 56 28 days
366 3451 60 23 from
442 3452 39 23 the
491 3453 51 23 date
552 3455 27 22 of
590 3455 39 24 the

38 3474 137 21 notification
190 3475 27 22 of
228 3476 40 22 the
282 3480 136 26 acceptance
434 3479 28 23 of
472 3480 38 22 the
524 3481 104 25 Tender:

37 3500 77 25 railing
124 3500 26 21 of
156 3501 128 28 which,_the
295 3504 116 24 Contracts
420 3507 47 22 will
474 3507 28 23 be
512 3509 66 26 again
589 3510 39 23 ad-

37 3528 27 16 Ve
62 3527 32 36 #u
92 3532 23 15 se
117 3526 21 37 &
149 3534 24 15 or
181 3529 96 23 anotlier
285 3530 91 24 Tender
384 3535 115 26 accepted.

65 3554 45 19 Ihe
118 3554 100 24 Tenders
232 3559 23 20 to
265 3558 91 22 contain
366 3558 38 23 the
413 3567 68 16 name
492 3562 27 22 of
528 3563 39 23 the
576 3566 51 20 ten-

36 3603 65 23 atlen
99 3586 10 14 8
120 3606 23 22 th
225 3584 93 22 sureties
319 3601 6 11 >
341 3586 45 22 and
394 3593 15 21 P
409 3586 50 24 lace
469 3589 27 21 of
501 3590 123 30 residence,

62 3630 46 23 The
117 3634 66 23 value
194 3636 26 21 of
232 3636 31 23 all
277 3636 111 30 packages
397 3643 23 19 to
436 3641 29 22 be
480 3642 108 25 included
601 3645 24 22 in

37 3659 35 19 the
82 3665 72 20 prices
162 3661 134 25 demanded.

36 3685 45 39 f«I
81 3686 68 23 en(ier
150 3695 9 29 ?
174 3692 23 18 t0
213 3690 28 21 be
251 3690 106 23 enclosed
371 3692 24 22 in
406 3700 29 15 an
448 3695 114 29 envelope,
578 3699 45 22 and

36 3711 22 19 to
67 3710 26 23 be
102 3714 93 23 marked
229 3716 90 23 Tender
328 3718 34 22 for

36 3771 3 4 .
244 3744 26 22 P«
281 3744 29 23 D.
321 3745 77 29 Hogg,
409 3747 185 27 Sub-Treasurer.

112 3790 132 31 Building
252 3795 171 23 Allotments
434 3799 30 20 to
479 3800 59 22 Let.

48 3820 20 27 A
109 3824 133 25 NUMBER
256 3829 26 21 of
293 3829 69 23 Town
381 3830 71 24 Acres
472 3833 25 21 in
514 3833 38 23 the
562 3840 60 18 most

34 3854 49 16 J--*-
110 3854 108 22 desirable
229 3855 117 23 situations
355 3857 23 22 in
388 3858 147 29 Wellington,
554 3865 23 18 to
592 3862 28 22 be

34 3880 29 34 jet
71 3883 28 14 on
110 3880 59 22 lease
179 3888 26 14 or
213 3881 124 30 otherwise,
346 3885 44 21 and
399 3885 44 22 will
451 3886 28 21 be
486 3887 133 24 subdivided

35 3907 19 13 w>
64 3907 43 18 suit
115 3908 97 21 tenants.
241 3909 67 22 Plans
321 3911 45 22 and
380 3912 133 27 particulars
528 3921 52 20 may
591 3916 28 22 be

33 3930 68 22 iearnt
111 3939 29 15 on
150 3934 134 27 application
294 3939 21 20 to

363 3965 86 22 Henry
466 3967 36 22 St.
519 3968 69 23 Hill.

2116 731 91 23 THIS
2239 734 92 22 DAY!

1933 761 88 23 FIRST
2034 764 73 22 STEP
2120 764 40 22 TO
2182 766 338 27 INDEPENDENCE-BUY

1986 789 88 22 LAND
2089 790 66 22 AND
2175 792 98 23 BUILD
2292 794 86 23 YOUlt
2393 796 71 22 OWN

2168 819 110 23 HOUSE.

2083 851 109 28 Village
2203 854 31 19 of
2246 855 118 26 Rhodes,

1930 882 84 23 Within
2025 891 42 14 one
2077 884 53 22 mile
2140 886 26 20 of
2179 886 35 22 the
2225 887 110 28 township
2345 892 23 18 at
2384 889 125 28 Wanganui

1956 916 24 15 in
1991 909 38 22 the
2040 915 75 18 centre
2132 912 26 21 of
2170 912 36 22 the
2222 913 51 22 best
2287 914 54 22 land
2357 915 23 22 in
2395 916 48 22 that
2459 919 59 20 cele-

1956 936 77 23 brated
2050 937 89 28 district,
2156 939 52 21 with
2225 947 13 14 a
2254 941 102 28 frontage
2374 947 22 17 to
2403 943 44 23 .the
2464 945 54 27 only

1954 967 122 23 important
2084 964 45 22 and
2137 967 134 25 practicable
2280 969 55 21 road
2345 973 22 17 to
2377 969 38 22 the
2425 971 93 22 interior

1956 989 25 22 of
1998 990 38 23 the
2052 995 99 24 country,
2168 993 45 21 and
2232 994 76 22 within
2325 1003 14 14 a
2354 1002 91 21 quarter
2459 999 28 20 of
2502 1006 15 15 a

2151 1019 52 22 mile
2213 1020 26 21 of
2252 1020 36 22 the

2071 1050 177 25 WANGANUI
2265 1054 105 23 RIVER.

1929 1076 158 48 MESSRS.
2099 1077 83 23 JOHN
2196 1080 68 21 AND
2279 1081 128 24 GEORGE
2422 1084 94 22 WADE

2005 1103 56 22 have
2078 1105 102 22 received
2196 1106 144 24 instructions
2356 1113 22 18 to
2395 1110 83 23 submit
2494 1117 21 16 to

1926 1130 75 26 public
2020 1131 153 28 competition,
2186 1137 22 16 at
2226 1133 38 22 the
2281 1134 122 29 Exchange
2423 1137 91 29 Rooms,

1929 1157 29 21 Ie
1972 1157 55 26 Aro,
2043 1165 28 14 on
2086 1158 153 29 Wednesday,
2257 1160 38 22 the
2314 1162 49 21 17th
2379 1164 135 28 November,

1926 1187 23 18 at
1959 1185 11 20 1
1986 1183 86 23 o'clock
2086 1186 115 27 precisely,
2212 1186 38 22 the
2267 1188 71 23 whole
2355 1190 25 21 of
2392 1190 36 22 the
2445 1192 71 22 above

2133 1218 172 30 PROPERTY,

1926 1243 96 23 situated
2032 1251 28 14 on
2071 1244 37 22 the
2118 1250 46 17 east
2182 1246 59 22 bank
2258 1249 26 20 of
2295 1248 38 22 the
2350 1249 65 28 river,
2426 1251 45 22 and
2481 1260 35 14 re-

1926 1270 147 23 commended
2081 1271 30 27 by
2121 1273 85 21 several
2213 1274 131 27 gentlemen
2354 1276 54 28 long
2417 1279 99 22 resident

1926 1300 23 19 at
1958 1297 45 22 and
2013 1297 49 22 well
2073 1299 132 27 acquainted
2215 1301 52 21 with
2285 1301 37 23 the
2340 1303 91 28 district,
2443 1313 24 14 as
2477 1305 38 22 the

2141 1326 55 27 only
2209 1327 88 27 eligible

2048 1357 66 23 SITE
2128 1359 63 22 FOR
2205 1361 21 21 A
2241 1361 150 24 VILLAGE.

1925 1384 73 22 These
2006 1385 127 22 allotments
2145 1386 57 22 have
2212 1388 58 21 been
2280 1389 47 22 laid
2342 1395 38 17 out
2391 1391 50 22 with
2451 1396 64 23 great

1925 1414 55 19 taste
1991 1412 35 27 ,by
2041 1412 28 22 R.
2089 1413 65 27 Park,
2172 1414 61 28 Esq.,
2249 1415 53 22 with
2319 1423 14 16 a
2346 1425 88 15 reserve
2451 1420 35 21 for
2502 1428 14 13 a

1961 1472 99 29 fronting
2078 1474 38 22 the
2133 1479 65 22 great
2214 1475 55 28 high
2287 1477 55 22 road
2363 1479 57 22 from
2440 1480 38 22 the

2067 1508 178 23 WANGANUI
2263 1510 104 28 RIVER,

1925 1535 22 19 to
1958 1533 37 22 the
2005 1534 108 23 immense
2123 1536 91 27 grazing
2225 1536 96 23 districts
2328 1539 23 21 in
2358 1540 37 21 the
2405 1540 106 29 interior;

1923 1567 26 14 so
1958 1568 24 13 as
1992 1564 22 18 to
2023 1561 63 22 allow
2100 1566 23 17 to
2137 1562 56 22 each
2202 1564 43 21 live
2255 1571 63 15 acres
2327 1566 23 21 in
2361 1566 37 22 the
2410 1568 79 27 village
2499 1577 14 13 a

1997 1592 89 22 quarter
2097 1589 25 21 of
2132 1596 29 15 an
2172 1597 50 14 acre
2232 1590 23 21 in
2266 1591 37 22 the
2315 1597 65 23 town,
2391 1594 53 21 with

1924 1621 111 15 RESERVES
2056 1623 42 14 FOR
2120 1623 13 14 A
2157 1623 100 21 CHURCH,
2278 1626 132 16 PARSONAGE
2430 1628 81 21 HOUSE,

1998 1648 94 16 MARKET
2101 1650 78 20 PLACE,
2191 1651 47 14 AND
2248 1652 80 15 I'UBLIC
2339 1655 93 14 SQUARE.

1922 1667 48 22 The
1980 1668 66 22 order
2055 1670 26 20 of
2092 1669 75 22 choice
2177 1670 23 21 in
2217 1670 38 22 the
2274 1675 58 19 town
2349 1674 44 21 -will
2403 1674 26 22 be
2440 1675 73 22 deter-

1923 1695 76 21 mined
2013 1695 31 27 by
2058 1696 92 27 priority
2168 1697 25 21 of
2208 1698 108 26 purchase
2331 1700 23 21 in
2370 1701 37 21 the
2424 1702 87 28 village,

1923 1721 36 22 the
1970 1722 71 27 buyer
2051 1723 25 21 of
2086 1723 38 22 the
2133 1724 49 21 first
2191 1724 81 28 village
2281 1726 33 21 lot
2324 1726 83 29 having
2417 1728 37 22 the
2464 1730 49 22 first

2046 1749 75 22 choice
2131 1750 23 22 in
2166 1750 37 22 the
2213 1754 67 20 town.
2308 1753 34 22 To
2353 1754 36 22 the

2069 1783 155 23 WORKING
2240 1785 134 29 CLASSES,

1922 1808 50 23 who
1989 1809 82 23 almost
2090 1811 124 27 invariably
2235 1813 67 21 suffer
2325 1818 64 23 great
2405 1815 106 24 inconve-

1922 1835 91 23 niences
2026 1837 63 21 .from
2109 1837 37 22 the
2166 1838 53 27 high
2238 1839 70 27 prices
2328 1841 27 21 of
2371 1841 53 23 land
2425 1855 28 3 —
2453 1844 18 21 it
2490 1848 23 18 at

1921 1870 57 15 once
2001 1868 101 23 presents
2120 1872 36 14 .an
2179 1867 143 28 opportunity
2349 1868 25 21 of
2393 1869 119 29 becoming

2166 1892 100 28 speedily

2104 1925 226 25 INDEPENDENT

1921 1950 26 22 of
1954 1950 37 23 the
2001 1950 54 28 high
2064 1956 62 18 rents
2135 1955 23 19 to
2168 1953 72 22 which
2248 1954 53 28 they
2308 1955 45 22 will
2360 1955 27 22 be
2396 1957 115 28 subjected

1919 1977 30 27 by
1967 1978 58 21 their
2034 1979 113 22 wealthier
2161 1980 142 28 neighbours,
2321 1982 21 21 if
2354 1982 51 28 they
2422 1985 90 27 neglect

1920 2004 43 22 this
1973 2005 47 22 sale
2032 2006 26 21 of
2067 2006 54 22 land
2130 2007 120 27 purposely
2266 2008 79 28 placed
2361 2010 76 23 within
2454 2013 57 22 their

2176 2034 74 21 reach.
2281 2036 3 5 '

1999 2058 49 21 The
2054 2058 147 23 Auctioneers
2211 2060 73 22 would
2293 2062 89 22 remind
2391 2063 38 23 the

1960 2091 183 23 CAPITALIST
2166 2093 68 21 AND
2259 2094 207 31 SPECULATOR,

1919 2117 49 21 that
1984 2118 38 21 the
2038 2120 188 21 communication
2247 2121 69 22 about
2333 2126 23 17 to
2375 2124 27 21 be
2422 2126 88 26 opened

1919 2145 53 21 with
1988 2145 30 22 all
2034 2145 37 22 the
2088 2146 137 22 settlements
2241 2148 26 21 of
2283 2148 39 21 the
2338 2149 55 23 New
2410 2151 100 23 Zealand

2069 2173 122 28 Company,
2202 2173 30 28 by
2243 2182 77 15 means
2330 2176 26 22 of

2093 2215 4 4 •
2129 2207 168 29 STEAMERS,

1968 2232 102 28 together
2079 2233 53 22 with
2143 2234 37 21 the
2191 2234 45 22 fact
2247 2236 47 21 that
2304 2236 38 22 the
2352 2238 102 27 splendid
2487 2238 2 5 '

2055 2267 127 24 BARQUE
2195 2269 174 29 CLYDESIDE,

1918 2293 26 21 of
1951 2293 39 21 250
2002 2296 57 25 tons,
2069 2294 19 22 is
2099 2294 67 22 about
2176 2298 22 19 to
2208 2296 28 22 be
2243 2296 45 22 laid
2297 2305 28 14 on
2335 2298 28 28 by
2371 2298 39 23 her
2419 2300 90 27 spirited

1918 2327 81 18 owner,
2012 2321 29 21 K.
2053 2321 134 28 Mathieson,
2199 2323 60 28 Esq.,
2267 2331 23 14 as
2299 2332 15 14 a
2323 2330 103 18 constant
2436 2328 74 22 trader

1918 2350 22 18 to
1951 2347 38 21 the
1999 2348 129 22 Australian
2139 2349 106 28 colonies,
2255 2351 35 21 for
2300 2352 38 21 the
2354 2360 89 22 express
2457 2362 52 20 pur-

1919 2381 53 19 pose
1992 2375 27 21 of
2038 2375 122 28 importing
2184 2377 66 22 cattle
2274 2382 22 17 to
2321 2379 37 22 the
2384 2380 125 28 Wanganui

1919 2400 92 28 district,
2023 2401 48 22 that
2081 2402 37 21 the
2128 2410 61 15 same
2205 2404 132 27 gentleman
2346 2408 106 25 proceeds
2462 2409 23 21 in
2496 2417 13 13 a

1917 2428 42 21 few
1970 2429 54 26 days
2033 2429 23 21 in
2067 2429 37 21 the
2120 2436 60 15 same
2197 2431 72 22 vessel
2283 2436 23 17 to
2323 2434 63 21 settle
2401 2435 77 22 within
2496 2444 13 13 a

1918 2454 62 22 short
1987 2455 99 22 distance
2097 2456 26 21 of
2133 2457 39 21 the
2187 2458 40 21 site
2246 2458 27 21 of
2282 2459 38 22 the
2337 2460 88 29 village,
2435 2462 74 22 where

2063 2483 28 21 he
2100 2483 90 23 intends
2201 2488 21 18 to
2234 2493 129 16 commence

2093 2517 240 25 SHIP-BUILDING

1918 2550 29 14 on
1958 2550 13 14 a
1980 2544 59 22 scale
2052 2544 95 22 hitherto
2166 2546 113 22 unknown
2296 2548 23 21 in
2339 2548 41 22 the-
2389 2549 87 29 Colony
2487 2551 26 22 of

2089 2578 71 22 NEW
2175 2579 159 29 ZEALAND,

1917 2604 46 21 and
1977 2604 49 21 that
2043 2604 36 22 the
2097 2606 90 26 general
2210 2613 129 17 movement
2355 2609 59 26 (now
2430 2610 79 28 taking

1916 2631 72 27 place)
2006 2632 26 21 of
2050 2632 29 21 all
2097 2632 36 22 the
2150 2633 46 22 real
2213 2634 183 27 agriculturalists
2420 2641 21 17 to
2459 2638 49 22 that

1916 2658 92 27 district,
2027 2662 59 19 must
2100 2660 120 28 inevitably
2232 2669 100 15 increase
2350 2663 36 21 the
2403 2664 65 22 value
2486 2666 26 22 of

1979 2685 61 28 land,
2052 2687 94 21 situated
2156 2695 24 14 as
2190 2688 61 22 these
2261 2689 128 23 allotments
2399 2698 44 20 are,

2102 2721 38 21 100
2157 2721 60 23 PER
2233 2723 87 22 CENT.

1916 2745 35 28 By
1961 2745 38 23 the
2008 2746 45 22 last
2066 2747 90 23 arrivals
2173 2749 58 21 from
2249 2749 67 22 home
2331 2758 32 14 we
2379 2751 63 23 learn
2460 2752 49 23 that

2071 2774 36 22 the
2119 2780 167 23 arrangements
2296 2778 35 21 for
2341 2785 13 14 a

1994 2807 75 22 LINE
2085 2808 39 22 OF
2139 2809 108 22 LARGE
2261 2810 163 24 STEAMERS

1916 2834 57 22 from
1991 2834 106 28 England
2112 2836 28 27 by
2151 2836 37 22 the
2200 2837 97 23 Isthmus
2315 2839 25 21 of
2352 2839 98 23 Panama
2464 2841 45 22 and

1916 2861 38 22 the
1963 2862 83 21 Pacific
2057 2867 21 16 to
2094 2863 55 22 New
2165 2863 107 28 Zealand,
2283 2872 58 15 were
2358 2868 77 26 nearly
2447 2875 61 15 com-

2100 2890 84 27 pleted,
2196 2891 44 21 and
2250 2898 24 15 as
2285 2892 37 22 the

2022 2922 175 23 WANGANUI
2214 2925 188 24 COAL-FIELD

1914 2949 18 21 is
1942 2949 38 21 the
1996 2953 60 18 most
2072 2951 114 22 extensive
2204 2952 23 21 in
2246 2952 36 22 the
2301 2954 93 26 vicinity
2412 2955 25 21 of
2454 2954 54 23 Port

1914 2975 132 28 Nicholson,
2056 2977 62 22 there
2128 2985 42 14 can
2180 2978 28 22 be
2217 2986 30 14 no
2256 2979 70 22 doubt
2333 2980 49 23 that
2391 2981 37 22 the
2438 2983 69 22 Wan-

1912 3004 70 25 ganui
1997 3003 69 22 River
2078 3004 45 21 will
2138 3005 29 21 be
2183 3006 121 26 appointed
2320 3015 24 14 as
2359 3015 14 14 a
2390 3008 65 28 depot
2471 3010 36 22 for

2056 3031 45 21 fuel
2111 3039 29 14 on
2151 3031 57 22 their
2217 3036 64 19 route
2292 3037 22 18 to
2325 3034 37 21 the

2017 3064 202 24 AUSTRALIAN
2238 3067 161 24 COLONIES.

1914 3090 147 23 Information
2070 3091 40 22 has
2119 3092 57 22 been
2185 3093 103 23 received
2299 3095 28 26 by
2335 3096 85 27 private
2429 3097 77 23 letters

2157 3121 49 21 that
2221 3120 38 22 the

1954 3151 72 22 NEW
2040 3151 151 24 ZEALAND
2207 3153 86 23 LOAN
2309 3156 155 23 COMPANY

1912 3184 46 22 will
1966 3192 131 15 commence
2107 3187 127 26 operations
2243 3187 25 23 in
2282 3189 31 21 all
2323 3190 108 29 January,
2444 3193 61 24 J842.

1911 3219 80 22 Terms
1991 3231 29 3 —
2021 3220 26 21 10
2058 3227 39 20 per
2106 3224 57 18 cent,
2173 3221 86 27 deposit
2269 3230 28 14 on
2308 3223 30 22 all
2346 3225 119 26 purchases
2476 3227 29 27 by

1912 3253 14 14 a
1934 3246 136 28 promissory
2079 3252 53 17 note
2141 3251 24 18 at
2174 3255 42 14 one
2234 3249 87 28 month,
2330 3250 37 22 the
2377 3253 88 21 residue
2475 3253 31 28 by

1912 3273 112 27 approved
2042 3273 109 23 endorsed
2168 3279 152 24 acceptances,
2337 3279 94 27 varying
2447 3280 58 22 from

1911 3301 13 20 3
1940 3300 91 21 months
2050 3304 22 19 to
2086 3302 14 21 2
2112 3308 72 20 years.
2195 3316 10 7 „
2212 3302 45 22 For
2273 3303 87 23 further
2374 3307 132 26 particulars

2117 3335 37 15 see
2163 3328 130 24 hand-bills.

1986 3360 108 23 LUNCH
2107 3361 83 23 WILL
2204 3363 40 22 BE
2259 3363 170 26 PROVIDED.

1912 3386 145 29 Wellington,
2068 3388 129 23 November
2205 3391 20 26 5,
2238 3392 59 20 1841.

1981 3433 19 20 E
2033 3433 127 22 HEREBY
2194 3434 78 22 GIVE
2302 3436 124 29 NOTICE,
2456 3438 49 22 that

2009 3459 35 22 W.
2062 3459 26 22 V.
2106 3460 95 28 Brewer,
2222 3462 61 28 Esq.,
2302 3463 19 21 is
2340 3464 131 22 authorized
2483 3469 21 18 to

1911 3486 64 21 settle
1994 3486 30 21 all
2043 3490 106 19 accounts
2166 3488 27 21 of
2205 3488 38 23 the
2259 3491 45 20 late
2320 3491 50 22 firm
2386 3492 26 21 of
2424 3492 26 22 T.
2467 3493 36 21 M.

1911 3512 116 28 Partridge
2037 3513 46 22 and
2093 3514 38 22 Co.

2239 3542 26 23 T.
2281 3544 33 21 M.
2333 3544 141 28 Partridge,

2238 3570 36 22 W.
2289 3571 171 23 FITZHERBKRT.

1965 3613 40 20 To
2020 3613 85 21 Stand
2120 3615 29 19 to
2163 3615 87 21 Cover
2264 3617 56 20 this
2336 3618 111 25 Season,

2073 3648 31 20 At
2114 3648 142 27 Berhampore
2265 3651 71 26 larm,

1909 3680 59 22 That
1978 3681 51 21 well
2038 3681 82 23 known
2131 3683 65 23 horse
2206 3684 88 28 Figaro,
2311 3685 38 21 the
2363 3688 106 25 property
2479 3687 27 21 of

2095 3709 77 23 James
2182 3710 67 27 Watt,
2260 3711 54 28 Esq.

1909 3741 150 48 FIGARO
2069 3751 44 14 was
2123 3744 75 23 foaled
2207 3745 22 21 in
2242 3746 125 22 December
2386 3746 60 28 1837,
2464 3751 40 23 got

1983 3769 29 27 by
2024 3770 115 28 Operator,
2152 3772 51 21 dam
2213 3772 119 28 Adelaide,
2344 3773 30 27 by
2380 3774 122 22 Theoruin.

1937 3796 111 27 Operator
2057 3805 43 14 was
2110 3798 74 22 foaled
2196 3799 21 21 in
2228 3801 9 19 1
2241 3801 47 25 5.*32,
2300 3803 39 23 got
2354 3800 28 27 by
2400 3800 102 28 Emilius,

1909 3821 52 23 dam
1972 3823 124 23 Worthless
2104 3825 29 27 by
2145 3826 97 27 Walton,
2254 3833 39 15 out
2303 3827 25 21 of
2343 3827 119 22 Altisidora
2474 3829 28 26 by

1909 3849 59 22 Dick
1978 3850 118 23 Andrews.

1935 3877 74 27 Every
2020 3879 110 21 attention
2140 3878 45 22 will
2195 3879 27 22 be
2232 3879 52 27 paid
2294 3883 24 18 to
2332 3887 72 16 mares
2419 3885 50 18 sent
2480 3886 22 18 to

1909 3902 53 23 him.

1937 3930 97 28 Charges
2054 3931 33 22 for
2106 3932 55 21 each
2179 3940 68 20 mare,
2269 3934 52 21 with
2340 3942 14 14 a
2372 3942 130 19 guarantee.
2518 3951 4 3 -

1908 3965 66 14 hcvuii
1986 3958 104 26 guineas:
2107 3959 94 23 without
2210 3967 129 21 guarantee,
2352 3958 154 33 livoguinoal,

1909 3986 126 26 Uroomage
2046 3986 110 22 included.

1422 724 172 28 Wellington
1608 726 190 27 Observatory.

1316 753 133 26 TOSEPH
1496 757 175 29 M'GREGOR,
1718 760 182 28 Chronometer,

1310 781 27 22 O
1375 783 82 28 Clock,
1473 784 46 22 and
1533 785 89 22 Watch
1638 785 96 28 Maker,
1749 786 54 28 begs
1822 791 23 18 to
1866 795 36 14 re-

1309 811 53 19 turn
1371 809 36 23 his
1415 810 87 22 sincere
1511 811 82 22 thanks
1601 816 23 17 to
1634 812 38 22 the
1681 816 81 24 gentry
1772 813 45 22 and
1826 814 75 27 public

1309 835 26 22 of
1350 835 54 23 Port
1426 837 125 22 Nicholson
1573 839 35 21 for
1624 839 40 22 the
1681 839 78 22 liberal
1777 844 123 24 patronage

1307 861 114 24 bestowed
1431 863 105 28 hitherto,
1548 865 44 21 and
1608 865 56 28 begs
1678 866 146 28 respectfully
1832 870 23 19 to
1865 868 34 21 in-

1375 889 62 23 them
1453 889 49 23 that
1514 891 29 22 he
1559 891 42 22 has
1614 892 109 22 removed
1737 897 22 17 to
1777 893 122 22 Lambton-

1307 922 67 21 quay,
1385 916 46 22 and
1446 919 75 26 trusts,
1533 918 32 27 by
1573 919 108 27 assiduity
1690 919 47 22 and
1751 920 109 22 attention
1875 924 24 19 to

1306 941 109 29 business,
1426 943 28 22 he
1461 951 53 20 may
1524 948 61 19 meet
1595 952 13 15 a
1616 946 88 22 further
1712 946 65 22 share
1791 946 26 22 of
1824 947 75 27 public

1306 971 130 26 patronage.

1334 995 173 25 Chronometers
1523 998 93 23 cleaned
1631 999 32 27 by
1673 1007 13 14 a
1694 999 110 27 prepared
1815 1000 83 23 instru-

1307 1026 71 18 ment.

1333 1049 148 29 Barometers,
1498 1052 72 22 music
1585 1053 78 27 boxes,
1682 1053 41 22 &c.
1740 1054 48 27 &c,
1803 1054 94 23 cleaned

1305 1075 46 23 and
1360 1077 109 26 repaired.

1306 1120 185 49 WILLIAM
1505 1122 152 23 LUMSDEN
1664 1124 54 28 begs
1727 1127 23 19 to
1759 1125 104 22 intimate
1873 1129 23 18 to

1401 1148 38 22 the
1448 1149 129 26 gentlemen
1588 1150 25 22 of
1624 1150 146 28 Wellington,
1780 1152 50 21 that
1838 1153 58 21 from

1304 1180 16 15 a
1325 1173 55 28 long
1388 1176 107 26 practical
1509 1177 132 27 experience
1653 1178 26 21 in
1695 1178 30 22 all
1740 1178 39 22 the
1794 1179 103 22 different

1303 1200 110 23 branches
1424 1202 26 21 of
1460 1202 163 29 Horticulture,
1636 1204 25 22 in
1671 1204 38 23 the
1718 1206 109 27 principal
1838 1207 57 21 Gar-

1304 1227 55 22 dens
1378 1228 26 21 of
1422 1228 106 28 England
1542 1230 46 22 and
1603 1231 113 28 Scotland,
1734 1232 28 22 he
1778 1233 74 22 would
1867 1233 29 22 be

1303 1253 75 29 happy
1388 1258 23 19 to
1423 1256 79 22 tender
1511 1256 34 23 his
1555 1258 96 22 services
1658 1258 24 22 in
1692 1258 38 22 the
1740 1259 77 27 laying
1825 1263 39 19 out
1872 1261 27 21 of

1303 1281 107 27 grounds,
1420 1282 31 28 by
1460 1286 103 19 contract
1572 1291 25 15 or
1606 1284 135 23 otherwise.*

1331 1307 44 23 For
1391 1308 121 30 reference,
1529 1310 75 28 please
1618 1315 25 18 to
1659 1312 67 28 apply
1743 1315 23 20 to
1782 1313 28 22 R.
1827 1312 66 29 Park,

1304 1334 66 23 Land
1379 1335 119 29 Surveyor.

1330 1367 88 23 N.B.—
1418 1369 86 23 Flower
1513 1371 46 22 and
1578 1371 55 23 fruit
1641 1373 97 27 gardens
1754 1373 47 23 laid
1816 1377 40 20 out
1865 1382 29 15 on

1304 1394 37 23 the
1352 1399 60 19 most
1421 1398 113 27 approved
1541 1398 62 27 plan.

1304 1441 50 49 A
1382 1441 133 29 HEWITT,
1526 1442 162 29 Fishmonger,
1700 1445 111 23 Lambton
1820 1447 72 28 Quay,

1333 1491 5 7 v
1358 1477 11 11 •
1386 1467 147 29 Wellington,
1539 1473 90 19 returns
1638 1470 36 23 his
1682 1472 87 22 sincere
1779 1472 82 23 thanks
1871 1478 22 18 to

1303 1493 38 22 th«
1359 1494 139 23 inhabitants
1516 1497 27 21 of
1563 1496 44 23 this
1627 1498 86 28 Colony
1729 1499 36 22 for
1783 1500 38 22 the
1839 1508 55 20 very

1302 1519 80 23 liberal
1399 1526 93 23 support
1507 1522 28 23 he
1550 1523 42 22 has
1607 1524 100 23 hitherto
1720 1526 110 28 received,
1848 1528 46 22 and

1302 1547 56 27 begs
1366 1550 23 19 to
1398 1547 83 24 inform
1491 1549 63 23 them
1563 1550 48 23 that
1626 1551 27 22 he
1664 1552 41 22 has
1713 1553 66 21 made
1789 1561 105 20 arrange-

1303 1577 74 19 ments
1392 1575 35 22 for
1445 1583 14 14 a
1473 1580 105 19 constant
1593 1578 82 28 supply
1692 1579 27 22 of
1739 1580 37 22 the
1796 1580 98 23 choicest

1303 1601 103 22 varieties
1415 1602 26 21 of
1451 1602 49 28 fish,
1518 1603 73 22 which
1608 1605 29 21 he
1653 1606 139 28 confidently
1806 1614 87 16 recom-

1303 1628 79 22 mends
1391 1632 23 18 to
1424 1628 38 23 the
1470 1630 76 26 public
1556 1639 24 14 as
1587 1631 68 28 being
1664 1632 24 22 of
1700 1633 38 22 the
1745 1634 49 21 best
1799 1635 93 26 quality.

1331 1655 82 22 Orders
1422 1656 35 21 for
1466 1657 106 28 snipping
1579 1659 111 27 received,
1706 1660 45 22 and
1760 1662 133 24 punctually

1303 1682 108 22 attended
1419 1686 31 19 to.

1457 1717 101 16 OYSTERS
1572 1719 73 15 FRESH
1660 1720 79 16 DAILY.

1330 1741 64 30 Also,
1404 1750 14 15 a
1427 1744 81 28 supply
1518 1745 26 22 of
1558 1746 128 27 vegetables
1702 1747 61 23 fresh
1777 1748 59 23 from
1853 1749 39 22 the

1302 1770 85 26 garden
1397 1770 67 28 daily.

1302 1814 42 47 J-
1371 1815 120 24 HARRIS
1510 1818 68 21 AND
1599 1819 53 27 CO.,
1672 1819 110 27 Builders,
1801 1821 45 29 beg
1869 1825 23 18 to

1341 1852 12 11 •
1383 1842 73 28 notify
1464 1847 24 18 to
1498 1844 37 22 the
1545 1844 112 23 Colonists
1667 1847 25 21 of
1699 1846 54 23 Port
1759 1848 131 27 Nicholson,

1302 1868 48 21 that
1359 1868 54 28 they
1421 1877 38 14 are
1468 1871 69 27 ready
1545 1874 23 19 to
1577 1872 125 23 undertake
1712 1873 37 23 the
1760 1875 98 22 erection
1869 1876 26 21 of

1302 1902 43 20 any
1356 1895 135 29 description
1507 1898 27 21 of
1544 1898 114 28 Building.
1685 1900 64 28 They
1759 1909 38 14 are
1812 1906 79 18 exten-

1301 1922 69 28 sively
1387 1924 101 26 engaged
1503 1924 25 22 in
1544 1925 38 22 the
1598 1927 157 23 manufacture
1771 1929 27 21 of
1808 1929 81 28 bricks,

1300 1949 56 27 tiles,
1367 1950 49 27 &c,
1427 1950 45 22 and
1481 1951 53 28 they
1544 1955 64 25 trust,
1618 1953 31 27 by
1660 1955 120 27 executing
1790 1955 30 22 all
1829 1957 61 21 work

1544 1986 102 21 manner,
1659 1984 22 18 to
1698 1982 87 22 receive
1802 1990 14 15 a
1825 1983 65 22 share

1300 2001 76 27 iXfthtf
1384 2008 92 23 support
1485 2005 29 22 of*
1521 2005 39 22 the
1571 2006 119 22 CdlonisU.

1326 2035 188 30 Lambton-quay,
1527 2039 131 27 September
1666 2041 34 26 30,
1712 2042 60 21 1841.

1505 2083 30 20 E.
1551 2084 127 26 Stafford,

1384 2116 77 25 Tailor,
1475 2117 177 27 Lambton-quay,
1671 2120 132 26 Wellington,

1299 2148 51 48 IN
1363 2150 117 27 returning
1489 2150 82 23 thanks
1581 2154 23 19 to
1613 2152 65 22 those
1692 2154 130 26 gentlemen
1838 2155 50 22 who

1353 2175 58 22 have
1421 2176 93 23 favored
1523 2177 47 23 him
1580 2178 54 23 with
1645 2180 59 22 their
1711 2181 83 28 orders,
1801 2189 87 15 assures

1297 2202 61 22 them
1368 2203 49 21 that
1425 2204 58 21 from
1493 2204 35 22 his
1537 2205 65 22 stock
1612 2213 29 14 on
1651 2206 68 28 hand,
1731 2208 45 22 and
1785 2209 57 21 from
1852 2217 34 14 re-

1298 2233 51 18 cent
1358 2230 92 22 arrivals
1458 2232 58 21 from
1527 2232 112 28 England,
1650 2233 29 23 he
1688 2234 46 22 will
1748 2235 27 22 be
1792 2236 96 22 enabled

1297 2259 22 18 to
1328 2256 67 22 make
1405 2264 30 21 up
1444 2258 89 22 articles
1542 2259 25 22 in
1575 2259 37 22 the
1622 2260 50 22 first
1681 2262 57 27 style
1748 2262 26 22 of
1784 2263 88 22 fashion
1881 2272 5 19 ;

1297 2283 72 22 which
1378 2284 45 21 will
1432 2285 82 22 render
1523 2285 17 22 it
1549 2293 152 22 unnecessary
1711 2289 34 21 for
1758 2289 38 22 the
1812 2291 75 26 public

1297 2312 22 19 to
1328 2310 56 22 send
1398 2315 23 18 to
1438 2311 38 23 the
1493 2312 165 30 neighbouring
1668 2315 104 23 Colonies
1780 2317 36 21 for
1830 2317 59 23 their

1296 2337 98 27 wearing
1404 2339 98 27 apparel.

1322 2373 89 23 N.B.—
1411 2375 74 28 Every
1500 2376 78 22 article
1592 2378 127 22 warranted
1738 2379 25 22 of
1784 2379 38 23 the
1838 2380 50 23 best

1296 2400 91 29 quality,
1399 2405 45 24 cut,
1455 2402 46 22 and
1511 2403 173 30 workmanship,
1695 2406 46 21 and
1755 2414 30 15 on
1797 2415 91 15 reason-

1295 2427 49 22 able
1355 2431 76 20 terms.

1485 2475 100 23 JABEZ
1599 2477 97 28 DEAN,

1355 2508 138 26 Plumber,
1508 2510 119 26 Glazier,
1643 2512 55 20 and
1712 2512 119 29 Painter,

1319 2542 178 27 Lambton-quay,
1512 2550 53 14 near
1582 2545 35 20 the
1633 2546 70 25 Royal
1719 2547 78 26 George
1810 2549 48 24 Inn,

1295 2574 173 50 RETURNS
1483 2577 35 22 his
1528 2578 85 23 sincere
1625 2578 82 23 thanks
1716 2580 35 22 for
1759 2580 39 23 the
1807 2582 79 22 liberal

1379 2608 93 23 support
1490 2604 28 22 he
1538 2605 40 22 has
1596 2607 111 27 received,
1726 2608 46 21 and
1791 2608 54 28 begs
1864 2613 22 18 to

1293 2635 75 16 assure
1384 2630 63 23 those
1463 2632 131 26 gentlemen
1609 2633 51 22 who
1676 2641 52 20 may
1744 2635 80 22 favour
1839 2636 47 21 him

1293 2656 52 21 with
1363 2656 59 23 their
1438 2658 83 28 orders,
1537 2659 50 21 that
1606 2660 54 28 they
1678 2668 52 20 may
1749 2662 89 27 depend
1857 2671 29 13 on

1292 2684 112 22 materials
1414 2684 26 22 of
1451 2685 37 22 the
1498 2686 49 22 best
1554 2686 135 28 description
1697 2688 46 22 and
1749 2689 59 26 good
1815 2690 71 22 work-

1291 2711 110 27 manship,
1411 2712 120 22 combined
1538 2713 53 22 with
1598 2714 131 23 reasonable
1740 2716 92 27 charges
1841 2717 45 21 and

1291 2738 148 28 punctuality.

1294 2784 39 22 To
1355 2785 45 21 the
1422 2787 169 25 Merchants,
1613 2789 199 28 Ship-owners,
1830 2792 55 25 &c,

1446 2814 31 20 of
1489 2815 67 19 Port
1571 2815 162 22 Nicholson.

1292 2843 106 47 TD.
1423 2845 103 23 PRATT
1548 2846 55 28 begs
1618 2851 61 18 most
1697 2849 146 28 respectfully
1862 2853 23 19 to

1339 2880 12 11 •
1380 2875 78 19 return
1474 2872 35 22 his
1521 2872 82 23 thanks
1618 2874 37 22 for
1674 2874 38 23 the
1725 2876 92 22 favours
1832 2884 54 14 con-

1353 2898 75 23 ferred
1443 2907 30 14 on
1490 2900 54 26 him,
1556 2900 65 23 while
1638 2901 24 22 in
1679 2904 142 26 partnership
1831 2904 53 22 with

1291 2923 44 22 Mr.
1345 2925 27 22 T.
1383 2926 85 28 Bevan,
1479 2927 47 22 and
1535 2928 55 26 begs
1600 2931 22 18 to
1632 2928 84 23 inform
1726 2929 62 23 them
1798 2930 48 22 that
1855 2931 29 22 he

1291 2958 18 15 is
1319 2958 51 16 now
1380 2954 182 28 manufacturing
1571 2962 73 20 ropes,
1653 2956 66 28 lines,
1730 2958 73 26 twine,
1815 2958 27 20 of
1853 2958 31 22 all

1292 2977 146 30 descriptions
1446 2989 5 19 ;
1468 2985 58 18 mats
1540 2982 28 21 of
1580 2982 30 21 all
1626 2982 64 28 sizes,
1712 2984 40 21 &c.
1790 2984 95 28 Fishing

1291 3008 49 19 nets
1359 3006 66 23 made
1442 3008 45 21 and
1505 3008 110 28 repaired,
1635 3010 45 21 and
1700 3017 68 21 every
1786 3010 56 23 kind
1861 3013 27 21 of

1290 3032 78 23 article
1382 3033 25 22 in
1424 3034 37 22 the
1476 3035 72 22 above
1565 3036 52 27 line,
1636 3036 30 22 all
1682 3037 59 21 from
1757 3038 56 22 New
1827 3039 56 21 Zea-

1289 3058 55 23 land
1359 3060 54 28 flax,
1425 3061 45 22 and
1483 3069 31 15 on
1525 3062 38 23 the
1573 3066 59 19 most
1639 3064 133 22 reasonable
1782 3065 100 27 charges.

1290 3092 43 24 No.
1351 3095 20 26 1,
1396 3095 233 29 Molesworth-street,
1658 3097 146 29 Wellington,
1829 3099 54 22 Port

1519 3123 133 23 Nicholson.

1474 3167 94 24 THIS
1596 3169 98 22 DAY!

1451 3202 94 22 Bouse
1561 3205 55 19 and
1630 3204 87 21 Land.

1290 3234 159 48 MESSRS.
1464 3236 86 22 JOHN
1571 3237 45 22 and
1638 3237 128 23 GEORGE
1786 3239 95 23 WADE

1380 3261 57 22 have
1447 3262 38 22 the
1503 3263 89 22 honour
1601 3267 23 19 to
1635 3272 119 14 announce
1770 3266 49 21 that
1828 3267 53 27 they

1287 3286 57 23 have
1350 3289 104 22 received
1463 3290 146 22 instructions
1617 3292 60 21 from
1683 3292 38 21 the
1732 3296 147 25 mortgagees,

1287 3317 22 18 to
1319 3314 42 23 sell
1375 3316 30 27 by
1415 3316 98 28 auction,
1525 3317 94 22 without
1633 3325 95 21 reserve,
1741 3323 22 17 at
1779 3320 38 22 the
1834 3321 47 21 Ex-

1286 3340 87 28 change
1392 3343 80 27 Room,
1489 3344 32 21 Te
1537 3345 57 26 Aro,
1612 3352 31 14 on
1657 3346 144 27 Wednesday
1817 3352 62 23 next,

1302 3372 22 17 ie
1333 3369 51 22 17th
1391 3370 138 28 September,
1535 3372 156 27 immediately
1698 3373 56 21 after
1760 3373 38 21 the
1804 3374 47 22 sale
1858 3375 26 21 of

1286 3394 38 23 the
1330 3396 82 27 village
1422 3397 26 21 of
1453 3397 99 28 Rhodes,
1563 3398 49 22 that
1625 3404 54 16 neat
1690 3399 101 23 Wooden
1801 3401 79 22 House

1286 3428 51 16 now
1351 3423 109 28 occupied
1476 3424 30 28 by
1522 3425 46 21 Mr.
1585 3425 99 28 Scholes,
1705 3426 117 28 adjoining
1841 3428 39 22 the

1284 3450 108 26 premises
1399 3451 27 21 of
1431 3451 43 22 Mr.
1485 3452 73 22 Jabez
1568 3452 77 27 Allen,
1653 3458 25 16 at
1686 3453 192 30 Lambton-quay,

1285 3476 103 27 together
1404 3478 54 22 with
1474 3478 38 22 the
1533 3478 65 22 Land
1616 3487 30 14 on
1664 3479 78 23 which-
1758 3481 18 21 it
1795 3482 84 27 stands,

1285 3502 85 29 having
1379 3511 14 15 a
1401 3504 103 28 frontage
1514 3509 23 17 to
1555 3506 184 29 Lambtou-quay
1749 3508 26 21 of
1789 3510 27 20 20
1826 3509 53 27 feet,

1285 3532 158 27 commencing
1464 3536 22 17 at
1505 3532 39 22 the
1563 3533 68 22 north
1650 3539 90 17 eastern
1758 3542 80 15 corner
1857 3537 26 21 of

1285 3556 43 23 Mr.
1347 3558 73 22 Jabez
1443 3559 89 22 Allen's
1552 3561 115 26 premises,
1688 3561 46 22 and
1758 3563 123 27 extending

1284 3584 123 28 northerly,
1422 3585 54 23 then
1493 3587 124 27 extending
1629 3588 30 27 by
1670 3595 13 14 a
1691 3588 48 22 line
1753 3589 93 27 parallel
1857 3593 22 19 to

1284 3611 44 22 Mr.
1338 3612 89 24 Allen's
1437 3613 108 22 northern
1563 3614 118 29 boundary
1690 3619 23 17 to
1730 3615 149 28 Wellington-

1284 3641 93 25 terrace,
1395 3639 46 22 and
1458 3640 86 27 having
1560 3648 14 14 a
1589 3641 103 28 frontage
1711 3642 27 22 of
1746 3644 27 20 20
1790 3643 45 22 feet
1853 3643 25 22 in

1283 3665 242 27 Wellington-terrace.
1554 3667 48 23 The
1616 3668 70 22 house
1696 3669 20 21 is
1730 3676 14 14 a
1752 3677 54 20 very
1817 3678 62 14 com-

1283 3696 52 24 pact
1344 3692 47 22 and
1407 3694 147 22 comfortable
1570 3702 49 20 one,
1636 3695 46 22 and
1694 3696 51 21 well
1759 3697 87 27 worthy
1856 3698 26 21 of

1283 3720 119 21 attention.
1435 3720 48 22 The
1501 3721 106 22 situation
1624 3722 19 21 is
1657 3722 127 22 unrivalled
1798 3723 24 22 in
1840 3724 38 22 the

1283 3747 50 26 City
1353 3746 27 22 of
1392 3747 145 28 Wellington,
1556 3748 46 22 and
1618 3749 39 21 the
1679 3749 61 28 land,
1760 3750 84 27 having
1865 3759 14 14 a

1282 3773 81 22 double
1373 3774 110 27 frontage,
1495 3779 61 17 must
1565 3775 82 22 render
1656 3776 20 21 it
1683 3784 13 14 a
1706 3776 109 23 desirable
1825 3785 53 20 pur-

1281 3800 68 22 chase
1359 3803 23 19 to
1392 3808 46 20 any
1446 3808 82 20 person
1534 3802 93 27 seeking
1634 3807 22 17 to
1664 3803 92 22 become
1762 3805 116 26 possessed

1281 3827 26 21 of
1318 3827 103 23 valuable
1432 3832 112 23 property.

1306 3854 80 22 Terms
1395 3855 86 27 liberal,
1492 3855 67 22 made
1570 3855 82 23 known
1664 3860 22 19 at
1696 3857 53 23 sale.

1544 3897 64 19 ALSO,

1307 3914 55 28 (For
1371 3914 38 23 the
1419 3915 85 22 benefit
1513 3916 26 21 of
1551 3916 74 22 whom
1634 3917 19 22 it
1668 3925 51 21 may
1730 3920 116 26 concern,)

1338 3949 61 23 Nine
1409 3950 35 22 fur
1455 3953 68 24 coals,
1534 3958 62 14 more
1608 3959 24 14 or
1642 3952 43 22 less
1697 3952 116 29 damaged.

1495 3984 85 27 Tunas,
1594 3985 59 22 cash.
