2550 4039
682 1411 30 20 To
722 1411 35 20 the
766 1411 76 21 Editor
851 1413 28 24 of
887 1413 35 19 the
1024 1414 95 21 Zealand
1129 1415 86 21 Gazette
1225 1418 41 19 and

836 1440 125 26 Wellington

715 1467 53 29 Sir,
769 1481 33 3 —
802 1468 67 23 Your
880 1469 110 24 insertion
1002 1470 26 23 of
1043 1470 39 24 the
1099 1472 162 33 enclosed£wil]

679 1500 29 24 be
717 1501 112 23 esteemed
845 1502 30 31 by
886 1502 31 24 all
934 1504 84 30 parties
1030 1503 85 32 having
1133 1513 28 15 an
1173 1505 88 25 interest

679 1534 25 23 in
715 1534 39 23 the
766 1536 112 30 question.
1207 1543 5 7 1
1242 1548 4 4 ■

811 1568 45 24 We
868 1577 45 21 are,
928 1570 45 29 Sir,

879 1601 66 26 Your
957 1604 106 24 obedient
1073 1610 110 25 servants,

957 1637 120 26 Johnson
1095 1640 45 23 and
1157 1640 104 25 Moore.

841 1674 144 28 Wellington,
997 1675 136 30 November,
1144 1680 20 25 8,
1176 1680 66 27 1841.,

712 1700 52 31 Sir,
766 1715 33 4 —
799 1702 52 30 We,
863 1703 38 24 the
920 1704 159 31 undersigned,
1094 1707 134 30 purchasers
1241 1708 20 23 of

675 1735 54 23 land
740 1736 57 23 from
811 1736 37 23 the
861 1735 56 25 New
935 1735 102 26 Zealand
1058 1740 119 32 Company
1189 1741 24 23 of
1225 1742 36 23 the

676 1769 84 23 second
777 1770 78 28 series,
865 1769 46 32 beg
928 1775 23 19 to
962 1772 88 23 remind
1068 1781 53 23 you,
1135 1781 24 16 as
1172 1774 89 24 Princi-

674 1802 40 30 pal
724 1802 78 32 Agent
815 1803 25 23 of
849 1803 38 24 the
896 1804 126 32 Company,
1033 1806 49 23 that
1091 1815 41 15 our
1139 1808 122 31 purchases

675 1843 58 15 were
753 1836 65 24 made
838 1837 72 23 under
931 1839 39 23 the
990 1838 116 33 following
1127 1841 132 30 conditions,

674 1869 45 24 viz.
733 1878 6 15 :
741 1882 32 4 —
773 1869 31 32 by
816 1878 13 15 a
837 1876 134 26 prospectus
990 1872 65 24 dated
1068 1874 54 31 July
1135 1876 40 28 30,,
1189 1872 69 33 183iE>,

674 1902 19 23 it
701 1903 20 23 is
733 1903 80 29 stated,
853 1904 61 24 That
926 1905 38 23 the
982 1905 120 25 Directors
1114 1908 47 23 will
1175 1910 84 23 receive

674 1936 148 31 applications
833 1937 35 24 for
881 1944 95 25 country
986 1939 66 24 lands
1064 1945 23 18 to
1100 1941 38 23 the
1150 1947 76 18 extent
1238 1943 23 23 of

674 1972 92 27 50,000
783 1978 70 21 acres,
864 1971 25 23 in
900 1972 99 23 sections
1012 1973 24 23 of
1053 1976 48 21 100
1115 1982 74 18 acres,
1197 1976 61 29 tjach,

674 2008 23 18 at
698 2001 10 7 J
715 2003 39 24 the
771 2004 106 33 uniform^
888 2006 63 30 pricej
962 2006 25 23 of
1002 2006 42 25 £1,
1061 2015 41 23 per
1120 2006 67 31 aci-ef
1190 2001 69 42 -I^e

672 2035 52 32 paid
736 2037 25 22 in
771 2036 43 24 full
824 2037 24 23 in
867 2037 117 32 exchange
1002 2039 35 23 for
1058 2040 38 23 the
1109 2041 56 24 land
1183 2035 76 30 orders

672 2069 75 23 which
758 2070 44 23 will
815 2070 78 23 entitle
908 2071 38 24 the
956 2072 92 24 holders
1061 2074 94 29 thereof,
1167 2082 24 16 or
1202 2075 58 24 their

672 2108 89 25 agents,
773 2107 23 19 to
808 2103 71 24 select
891 2109 94 27 country
998 2108 98 22 sections
1107 2109 150 32 accordingly,

672 2136 78 24 either'
756 2140 24 20 at
791 2136 37 24 the
842 2137 138 32 Company's
999 2140 111 32 principal
1122 2142 135 29 settlement,

672 2177 26 16 or
721 2174 24 19 at
768 2170 131 31 Hokianga,
924 2171 110 33 Kiapara,
1065 2174 127 30 Manukau,
1221 2176 37 23 the

672 2202 93 25 Islands
777 2204 24 23 of
810 2203 104 25 Waihiki
926 2206 43 23 and
982 2206 88 30 Ponau,
1084 2208 38 24 the
1131 2209 93 25 borders
1237 2210 24 24 of

672 2236 38 24 the
722 2237 108 30 Thames,
844 2246 24 15 or
880 2246 45 23 any
936 2239 65 24 other
1012 2245 52 26 part
1075 2241 26 24 of
1115 2242 39 23 the
1166 2246 94 28 present

672 2278 24 15 or
708 2270 75 24 future
799 2272 124 23 territories
936 2273 25 23 of
969 2273 39 23 the
1021 2274 126 33 Company,
1161 2284 24 15 so
1204 2284 54 16 soon

672 2311 24 16 as
717 2304 38 23 the
773 2305 108 30 requisite
901 2314 94 23 surveys
1018 2307 91 24 thereof
1126 2309 59 24 shall
1201 2309 57 30 haye

670 2338 58 23 been
741 2338 131 31 completed,
882 2338 43 25 &c.
1032 2341 61 23 That
1101 2346 23 20 at
1136 2350 13 16 a
1160 2344 99 31 meeting

671 2371 25 23 of
706 2371 37 23 the
752 2371 91 24 holders
856 2372 25 23 of
889 2373 54 23 land
955 2374 85 29 orders,
1053 2375 72 24 under
1138 2376 38 23 the
1188 2376 69 25 above

671 2405 133 29 conditions,
827 2406 24 23 in
879 2406 129 24 December
1035 2408 53 30 last,
1119 2410 44 23 and
1184 2410 73 24 which

669 2439 101 30 meeting
780 2439 105 23 included
898 2441 78 30 nearly
988 2449 25 15 or
1024 2443 62 29 quite
1096 2451 67 23 every
1175 2451 82 24 person

670 2472 85 30 having
774 2480 27 15 an
814 2466 95 31 interest
929 2474 96 29 therein,
1037 2476 19 22 it
1072 2484 46 16 was
1138 2478 118 31 proposed,

669 2505 24 23 in
708 2505 65 23 order
792 2510 21 19 to
833 2507 79 23 enable
929 2507 39 24 the
988 2508 118 32 Company
1119 2514 23 19 to
1159 2511 59 24 fulfil
1236 2516 22 19 at

670 2546 55 16 once
745 2539 57 23 their
821 2547 161 24 engagements
1001 2542 53 24 with
1074 2550 34 22 us,
1122 2549 23 18 to
1165 2544 53 24 cede
1236 2550 20 19 to

670 2571 62 25 them
752 2580 41 16 our
809 2573 62 31 right
893 2578 21 19 to
934 2575 82 24 choose
1034 2577 125 31 according
1178 2582 21 20 to
1220 2578 37 24 the

669 2610 71 19 terms
752 2606 26 23 of
786 2607 110 30 purchase
907 2608 58 23 from
982 2609 71 30 them,
1067 2618 29 15 on
1108 2611 115 25 condition
1236 2613 24 23 of

668 2640 115 30 receiving
800 2649 14 15 a
829 2645 60 19 town
908 2643 86 22 section
1011 2643 25 23 of
1052 2651 13 15 a
1086 2649 92 25 quarter
1189 2646 25 23 of
1229 2654 27 15 an

668 2681 51 15 acre
731 2674 24 23 in
768 2674 36 23 the
816 2678 60 19 town
886 2679 22 18 to
926 2675 28 23 be
973 2676 88 24 formed
1077 2682 23 18 at
1115 2677 140 33 Wanganui,

668 2706 35 24 for
716 2707 53 23 each
781 2707 53 24 land
846 2708 66 23 order
923 2716 25 16 so
957 2709 61 29 held,
1029 2718 24 16 as
1064 2719 13 14 a
1088 2714 168 29 compensation

667 2740 36 23 for
724 2740 40 24 the
790 2741 189 31 relinquishment
1004 2744 25 22 of
1052 2744 38 24 the
1120 2745 135 33 advantages

668 2773 86 24 offered
764 2774 31 30 by
809 2775 39 22 the
864 2780 69 19 terms
953 2777 25 22 of
988 2785 41 15 our
1039 2778 124 31 purchases
1175 2789 5 19 ;
1200 2780 55 29 thaj:,

668 2807 24 23 in
704 2815 88 16 answer
802 2813 23 18 to
844 2808 56 24 such
921 2811 147 30 proposition,
1082 2820 44 23 you
1143 2815 113 29 promised

668 2844 23 20 to
714 2842 144 23 recommend
876 2842 45 23 this
940 2843 55 31 plan
1013 2848 22 19 to
1060 2845 38 23 the
1121 2845 133 32 Directors;

667 2874 50 23 that
728 2879 40 19 ten
778 2875 90 23 months
879 2876 56 23 have
948 2877 92 31 elapsed
1051 2879 62 23 since
1126 2879 46 25 this
1183 2888 72 17 meet-

667 2908 41 30 ing
719 2916 45 15 was
775 2908 61 29 held,
845 2909 72 23 which
929 2909 42 24 has
978 2911 57 23 been
1042 2912 91 31 passed,
1143 2914 32 31 by
1180 2923 74 23 many,

667 2945 24 19 at
711 2946 66 26 great
796 2943 175 24 inconvenience
990 2945 45 23 and
1046 2947 109 29 sacrifice,
1169 2948 44 23 and
1226 2949 29 31 by

667 2975 31 23 all
709 2976 24 22 in
745 2975 92 31 anxiety
849 2977 86 31 arising
952 2978 60 23 from
1029 2978 39 24 the
1086 2979 77 32 delays
1180 2982 24 23 in
1217 2982 38 24 the

667 3017 83 21 survey
762 3009 44 23 and
817 3010 64 23 other
889 3018 88 17 causes.

700 3041 52 30 We,
766 3043 118 29 therefore,
897 3044 46 30 beg-
955 3050 22 17 to
988 3050 94 26 request
1093 3046 37 25 the
1142 3048 80 24 favour
1230 3050 27 23 -of

665 3083 58 23 your
739 3076 63 31 reply
815 3084 26 15 as
859 3081 22 19 to
899 3078 101 23 whether
1013 3079 38 23 the
1067 3079 120 26 Directors
1198 3082 56 25 have

665 3109 111 31 adopted-
795 3118 58 22 your
886 3112 214 30 recommendation,
1136 3123 40 15 as-
1195 3116 60 24 their

665 3151 87 15 answer
771 3147 62 19 must
850 3151 85 23 govern
948 3153 40 15 our
1002 3146 77 24 future
1096 3149 156 31 proceedings.

665 3176 44 23 We
721 3176 59 24 shall
797 3177 96 23 forward
910 3186 13 15 a
937 3186 58 24 copy
1014 3180 25 23 of
1055 3180 46 24 this
1111 3181 75 30 letter,
1200 3184 54 22 with

663 3218 58 22 your
732 3210 70 31 reply,
816 3215 23 19 to
853 3210 37 24 the
903 3211 128 25 Directors.

698 3243 87 31 Signed
796 3244 31 30 by
838 3250 121 18 seventeen
968 3246 92 24 holders
1068 3248 25 23 of
1101 3248 54 24 land
1167 3249 84 25 orders'.

766 3278 34 23 To
815 3278 95 23 Colonel
921 3279 134 23 Wakefield.
1189 3293 5 4 -
1203 3281 2 5 '
1226 3276 3 3 '
1238 3276 5 21 i

663 3310 118 32 Principal
792 3312 78 30 Agent
880 3311 58 24 New
950 3312 101 25 Zealand
1064 3314 125 32 Company.

1919 136 91 22 earliest
2182 138 26 24 of
2223 137 124 36 w^iting'to
2359 150 44 23 you
2405 158 7 14 }
2412 138 97 32 vknow-

1918 169 41 29 ing
1970 169 50 22 that
2031 177 45 23 any
2086 170 148 25 information
2245 175 130 31 respecting
2385 176 37 24 the
2431 180 78 23 settle-

1918 206 62 18 ment
1993 202 44 22 will
2049 202 29 23 be
2089 204 103 23 received
2203 205 61 30 wtylr
2271 207 102 24 interest.
2392 202 8 15 '"

1952 233 44 24 We
2008 235 87 24 arrived
2107 235 54 24 here
2173 237 92 24 after.a.
2273 247 99 24 passage-
2387 242 26 23 of
2430 243 76 26 eleven

1918 266 56 30 days
1985 267 59 24 from
2056 268 57 24 Port
2122 269 133 30 Nicholson,
2264 271 85 33 having
2356 278 151 25 encountered

1918 307 13 15 a
1942 299 44 23 fair
1996 302 132 29 proportion
2140 303 25 22 of
2180 304 94 30 squalls,
2288 305 57 24 hard
2362 308 71 30 gales,
2453 310 53 30 &c,

1919 332 52 30 &c,
1984 333 30 24 all
2026 334 24 23 of
2059 334 81 24 'which
2147 343 66 22 were,
2225 337 24 23 of
2258 346 86 22 course,
2354 340 56 24 dead
2417 344 89 29 against

1917 373 35 15 us.
2001 366 92 32 Cloudy.
2112 367 51 32 Bay
2185 370 46 23 and
2239 370 2 4 '
2253 371 81 31 Kapiti
2356 373 100 25 afforded
2478 384 27 16 us

1917 397 85 26 shelter
2013 400 90 30 against
2120 405 43 19 two
2181 400 26 25 of
2229 400 38 26 the
2285 405 70 23 above
2374 409 130 24 mentioned

1907 444 2 15 ;
1911 431 62 30 .stiff,
1980 432 94 25 breezes
2083 442 5 20 ;
2109 438 28 19 at
2145 434 37 24 the
2194 435 45 24 last
2250 437 26 23 of
2290 438 72 23 which
2375 440 84 30 places,
2465 443 40 30 -by

1916 464 39 23 the
1967 465 50 31 bye,
2030 465 32 24 W
2062 479 35 4 —
2106 474 46 16 was
2163 468 96 32 holding
2269 475 40 19 out
2316 471 23 23 in
2349 472 37 23 the
2392 471 110 28 Look-in.

1931 520 4 5 ,
1951 498 50 24 The
2013 499 63 23 three
2085 500 64 31 ships
2155 502 120 26 .anchored
2285 504 24 22 in
2325 504 38 23 the
2380 506 124 26 Astrolabe

1916 530 79 24 Roads
2008 540 28 15 on
2048 532 38 24 the
2099 534 43 23 9th
2154 534 26 23 of
2193 534 46 24 last
2256 537 86 29 month,
2361 538 45 24 and
2424 540 80 25 imme-

1916 564 83 32 diately
2011 565 30 24 all
2053 566 72 24 hands
2138 575 59 16 were
2217 570 99 30 engaged
2333 571 25 23 in
2370 572 132 33 exploring,

1915 599 129 31 surveying,
2058 600 43 23 &c.
2116 600 52 30 &c,
2182 601 46 24 and
2245 602 38 23 the
2304 604 76 23 affairs
2398 609 106 22 assumed

1915 631 61 30 quite
1994 640 13 14 a
2022 632 166 26 business-like
2208 643 155 23 appearance.;
2388 638 57 27 Pne
2464 648 38 16 ex-

1914 663 100 31 pedition
2025 673 47 16 was
2083 666 87 24 formed
2181 668 36 23 for
2232 668 119 33 exploring
2362 678 14 16 a
2387 672 76 31 valley
2474 682 28 15 on

1914 696 38 24 the
1957 698 68 30 aright
2036 699 26 23 of
2078 699 36 23 the
2126 700 51 31 bay,
2198 701 45 24 and
2254 702 41 23 'off
2311 703 14 24 I
2344 711 46 16 was
2409 706 92 25 sfcuted.

1914 729 89 30 Moore,
2016 731 56 29 also,
2084 740 46 16 was
2143 738 51 19 sent
2205 734 53 24 with
2262 729 50 30 'two

1912 762 73 24 under
1996 764 35 23 his
2044 764 117 31 direction,
2163 767 3 5 1
2174 771 24 19 to
2210 769 91 30 explore
2309 776 2 4 ■
2317 778 45 23 any
2473 772 29 25 he

1913 797 73 29 might
1999 805 62 16 come
2074 806 84 17 across.
2198 800 41 24 We
2325 793 177 36 botlV'success-

1912 829 40 29 ful,
1967 831 44 23 and
2022 837 59 18 were
2093 832 51 24 able
2155 837 23 19 to
2189 832 79 33 report'
2279 843 28 16 on
2319 842 65 19 ourrf
2385 841 68 20 eturri
2465 839 37 24 the

1909 863 118 26 .existence
2039 865 26 22 of
2080 866 155 24 considerable
2245 872 70 19 tracts
2328 868 99 33 oFgdod
2438 871 62 25 land.

1912 896 56 23 Two
1981 896 55 31 days
2047 902 48 19 rest
2104 898 106 26 followed
2222 901 63 23 these
2297 904 144 29 excursions,'
2457 906 44 23 and

1912 929 54 23 then
1978 931 33 22 off
2025 938 33 15 we
2071 937 59 18 went
2142 934 66 30 again
2221 938 22 19 to
2254 934 53 25 look
2325 936 35 23 for
2371 936 54 24 land
2436 939 25 22 in
2472 947 29 15 an

1912 966 106 27 opposite-
2026 964 118 31 direction,
2158 966 44 24 and
2213 968 107 24 returned
2332 970 54 23 with
2397 971 39 22 the
2455 972 45 24 like

1912 1004 98 16 success.
2058 998 25 23 It
2097 1007 54 21 was,
2176 1002 169 31 consequently,
2363 1002 139 27 determined

1912 1028 49 25 that
1980 1030 71 24 Blind
2069 1032 51 30 Bay
2140 1033 83 23 should
2240 1034 29 24 be
2286 1035 38 23 the
2345 1037 43 22 site
2408 1038 37 23 for
2463 1039 37 23 the

1912 1063 136 30 settlement,
2074 1065 44 24 and
2136 1066 39 23 the
2194 1067 64 31 ships
2278 1069 80 24 moved
2380 1070 66 24 from-
2464 1072 37 23 the

1911 1096 122 24 Astrolabe
2045 1097 86 31 Roads,
2144 1100 74 24 under
2229 1101 73 24 Adele
2314 1102 101 31 Islands,
2426 1108 24 19 to
2463 1105 37 24 the

1911 1129 109 24 Waikatu
2032 1131 79 29 River,
2126 1141 29 15 on
2168 1134 39 23 the
2227 1136 101 30 opposite
2349 1136 47 23 side
2415 1138 26 23 of
2463 1138 37 24 the

1910 1162 51 32 bay.
1998 1164 59 24 This
2067 1165 99 25 harbour
2177 1174 48 16 was
2236 1168 129 25 discovered
2377 1170 31 31 by
2420 1171 81 24 Moore

1911 1197 43 23 and
1966 1205 42 16 one
2020 1198 26 23 of
2060 1199 38 23 the
2110 1207 122 24 surveyors
2244 1202 30 23 oh
2283 1210 13 15 a
2304 1202 46 24 late
2359 1204 138 31 expedition,

1911 1229 44 24 and
1966 1232 41 22 hot
2018 1230 58 32 only'
2082 1232 45 24 had
2138 1240 30 16 no
2180 1235 75 23 vessel
2267 1236 91 24 entered
2377 1237 39 24 the
2433 1238 66 32 place

1909 1262 85 30 before,
2006 1264 43 23 but
2058 1265 89 24 ueither
2159 1267 68 24 white
2244 1276 53 15 man
2318 1277 26 15 or
2361 1271 76 23 native
2455 1272 45 23 had

1909 1296 58 23 been
1987 1298 131 31 previously
2135 1307 73 16 aware
2229 1301 26 23 of
2274 1302 30 22 its
2323 1303 124 32 capability
2464 1305 35 24 for

1911 1329 110 31 affording
2036 1331 87 24 shelter
2140 1337 23 19 to
2181 1334 95 24 vessels.
2311 1335 59 24 This
2390 1337 106 30 harbour,

1910 1362 88 32 though
2008 1369 47 25 not,
2069 1365 24 23 of
2109 1373 87 23 course,
2215 1368 68 30 equal
2297 1373 21 19 to
2332 1369 58 24 Port
2401 1370 97 25 Nichol-

1910 1403 48 22 son,
1977 1397 20 23 is
2013 1399 155 24 nevertheless
2184 1400 27 23 fit
2230 1401 35 24 for
2283 1402 29 23 all
2332 1411 111 24 purposes
2461 1413 37 15 re-

1910 1430 86 30 quired.
2032 1431 51 24 The
2106 1432 120 25 Taranaki
2246 1435 81 31 people
2349 1437 75 24 would
2446 1439 51 30 give

1909 1463 59 24 their
1979 1464 70 23 heads
2060 1465 35 23 for
2106 1467 26 28 it,
2145 1474 25 15 as
2182 1468 75 23 would
2268 1469 46 23 also
2323 1469 38 24 the
2367 1471 130 30 gentlemen

1909 1500 22 19 at
1942 1496 112 26 Adelaide
2065 1499 44 23 and
2122 1500 69 24 Swan
2201 1500 81 25 River.

1942 1530 50 24 The
2005 1532 42 23 site
2058 1532 35 23 for
2105 1533 38 24 the
2154 1538 60 20 town
2228 1534 25 24 of
2267 1535 87 24 Nelson
2365 1537 21 23 is
2398 1539 67 30 equal
2474 1544 22 18 to

1907 1562 50 25 that
1969 1564 25 24 of
2008 1563 150 34 Wellington,
2177 1568 45 24 and
2232 1576 117 24 possesses
2363 1571 36 23 the
2412 1572 83 23 advan-

1907 1601 52 27 tage
1971 1597 26 24 of
2010 1598 69 32 being
2091 1600 60 24 close
2170 1605 24 19 to
2212 1602 39 23 the
2270 1603 147 30 agricultural
2434 1606 61 29 land,

1906 1630 74 24 which
1991 1632 20 23 is
2024 1633 114 24 sufficient
2148 1634 36 24 for
2197 1635 39 24 the
2246 1644 99 24 purpose
2361 1638 26 23 of
2401 1639 39 23 the
2459 1641 36 22 in-

1906 1663 83 25 tended
2002 1665 95 31 Colony.
2125 1688 4 3 v
2358 1681 4 2 -
2459 1684 3 4 .

1940 1698 51 24 The
2003 1699 99 25 harbour
2113 1701 20 23 is
2151 1701 88 25 formed
2250 1703 31 30 by
2293 1711 12 15 a
2315 1703 56 33 long
2382 1705 57 24 sand
2451 1708 45 30 spit

1905 1730 74 24 which
1991 1740 55 15 runs
2058 1733 34 23 off
2100 1734 38 23 the
2149 1736 82 23 mouth
2242 1736 25 23 of
2276 1745 42 15 one
2330 1738 26 23 of
2364 1738 37 24 the
2413 1740 80 29 rivers,

1905 1765 141 34 and,yessels
2059 1767 85 24 anchor
2155 1769 88 24 outside
2255 1771 24 22 in
2290 1770 38 24 the
2338 1771 43 31 bay
2389 1773 59 23 until
2457 1774 36 23 the

1905 1797 46 24 tide
1952 1797 4 11 1
1964 1799 65 29 suits,
2046 1800 74 23 which
2131 1802 19 23 is
2163 1810 69 23 every
2250 1804 36 23 six
2304 1804 77 26 hours.
2419 1806 74 24 There

1904 1831 20 23 is
1935 1832 56 23 then
2002 1833 70 23 about
2083 1834 62 24 three
2158 1835 45 23 and
2217 1844 14 15 a
2241 1836 51 24 half
2305 1838 98 24 fathoms
2417 1848 29 15 on
2455 1841 38 23 the

1904 1865 48 30 bar,
1965 1866 71 23 which
2054 1868 20 22 is
2092 1872 23 19 at
2133 1868 30 23 all
2182 1870 66 23 times
2267 1871 109 32 perfectly
2394 1874 98 23 smooth.

1905 1898 57 24 The:
1979 1898 101 33 Whitby,
2103 1900 60 25 Will
2182 1902 90 28 Watch,
2293 1905 43 23 and
2353 1905 85 25 Arro's
2456 1916 37 15 are

1903 1939 51 16 now
1977 1934 83 30 snugly
2081 1935 82 29 inside,
2193 1937 45 23 and
2266 1938 146 33 discharging
2434 1940 59 24 their

1904 1973 106 24 cargoes.,
2051 1968 51 23 The
2120 1967 88 25 'Beach'
2209 1962 4 12 1
2232 1971 89 24 abreast
2340 1968 43 29 "of,'
2396 1982 28 15 us
2447 1975 48 22 will

1902 1999 92 30 shortly-
2003 2000 28 22 be
2041 1999 40 24 the
2098 2009 67 14 scene
2178 2003 26 20 of
2218 2003 67 29 lively
2298 2006 100 28 activity.
2419 2010 4 3 ■
2433 2007 27 21 It
2470 2006 22 22 ii

1902 2039 50 16 now
1966 2032 93 23 covered
2072 2033 54 23 with
2138 2038 60 18 tents
2210 2035 45 23 and
2265 2035 61 30 huts,
2340 2037 75 24 which
2436 2046 54 15 con-

1902 2065 48 22 tain
1963 2064 37 24 the
2010 2070 80 25 stores,
2101 2066 44 23 and
2156 2067 49 22 into
2215 2067 74 24 which
2297 2077 31 15 we
2336 2069 58 24 shall
2401 2079 91 16 remove

1902 2105 29 16 on
1944 2098 110 31 Monday.
2107 2100 16 13 *
2192 2100 15 15 *
2276 2103 15 14 *
2327 2095 6 3 *
2358 2103 16 15 *
2443 2105 14 14 *

1936 2130 51 25 The
1999 2134 59 21 town
2069 2133 47 23 will
2125 2133 27 23 be
2164 2133 25 24 in
2201 2142 13 15 a
2225 2142 62 17 more
2304 2141 103 27 compact
2424 2145 68 24 space

1902 2164 55 23 than
1976 2169 23 20 at
2018 2166 151 31 Wellington.
2213 2168 76 24 There
2306 2169 47 24 will
2375 2171 28 23 be
2421 2177 69 19 water

1901 2197 105 33 frontage
2020 2199 37 23 for
2076 2199 69 24 about
2163 2208 14 15 a
2194 2201 53 24 mile
2271 2202 43 24 and
2337 2211 14 15 a
2373 2204 54 30 half,
2447 2206 43 23 and

1901 2230 88 25 vessels
1998 2240 52 23 may
2059 2232 38 31 lay
2109 2234 118 31 alongside
2238 2235 38 23 the
2288 2236 71 24 beach
2366 2242 23 19 to
2398 2239 90 29 unload,

1902 2272 25 16 as
1939 2264 39 25 the
1992 2265 92 31 Whitby
2097 2267 41 23 has
2151 2267 57 24 been
2222 2269 76 31 doing.
2335 2270 57 25 This
2412 2272 77 23 settle-

1901 2303 64 19 ment
1987 2300 46 23 will
2050 2301 91 30 require
2161 2303 110 27 500,000
2290 2311 69 22 acres,
2380 2305 45 24 and
2443 2305 49 24 that

1902 2336 94 20 amount
2007 2333 25 23 of
2047 2335 110 22 available
2168 2335 55 23 land
2234 2336 19 23 is
2274 2336 61 25 here.
2372 2338 43 24 We
2433 2339 56 24 have

1900 2370 42 19 not
1952 2365 46 24 had
2008 2367 54 23 time
2074 2371 22 19 to
2107 2373 118 26 penetrate
2236 2370 36 23 far
2282 2371 47 23 into
2341 2371 38 24 the
2388 2373 100 29 interior,

1900 2399 50 24 but'
1962 2408 33 15 we
2012 2400 88 25 believe
2118 2401 50 24 that
2187 2410 34 16 we
2244 2403 60 24 shall
2323 2413 59 23 open
2401 2414 30 15 on
2451 2406 37 24 the

1900 2432 158 25 Lookers-on
2077 2434 82 31 plains,
2179 2440 24 18 at
2223 2444 13 16 a
2255 2437 101 25 distance
2376 2439 25 23 of
2422 2440 68 23 about

1900 2467 63 30 sixty
1974 2467 65 24 miles
2051 2467 59 24 from
2123 2469 37 23 the
2171 2470 54 30 bay.
2262 2471 49 24 The
2324 2472 42 23 soil
2380 2473 20 22 is
2420 2474 25 23 of
2459 2481 28 16 an

1900 2500 116 24 excellent
2024 2500 144 33 description.
2206 2503 51 24 The
2264 2505 74 31 plains
2347 2514 37 16 are
2393 2507 93 24 covered

1898 2534 56 23 with
1965 2534 50 23 fern
2027 2535 44 23 and
2081 2543 77 23 grass,
2174 2537 56 23 with
2240 2538 59 23 belts
2310 2539 25 23 of
2351 2540 61 23 bush
2424 2548 62 15 occa-

1899 2568 98 31 sionally
2005 2577 6 20 ;
2031 2576 62 16 some
2106 2570 25 22 of
2146 2570 38 23 the
2198 2571 86 32 valleys
2303 2580 37 16 are
2359 2574 87 23 similar
2464 2578 22 19 to

1898 2600 39 24 the
1949 2600 70 30 Hutt,
2032 2602 46 24 and
2088 2603 92 31 equally
2191 2604 57 24 rich.
2285 2605 13 24 I
2310 2606 86 31 shortly
2408 2612 78 26 expect

1897 2637 24 20 to
1934 2638 58 20 start
2001 2636 36 22 for
2048 2635 38 24 the
2098 2636 94 24 Wairoa
2205 2638 75 32 valley
2292 2639 24 23 in
2328 2640 89 31 Cloudy
2428 2641 57 31 Bay,

1898 2667 75 24 which
1983 2669 20 22 is
2017 2669 24 23 of
2057 2670 154 24 considerable
2230 2677 83 25 extent,
2327 2674 45 23 and
2382 2674 21 23 if
2418 2679 23 19 at
2457 2674 29 24 all

1897 2703 190 30 approximating,
2098 2703 47 23 will
2155 2704 29 23 be
2196 2705 104 23 included
2311 2707 25 23 in
2353 2707 38 23 the
2409 2708 77 23 settle-

1896 2738 65 19 ment
1973 2735 25 23 of
2012 2735 96 24 Nelson.
2145 2736 80 32 Every
2241 2738 66 32 thing
2325 2739 54 24 here
2399 2741 21 23 is
2432 2749 53 15 con-

1897 2767 83 24 ducted
1998 2777 29 15 on
2042 2777 15 15 a
2076 2769 100 31 glorious
2192 2771 69 25 scale.
2298 2772 51 24 The
2370 2774 120 32 Company

1897 2808 63 17 seem
1970 2806 22 19 to
2004 2801 57 24 have
2075 2803 81 31 spared
2166 2811 31 16 no
2210 2813 98 23 expence
2320 2807 25 23 in
2356 2806 38 25 the
2406 2809 79 30 equip-

1896 2839 63 19 ment
1976 2836 25 22 of
2021 2836 47 23 this
2081 2837 138 31 expedition.
2255 2838 24 24 It
2295 2839 62 24 beats
2377 2841 38 24 the
2436 2842 49 23 first

1897 2868 31 23 all
1944 2873 22 19 to
1985 2867 104 34 nothing.
2128 2871 66 31 Capt.
2217 2872 136 30 Wakefield,
2372 2879 45 25 too,
2436 2876 20 22 is
2472 2883 13 15 a

1895 2902 73 31 really
1979 2903 67 23 noble
2057 2903 82 30 fellow,
2149 2905 45 23 and
2205 2905 20 23 is
2237 2905 63 25 liked
2309 2907 31 30 by
2354 2916 67 21 every
2432 2916 49 16 one.

1930 2936 16 15 ■*
2013 2937 16 15 *
2097 2938 15 14 *
2178 2931 34 23 •*'■
2269 2937 25 18 *'
2351 2941 15 15 *
2434 2942 16 16 *

1897 2968 25 24 It
1932 2970 20 23 is
1964 2978 55 23 very
2029 2971 109 30 probable
2151 2971 50 30 that,
2210 2973 81 24 Moore
2302 2974 47 24 will
2359 2975 28 23 be
2396 2976 24 22 in
2427 2975 56 24 Port

1897 3003 126 24 Nicholson
2043 3005 26 22 in
2088 3013 14 14 a
2125 3005 63 24 short
2208 3007 63 29 time,
2291 3008 35 23 in,
2336 3007 39 24 the
2392 3009 89 28 Arrow,

1895 3037 76 23 which
1990 3038 46 23 will
2054 3038 28 23 be
2102 3038 137 32 despatched
2257 3045 23 19 to
2300 3041 143 31 Valparaiso,
2461 3046 23 19 to

1897 3078 87 23 convey
2005 3071 38 24 the
2066 3072 145 31 intelligence
2233 3073 33 24 of
2279 3074 38 23 the
2336 3076 43 22 site
2398 3076 26 22 of
2447 3075 36 23 the

1897 3104 137 24 settlement.
2071 3105 38 32 By
2119 3105 53 24 this,
2177 3106 75 24 vessel
2263 3107 15 24 I
2296 3107 59 25 shall
2373 3109 56 23 send
2439 3116 42 23 you

1897 3145 63 16 some
1971 3138 126 31 geological
2108 3140 136 30 specimens,
2257 3140 43 25 &c.
2314 3142 52 29 &c,
2385 3142 72 24 which
2469 3141 12 24 I

1895 3170 59 24 have
1966 3171 116 30 collected,
2094 3173 105 30 together
2210 3174 55 23 with
2272 3182 13 16 a
2292 3182 62 17 more
2361 3175 121 31 particular

1897 3204 137 32 description
2047 3206 26 23 of
2086 3205 85 25 affairs.
2209 3207 51 24 The
2274 3208 84 23 Arrow
2379 3208 44 24 will
2440 3208 41 23 sail

1896 3238 25 22 in
1933 3238 70 24 about
2013 3246 14 16 a
2037 3238 73 25 week.
2180 3240 16 16 *
2270 3241 15 15 *
2308 3255 3 4 .
2353 3243 15 14 *
2434 3242 15 15 *

2165 3273 94 31 Your's,
2273 3275 42 24 &c.
2329 3276 52 29 &c,

1956 3323 3 10 >
1997 3314 3 5 '
2226 3307 121 25 Charles
2358 3309 120 24 Heaphy.

1897 3337 49 26 Mr.
1957 3338 41 25 W.
2010 3339 75 30 Lyon,
2098 3340 60 24 Port
2168 3340 134 25 Nicholson.

1931 3403 52 24 The
1994 3403 84 32 Bailey
2097 3405 42 24 has
2149 3405 61 24 been
2222 3406 103 23 detained
2337 3414 14 15 a
2361 3406 44 25 few
2416 3406 59 32 days,

1895 3438 26 22 in
1930 3445 154 24 consequence
2103 3439 26 23 of
2154 3446 63 16 some
2234 3439 120 24 alteration
2363 3441 69 30 being
2442 3448 33 15 re-

1897 3471 80 30 quired
1992 3471 24 23 in
2024 3471 42 24 her
2078 3476 107 26 stowage.
2234 3472 24 23 It
2275 3473 20 23 is
2313 3474 109 31 expected
2438 3473 37 24 she

1896 3504 46 24 will
1953 3509 41 26 get
2005 3512 63 23 away
2079 3505 25 23 in
2115 3505 38 23 the
2162 3505 63 30 early
2235 3511 51 25 part
2298 3507 25 23 of
2337 3512 55 19 next
2403 3506 69 25 week.

1331 719 144 31 Despatches
1487 729 60 15 were
1564 722 104 23 received
1683 730 29 16 on
1724 723 105 32 Monday
1839 724 47 24 last

1297 752 32 31 by
1343 752 39 24 the
1394 753 57 23 New
1483 754 102 24 Zealand
1609 755 138 31 Company's
1768 757 117 32 Principal

1298 785 143 31 Agentfrom
1450 786 38 24 the
1496 787 89 24 Nelson
1591 788 144 30 Settlement,
1743 790 60 23 from
1811 791 73 23 which

1298 826 33 16 we
1343 819 56 23 have
1410 819 59 24 been
1480 820 95 24 allowed
1593 825 22 19 to
1627 822 80 30 gather
1720 823 37 23 the
1769 824 116 32 following

1297 851 152 24 information:

1305 896 4 4 •
1332 886 97 31 Captain
1441 886 140 31 Wakefield;
1592 887 57 25 after
1654 896 36 16 .an
1700 890 153 24 examination
1862 889 23 26 of

1295 918 40 27 Jhe
1349 918 78 25 shores
1444 920 25 23 of
1473 920 81 23 .Blind
1568 921 59 31 Bay,
1639 921 59 24 from
1711 922 38 23 the
1761 923 122 25 Astrolabe

1297 952 66 23 roads
1376 956 22 19 to
1411 952 122 24 Croixilles
1552 953 125 30 Harbour/
1688 955 44 24 had
1744 955 92 26 decided
1854 966 30 15 on

1297 985 92 31 placing
1399 986 38 23 the
1455 986 130 25 settlement
1603 992 22 19 at
1637 988 108 30 Wakatu,
1764 986 74 28 which'
1854 991 29 24 he

1298 1012 40 29 Las
1352 1019 81 23 named
1444 1020 89 24 Nelson
1549 1021 90 23 Haven.'

1331 1052 58 23 This
1402 1053 98 24 harbour
1512 1054 42 23 lies
1575 1055 24 22 in
1612 1055 38 24 the
1666 1056 130 24 south-east
1817 1058 66 31 angle

1297 1085 25 23 of
1331 1085 69 23 Blind
1414 1086 56 31 Bay,
1484 1095 33 21 or,
1531 1096 25 15 as
1567 1089 20 22 it
1597 1088 45 23 -has
1655 1089 57 23 been
1722 1098 63 15 more
1799 1100 83 22 appro-

1296 1119 96 30 priately
1413 1120 78 29 called,
1513 1120 122 25 Tasman's
1655 1122 64 24 Gulf.
1764 1124 24 23 It
1806 1126 20 22 is
1842 1130 41 19 not

1287 1152 55 24 .laid
1349 1152 76 24 'down
1443 1154 25 22 in
1479 1161 45 23 any
1536 1155 25 22 of
1580 1154 38 24 the
1629 1155 146 30 charts/and-
1783 1166 45 15 was
1841 1164 42 19 not

1295 1185 77 23 before
1390 1185 84 24 known
1494 1191 23 19 to
1536 1186 145 33 Europeans.
1722 1190 52 23 The
1794 1193 87 23 natives

1295 1218 59 24 from
1373 1218 37 24 the
1434 1221 102 30 opposite
1554 1221 49 23 side
1622 1221 24 24 of
1671 1222 38 23 the
1733 1223 61 24 Gulf
1817 1233 64 16 occa-

1296 1252 95 31 sionally
1403 1253 80 23 visited
1504 1254 19 23 it
1535 1254 36 23 for
1583 1254 37 23 the
1635 1263 100 24 purpose
1747 1257 26 23 of
1787 1258 92 31 fishing,

1295 1284 41 24 but
1347 1293 57 16 -were
1423 1286 120 31 unwilling
1559 1292 23 18 to
1600 1289 52 30 give
1672 1297 44 23 any
1735 1290 147 25 information

1295 1320 127 30 respecting
1433 1320 25 28 it,
1476 1320 75 24 which
1562 1321 74 31 might
1653 1322 59 23 draw
1724 1323 35 23 off
1771 1326 110 22 attention

1294 1352 59 23 from
1371 1352 58 24 their
1441 1354 134 31 own.place;
1594 1355 120 30 Motueka,
1735 1357 75 24 where
1827 1358 55 32 they

1294 1385 44 23 had
1349 1387 110 30 prepared
1469 1387 85 24 houses
1566 1388 35 23 for
1613 1390 108 30 expected
1733 1391 99 24 settlers.

1326 1419 129 32 Although,
1458 1420 91 24 Nelson
1568 1421 85 24 Haven
1665 1428 82 18 cannot
1765 1424 29 23 be
1809 1425 72 24 called

1294 1460 13 14 a
1317 1451 41 24 bar
1369 1453 105 29 harbour,
1488 1454 64 23 there
1564 1463 39 15 are
1611 1455 51 24 flats
1675 1460 22 19 to
1709 1465 55 22 pass
1776 1466 53 15 over
1839 1459 39 23 be-

1293 1485 47 23 fore
1357 1487 104 31 entering
1477 1487 26 29 it,
1523 1495 62 24 upon
1597 1489 74 23 which
1682 1489 37 24 the
1737 1498 40 16 sea
1796 1492 83 24 breaks

1293 1518 82 31 during
1386 1528 13 15 a
1415 1525 80 27 strong
1514 1521 82 24 breeze
1612 1530 27 15 on
1657 1523 38 24 the
1707 1524 111 30 ebb-tide,
1838 1526 41 24 but

1293 1552 53 30 they
1357 1561 38 15 are
1408 1554 88 23 formed
1513 1554 32 31 by
1563 1563 13 15 a
1594 1556 68 29 river,
1683 1556 48 24 also
1751 1558 71 24 called
1840 1559 38 24 the

1293 1585 108 31 Wakatu,
1415 1587 75 24 which
1498 1586 3 3 '
1512 1587 97 25 delivers
1629 1590 64 23 itself
1707 1590 69 24 about
1789 1600 14 15 a
1824 1593 53 23 mile

1292 1619 44 23 and
1354 1627 14 15 a
1378 1620 50 23 half
1443 1625 23 19 to
1488 1620 40 24 the
1540 1623 125 29 westward,
1686 1624 24 23 in
1730 1633 14 15 a
1761 1625 116 33 northerly

1291 1652 115 30 direction,
1430 1653 101 25 whereas
1554 1655 39 24 the
1614 1661 105 20 entrance
1742 1661 24 20 to
1789 1659 88 24 Nelson

1292 1686 84 24 Haven
1387 1688 19 22 is
1418 1688 79 30 nearly
1510 1693 56 19 east.
1603 1689 75 24 There
1693 1699 38 15 are
1743 1692 79 24 eleven
1831 1693 46 24 feet

1291 1719 26 24 of
1331 1724 68 19 water
1410 1725 23 18 at
1443 1721 43 24 low
1498 1722 47 23 tide
1556 1730 31 16 on
1603 1722 38 24 the
1653 1724 52 23 flats
1714 1733 5 21 ;
1739 1725 43 23 but
1791 1727 85 23 vessels

1291 1758 82 18 cannot
1385 1762 61 15 cross
1458 1754 64 24 them
1532 1755 67 24 when
1610 1757 19 23 it
1638 1757 21 23 is
1677 1757 103 33 blowing
1799 1764 77 27 strong

1289 1787 59 23 from
1359 1787 49 26 .the
1430 1787 82 31 N.W.,
1533 1797 30 15 on
1583 1795 96 18 account
1700 1791 24 24 of
1746 1792 39 24 the
1804 1794 70 23 swell.

1290 1820 50 24 The
1352 1821 45 23 rise
1409 1821 44 23 and
1463 1821 42 24 fall
1517 1827 23 19 at
1552 1822 38 24 the
1602 1831 70 24 neaps
1683 1825 20 23 is
1714 1825 63 31 eight
1786 1826 46 24 feet
1839 1828 37 23 six

1288 1854 87 25 inches.
1449 1850 6 6 '
1724 1858 4 4 '
1754 1862 9 6 -

1323 1888 50 24 The
1387 1889 83 24 IJaVen
1481 1889 73 25 inside
1567 1892 20 22 is
1608 1899 24 16 as
1651 1900 60 24 snug
1730 1893 45 24 and
1793 1902 81 16 conve-

1288 1922 64 23 nient
1363 1931 13 14 a
1387 1922 97 25 hcrbour
1497 1932 25 15 as
1534 1925 58 23 need
1604 1926 35 28 be,
1658 1926 55 24 with
1726 1927 59 23 from
1797 1928 43 23 five
1851 1933 23 19 to

1288 1962 68 16 seven
1375 1954 106 26 fatEomY
1499 1964 83 18 water.
1616 1959 87 25 .There
1720 1961 21 22 is
1763 1961 112 24 sufficient

1288 1995 63 17 room
1364 1989 36 24 for
1416 1995 86 27 twenty
1519 1992 96 25 vessels,
1624 1997 22 19 to
1663 1993 32 25 lie
1711 1995 101 27 moored,
1831 1995 54 27 and|

1288 2021 81 23 almost
1381 2030 44 23 any
1437 2023 95 23 number
1545 2023 23 23 in
1580 2025 62 28 tiers,
1662 2032 25 16 or
1705 2026 94 24 moored
1817 2027 57 24 head

1288 2055 43 22 and
1343 2059 70 25 stern,
1432 2056 54 23 with
1506 2056 65 24 three
1589 2057 99 24 fathoms
1707 2059 79 23 within
1804 2060 69 31 thirty

1288 2088 45 22 feet
1345 2089 25 22 of
1385 2089 37 23 the
1432 2089 73 23 beach
1517 2094 23 18 at
1550 2091 44 23 low
1606 2096 68 18 water
1693 2092 36 24 for
1748 2100 30 16 an
1796 2098 77 19 extent

1288 2121 26 23 of
1327 2129 62 16 more
1401 2122 55 24 than
1467 2122 50 24 half
1533 2131 15 16 a
1557 2124 63 24 mile.
1631 2140 3 3 •
1657 2124 23 24 It
1691 2126 19 23 is
1723 2134 14 15 a
1747 2131 61 19 most
1820 2135 52 15 con-

1287 2156 91 22 venient
1389 2155 62 32 place
1460 2156 36 24 for
1508 2156 103 32 clearing
1623 2166 14 15 a
1648 2157 60 33 ship,
1727 2159 46 23 and
1792 2160 81 24 ballast

1288 2196 41 15 can
1338 2189 29 22 be
1378 2197 24 15 as
1415 2190 71 30 easily
1497 2195 43 26 put
1551 2199 31 15 on
1598 2191 71 24 board
1683 2192 59 24 from
1762 2193 38 23 the
1819 2194 55 31 long

1288 2222 88 31 shingle
1395 2223 72 23 beach
1484 2223 75 27 which
1577 2224 72 24 forms
1668 2225 38 24 the
1725 2226 100 25 harbour
1845 2236 29 15 on

1287 2255 38 23 the
1337 2256 95 24 outside.

1321 2289 50 23 The
1383 2291 42 22 site
1438 2290 25 23 of
1477 2290 39 24 the
1528 2295 61 19 town
1600 2292 20 23 is
1633 2300 13 16 a
1662 2293 101 24 mixture
1784 2295 25 22 of
1831 2295 42 24 hill

1287 2322 44 23 and
1342 2323 57 29 vale,
1420 2323 45 24 and
1476 2324 55 24 with
1545 2333 50 15 care
1606 2326 25 23 in
1641 2326 81 31 laying
1731 2328 18 22 it
1762 2333 46 24 out,
1820 2336 52 23 may

1287 2356 27 23 be
1325 2356 65 24 made
1403 2365 13 15 a
1427 2365 54 23 very
1491 2362 77 27 pretty
1580 2359 64 30 place
1654 2369 5 19 ;
1680 2360 41 23 but
1728 2361 94 24 without
1834 2363 38 23 the

1287 2389 138 31 capabilities
1432 2390 73 24 which
1514 2391 142 32 Wellington
1662 2398 113 26 presents.
1797 2395 74 24 There

1286 2430 37 16 are
1335 2427 43 19 two
1389 2432 24 15 or
1421 2423 62 26 three
1493 2425 105 24 hundred
1606 2426 24 23 of
1646 2435 63 15 acres
1721 2427 26 24 of
1763 2429 109 24 timbered

1285 2456 53 23 land
1349 2457 24 22 in
1385 2457 38 23 the
1434 2458 130 24 immediate
1578 2460 188 31 neighbourhood
1787 2462 26 23 of
1834 2463 37 24 the

1286 2494 66 25 town,
1361 2490 43 24 and
1413 2491 63 23 there
1488 2492 21 23 is
1521 2500 12 15 a
1540 2493 54 30 pine
1603 2493 71 24 forest
1683 2494 26 23 of
1717 2495 154 25 considerable

1286 2528 78 19 extent
1386 2528 23 19 at
1431 2524 71 25 about
1523 2531 40 18 ten
1573 2545 3 4 .
1585 2527 67 23 miles
1678 2528 102 24 distance
1812 2530 59 24 from

1285 2557 25 23 it.

1319 2589 50 25 The
1382 2590 94 32 district,
1495 2601 26 16 so
1542 2592 35 26 far
1594 2603 24 15 as
1630 2595 39 23 the
1681 2603 121 24 surveyors
1813 2597 56 24 have

1285 2624 114 31 explored,
1416 2631 105 26 presents
1537 2632 66 26 great
1614 2628 136 32 advantages
1760 2639 6 20 ;
1785 2630 85 32 having

1285 2658 50 31 fifty
1345 2658 111 25 thousand
1474 2668 66 16 acres
1558 2662 27 26 of,
1604 2662 62 30 good
1686 2652 110 35 available
1802 2665 3 4 '
1815 2664 60 26 land,

1285 2691 81 24 almost
1378 2693 143 30 contiguous.
1558 2694 51 23 The
1617 2695 114 30 goodness
1744 2697 26 22 of
1778 2697 39 24 the
1826 2698 43 23 soil

1284 2726 19 22 is
1316 2726 195 30 unquestionable.
1523 2751 3 3 .
1563 2727 25 24 It
1604 2728 21 23 is
1637 2729 96 23 covered
1743 2730 60 24 with-
1810 2731 56 29 fern,

1283 2759 53 28 flax,
1350 2767 72 22 grass,
1436 2760 43 23 and
1491 2761 146 24 sow-thistle.
1640 2768 4 10 ;
1660 2772 2 6 ■
1677 2762 75 24 'From
1771 2764 39 23 the
1828 2773 39 23 ap-

1284 2800 109 23 pearance
1409 2793 27 23 of
1456 2801 29 16 an
1503 2795 101 30 opening
1622 2799 23 19 to
1663 2795 39 24 the
1721 2796 110 30 S.E.,it
1848 2799 19 22 is

1283 2826 120 31 presumed
1416 2826 49 24 that
1476 2835 14 15 a
1502 2829 190 23 communication
1703 2830 56 23 with
1770 2831 38 23 the
1821 2832 46 23 dis-

1284 2860 52 23 trict
1348 2860 25 23 of
1394 2860 37 23 the
1449 2860 159 24 Lookers-on
1627 2870 29 15 on
1676 2862 38 24 the
1733 2869 50 19 east
1798 2870 68 25 coast,

1284 2893 73 23 which
1368 2894 20 22 is
1399 2893 50 24 well
1461 2894 86 24 known
1557 2899 23 20 to
1592 2895 29 24 be
1633 2904 13 15 a
1655 2897 100 30 pastoral
1765 2904 101 26 country,

1284 2926 45 23 will
1336 2927 27 23 be
1374 2927 138 24 discovered.

1318 2960 50 28 Tjhe
1371 2966 3 11 1
1379 2961 88 24 climate
1476 2962 22 23 is
1507 2962 61 31 good
1580 2963 45 23 and
1636 2964 73 23 winds
1721 2965 28 23 do
1757 2970 42 19 not
1810 2966 58 26 blow

1282 2993 67 24 home
1368 2998 23 19 at
1405 2994 39 24 the
1462 2995 88 24 bottom
1563 2996 26 23 of
1608 2996 38 24 the
1666 2997 65 25 Gulf.
1775 2999 30 24 In
1823 3000 44 24 this

1282 3032 90 26 respect
1383 3029 18 22 it
1411 3029 20 22 is
1444 3029 87 23 similar
1549 3034 23 19 to
1593 3029 38 24 the
1651 3030 68 25 Gulfs
1739 3032 26 23 of
1786 3032 82 25 Horou

1283 3060 44 23 and
1339 3061 123 24 Kalamata
1472 3063 25 23 in
1507 3062 43 24 the'
1557 3063 91 23 M'orea:

1317 3094 50 24 The
1378 3095 98 31 barques
1490 3095 95 32 Whitby
1597 3097 56 24 and.'
1661 3097 60 24 Will
1730 3097 83 26 Watch
1825 3100 44 25 and

1287 3127 34 24 ;he
1337 3128 52 31 brig
1411 3129 84 23 Arrou,
1513 3137 60 16 were
1590 3135 25 19 at
1632 3130 85 24 anchor
1735 3132 26 23 in
1780 3133 88 25 Nelson

1287 3161 80 23 Haven
1389 3161 65 24 when
1477 3163 39 23 the
1538 3163 73 24 Eliza
1632 3156 43 32 leift
1689 3166 33 28 .it,
1735 3166 46 24 and
1792 3175 5 5 -
1810 3175 57 16 were

1281 3194 78 31 nearly
1371 3195 141 32 discharged.

1316 3228 50 24 The
1377 3229 112 24 members
1502 3230 26 23 of
1538 3230 39 24 the
1590 3231 129 32 expedition
1730 3239 59 17 were
1803 3234 30 24 all
1844 3235 25 23 in

1280 3262 59 30 good
1359 3262 85 31 spirits,
1457 3263 45 23 and
1520 3265 112 30 sanguine
1643 3266 26 22 in
1689 3265 58 24 their
1757 3266 72 33 hopes
1846 3269 24 23 of

1280 3295 112 31 founding
1403 3304 13 15 a
1419 3295 144 33 -flourishing
1575 3297 139 26 settlement.

1314 3328 95 25 Vessels
1426 3331 140 31 proceeding
1583 3336 24 19 to
1624 3332 89 24 Nelson
1724 3333 82 25 should
1825 3342 42 16 run

1280 3361 76 31 boldly
1376 3363 65 23 down
1451 3363 39 24 the
1503 3364 61 24 Gulf
1582 3365 45 23 and
1638 3367 165 24 communicate
1815 3368 52 24 with

1281 3396 38 23 the
1331 3396 64 28 Port,
1408 3396 45 24 and
1464 3405 13 15 a
1494 3397 56 24 boat
1566 3398 48 24 will
1624 3399 28 23 be
1663 3404 51 18 sent
1726 3406 48 18 out.
1810 3401 27 24 If
1850 3403 17 23 it

1279 3429 83 23 should
1384 3429 59 24 blow
1464 3430 65 24 fresh
1550 3431 60 24 from
1632 3432 40 24 the
1701 3433 83 30 N.W.,
1815 3435 52 32 they

1279 3462 82 24 should
1371 3462 30 24 lie
1413 3463 38 24 the
1462 3464 83 24 breeze
1556 3471 40 17 out
1607 3466 23 22 in
1641 3466 125 25 Astrolabe
1780 3467 86 32 Roads,

1279 3496 74 23 which
1372 3497 20 22 is
1415 3505 25 15 as
1457 3499 61 29 good
1540 3506 30 16 an
1586 3499 126 31 anchorage
1736 3509 26 15 as
1780 3509 42 16 can
1839 3502 28 24 be

1278 3529 87 23 wished
1375 3530 42 22 for.

1312 3563 30 23 In
1354 3564 99 31 running
1465 3564 65 24 down
1549 3570 22 19 to
1585 3567 171 29 communicate,
1770 3576 14 15 a
1794 3568 72 25 vessel

1278 3596 82 24 should
1378 3602 40 18 not
1436 3606 28 22 go
1483 3599 48 23 into
1543 3599 47 23 less
1609 3600 55 23 than
1676 3608 69 16 seven
1759 3601 106 30 fathoms,

1278 3630 58 23 until
1360 3630 39 23 she
1417 3631 101 24 receives
1536 3640 14 15 a
1567 3633 65 31 pilot.
1669 3634 134 24 Provisions
1821 3635 45 23 will

1277 3663 28 23 be
1324 3664 87 23 wanted
1429 3672 29 16 on
1476 3665 38 23 the
1535 3666 85 23 arrival
1637 3666 26 24 of
1678 3667 38 23 the
1735 3668 90 23 settlers
1842 3669 23 23 in

1277 3697 109 31 January.
1423 3697 73 24 Stock
1509 3699 43 23 and
1564 3699 69 31 sheep
1644 3699 46 24 will
1702 3700 28 23 do
1741 3701 52 23 well
1803 3701 61 29 here,

1278 3730 44 24 aiid
1333 3731 79 23 horses
1425 3739 37 15 are
1474 3732 70 22 much
1553 3732 115 31 required.

1930 3554 97 25 Messrs.
2048 3555 72 24 Wade
2139 3556 50 24 sold
2201 3563 2 7 '
2214 3558 69 23 about
2302 3562 84 27 twenty
2401 3563 76 26 young

1895 3587 83 25 heifers
1989 3588 31 31 by
2031 3589 92 23 auction
2131 3591 128 31 yesterday,
2323 3592 54 30 they
2383 3590 94 25 realized

1893 3621 75 30 prices
1990 3620 59 25 from
2072 3622 54 24 £13
2153 3624 58 23 10s.'
2230 3629 22 19 to
2276 3625 52 24 £19
2351 3633 40 23 per
2413 3623 63 24 head.

1895 3653 76 25 These
1983 3655 67 24 cattle
2058 3664 57 16 were
2123 3657 113 31 imported
2246 3666 14 15 a
2271 3659 41 22 few
2323 3658 82 23 weeks'
2419 3658 57 23 since

1893 3688 26 22 in
1930 3688 38 23 the
1982 3687 117 32 Winwick,
2112 3690 46 23 and
2169 3699 59 15 were
2238 3691 55 30 sold,
2307 3692 52 22 with
2375 3691 67 23 about
2453 3697 23 16 as

1890 3724 73 27 'many
1979 3730 70 21 more,
2069 3728 22 18 at
2115 3725 55 23 £12
2191 3725 63 23 each.
2304 3725 57 23 This
2378 3725 98 22 increase

1893 3754 24 23 in
1950 3756 70 30 price,
2039 3758 25 21 in
2088 3756 40 24 the
2161 3758 49 22 face
2238 3758 25 23 of
2288 3757 63 32 large
2369 3758 105 31 importa-

1893 3788 68 29 tions,
1975 3789 19 23 is
2006 3789 38 23 the
2055 3789 51 24 best
2116 3791 69 30 proof
2200 3791 49 22 that
2263 3799 41 15 can
2322 3792 27 22 be
2361 3790 82 24 offered
2454 3789 23 23 of

1893 3821 38 24 the
1944 3822 163 32 improvement
2119 3824 72 23 which
2203 3825 21 22 is
2236 3824 78 31 taking
2328 3824 64 32 place
2403 3824 24 23 in
2439 3822 35 24 the

1893 3855 98 24 demand
2001 3856 35 23 for
2048 3857 74 22 stock.

909 3371 146 30 Wellington,
1067 3373 59 23 Nov.
1137 3376 19 25 9,
1169 3376 60 22 1841.
1245 3377 14 28 >

697 3398 175 31 Gentlemen,
874 3412 34 4 —
909 3399 13 24 I
941 3401 44 31 beg
1004 3406 22 19 to
1038 3403 213 32 acknowledgefthe

661 3432 86 31 receipt
770 3432 25 23 of
818 3441 58 22 your
898 3433 66 25 letter
983 3435 25 23 of
1028 3436 141 31 yesterday's
1192 3438 58 30 date,

660 3467 132 30 respecting
801 3466 40 23 the
851 3468 113 30 proposed
976 3473 59 19 town
1049 3474 24 19 at
1085 3470 138 32 Wanganui.

695 3499 52 24 The
766 3499 116 32 following
905 3506 98 19 extracts
1022 3502 60 24 from
1098 3511 12 15 a
1127 3504 69 24 letter
1214 3513 36 15 re-

661 3533 78 23 ceived
750 3533 29 31 by
792 3540 35 16 rae
836 3541 41 23 per
886 3533 73 31 Arab,
972 3535 60 24 from
1044 3536 38 23 the
1097 3537 120 32 Secretary
1229 3539 24 24 of
1258 3526 2 46 j

661 3566 39 23 the
713 3566 57 23 New
782 3566 99 24 Zealand
903 3567 125 33 Company,
1042 3570 46 23 will
1106 3575 43 27 put
1166 3580 45 22 you
1226 3573 25 23 in

659 3600 133 29 possession
803 3600 26 23 of
844 3600 37 24 the
894 3601 125 25 intentions
1038 3603 25 23 of
1086 3603 38 24 the
1143 3605 72 24 Court
1228 3606 25 23 of

661 3633 119 23 Directors
792 3633 78 24 onHhe
889 3634 96 32 subject,
1003 3644 26 15 so
1046 3637 36 23 far
1102 3645 24 15 as
1146 3638 13 23 I
1176 3646 36 16 am
1227 3645 24 18 at

659 3671 94 26 present
764 3674 71 16 aware
848 3667 26 23 of
887 3667 70 25 them.

712 3700 12 23 I
736 3700 58 23 have
806 3700 38 23 the
856 3700 72 24 honor
940 3706 22 19 to
975 3702 36 30 be,
1026 3703 147 30 Gentlemen,

830 3733 65 24 Your
907 3740 61 18 most
980 3736 108 24 obedient
1100 3743 99 25 servant,

983 3769 39 24 W.
1042 3770 173 31 Wakefield,

716 3800 118 31 Principal
844 3800 81 31 Agent
936 3798 173 29 New^'Zealand
1121 3805 126 32 Company.

660 3831 36 24 To
710 3832 96 25 Messrs.
821 3833 103 24 Johnson
935 3836 45 22 and
993 3836 91 30 Moore,

795 3866 150 31 Wellington.
959 3885 4 6 <

126 694 171 25 SHIPPING
315 696 277 27 INTELLIGENCE.

287 756 142 18 ARRIVED.

92 781 121 19 November
223 781 33 24 15,
268 781 103 21 schooner
384 783 69 24 Eliza,
465 783 76 27 Relph,
551 781 57 24 froni
619 786 35 19 the

65 807 52 19 New
132 803 94 25 Zealand
244 809 127 26 Company's
389 810 132 25 Settlement,
533 811 88 24 Nelson,
633 816 21 17 at

66 833 64 21 Blind
140 835 53 26 Bay.

93 862 61 20 Same
172 863 48 26 day,
230 863 78 27 barque
323 865 99 25 Eleanor,
437 866 41 20 496
494 868 56 23 tons,
562 866 91 21 Holder-

64 894 56 19 ness,
136 890 56 20 from
209 891 90 26 Sydney.
329 892 241 27 Passengers—Messrs.
582 895 71 25 Stiles,

65 915 99 26 Masters,
183 918 35 21 W.
238 919 41 19 and
296 920 26 20 G.
341 920 25 19 F.
378 921 97 24 Dawson,
494 922 33 19 M.
539 922 77 24 Smith,
627 922 36 23 E.,

64 943 117 26 Jamieson,
199 946 36 19 W.
247 946 87 25 Conver,
347 947 27 20 R.
385 948 76 24 Burns,
474 948 33 21 M.
519 949 69 24 Drew,
601 950 52 21 Geo.

64 971 97 26 Teppett,
174 973 25 20 R.
213 974 124 25 Lockwood,
348 975 23 20 J.
383 975 69 25 Hood,
463 976 35 21 W.
510 976 24 20 P.
547 976 78 21 Castle.

93 999 60 20 Same
164 1000 47 26 day,
223 1002 102 20 schooner
338 1003 55 24 Gem,
402 1004 26 20 76
439 1006 55 22 tons,
597 1005 56 20 from

64 1026 99 21 Hawke's
174 1028 58 26 Bay;
247 1031 144 25 cargo—pigs,
401 1033 106 23 potatoes,
519 1032 41 19 and
569 1033 75 20 maize.

91 1054 61 20 SaJ«»e
172 1056 48 25 day,
236 1057 102 20 schooner
355 1058 101 24 Look-in,
476 1059 103 26 Canning,
599 1060 65 21 from,

64 1081 34 20 the
108 1083 102 20 southern
221 1087 59 21 ports
289 1092 5 16 ;
309 1086 121 22 cargo—oil
440 1086 42 20 and
496 1087 130 20 whalebone.

301 1130 115 22 SAILED.

320 1158 71 21 None.

287 1203 33 20 IN
334 1203 86 23 PORT.

118 1237 108 20 Schooner
240 1238 61 25 Lady
310 1239 74 24 Leigh,
396 1239 65 26 King.

115 1264 84 27 Barque
213 1264 112 26 Clydeside.
339 1265 130 22 Mathieson.

115 1292 53 26 Ship
179 1293 65 23 Arab,
257 1293 96 20 Stunner.

114 1319 85 27 Barque
209 1321 82 19 Amelia
303 1322 120 25 Thompson,
439 1322 99 21 Dawson,

115 1347 125 26 Brigantine
254 1347 106 25 Adelaide,
373 1349 121 27 Hurburgh.

115 1374 84 27 Barque
213 1376 108 24 Gertrude,
333 1376 71 21 Stead.

209 1404 98 23 Matilda,
319 1403 100 22 Roberts.

114 1430 52 26 Brig
178 1431 101 23 Caroline,
291 1431 99 21 Coombs.

115 1458 109 21 Schooner
234 1459 81 25 Bailey,
328 1459 98 21 Sinclair.

113 1493 2 7 1
235 1487 109 19 Susannah
350 1487 57 25 Ann,
418 1487 120 21 Anderson.

223 1524 3 4 •
235 1514 60 22 Jane,
306 1514 85 27 Lundy.

113 1547 7 7 *■
198 1552 28 3 —
236 1542 71 24 Mnna,
320 1541 98 23 Scanlon.
460 1545 7 9 '

235 1569 68 25 Eliza,
315 1569 75 26 Relph.

113 1594 85 27 Barque
207 1597 99 24 Eleanor,
319 1597 137 21 Holderness.

113 1622 109 22 Schooner
235 1625 56 23 Gem,
303 1625 84 20 Pearce.

113 1660 6 5 •
235 1653 99 24 Look-in,
347 1653 105 26 Canning.

86 1706 44 19 The
143 1706 93 20 William
249 1707 61 24 Wise,
321 1708 56 20 from
393 1708 90 20 London
499 1711 23 18 to
533 1709 52 21 New
595 1710 52 21 Zea-

57 1728 57 28 land,
125 1733 42 20 had
178 1734 66 20 called
254 1737 21 17 at
286 1735 83 20 Hobart
379 1736 72 20 Town.

84 1761 44 19 The
138 1761 118 24 Albatross,
268 1762 24 20 of
305 1763 53 20 1000
369 1766 57 22 tons,
438 1764 100 26 expected
554 1767 22 18 at
594 1766 53 25 Syd-

57 1794 48 19 ney,
115 1788 57 20 from
182 1788 88 26 Dublin,
280 1790 52 20 with
339 1792 121 24 emigrants,
470 1792 18 20 is
494 1792 120 21 advertised
623 1794 24 19 in

57 1816 36 19 the
102 1822 76 20 papers
188 1819 66 22 there,
266 1818 33 19 for
309 1818 51 20 Port
373 1818 125 22 Nicholson.
528 1820 45 20 The
581 1821 66 20 Lalla

57 1840 77 28 &ookh,
147 1845 100 25 expected
264 1846 55 19 from
335 1846 92 21 London
441 1848 67 24 there,
519 1847 19 21 is
555 1848 44 20 also
609 1849 37 19 ad-

57 1871 89 20 vertised
157 1874 22 18 to
188 1873 91 25 proceed
287 1875 23 18 to
321 1874 42 19 this
373 1877 57 23 port.

299 1924 109 14 IMPORTS.

83 1946 128 18 Schooner
377 1952 65 16 from
467 1947 149 22 Wanganui.
618 1960 28 4 —

52 1971 88 25 Agents,
156 1973 92 19 Wallace
265 1973 18 27 §
301 1974 76 21 Co.—3
394 1978 49 17 tons
452 1978 104 24 potatoes,
569 1978 9 19 1
598 1983 48 14 case

54 2001 63 22 mats,
129 2000 27 20 20
167 2000 54 27 pigs,
230 2002 13 18 4
254 2001 42 20 kits
306 2002 68 21 hams.

46 2027 8 24 i'
83 2026 101 22 Barque
399 2035 64 15 from
481 2030 163 21 Sydney.—2o

51 2053 55 20 head
116 2055 25 18 of
152 2055 71 24 cattle,
234 2056 40 19 500
284 2056 71 26 sheep,
369 2058 70 19 Waitt
454 2058 42 19 and
514 2059 130 24 Tyser.—Bo

51 2081 72 24 cattle,
136 2082 12 18 2
164 2082 56 20 bales
235 2085 65 22 coats,
318 2084 12 19 5
351 2084 80 21 barrels
447 2086 27 19 50
490 2085 49 26 bags
556 2086 63 24 flour,
632 2088 11 19 1

51 2108 51 20 cask
120 2110 148 24 earthenware,
279 2111 12 19 3
302 2112 60 19 casks
372 2112 61 27 glass,
445 2113 22 20 J.
478 2114 43 19 and
532 2114 25 20 G.
571 2115 73 20 Wade.

51 2146 29 4 —
85 2136 67 21 Waitt
160 2138 44 19 and
214 2138 71 26 Tyser,
296 2140 86 24 Agents.

294 2195 111 17 EXPORTS.

81 2221 129 18 Schooner
262 2221 81 20 Black
480 2229 47 15 tor
557 2224 87 22 Queen

52 2243 166 25 Charlotte's
236 2248 128 21 Sound.—l
376 2251 46 19 tool
439 2251 66 25 chest,
518 2253 10 19 1
601 2253 43 19 and

52 2272 85 26 bundle,
150 2275 14 21 1,
172 2275 47 26 bed,
232 2277 11 18 2
258 2276 71 25 bowls,
343 2277 10 19 1
365 2278 72 25 trunk,
450 2279 11 19 1
472 2279 48 24 box,
533 2280 10 19 1
555 2280 87 25 bundle,

52 2300 13 23 £
82 2301 40 26 keg
140 2302 11 19 1
170 2302 65 21 tierce
251 2304 94 25 tobacco,
358 2306 12 18 2
388 2305 50 26 bags
453 2307 62 26 flour,
529 2308 9 18 1
551 2308 67 24 chest,
630 2309 12 19 2

52 2328 56 20 bales
124 2329 106 25 blankets,
242 2332 11 19 1
271 2331 40 27 keg
320 2333 91 26 powder,
423 2334 12 20 4
452 2334 63 20 hhds.
531 2337 79 24 porter,
630 2336 11 20 1

52 2356 103 21 medicine
166 2358 67 20 chest.

143 2409 125 21 AGENTS
279 2411 58 20 FOR
353 2413 72 19 THIS
438 2413 109 19 PAPER.

70 2440 38 12 Mr.
120 2440 89 13 BURCH
211 2440 36 13 AM
256 2447 5 8 »
341 2440 74 16 Petoni.

70 2456 39 18 Mr.
121 2456 24 18 R.
157 2457 116 19 BARRETT
283 2470 7 6 »
347 2460 46 17 New
400 2460 109 23 Plymouth,
517 2462 103 18 Taranaki.

70 2477 39 18 Mr.
122 2478 25 17 H.
158 2479 122 18 CHURTON
345 2481 114 21 Wanganui.
545 2484 3 4 '

71 2498 37 18 Mr.
121 2499 30 17 W.
163 2500 34 17 WI
200 2500 62 18 LSON
343 2502 42 22 Bay
392 2503 21 17 of
422 2503 83 18 islands.

68 2541 41 15 The
116 2541 98 20 following
221 2544 32 14 are
261 2541 32 17 ths
301 2543 79 20 quarter
390 2542 47 22 days
444 2543 22 17 of
477 2543 40 18 this
526 2549 57 15 paper
590 2550 30 11 :—

156 2560 74 18 March-
484 2566 48 16 31st.

154 2581 52 18 June
483 2587 50 17 30th.

155 2603 112 21 September
485 2608 51 17 30th.

155 2624 106 19 December
484 2629 49 17 31st.

70 2644 82 18 Persons
159 2646 111 22 previously
277 2648 19 16 to
308 2648 146 24 discontinuing
466 2650 52 17 their
525 2655 68 17 papers
601 2651 37 17 and

48 2665 167 24 advertisements,
223 2669 53 16 must
282 2669 58 17 settle
347 2670 34 17 the
391 2672 92 17 accounts
491 2672 37 17 due
535 2676 27 14 ud
574 2673 21 16 to
606 2672 32 18 the

48 2686 51 14 tlate.

219 2730 122 21 LATEST
357 2732 108 20 DATES.

43 2874 94 67 New
168 2874 220 67 Zealand
419 2874 219 67 Gazette

93 2941 67 22 AND
176 2942 213 24 WELLINGTON
404 2945 186 25 SPECTATOR.

127 2995 157 29 Wednesday,
296 2997 130 24 November
441 2999 33 28 17,
491 3003 63 20 1841.

78 3050 44 24 We
141 3051 46 25 had
205 3053 66 24 made
296 3062 63 16 some
382 3057 104 24 remarks
504 3066 63 24 upon
586 3059 49 24 Mr.

44 3091 93 25 Wade's
155 3093 75 30 letter,
252 3095 74 24 which
346 3098 111 30 appeared
477 3100 24 23 in
523 3108 41 15 our
581 3100 54 30 last,

46 3132 68 24 about
126 3133 37 24 the
171 3134 131 32 Wanganui
313 3138 94 29 section,
416 3139 42 23 but
469 3148 14 15 a
493 3148 108 24 pressure
614 3140 26 25 of

42 3173 137 32 interesting
189 3180 83 19 matter
289 3176 40 24 has
348 3179 126 31 compelled
492 3189 28 16 us
538 3186 22 19 to
579 3185 58 23 omit

44 3212 71 26 them.

79 3273 39 24 On
145 3274 102 33 Monday
273 3278 53 29 last,
355 3279 38 23 the
423 3281 111 25 schooner
561 3283 74 25 Eliza

44 3307 89 23 arrived
144 3308 57 24 from
222 3310 87 25 Nelson
322 3311 91 29 Haven,
428 3314 68 25 Blind
510 3317 51 30 Bay
570 3326 5 20 ;
595 3318 39 24 the

42 3339 104 24 Eleanor
154 3341 59 24 from
225 3344 92 32 Sydney
324 3354 5 20 ;
348 3346 40 24 the
400 3347 55 23 Gem
463 3349 59 24 from
534 3350 100 25 Hawk's

43 3373 51 31 Bay
103 3382 5 20 ;
129 3374 45 24 and
185 3375 38 24 the
235 3376 102 25 Look-in
348 3380 58 23 from
420 3382 102 24 Akaroa.

78 3413 51 23 The
143 3422 63 16 news
222 3416 62 25 from-
301 3419 37 23 the
359 3420 87 25 Nelson
466 3424 129 24 settlement
612 3426 20 23 is

42 3451 56 27 Very
117 3448 151 32 satisfactory.
312 3452 29 23 In
364 3455 95 23 another
477 3462 53 25 part
548 3459 26 22 of
594 3459 38 24 the

42 3487 78 24 paper,
134 3488 14 16 a
162 3486 122 21 statement
294 3485 58 24 from
364 3495 14 14 a
395 3488 132 30 gentleman
538 3491 95 25 holding

42 3521 14 15 a
67 3514 143 31 responsible
228 3517 64 23 office
305 3521 129 32 respecting
452 3523 38 24 the
501 3525 73 30 place,
587 3527 45 22 and

42 3547 39 23 the
92 3547 68 24 letter
171 3547 59 24 from
242 3558 13 14 a
266 3551 85 29 private
361 3553 83 31 friend,
454 3558 47 22 will
515 3558 26 23 be
551 3559 71 24 found

43 3580 51 23 The
110 3582 170 31 responsibility
300 3586 116 32 attaching
436 3594 22 18 to
477 3590 38 24 the
538 3592 85 25 former

41 3613 60 23 from
113 3614 75 24 which
199 3615 39 23 the
254 3616 66 24 latter
339 3619 20 22 is
371 3620 54 30 free,
439 3623 44 23 and
502 3624 39 24 the
554 3626 78 24 differ-

42 3654 56 16 ence
109 3648 24 23 in
145 3648 39 23 the
196 3657 42 23 age
250 3650 44 23 and
306 3653 133 28 experience
448 3656 28 24 of
485 3657 38 24 the
534 3660 96 30 writers,

41 3688 53 23 may
106 3681 28 23 be
145 3681 121 25 furnished
278 3691 24 15 as
314 3692 93 17 reasons
419 3688 34 23 for
474 3690 38 23 the
531 3698 101 20 contrast

41 3714 25 22 in
78 3714 37 23 the
134 3714 66 24 effect
214 3723 28 16 on
254 3716 38 24 the
305 3718 71 28 mind,
394 3721 113 32 resulting
522 3725 58 24 from
593 3728 38 23 the

40 3747 93 30 perusal
150 3748 27 23 of
194 3748 39 24 the
253 3754 43 19 two
319 3755 142 22 statements.
504 3757 51 24 The
576 3767 55 16 con-

40 3781 86 23 viction
131 3789 32 16 we
171 3783 149 30 experienced
327 3784 60 24 from
395 3787 92 32 reading
496 3789 64 24 these
569 3800 62 16 com-

40 3814 153 24 munications
211 3817 28 27 is,
260 3816 48 24 that
327 3817 89 25 Nelson
435 3820 19 23 is
467 3822 50 23 well
534 3824 96 31 located,

40 3847 47 22 and
99 3853 83 18 cannot
192 3848 40 23 fail
246 3854 23 19 to
280 3850 93 24 become
392 3860 13 15 a
415 3853 79 32 highly
507 3856 125 31 important

40 3880 139 24 settlement.
222 3881 114 33 Peopling
355 3885 51 24 that
427 3893 52 24 part
498 3889 27 22 of
541 3890 90 25 Middle

40 3911 81 25 Island
131 3914 116 24 furnishes
260 3923 28 16 an
301 3917 124 25 additional
446 3920 66 25 claim
530 3927 22 19 to
573 3924 59 24 Port

40 3944 128 26 Nifcholson
181 3947 119 32 becoming
310 3950 38 24 the
360 3957 50 18 seat
421 3953 208 33 of.jGoyernment.

1312 3791 50 23 The
1374 3791 116 31 following
1501 3796 100 19 extracts
1614 3792 59 24 from
1693 3801 13 15 a
1723 3793 67 25 letter
1808 3794 55 25 have

1277 3825 57 23 been
1345 3824 80 32 kindly
1437 3825 80 31 placed
1529 3830 23 18 at
1563 3834 41 15 our
1616 3826 99 31 disposal
1723 3836 6 14 :
1731 3840 35 4 —

1361 3866 51 28 Ship
1425 3867 80 27 Whity,
1518 3867 51 21 Port
1579 3868 88 24 Nelson,
1678 3869 101 21 Waikatu
1787 3871 63 25 river,

1453 3895 193 25 BlimlßayVNov.
1659 3896 19 24 6,
1691 3897 61 20 1841.

1260 3933 12 38 j.
1310 3933 79 29 DniAjt
1401 3934 53 28 Sib,
1456 3946 34 4 —
1491 3934 61 23 The*
1559 3933 72 24 Eliza
1642 3935 91 32 leaving
1744 3936 45 24 this
1802 3937 61 31 place

1260 3966 51 23 ii.for
1322 3966 57 23 Efort
1390 3967 127 23 Nicholson
1530 3972 139 24 to-imorrow,
1683 3968 14 24 I
1709 3969 54 24 take
1773 3970 45 24 this
1827 3979 36 22 my

1926 3906 136 32 Yesterday,
2083 3908 38 22 the
2140 3909 99 23 remains
2258 3909 26 23 of
2303 3908 37 24 the
2358 3907 72 27 father,
2453 3904 22 25 of

1893 3939 101 24 Thomas
2004 3941 121 29 Williams,
2134 3949 13 15 a
2156 3933 316 42 Christian^zed^nai^ve^ciaef,

1891 3981 59 15 were
1957 3974 100 24 interred
2064 3974 57 24 after
2129 3975 37 23 the
2175 3975 123 31 European
2305 3979 94 20 custom.

719 3925 51 23 The
781 3926 72 25 Court
865 3935 96 23 approve
978 3929 39 24 the
1035 3930 77 25 orders
1125 3933 123 32 regarding

660 3965 14 16 a
684 3965 91 17 reserve
787 3960 25 23 of
830 3960 54 24 land
900 3961 35 23 for
952 3970 14 15 a
981 3967 61 19 town
1065 3969 23 18 at
1105 3954 142 42 Wanganui^

554 30 101 37 THE
677 30 111 38 N&W
803 35 229 36 ZEALAND
1054 37 221 36 GAZETTE
1296 40 101 35 AND
1415 40 328 40 WELLINGTON
1786 46 291 37 SPECTATOR.

1300 127 75 24 which
1385 136 44 23 you
1442 130 94 23 state-in
1549 130 38 24 the
1597 131 155 31 penultimate;
1761 134 129 31 paragraph

1300 160 105 31 thatfyou
1414 162 57 23 have
1483 163 78 23 issued
1573 168 24 19 to
1601 164 42 24 .the
1651 165 127 30 Surveyor-
1782 161 108 34 General,'

1300 193 85 28 asjwell
1396 202 25 15 as
1433 195 37 23 the
1481 199 71 21 terms
1564 191 96 37 of^your
1667 193 102 30 letteVof
1784 199 38 23 the
1830 200 60 23 23rd

1299 226 128 25 December
1451 221 59 30 last*
1516 233 24 19 to
1560 227 51 25 Mr.
1636 228 91 31 Stakes,
1739 239 5 18 ;
1752 239 14 15 a
1787 240 58 23 copy
1867 233 23 26 of,

1382 261 19 23 is
1411 261 118 31 appended
1540 264 23 21 to
1575 270 57 22 your
1652 263 110 29 despatch

1300 294 41 22 29.

1358 326 50 24 The
1421 326 71 24 Court
1503 327 43 24 has
1557 332 40 19 not
1608 328 46 24 had
1665 330 55 23 time
1737 334 24 19 to
1778 331 52 31 give
1851 331 38 24 the

1301 360 110 23 attention
1422 364 22 19 to
1463 360 66 23 those
1545 362 140 31 paragraphs
1703 362 25 24 of
1747 371 59 22 your
1822 364 67 24 letter

1301 392 94 24 number
1406 395 44 26 30,.
1464 393 51 24 that
1526 394 71 26 r.elate
1609 397 26 21 to'
1643 395 39 24 the
1693 400 72 19 terms
1773 395 33 25 '6n
1815 397 73 24 which

1301 424 37 24 the
1350 426 43 23 site
1405 426 24 23 of
1439 426 38 23 the
1488 428 113 30 proposed
1613 432 60 19 town
1684 429 25 23 at'
1718 428 133 32 Wanganui
1866 431 23 23 is.

1301 463 21 18 to
1333 458 29 23 be
1375 458 104 31 disposed
1491 459 30 30 of,
1533 460 76 24 which
1620 461 38 23 the
1667 462 140 30 importance
1816 463 23 24 of
1850 464 37 23 the

1301 491 88 31 subject
1408 497 22 18 to
1451 492 38 24 the
1510 494 107 23 interests
1640 494 26 24 of
1696 494 39 24 the
1758 496 130 26 settlement

1301 524 114 24 demands'.
1430 524 63 25 'You
1500 523 143 35 will^receive
1652 528 148 25 instructions
1810 538 29 15 on
1848 530 38 24 the

1301 557 62 31 point
1373 558 30 31 by
1415 558 38 23 the
1464 564 54 18 next

1332 591 58 23 New
1401 589 101 26 Zealand
1617 593 59 24 June
1690 594 38 27 17,
1744 597 73 23 1841.

1406 659 97 24 NEWS
1517 659 101 25 FROM
1630 661 147 26 NELSON.

686 119 50 24 The
748 121 78 23 merits
834 122 92 25 ofJPort
933 123 89 32 Cooper
1034 124 45 23 and
1089 124 65 24 other
1161 125 111 25 harbours

686 151 79 26 on/fche
786 160 48 17 east
854 157 62 25 coiisj;
933 155 26 24 of
971 157 39 22 the
1028 160 75 21 same'
1110 157 89 30 lsland,
1203 164 69 26 |tnust

686 181 78 28 seciife
785 187 142 24 settlements
952 189 64 23 there
1139 190 85 33 twelve'
1247 199 25 16 or

685 217 79 32 fifteen,
780 215 124 36 months./;,
915 221 100 32 Though
1034 224 125 23 fconviaced
1178 224 24 23 of
1216 224 54 30 this^

685 259 40 21 we,
738 252 58 23 until
808 259 65 23 now,-
879 259 59 18 were
949 258 130 21 uncertain-
1086 256 101 24 whether
1202 257 71 24 Blind

687 284 49 31 Bay
748 285 74 23 would
833 286 28 24 be
872 287 93 24 deemed
976 296 29 15 an
1016 289 89 31 eligible
1116 289 99 34 locality,
1227 291 45 23 and

686 318 29 22 its
734 318 120 32 becoming
865 319 52 24 thus
938 321 63 30 early
1018 322 38 23 the
1075 327 49 18 seat
1142 323 26 23 of
1182 324 34 22 an'
1227 324 45 22 im-

685 355 91 26 portant
796 352 86 31 colony,
901 353 94 24 renders
1014 354 58 24 Port
1089 355 128 24 Nicholson
1232 357 40 23 the

686 388 76 19 centre
781 384 25 23 of
821 385 43 23 the.
880 386 117 24 colonized
1015 388 109 30 portions,
1137 397 25 15 as
1178 388 51 24 well

685 417 192 32 geographically,
890 418 25 24 of
924 419 57 23 New
993 420 109 24 Zealand.
1215 431 2 5 ■

719 447 51 26 TKe
787 450 62 24 dates
867 451 31 31 by
915 452 39 23 the
964 452 111 28 Eleanor,
1093 454 59 24 from
1169 455 101 30 Sydney,

686 490 37 15 are
732 487 24 19 to
768 483 36 23 the
817 484 59 24 30th
886 484 107 26 October.
1030 487 51 23 The
1092 487 69 24 latest
1172 487 100 32 English

682 520 111 19 -accounts
811 524 60 16 were
887 522 26 25 to,
927 518 39 24 the
982 520 43 23 9th
1041 520 62 31 July,
1117 521 37 24 the
1166 525 105 20 -extracts

729 549 63 23 -have
808 550 118 24 borrowed
933 556 4 4 '
1023 552 39 24 the
1081 552 87 33 Sydney
1181 553 92 25 Herald

685 581 63 24 show
766 582 36 23 the
821 588 75 26 great,
906 585 137 31 advantages
1059 586 91 32 already
1162 587 109 24 .obtained

684 614 31 31 by
726 616 38 22 the
776 616 80 24 Tories
868 621 23 19 at
903 618 37 22 the
953 618 117 24 elections.

686 670 8 5 „
705 648 7 27 1
718 647 58 25 The-
783 648 56 24 Gem
849 650 41 23 has
900 651 105 23 returned
1015 652 66 25 from
1081 652 117 25 Hawke's
1210 652 60 32 Bay.'

685 681 47 23 She
743 681 42 24 has
795 682 58 24 been
863 684 86 23 robbed
960 684 28 31 by
1004 685 38 23 the
1054 686 89 23 natives
1155 686 25 24 of
1192 687 81 31 nearly,

684 712 142 34 everything
837 715 97 24 sheliacl
946 725 29 16 on
985 718 85 27 board..
1101 719 58 24 This
1171 719 45 24 fate
1228 720 42 23 has

684 748 183 32 attend'edmany
877 750 24 23 of
911 750 37 24 the
960 752 87 22 vessels
1063 752 75 24 which
1148 753 122 32 havcpro^

684 781 82 23 ceeded
782 786 20 19 to
815 782 50 23 that
875 788 51 25 part
938 784 24 23 of
978 785 38 23 the
1032 790 78 24 coast;
1126 786 44 23 and
1183 786 87 32 though

683 814 39 23 the
733 816 110 22 attention
855 816 25 23 of
888 816 38 23 the
940 817 156 25 Government
1106 819 43 23 has
1160 819 64 30 been,
1241 828 29 16 on

684 847 86 23 seveial
788 849 122 29 occasions,
924 850 106 24 calledto
1042 851 39 24 the
1093 852 95 31 subject,
1199 853 18 23 it
1225 852 44 25 has

683 880 58 24 been
762 882 94 23 without
878 890 44 23 any
943 883 80 29 effect;
1051 884 98 32 Captain
1173 886 100 27 Hobson,

683 918 64 19 taxes
768 914 37 24 the
828 915 87 31 Colony
929 920 23 19 to
973 924 13 15 a
1003 917 64 31 large
1085 922 78 20 extent
1231 920 38 23 the

682 948 157 23 maintenance
856 948 24 23 of
898 948 38 24 the
955 948 111 31 Victoria,
1081 952 44 22 but'
1138 957 132 19 we.<cannot

683 979 62 24 learn
758 981 48 23 that
817 981 29 23 he
857 981 41 24 has
910 990 28 15 an
950 983 110 24 intention
1074 985 26 22 of
1107 985 111 31 allowing,
1225 986 44 24 'her

683 1018 22 19 to
717 1014 28 23 be
759 1014 116 32 employed
883 1023 63 23 upon
957 1023 44 24 any
1010 1017 71 30 really
1088 1017 75 25 useful
1175 1020 92 24 service.

698 1072 3 3 .
717 1047 51 23 The
785 1047 101 24 Look-in
907 1057 45 15 was
971 1050 63 30 eight
1057 1050 54 29 days
1132 1052 25 22 in
1180 1049 89 35 coming

682 1080 58 23 from
745 1080 104 25 Akaroa.
884 1082 47 23 She
938 1082 45 23 had
990 1083 58 23 been
1055 1084 106 24 detained
1167 1085 102 25 fourteen

682 1113 56 31 days
759 1113 69 30 there,
853 1115 143 31 undergoing
1013 1119 94 29 repairs.
1245 1124 24 19 at

682 1146 101 30 Akaroa,
795 1155 13 16 a
814 1146 92 25 French
912 1150 81 30 frigate
1002 1151 95 29 arrived,
1108 1150 39 24 the
1156 1149 111 33 Heroine,

684 1188 33 16 we
732 1181 93 29 believe,
846 1181 43 24 and
905 1186 75 27 report
999 1188 69 19 states
1086 1184 50 24 that
1149 1190 43 18 two
1204 1185 64 24 other

682 1213 91 24 French
784 1214 86 24 vessels
881 1215 26 23 of
914 1223 47 16 war
971 1223 58 16 were
1041 1221 23 19 to
1075 1217 77 24 follow
1163 1218 48 29 her,
1223 1220 45 23 and

682 1247 86 23 remain
785 1256 28 14 on
830 1248 50 23 that
903 1249 92 23 station:
1030 1250 104 32 Sending
1152 1256 38 19 out
1204 1251 63 25 these

681 1280 86 24 vessels
794 1280 52 24 does
869 1286 41 19 not
937 1291 84 22 appear
1048 1284 48 23 like
1124 1284 144 33 abandoning

682 1313 58 24 their
758 1313 65 25 claim
844 1319 22 19 to
888 1315 99 30 Akaroa,
1007 1324 28 16 on
1058 1317 39 24 the
1115 1322 53 27 part
1187 1319 26 24 of
1228 1319 38 24 the

681 1347 91 24 French
785 1347 162 26 Government.

58 2754 80 18 London
226 2757 45 21 July

58 2775 78 22 Sydney
226 2777 43 18 Oct.

58 2797 42 17 Van
125 2798 100 18 Dieman's

80 2818 54 18 Land
216 2820 54 18 .Oct.

308 2760 18 16 9.
355 2758 40 22 Bay
403 2760 22 17 of
435 2760 93 18 Islands..
533 2761 48 22 Aug.
599 2763 29 16 25.

298 2781 27 16 30.
354 2780 83 18 Thames
531 2783 41 16 Oct.
601 2784 28 16 21.

355 2801 45 18 Port
409 2802 69 22 Phillip
497 2804 84 17 ....Oct.
602 2806 26 16 15.

307 2823 17 17 9.
353 2823 91 18 Adelaide
531 2824 42 22 Sep.
600 2827 28 16 28.

315 114 156 28 Police-office,
484 115 144 28 Wellington,

383 140 59 23 Nov.
453 143 34 26 15,
491 144 69 21 ,1841.
578 164 5 5 ,

233 170 95 25 Public
340 175 149 22 Accounts.

68 205 92 49 ALL
176 205 159 25 ACCOUNTS
352 209 87 26 against
456 209 44 22 this
517 210 141 28 department

150 237 21 17 to
180 234 27 21 be
224 238 50 18 sent
287 235 23 21 in
328 242 29 14 on
375 235 37 22 the
424 233 54 30 first
496 237 45 27 day
557 239 26 20 of
601 238 56 22 each

68 258 88 24 month-.
432 266 4 6 '
559 264 3 4 '
643 262 4 7 '

392 289 111 23 Michael
515 291 89 22 Murph
609 299 3 5 1
612 300 16 13 !.

69 339 10 3 ..
354 315 68 23 Chief
433 317 73 21 Police
518 318 136 27 Magistrate.

67 353 202 51 WHEREAS,
281 365 41 16 one
334 360 91 23 Charles
439 358 92 25 Elraslie
547 362 19 22 is
582 370 75 20 repre-

164 386 89 24 senting
272 386 92 22 himself
380 395 23 14 as
421 395 39 21 my
475 393 90 22 partner
581 390 23 21 in
620 389 47 23 the-

67 410 101 21 bnsiness
179 412 25 20 of
211 419 13 14 a
235 412 71 22 Baker
315 414 45 21 and
371 414 154 23 Floui^dealer
532 423 5 20 ;
550 415 42 22 this
606 416 19 22 is
634 420 22 18 to

67 437 50 26 fcrive
127 438 82 27 notice,
221 438 47 22 that
283 439 37 22 the
336 442 141 27 partnership
493 449 26 14 or
534 444 123 26 pretended

67 464 140 29 partnership
222 465 99 22 between
339 474 25 14 us
384 468 18 21 is
422 468 117 27 dissolved,
557 467 45 24 and
618 470 38 22 has

67 489 55 22 been
134 489 112 24 dissolved
256 492 60 23 since
325 494 36 21 the
370 494 50 22 13th
430 495 129 22 November
564 496 90 27 instant,

67 517 44 21 and
122 517 29 22 all
161 525 92 19 persons
263 525 37 16 are
311 520 119 23 cautioned
440 522 49 21 that
497 522 13 21 I
520 522 44 21 will
580 527 40 18 not
628 524 28 21 be

67 545 136 21 answerable
214 546 34 21 for
258 553 43 21 any
312 546 63 23 debts
386 548 128 23 contracted
524 549 30 27 by
561 549 38 22 the
609 550 48 22 said

67 569 91 23 Charles
168 572 100 22 Elmslie.

267 600 102 27 (Signed)
425 599 29 24 A.
471 602 156 23 Hornbrook.

67 629 102 29 Witness,
186 633 88 26 George
285 633 89 23 Sumuel
385 635 81 26 Evans,
476 635 145 26 Wellington.
630 649 9 3 -
