2550 4039
1914 3905 75 17 Printed
2003 3906 37 15 and
2053 3905 96 20 published
2166 3909 55 17 every
2237 3906 112 20 Wednesday
2364 3905 37 16 and
2412 3903 81 20 Saturday

1935 3926 90 20 morning,
2039 3924 126 22 l>y.''SAMUxl,
2178 3926 30 16 He
2210 3930 57 15 vans,
2284 3929 18 13 at
2318 3926 31 16 the
2364 3926 55 16 OHice
2434 3928 17 12 01
2463 3926 30 14 tii«

1935 3947 49 16 New
1998 3946 99 17 ZeacaxA
2108 3947 91 16 Gazette
2210 3951 42 12 ako
2265 3947 134 16 Wellington
2415 3946 78 16 Specta-

1935 3972 43 15 tor,
1991 3967 155 20 Manners-street,
2155 3967 116 22 Wellington,
2282 3968 43 18 Port
2336 3967 103 19 Nioholsou,
2452 3966 41 17 Now

1935 3987 85 16 Zealand,

525 50 99 30 THE
642 49 110 32 NEW
769 51 230 30 ZEALAND
1018 51 223 30 GAZETTE
1258 50 101 31 AND
1380 49 329 32 WELLINGTON
1731 49 295 32 SPECTATOR.

765 134 93 20 Union
872 134 80 21 Bank
965 134 31 21 of
1013 134 149 21 Australia.

674 160 93 22 London
785 160 93 26 Office,
893 160 45 21 No.
953 161 36 25 3S,
1007 160 50 21 Old
1073 161 182 22 Broad-street.

726 187 93 27 Capital,
829 187 123 27 £800,000;
971 186 53 28 paid
1032 194 38 20 up,
1085 187 117 27 £500,000.

875 222 3 6 >
904 217 122 13 DIRECTORS*
1042 212 8 10 ''

776 235 68 20 George
852 234 39 17 Fife
898 235 67 20 Angas,
973 235 49 20 Esq.,

775 255 69 16 Robert
851 255 74 19 Brooks,
935 255 48 20 Esq.,

775 276 62 16 James
844 276 48 16 John
900 276 99 19 Cummins,
1008 275 48 21 Esq.,

775 297 73 16 Robert'
851 296 97 19 Gardener,
959 296 49 20 Esq.,
1019 296 121 20 Mancheiter,

775 317 49 16 John
833 317 45 17 Gore
883 329 3 4 .
894 317 49 20 Esq.,

775 337 48 17 John
831 337 79 17 William
917 337 75 19 Buckle,
998 337 49 20 Esq.,

774 358 98 20 Benjamin
877 358 22 16 E.
906 358 63 19 Lindo,
976 358 50 20 Esq.,

776 379 73 16 Charles
857 379 76 16 Edward
939 378 90 20 Mangles,
1036 378 49 20 Esq.,

775 400 116 20 Christopher
897 400 83 19 Rawson,
990 399 48 20 Esq.,
1049 398 82 21 Halifax,

775 421 80 16 Thomas
861 421 63 19 Sands,
933 420 48 20 Esq.,
989 419 100 21 Liverpool,

775 442 62 15 James
844 441 55 20 Bogle
907 441 64 18 Smith,
977 440 50 21 Esq.,

775 462 62 16 James
844 461 80 17 Ruddell
931 461 55 19 Todd,
995 461 42 19 Esq.

672 483 94 16 Trustees:
782 483 81 16 George
875 482 127 19 CARR,Gi,yjf,
1015 482 48 19 Esq.,
1074 482 53 15 Joiin
1138 481 63 20 Gore,'
1207 481 49 20 Esq.,

817 503 36 16 and
860 503 67 17 James
934 503 17 15 J.
959 503 99 18 Cummins,
1069 503 43 19 Esq.

698 525 82 16 Bankers
785 529 4 11 :
801 524 76 16 Messrs.
884 524 61 18 Gixn,
956 524 115 19 Hallipax,
1079 522 70 20 Mills,
1157 522 36 17 and
1201 523 29 17 Co.
1237 534 4 4 ,

790 545 102 19 Secretary:
903 544 84 17 Samuel
994 544 94 19 Jackson,
1096 543 42 21 Esq.

761 565 81 17 Colonial
848 565 95 21 Inspector
948 569 4 12 :
964 565 17 16 J.
989 565 19 16 C.
1015 565 103 19 M'Larkn,
1126 565 42 20 Esq.

765 627 3 5 .
792 613 70 20 New
879 612 123 21 Zealand
1020 612 115 21 Branch.

672 640 52 17 Local
731 640 92 17 Directors
828 645 5 11 :
849 640 46 16 Geo.
907 640 18 15 S.
936 639 73 18 Evans.
1022 639 48 20 Esq.,
1082 638 69 20 D.C.L.,
1163 639 36 16 and
1210 639 46 16 Geo.

861 676 1 5 ,
891 659 92 20 Hunter,
995 660 44 20 Esq.

672 682 95 21 Manager;
778 681 49 17 John
835 680 72 20 Smith,
914 681 50 20 Esq.,
971 680 37 17 late
1015 680 21 17 of
1044 680 31 16 the
1082 680 117 17 Commercial
1204 680 53 17 Bank

839 702 21 16 of
867 701 90 21 England,
968 701 123 17 Manchester.

780 723 114 21 Branches
904 725 24 19 at
943 722 97 27 Sydney,

943 748 174 28 llobartTown,

944 776 10 21 1
961 779 133 24 .aunceston,
1105 775 45 22 and

943 802 55 22 I'ort
1006 802 82 28 Philip.

673 831 51 27 PorJ;
733 830 131 28 Nicholson,
876 829 79 23 March
966 831 33 25 24,
1012 830 62 21 1840.

674 884 89 33 rpHE
779 884 116 22 Directors
910 884 27 21 of
952 883 40 22 the
1007 882 57 23 New
1081 882 99 23 Zealand
1194 883 65 22 Land

679 905 29 28 JL
746 911 117 27 Company
877 910 84 27 hereby
976 910 52 28 give
1044 910 82 26 notice,
1143 910 49 21 that
1205 910 53 28 they

672 938 56 22 have
735 945 113 15 EFFECTED
859 945 29 14 AN
898 944 172 15 ARRANGEMENT
1078 936 97 22 withthe
1183 937 74 21 Union

672 965 64 21 Bank
750 965 26 21 of
792 964 120 27 Australia,
929 964 44 22 No.
990 965 34 25 38,
1040 964 44 21 Old
1100 963 157 27 Broad-street,

672 992 101 26 London,
784 992 35 21 for
828 992 37 21 the
879 990 168 22 establishment
1061 991 26 21 of
1100 997 14 14 a
1129 990 129 22 BRANCH

672 1019 88 21 BANK
773 1018 37 22 IN
823 1018 73 22 NEW
909 1017 160 27 ZEALAND,
1082 1017 96 27 through
1187 1017 73 22 which

672 1046 37 21 the
718 1045 102 23 business
832 1045 28 21 of
870 1044 39 22 the
926 1044 57 22 New
1000 1044 102 21 Zealand
1114 1044 64 22 Land
1195 1044 65 22 Com-

672 1080 59 20 pany
740 1073 45 21 will
794 1073 27 21 be
832 1071 134 23 transacted.
994 1070 48 22 The
1057 1071 115 21 Directors
1187 1070 73 23 there-

672 1101 46 20 tore
726 1099 147 22 recommend
881 1102 23 18 to
921 1098 113 22 Colonists
1048 1098 39 21 the
1105 1098 74 22 Union
1195 1098 65 22 Bank

672 1127 26 21 of
715 1126 115 22 Australia
847 1133 25 14 as
890 1132 29 15 an
944 1124 171 22 establishment
1135 1125 125 27 possessing

672 1153 56 22 their
745 1153 70 21 entire
839 1152 136 27 confidence,
996 1151 45 22 and
1060 1151 50 22 able
1127 1155 23 18 to
1168 1152 91 27 provide

673 1180 124 27 effectually
813 1179 35 22 for
863 1179 38 22 the
915 1178 107 23 financial
1036 1181 71 19 wants
1124 1178 24 22 of
1159 1179 38 21 the
1213 1179 48 22 first

672 1207 134 22 settlement.

839 1233 35 26 By
884 1233 66 22 order
959 1233 26 21 of
995 1232 39 22 the
1043 1232 80 27 Board,

916 1259 86 22 JOHN
1016 1259 105 27 WARD,
1136 1259 122 28 Secretary.

674 1288 54 22 New
737 1287 102 23 Zealand
847 1286 65 23 Land
921 1286 137 28 Company's
1067 1286 78 27 Office,

699 1323 20 23 1,
730 1321 160 26 Adam-street,
901 1319 105 28 Adelphi,
1018 1319 53 23 2?th
1080 1320 68 26 Aug.,
1157 1321 62 20 1839.

886 1365 165 27 Wanganui.

674 1399 88 50 FOR
775 1399 87 22 SALE.
862 1411 28 3 —
890 1398 67 22 Land
973 1399 102 21 between
1094 1406 42 15 one
1155 1398 45 23 and
1216 1402 44 19 two

745 1427 65 21 miles
825 1426 26 21 of
863 1426 37 22 the
915 1425 111 28 township
1044 1429 23 18 at
1086 1425 127 28 Wangauui
1225 1426 35 22 for

674 1454 51 27 sale,
735 1453 24 22 in
769 1453 78 22 blocks
857 1453 26 22 of
893 1453 43 21 five
947 1459 61 16 acres
1022 1452 43 21 and
1081 1453 107 26 upwards,
1199 1460 24 14 or
1237 1456 22 18 to

674 1481 30 22 let
714 1488 29 15 on
755 1487 56 21 very
821 1480 79 21 liberal
910 1483 75 23 terms,
995 1479 54 22 with
1059 1479 38 22 the
1111 1479 58 27 right
1179 1479 25 22 of
1210 1487 50 20 pur-

674 1508 72 21 chase.
775 1507 76 28 Apply
862 1511 22 18 to
893 1506 28 22 R.
933 1506 65 27 Park,
1009 1506 61 28 Esq.,
1080 1513 25 15 or
1116 1510 20 17 to

1012 1540 22 22 J.
1050 1540 45 22 and
1111 1540 26 22 G.
1152 1540 81 22 Wade.

858 1586 78 21 Land
949 1586 123 27 Agency.

675 1621 80 49 DR.
771 1620 85 27 REES,
867 1620 69 27 being
948 1620 68 20 about
1025 1621 24 19 to
1058 1619 65 21 settle
1132 1622 24 19 at
1163 1619 98 27 Wanga-

755 1648 47 27 nui,
818 1647 46 22 will
881 1647 27 21 be
925 1654 75 19 nappjr
1013 1650 24 17 to
1056 1651 37 17 act
1112 1653 23 14 as
1153 1650 67 23 agent
1236 1646 22 22 in

674 1675 106 27 selecting
802 1674 63 27 land,
884 1681 24 14 or
932 1677 23 18 to
977 1673 51 27 give
1049 1680 46 20 any
1117 1673 143 23 information

674 1702 94 27 relating
777 1701 93 27 thereto,
882 1703 23 19 to
915 1700 82 28 parties
1006 1700 129 22 interested.

700 1736 163 26 Dixon-street,
872 1734 32 22 Te
913 1735 56 21 Aro.

700 1782 94 20 Water
808 1781 138 26 Frontage
959 1786 35 14 on
1004 1780 228 26 Lambton-quay.

676 1815 64 50 TO
755 1815 40 22 BE
810 1814 59 22 LET
879 1821 28 14 on
917 1813 105 27 building
1030 1813 79 27 leases,
1120 1813 36 22 the
1163 1813 97 22 remain-

747 1842 40 27 ing
796 1842 100 28 portions
906 1841 27 22 of
947 1840 38 23 the
1003 1840 85 23 section
1107 1840 95 21 number
1218 1842 41 20 486

674 1869 114 28 adjoining
810 1872 23 19 to
857 1868 39 22 the
914 1872 70 18 stores
1003 1867 26 22 of
1051 1868 90 21 Messrs.
1161 1867 97 27 Robson,

674 1897 76 26 Durie,
760 1896 90 27 Young,
862 1896 40 21 &c.
930 1895 76 27 Apply
1013 1898 24 18 to
1048 1894 40 23 Dr.
1099 1894 82 27 Evans,
1189 1897 22 19 at
1219 1894 33 23 his

675 1924 79 26 offices,
768 1923 191 27 Lambton-quay.

875 1961 39 20 To
931 1961 33 20 be
982 1961 75 24 Sold,

674 1996 80 49 NO.
778 1997 14 21 9
810 1994 60 28 right
889 1994 25 21 of
935 1993 77 23 choice
1032 1994 24 20 of
1077 1993 39 21 the
1135 1989 132 31 Watiganu?)

754 2022 92 27 district,
863 2021 45 23 and
923 2021 56 21 land
996 2021 155 27 appertaining
1166 2020 94 28 thereto;

674 2057 23 15 as
712 2049 138 28 judiciously
868 2048 82 22 chosen
964 2048 30 27 by
1011 2055 14 14 a
1039 2048 99 21 resident
1155 2048 105 26 practical

672 2077 89 21 farmer.
790 2076 44 22 For
843 2079 68 18 terms
921 2075 66 27 apply
995 2077 22 19 to
1029 2075 26 21 R.
1067 2075 28 21 R.
1106 2076 86 25 Strang.

699 2103 145 28 Wellington,
855 2102 129 22 November
992 2103 21 25 4,
1025 2103 59 21 1841.

674 2148 116 49 LAND
805 2148 63 21 IOR
882 2147 115 22 SALE.—
997 2147 49 22 The
1058 2147 70 21 Town
1138 2147 66 26 Acre,
1220 2148 40 21 884

749 2183 29 14 on
788 2175 39 22 the
837 2175 120 27 Surveyor-
961 2173 115 24 General's
1086 2173 52 28 plan
1145 2181 5 20 ;
1167 2174 45 21 and
1222 2174 37 21 the

675 2202 98 28 Country
783 2202 76 22 Lands
874 2202 24 21 in
912 2201 38 22 the
966 2201 61 27 right
1042 2201 25 21 of
1081 2201 75 22 choice
1171 2202 25 20 of
1206 2201 53 22 land

675 2229 73 22 orders
766 2229 56 22 Nos.
839 2230 47 26 687,
903 2228 47 28 726,
972 2230 60 25 1084,
1053 2228 26 21 of
1093 2228 38 21 the
1149 2228 48 21 first
1215 2228 45 22 and

674 2256 107 28 principal
791 2256 135 22 settlement.
956 2256 44 21 For
1010 2259 69 18 terms
1089 2255 66 27 apply
1165 2258 23 18 to

924 2283 28 22 R.
969 2282 27 23 R.
1012 2282 100 27 Strang,
1124 2282 108 22 Solicitor.

699 2310 144 28 Wellington,
855 2310 90 27 August
952 2310 33 23 27,
997 2311 61 20 *841.
1236 2315 22 28 '/_

884 2355 40 21 To
938 2356 35 20 be
987 2355 60 25 Let,

677 2389 87 49 THE
779 2392 60 19 town
857 2395 50 16 acre
924 2389 44 21 No.
985 2390 41 20 680
1040 2395 30 14 on
1084 2387 39 22 the
1139 2388 123 27 Surveyor-

750 2416 117 22 General's
875 2415 61 28 plan,
946 2415 123 27 belonging
1078 2418 22 18 to
1119 2415 36 21 the
1173 2415 88 22 Church

675 2444 25 21 of
711 2443 113 22 Scotland.
853 2443 44 22 For
906 2446 75 23 terms,
992 2442 68 28 apply
1070 2445 23 18 to

863 2470 95 21 Robert
969 2470 27 21 It.
1009 2470 100 26 Strang,
1124 2469 108 22 Solicitor.

676 2518 120 25 Country
810 2516 125 21 Sections
955 2516 42 20 for
1016 2515 61 21 Sale
1099 2521 36 15 on
1153 2515 107 21 Liberal

918 2544 103 20 Terms.

677 2577 163 50 SEVERAL
875 2577 101 22 Sections
1003 2576 27 22 of
1061 2577 100 27 Country
1189 2575 71 28 Land,

738 2604 92 28 already
841 2604 81 22 chosen
932 2605 24 21 in
967 2604 37 21 the
1017 2604 95 21 Porirua
1126 2604 90 27 district,
1227 2604 35 21 for

675 2632 57 28 Sale,
742 2639 76 15 terms
828 2639 105 14 liberal.
963 2631 76 27 Apply
1049 2634 23 19 to

769 2666 25 22 F.
809 2665 30 23 A.
855 2666 170 27 Molesworth,
1042 2663 184 29 Murphy-street,
1237 2672 25 15 or

768 2693 36 21 W.
820 2693 28 21 V.
863 2693 108 27 Brewer,
983 2693 193 21 Manners-street.

675 2744 116 49 LAND
813 2745 40 21 TO
877 2744 95 23 LET.—
973 2744 69 22 Town
1066 2751 63 15 acres
1150 2744 44 22 No.
1215 2745 46 26 168,

752 2773 47 26 156,
808 2773 50 26 423,
874 2772 36 27 47,
919 2773 50 26 561,
981 2773 49 25 559,
1048 2771 46 22 and
1105 2778 68 21 many
1189 2771 74 22 others

675 2799 24 21 in
708 2799 38 21 the
756 2802 59 18 most
825 2798 107 23 desirable
947 2799 124 22 situations.
1102 2798 54 22 Also
1169 2802 94 23 country

676 2825 53 22 land
736 2832 29 15 on
775 2826 38 22 the
823 2826 72 22 banks
905 2826 26 22 of
937 2826 39 22 the
986 2825 139 28 RiverJlutt
1134 2825 44 23 and
1187 2833 29 14 on
1226 2825 37 22 the

677 2853 93 22 Porirua
778 2853 62 22 road.
870 2853 77 28 Apply
957 2856 23 18 to

1065 2879 23 23 J.
1103 2879 36 23 W.
1154 2880 81 22 Child.

752 2926 132 27 Building
898 2926 172 21 Allotments
1084 2928 30 19 to
1129 2927 58 21 Let,

677 2959 90 34 rpHE
786 2959 202 22 ADVERTISER
1001 2959 66 22 offers
1082 2966 61 20 upon
1158 2959 107 26 Building

684 2982 29 27 A
752 2986 89 27 Leases,
852 2994 13 14 a
875 2987 96 21 number
981 2987 25 21 of
1016 2987 71 21 Town
1095 2986 137 23 Allotments
1240 2987 25 22 in

677 3014 37 22 the
722 3017 60 19 most
790 3013 110 22 desirable
909 3017 62 24 parts
981 3014 25 22 of
1016 3013 45 22 this
1071 3013 139 23 Settlement.

703 3042 47 22 The
768 3041 113 22 attention
897 3040 25 22 of
939 3040 39 22 the
994 3041 76 28 public
1086 3042 20 21 is
1122 3041 143 28 particularly

677 3069 70 22 called
766 3072 23 18 to
809 3067 39 22 the
865 3067 125 27 advantage
1010 3068 25 22 of
1053 3068 106 29 Building
1175 3069 89 27 Leases,

677 3096 71 22 which
758 3095 37 22 the
805 3094 153 28 undersigned
966 3095 19 21 is
995 3095 97 22 enabled
1102 3099 22 18 to
1134 3098 71 25 grant,
1213 3096 51 27 viz.,

676 3123 57 22 from
742 3130 69 15 seven
822 3124 22 19 to
861 3125 139 24 twenty-one
1016 3130 73 20 years,
1107 3123 120 27 according
1242 3126 23 18 to

677 3151 37 21 the
731 3150 66 22 value
816 3149 26 21 of
863 3149 39 21 the
922 3149 116 28 buildings
1059 3151 111 27 proposed
1192 3153 23 18 to
1237 3150 28 21 be

677 3177 94 22 erected.
801 3176 77 28 Apply
888 3179 22 18 to

840 3204 22 20 J.
878 3203 25 22 T.
919 3203 147 28 Wicksteed,
1079 3211 24 15 or

839 3231 36 22 W.
889 3231 30 22 V.
933 3232 109 26 Brewer,
1058 3232 193 21 Manners-street.

696 3278 86 20 Town
797 3278 56 20 and
867 3278 125 26 Country
1006 3278 78 20 Land
1099 3278 29 19 to
1143 3277 33 20 be
1192 3278 56 19 Let.

678 3311 167 49 SECTIONS
862 3310 46 22 and
923 3311 101 27 portions
1041 3311 26 22 of
1081 3311 101 22 Sections
1197 3310 24 21 in
1236 3309 30 22 all

745 3342 62 23 parts
824 3338 26 21 of
865 3338 38 21 the
921 3338 71 21 Town
1010 3337 27 22 of
1053 3337 146 28 Wellington,
1218 3337 47 22 also

677 3366 98 26 Country
785 3365 102 22 Sections
901 3365 24 21 in
936 3365 39 21 the
991 3365 96 22 districts
1105 3365 26 20 of
1144 3365 38 21 the

674 3392 39 21 ■the
726 3392 86 26 Kaiori,
823 3392 39 21 the
872 3391 77 27 Ohiro,
962 3392 45 21 and
1020 3391 38 22 the
1073 3391 100 22 Porirua.
1202 3391 64 27 Long

675 3418 70 23 leases
755 3419 26 21 of
788 3420 38 21 the
842 3422 96 24 country
948 3418 54 23 land
1018 3418 47 23 will
1081 3419 28 22 be
1124 3418 94 27 granted
1236 3425 29 15 on

676 3446 130 22 reasonable
817 3451 74 17 terms.
921 3445 45 22 For
975 3445 132 29 particulars
1117 3445 66 28 apply
1194 3448 22 19 to

868 3479 100 23 Hanson
979 3480 46 22 and
1039 3480 113 21 Alzdobv

902 3506 123 23 T.horndon
1035 3507 73 27 Quay,
1121 3505 145 28 Wellington.

889 3552 39 20 To
944 3552 34 20 be
994 3552 59 25 Let,

679 3585 164 51 SEVERAL
858 3585 93 23 TOWN
962 3586 105 26 ACRES,
1076 3586 25 21 in
1110 3585 89 23 various
1206 3588 61 25 parts

738 3613 31 21 -of
780 3613 146 27 Wellington.
956 3613 44 22 For
1009 3612 139 29 particulars,
1163 3613 64 27 apply
1243 3616 24 19 to

685 3647 4 8 1
855 3647 27 22 E.
897 3647 144 27 Catchpool,
1053 3647 106 22 Dickson.
1165 3650 74 19 street.

778 3693 159 27 Wanganui
951 3694 78 20 Land
1043 3694 123 26 Agency.

679 3726 97 50 THE
800 3726 154 27 undersigned
980 3726 85 27 having
1091 3726 88 23 resided
1206 3735 61 14 some

745 3754 90 21 months
850 3757 24 18 at
888 3754 134 27 Wanganui,
1042 3754 40 22 has
1097 3754 59 22 been
1172 3755 95 22 enabled

679 3784 21 18 to
710 3780 65 23 make
785 3780 94 22 himself
889 3780 136 28 acquainted
1035 3780 53 22 with
1103 3780 38 22 the
1157 3782 49 21 best
1215 3782 52 21 sites

679 3807 33 22 for
721 3808 37 21 the
768 3808 106 21 selection
885 3807 25 22 of
917 3812 94 23 country
1021 3807 72 28 lands,
1104 3808 45 21 and
1158 3808 109 23 therefore

679 3834 51 21 with
745 3834 130 22 confidence
886 3834 90 22 tenders
985 3834 35 22 his
1029 3835 96 22 services
1137 3838 22 19 to
1168 3836 99 27 proprie-

679 3864 50 24 tors,
747 3868 24 13 as
787 3868 29 15 an
832 3862 76 26 Agent
921 3861 36 22 for
973 3861 36 22 the
1027 3861 115 27 selection,
1153 3862 51 27 sale,
1216 3870 51 20 pur-

680 3886 70 27 chase,
763 3888 45 21 and
817 3887 86 27 leasing
912 3892 106 23 property
1027 3888 24 21 in
1062 3888 48 21 that
1120 3888 91 23 district.

706 3921 86 21 Letters
800 3921 37 21 for
845 3921 38 22 the
893 3921 125 23 subscriber
1031 3925 23 18 to
1068 3923 28 21 be
1110 3923 120 23 addressed
1244 3928 22 18 to

682 3947 35 23 the
728 3954 49 16 care
788 3947 25 23 of
824 3948 91 22 Messrs.
926 3948 78 27 Wade,
1015 3949 146 26 Wellington.

924 3975 30 21 H.
973 3975 119 27 Ciiurton,
1107 3976 131 28 Wanganui.
1272 3980 2 25 j

1906 130 72 22 /~VN
2002 129 85 29 SALE,
2111 130 30 28 by
2166 130 39 22 the
2228 130 166 29 undersigned:
2396 144 28 6 —

1930 185 14 20 2
1963 183 72 28 hhds.,
2054 184 130 27 containing
2201 190 14 16 a
2232 187 64 24 great
2314 186 85 28 variety
2417 188 27 21 of
2459 189 32 23 tin

1905 217 66 19 ware,

1932 237 83 21 Brown
2024 240 66 24 stout,
2228 238 10 33 ]
2283 237 92 24 Packed
2401 239 23 23 in
2451 242 38 22 red

1932 263 54 22 Pale
1997 264 41 26 ale,
2233 266 12 19 V
2250 264 75 28 boxes,
2358 266 72 23 suited
2456 269 34 21 for

1935 289 74 22 Men's
2017 290 64 21 boots
2092 290 45 22 and
2149 290 71 28 shoes,
2227 287 11 31 J
2251 291 81 23 Native
2339 292 71 23 trade.

1933 317 65 27 Soap,

1931 339 108 26 Blankets
2040 354 29 4 —
2069 343 67 22 white
2144 343 47 23 and
2199 344 49 29 red,

1933 369 113 30 Clothing,

1933 397 83 21 Cotton
2024 397 77 31 prints,
2124 399 3 5 '

1933 423 83 26 Sherry
2022 430 24 15 in
2057 426 89 25 quarter
2156 424 71 28 casks,

1933 445 211 27 Double-barrelled
2152 452 130 26 percussion
2291 459 65 20 guns,

1933 476 136 27 Negrohead
2078 478 99 22 tobacco.

2259 505 93 22 Samuel
2364 505 101 24 Revans.

1905 558 221 25 WHOLESALE
2156 559 125 24 PRICES
2314 560 176 28 CURRENT.

1978 598 131 15 CORRECTED
2125 598 29 15 UP
2169 598 28 16 TO
2211 598 86 15 FRIDAY
2311 596 109 19 EVENINrt.

2246 617 16 18 &
2285 623 15 12 S.
2325 618 17 17 d.
2398 611 54 25 £?-».
2475 620 18 18 d.

1905 637 65 23 Ale:
1987 637 28 22 In
2024 638 76 28 bottle,
2114 638 117 28 perdoz..
2248 641 14 20 0
2276 640 28 21 13
2330 641 14 20 0
2363 638 50 23 ..'0
2440 642 15 20 0
2479 644 14 19 0

2009 664 86 23 Elliot's
2102 673 40 20 per
2146 665 56 23 hhd.
2212 680 19 7 ..
2248 667 14 21 6
2290 668 14 19 0
2330 668 52 19 0..
2399 668 14 19 0
2440 669 14 20 0
2479 670 14 19 0

1907 691 99 22 Arrack
2015 699 5 14 :
2035 691 44 22 Per
2087 691 44 27 gal.
2141 692 25 22 in
2175 692 62 23 bond
2250 694 14 21 0
2289 694 15 20 2
2330 694 15 20 0
2363 707 19 7 ..
2400 694 13 21 0
2439 696 15 19 0
2479 699 13 20 0

1906 717 79 22 Bread
1994 725 6 14 :
2017 718 42 21 Per
2067 718 43 23 21b.
2123 718 50 23 loaf
2186 722 79 21 ....0
2291 721 14 20 0
2331 721 16 20 6
2363 734 7 7 .
2376 734 7 7 .
2400 722 14 20 0
2440 722 15 21 0
2480 724 13 19 0

1906 744 74 22 Beef:
1996 744 77 28 Fresh,
2093 752 89 16 carcase
2197 753 41 20 per

2024 771 24 22 lb
2247 774 14 21 0
2288 774 13 20 0
2317 774 27 21 10
2361 787 20 8 ..
2399 775 14 20 0
2440 775 12 20 1
2479 777 13 20 0

2016 798 53 27 Salt,
2079 805 40 21 per
2132 798 69 23 tierce
2214 814 7 6 .
2227 814 7 6 .
2251 800 13 22 7
2291 802 14 20 0
2332 802 14 19 0
2364 814 6 7 .
2377 815 7 6 .
2401 802 14 20 0
2441 802 14 21 0
2481 804 13 19 0

2016 824 44 23 Do.
2070 832 39 21 per
2121 825 76 23 barrel
2213 841 7 6 .
2227 840 6 7 .
2250 827 55 22 410
2332 828 15 21 0
2363 841 7 6 .
2377 842 7 6 .
2401 829 14 20 0
2441 830 14 19 0
2481 831 13 19 0

1906 851 95 22 Butter
2008 859 5 14 :
2029 851 66 28 Irish,
2104 859 40 21 per
2152 852 30 23 lb.
2214 867 6 6 .
2227 867 7 6 .
2252 856 13 19 0
2292 856 12 19 1
2332 855 15 20 9
2365 868 6 7 .
2377 868 7 7 .
2401 856 14 19 0
2441 856 15 19 2
2481 858 14 19 0

2029 878 69 23 Fresh
2252 882 14 21 0
2292 882 14 21 3
2333 882 52 20 6..
2402 883 14 20 0
2443 884 14 19 0
2481 885 13 19 0

1907 905 98 22 Brandy
2013 913 5 14 :
2032 905 60 22 First
2098 906 92 28 quality,
2198 914 41 20 per

2056 933 76 27 gallon
2141 933 24 22 in
2175 934 63 21 bond
2250 936 14 20 0
2290 936 15 20 6
2332 936 13 20 0
2363 948 7 7 .
2376 948 6 7 .
2401 936 14 20 0
2441 936 14 20 9
2481 938 12 19 0

1907 958 87 23 Brown
2014 960 87 21 Stout:
2123 967 42 21 per
2177 960 55 22 hhd.
2247 962 13 20 5
2276 962 26 21 10
2329 963 14 20 0
2360 976 20 6 ..
2400 963 13 20 0
2439 964 15 19 0
2480 965 12 19 0

1907 986 101 22 Cigars:
2020 986 101 28 Manilla,
2129 994 41 20 per
2175 988 61 27 1000,
2250 989 132 21 3100..
2400 989 55 21 40
2480 992 13 19 0

2017 1012 95 23 Inferior
2225 1016 38 21 .2
2290 1017 14 20 0
2331 1017 82 20 0..0
2439 1018 15 19 0
2480 1018 12 19 0

2018 1040 134 28 Havannah,
2158 1048 41 20 per
2205 1041 31 22 lb.
2250 1043 13 20 0
2278 1042 26 21 12
2331 1043 14 20 0
2362 1056 20 6 ..
2400 1044 13 19 0
2439 1044 15 20 0
2479 1045 14 20 0

2017 1066 168 28 Chinsurahper
2191 1069 70 21 10001
2277 1070 26 20 15
2331 1070 14 20 0
2362 1083 20 6 ..
2400 1070 13 21 0
2439 1072 14 19 0
2479 1072 13 19 0

2016 1092 156 25 Alexandrian
2184 1096 120 21 ....110
2330 1098 83 19 0..0
2439 1098 15 19 0
2480 1099 13 19 0

1907 1120 89 23 Coffee
2002 1128 6 15 :
2020 1120 64 28 Java,
2093 1129 41 20 per
2141 1122 24 22 lb
2250 1124 14 21 0
2291 1124 14 20 0
2332 1124 13 20 0
2363 1137 7 6 .
2377 1137 5 6 .
2401 1124 13 20 0
2441 1124 12 21 1
2480 1125 13 20 5

1906 1148 104 22 Cheese:
2026 1148 106 23 Cheshire
2250 1151 14 21 0
2291 1151 11 20 1
2331 1151 83 20 6..0
2440 1152 15 19 0
2481 1153 12 19 0

2024 1175 57 22 Pine
2090 1175 75 29 Apple
2250 1178 14 21 0
2291 1179 14 20 0
2332 1178 82 20 0..0
2441 1178 12 20 1
2480 1179 12 20 3

2015 1202 85 26 (Dutch
2250 1205 14 21 0
2291 1206 14 20 0
2332 1205 13 20 9
2362 1218 21 7 ..
2401 1206 13 20 0
2441 1205 12 20 1
2481 1207 12 19 0

1906 1228 107 23 Candles
2021 1237 5 13 :
2032 1229 94 27 English
2133 1237 57 21 wax,
2197 1237 41 21 per

2051 1256 24 21 lb
2250 1259 14 20 0
2290 1259 14 20 3
2332 1259 13 20 6
2363 1272 19 7 ..
2401 1259 14 20 0
2441 1259 15 20 0
2481 1261 12 19 0

2037 1282 81 23 Mould
2250 1286 13 20 0
2290 1287 14 19 0
2318 1286 24 20 11
2363 1299 19 6 ..
2401 1286 13 20 0
2441 1286 12 20 1
2481 1287 12 20 0

2038 1309 58 29 Dips
2249 1313 14 20 0
2290 1313 14 20 0
2318 1313 64 20 10..
2399 1313 14 20 0
2440 1314 15 19 0
2480 1315 13 19 0

1908 1335 94 23 Flour:
2011 1338 34 20 Ist
2050 1336 92 28 quality,
2152 1345 41 20 per
2197 1341 40 18 ton

2031 1363 27 22 of
2067 1365 54 21 2000
2130 1364 35 22 lbs
2234 1366 28 20 26
2290 1367 14 20 0
2330 1367 14 19 0
2362 1367 51 20 ..28
2440 1367 14 20 0
2479 1369 13 19 0

2007 1390 47 22 2nd
2063 1390 55 23 ditto
2237 1392 27 21 25
2292 1394 13 20 0
2332 1394 13 20 0
2363 1407 20 6 ..
2401 1395 13 19 0
2441 1395 14 19 0
2481 1396 11 19 0

1909 1416 61 23 Gin:
1989 1416 54 23 Pale
2060 1418 25 21 in
2095 1418 59 21 bond
2251 1421 13 20 0
2290 1419 15 21 4
2332 1421 13 19 0
2363 1434 19 6 ..
2401 1421 12 20 0
2440 1421 14 19 5
2480 1423 12 19 6

1957 1443 64 27 Case,
2029 1445 14 20 4
2049 1444 38 26 gal
2095 1446 37 20 4-s
2140 1446 25 20 in
2174 1446 63 22 bond
2250 1447 11 21 1
2289 1447 15 21 4
2332 1448 12 20 0
2362 1461 20 6 ..
2401 1449 12 19 0
2440 1448 13 19 0
2480 1451 12 18 0

1907 1470 84 23 Hams:
2006 1466 129 33 Yorkshire,
2149 1472 88 28 perlb.
2252 1475 13 20 0
2292 1475 13 20 0
2333 1475 13 19 0
2364 1488 19 6 ..
2402 1476 13 20 0
2441 1477 16 19 0
2481 1477 12 19 9

1907 1498 117 22 Mustard
2031 1506 5 14 :
2051 1498 44 22 Per
2104 1499 71 22 dozen
2187 1501 76 21 ....1
2293 1501 11 20 1
2333 1502 82 20 0..0
2442 1503 14 20 0
2482 1505 11 19 0

1907 1524 117 22 Mutton:
2044 1525 94 22 Carcase
2147 1534 40 20 per
2196 1526 23 22 lb
2231 1543 6 6 .
2251 1529 13 20 0
2292 1529 13 19 0
2332 1529 13 19 9
2364 1542 20 6 ..
2402 1530 13 20 0
2441 1530 15 20 0
2470 1531 22 20 11

1907 1552 125 22 Muskets:
2046 1552 94 23 Walnut
2146 1553 93 23 stocked
2252 1556 13 20 0
2292 1556 15 20 0
2333 1556 14 20 0
2364 1569 20 7 ..
2403 1557 12 19 0
2430 1557 26 20 15
2483 1559 11 19 0

1907 1579 80 22 Milk:
2003 1579 99 28 Perpint
2252 1583 13 20 0
2292 1583 13 20 0
2333 1582 12 20 5
2364 1597 20 6 ..
2403 1584 12 20 0
2442 1585 14 19 0
2481 1585 12 20 0

1908 1606 45 22 Oil
1959 1614 7 14 :
1981 1606 105 26 Linseed,
2095 1614 41 21 per
2144 1607 76 28 gallon
2231 1610 34 20 .0
2292 1609 13 21 5
2333 1611 13 19 0
2365 1623 6 7 .
2378 1623 6 7 .
2403 1611 12 20 0
2442 1609 14 22 7
2483 1613 12 19 0

1982 1633 78 27 Black,
2065 1634 24 21 in
2094 1633 172 30 cask,pertonl6
2293 1637 14 20 0
2334 1637 13 20 0
2365 1651 19 6 ..
2403 1638 12 20 0
2442 1639 15 19 0
2482 1640 11 19 0

2020 1661 78 26 Sperm
2237 1663 25 22 75
2290 1664 14 19 0
2332 1664 12 19 0
2362 1678 20 6 ..
2401 1664 12 20 0
2441 1665 12 19 0
2481 1666 11 18 0

1907 1687 79 23 Pork:
2000 1687 78 28 Fresh,
2095 1695 89 15 carcase
2198 1696 42 21 per

2026 1714 22 22 lb
2250 1719 14 19 0
2292 1719 13 20 0
2332 1718 14 21 4
2364 1732 20 6 ..
2402 1719 13 20 0
2441 1720 14 19 0
2480 1719 13 21 5

1907 1741 67 22 Pork
1980 1748 6 14 :
2001 1741 67 27 Irish,
2078 1749 40 20 per
2126 1742 76 23 barrel
2213 1757 6 7 .
2226 1758 6 6 .
2250 1744 14 22 5
2292 1746 13 20 0
2332 1746 14 20 0
2363 1759 8 7 .
2377 1759 7 7 .
2401 1746 12 20 5
2429 1747 27 20 10
2481 1748 12 19 0

1908 1768 131 22 Potatoes:
2060 1769 56 22 New
2130 1769 109 29 Zealand,

2085 1803 40 20 per
2133 1800 39 18 ton
2186 1799 78 21 ....6
2292 1800 13 20 0
2333 1800 82 21 0..8
2441 1801 14 20 0
2481 1802 12 19 0

1908 1822 95 23 Porter
2011 1830 7 14 :
2046 1822 103 29 Dunbar,
2158 1825 26 21 in
2191 1825 47 22 bot.

2076 1857 40 20 per
2125 1850 43 22 doz
2251 1854 14 20 0
2279 1853 26 21 13
2333 1854 50 20 0..
2402 1855 13 20 0
2441 1855 15 20 0
2482 1856 12 19 0

2005 1894 3 4 .
2017 1876 87 28 Bryant
2112 1877 46 23 and
2166 1878 72 23 Davis
2252 1881 53 20 013
2333 1881 13 20 0
2363 1894 7 7 .
2377 1895 6 6 .
2403 1882 12 20 0
2441 1883 14 19 0
2481 1884 13 19 0

1907 1903 101 23 Pickles
2018 1912 6 14 :
2054 1904 117 29 Assorted,
2199 1913 42 20 per
2276 1915 3 7 •

2081 1931 57 28 doz.,
2163 1936 76 24 quarts
2254 1934 19 21 V
2295 1935 10 20 1
2334 1935 14 20 0
2365 1948 21 7 ..
2404 1936 13 20 0
2443 1937 14 20 0

1908 1957 74 23 Pitch
1994 1964 6 15 :
2032 1958 137 29 Stockholm,
2199 1967 41 20 per

2058 1985 72 22 barrel
2253 1988 14 20 0
2293 1990 14 19 0
2334 1988 13 20 0
2365 2001 19 7 ..
2404 1988 51 21 115
2483 1991 12 18 0

1908 2010 95 23 Plank:
2031 2011 54 22 Port
2106 2012 133 29 Nicholson,

2057 2046 40 19 per
2106 2041 39 20 100
2154 2040 47 21 feet
2214 2054 6 6 .
2227 2054 6 6 .
2251 2042 54 20 019
2332 2042 14 19 0
2363 2055 7 6 .
2377 2054 7 7 .
2403 2042 10 21 1
2443 2043 11 20 1
2482 2044 13 19 0

1907 2063 58 23 Rice
1971 2071 6 15 :
1991 2065 109 23 Common
2109 2073 40 20 per
2154 2069 50 19 cwt.
2215 2081 5 7 .
2229 2081 5 7 .
2253 2069 13 20 0
2293 2070 13 19 0
2333 2070 14 19 0
2365 2082 5 6 .
2378 2082 6 7 .
2403 2070 13 19 0
2443 2070 14 19 0
2483 2072 12 18 0

1990 2091 66 23 Good
2250 2096 14 21 0
2291 2096 14 20 0
2333 2096 13 19 0
2363 2109 20 7 ..
2401 2098 14 19 0
2441 2098 14 19 0
2481 2098 12 20 0

1907 2118 55 22 Rum
1970 2126 6 14 :
1992 2119 26 22 P.
2028 2119 25 21 B.
2066 2119 33 26 P.,
2113 2127 41 20 per
2161 2121 78 26 gallon

2030 2146 23 21 in
2068 2146 61 22 bond
2252 2150 13 20 0
2292 2149 12 20 5
2333 2150 13 19 6
2364 2163 20 6 ..
2403 2151 13 20 0
2443 2149 12 22 7
2481 2152 12 19 6

1907 2172 89 23 Sugar:
2011 2173 121 22 Mauritius
2140 2181 42 20 per
2188 2178 50 19 cwt.
2252 2177 13 20 0
2293 2178 14 19 0
2333 2177 14 20 0
2365 2190 19 7 ..
2403 2178 13 20 0
2442 2178 13 20 0
2481 2180 13 19 0

2017 2200 81 22 Brown
2253 2204 10 21 1
2280 2204 26 21 17
2333 2204 13 20 0
2364 2217 20 7 ..
2402 2205 13 20 0
2442 2206 13 19 0
2481 2206 12 19 0

2017 2227 97 22 Refined
2128 2227 54 29 loaf,
2198 2236 41 20 per

2042 2253 24 22 lb
2252 2258 13 21 0
2292 2258 14 20 0
2334 2256 13 23 7
2365 2272 19 6 ..
2403 2259 13 20 0
2442 2260 13 19 0
2481 2260 13 19 0

2017 2281 97 23 Manilla
2251 2286 14 20 0
2292 2286 13 19 0
2333 2286 51 19 0..
2401 2286 14 20 2
2441 2286 13 20 5
2480 2288 13 19 0

1908 2307 58 23 Salt
1975 2315 6 14 :
1996 2307 127 29 Liverpool,
2133 2316 41 20 per
2183 2314 39 18 ton
2230 2327 6 6 .
2251 2312 14 21 3
2292 2313 13 20 0
2333 2312 12 21 0
2363 2326 7 7 .
2377 2326 7 6 .
2401 2313 15 20 4
2441 2314 13 20 0
2481 2314 12 20 0

1908 2335 59 22 Soap
1977 2343 5 14 :
2009 2335 103 23 Hawes's
2133 2337 105 28 London,

2035 2370 40 20 per
2081 2366 38 19 ton
2237 2366 28 21 40
2292 2367 13 20 0
2333 2367 13 20 0
2363 2367 52 21 ..42
2442 2368 13 20 0
2481 2369 12 19 0

2026 2389 119 29 Liverpool
2237 2394 28 20 36
2292 2394 15 20 0
2333 2394 13 20 0
2363 2407 20 6 ..
2402 2394 13 21 0
2441 2394 12 20 0
2481 2396 12 20 0

1908 2416 105 23 Starch:
2029 2417 74 22 Perlb
2253 2422 14 19 0
2293 2422 14 19 0
2334 2421 51 20 9..
2403 2422 14 20 0
2444 2422 9 20 1
2481 2423 13 19 0

1907 2444 144 22 Scantling:
2069 2444 42 23 Per
2117 2446 41 21 100
2166 2446 68 22 feet..
2253 2449 14 20 0
2280 2446 27 23 17
2334 2448 13 21 0
2365 2462 20 6 ..
2403 2449 14 20 0
2430 2449 25 20 18
2481 2450 12 19 0

1907 2470 129 23 Shingles:
2051 2471 45 22 Per
2102 2474 61 26 1000,
2172 2473 29 22 N.
2210 2474 27 21 Z.
2253 2475 11 20 1
2292 2474 13 22 7
2333 2475 13 20 0
2364 2489 20 6 ..
2403 2476 12 20 0
2442 2477 13 19 0
2480 2477 13 19 0

2039 2498 70 29 Ditto,
2130 2499 29 23 V.
2170 2500 29 22 D.
2211 2500 27 22 L.
2252 2502 13 20 2
2292 2502 13 20 5
2334 2503 13 19 0
2364 2516 6 6 .
2378 2516 6 6 .
2403 2503 13 21 0
2442 2505 13 19 0
2481 2504 12 20 0

1906 2525 64 23 Tar:
1986 2526 55 21 Coal
2253 2529 9 21 1
2279 2529 26 20 15
2334 2529 13 21 0
2365 2543 19 7 ..
2404 2531 13 19 0
2443 2531 13 20 0
2481 2531 12 19 0

1990 2552 129 23 Stockholm
2134 2568 102 8 ........
2255 2557 10 20 1
2281 2556 26 20 15
2335 2557 13 20 0
2365 2571 7 6 .
2379 2571 7 5 .
2404 2558 13 20 0
2444 2558 13 20 0
2482 2558 12 20 0

1907 2579 49 23 Tea
1964 2588 6 14 :
1988 2580 89 28 Hyson,
2087 2588 39 20 per
2137 2581 62 22 chest
2217 2597 5 6 .
2229 2597 6 6 .
2253 2585 14 20 0
2293 2585 15 20 0
2335 2584 14 20 0
2365 2597 7 7 .
2379 2597 6 7 .
2392 2584 25 21 12
2431 2585 26 20 12
2482 2585 12 20 0

1907 2606 106 23 Tobacco
2022 2615 6 15 :
2041 2607 143 29 Negrohead,
2199 2616 43 20 per

2067 2634 24 22 lb
2255 2639 14 20 0
2296 2639 10 20 1
2335 2637 14 21 3
2366 2651 20 7 ..
2405 2639 14 20 0
2445 2639 12 19 0
2483 2639 12 20 0

1907 2660 165 23 Turpentine:
2088 2662 147 27 Pergallon..
2254 2666 13 20 0
2294 2667 13 19 8
2335 2665 14 20 0
2366 2679 20 7 ..
2405 2667 14 19 0
2444 2667 13 20 0
2483 2666 12 20 0

1907 2687 164 23 Whalebone:
2086 2689 43 21 Per
2138 2693 96 18 t0n....
2239 2692 28 20 90
2293 2693 14 20 0
2335 2693 13 19 0
2365 2705 21 7 ..
2404 2693 13 20 0
2443 2694 13 20 0
2481 2693 12 20 0

1908 2714 83 23 Wine:
2006 2715 91 28 Sherry,
2106 2723 40 20 per
2154 2717 51 27 pipe
2216 2719 51 21 ..28
2293 2720 15 20 0
2335 2720 13 20 0
2365 2721 53 19 ..40
2444 2721 13 21 0
2482 2721 12 19 0

2017 2742 71 28 Ditto,
2104 2750 40 21 per
2158 2743 79 23 dozen.
2253 2746 11 21 1
2292 2747 15 20 4
2324 2747 23 20 .0
2365 2759 20 7 ..
2403 2747 14 21 2
2444 2749 13 19 0
2482 2748 12 20 0

1909 2795 123 23 Poultry:
2046 2796 80 28 Fowls,
2132 2804 41 20 per
2179 2798 50 27 pair
2235 2815 6 5 .
2255 2800 14 21 0
2296 2800 13 21 8
2337 2801 14 19 0
2367 2813 20 7 ..
2406 2801 13 20 0
2433 2801 26 21 16
2483 2802 12 19 0

2045 2823 84 28 Ducks,
2140 2825 57 22 ditto
2217 2840 19 6 ..
2255 2827 10 21 1
2295 2828 14 20 0
2337 2828 13 20 0
2367 2841 20 7 ..
2406 2828 11 20 1
2433 2829 25 20 10
2483 2829 12 19 0

2047 2851 79 27 Geese,
2138 2851 56 23 ditto
2217 2867 7 6 .
2230 2867 6 6 .
2254 2854 15 20 2
2295 2855 14 20 0
2337 2855 13 20 0
2367 2868 6 6 .
2380 2869 7 6 .
2405 2856 14 20 0
2445 2856 12 20 0
2483 2855 12 20 0

2045 2877 103 28 Turkeys
2255 2881 14 21 2
2296 2883 14 20 0
2337 2882 82 21 0..0
2445 2883 13 20 0
2483 2883 12 19 0

2046 2905 104 28 Pigeons,
2160 2906 79 29 (wild,)

2073 2940 41 21 per
2121 2933 51 28 pair
2192 2936 78 20 ....0
2296 2936 15 20 2
2338 2936 82 21 0..0
2446 2937 13 20 0
2484 2936 12 20 0

2046 2959 84 28 Ducks,
2140 2960 36 23 do.
2187 2961 51 22 do..
2257 2963 14 21 0
2297 2963 13 20 5
2338 2964 13 20 0
2368 2977 20 6 ..
2406 2964 14 20 0
2446 2964 12 20 0
2483 2963 13 20 0

1910 2986 63 23 Eggs
1980 2994 6 14 :
2001 2987 44 22 Per
2055 2987 71 22 dozen
2257 2990 14 21 0
2297 2990 14 21 3
2339 2991 81 20 0..0
2446 2992 13 19 0
2483 2990 14 20 0

1911 3041 78 22 Cows:
2003 3041 73 22 Milch
2243 3044 28 21 20
2297 3045 14 20 0
2338 3044 13 21 0
2368 3045 52 20 ..30
2444 3045 13 20 0
2483 3044 12 20 0

1911 3067 97 23 Mares:
2024 3068 75 22 Brood
2241 3071 28 21 50
2295 3072 14 20 0
2337 3072 13 20 0
2367 3073 52 20 ..90
2445 3072 12 20 0
2482 3071 13 20 0

1911 3095 118 22 Working
2045 3095 132 23 Bullocks:
2199 3096 45 22 Per

1936 3123 51 27 pair
2243 3126 28 20 40
2297 3126 14 20 0
2338 3126 13 20 0
2368 3126 52 21 ..60
2445 3126 14 20 0
2483 3124 12 20 0

1911 3148 64 23 Hire
1987 3156 26 15 of
2024 3156 67 15 ditto
2099 3157 6 14 :
2120 3149 43 23 Per
2170 3150 51 28 day,
2230 3158 15 15 a

1937 3179 62 19 team
2008 3176 46 22 and
2060 3176 74 23 driver
2258 3180 11 20 1
2297 3180 14 20 0
2338 3180 14 20 0
2368 3193 7 7 .
2382 3193 7 6 .
2406 3180 14 20 2
2445 3180 13 19 0
2483 3178 12 20 0

1911 3203 90 22 Sheep:
2015 3203 63 22 Each
2256 3207 10 20 1
2295 3207 15 20 6
2336 3207 15 20 0
2365 3220 22 7 ..
2406 3207 11 20 1
2432 3206 24 21 15
2481 3205 13 20 0

1911 3230 63 23 Boat
1985 3230 74 23 Hire:
2074 3231 44 22 Per
2123 3231 50 28 day,
2178 3232 65 22 with-

2103 3262 39 18 out
2151 3258 73 23 hands
2233 3275 6 6 .
2255 3262 13 20 0
2283 3261 26 21 10
2336 3262 14 20 0
2366 3274 20 7 ..
2406 3260 11 21 1
2444 3262 13 19 0
2481 3260 12 19 0

1911 3311 88 24 Wages
2005 3319 6 14 :
2039 3311 139 30 Mechanics,
2203 3321 43 20 per

2065 3339 62 23 week
2257 3342 14 21 2
2285 3342 27 21 14
2338 3342 14 21 0
2368 3356 21 6 ..
2406 3342 14 21 3
2445 3342 13 20 6
2483 3340 12 21 0

2049 3365 126 24 Labourers
2258 3370 11 20 1
2284 3369 27 21 10
2338 3370 14 20 0
2368 3382 20 7 ..
2408 3370 10 20 1
2432 3369 25 20 16
2482 3368 13 19 0

1932 3420 39 16 The
1982 3419 51 17 New
2043 3419 97 18 Zealand
2151 3421 93 17 Gazette
2251 3421 35 17 and
2297 3422 134 16 Wellington
2442 3421 53 16 Ssec-

1912 3445 64 13 xator
1982 3440 16 17 is
2005 3440 97 22 published
2109 3445 54 17 every
2168 3442 114 21 Wednesday
2292 3443 36 16 and
2339 3443 92 21 Saturday.
2453 3441 41 17 Sub-

1909 3462 64 20 joined
1978 3465 32 13 are
2017 3462 31 17 the
2054 3463 65 16 terms:
2121 3470 22 4 —

1932 3483 64 16 Price
2004 3486 24 14 ox
2036 3486 40 14 xhe
2083 3483 73 17 Paper.
2157 3492 22 3 —
2179 3483 55 21 Forty
2239 3483 84 22 shillings
2329 3488 32 17 per
2371 3488 74 16 annum,
2455 3486 40 18 pay-

1912 3504 40 16 able
1958 3504 19 16 in
1984 3504 81 16 advance
2069 3509 5 14 ;
2085 3508 21 12 or
2112 3507 34 13 one
2152 3504 77 21 shilling
2234 3505 29 16 for
2269 3505 58 21 single
2333 3506 92 16 numbers.

1932 3525 190 16 Advertisements.
2122 3533 21 3 —
2144 3525 33 17 Six
2186 3525 47 17 lines
2244 3526 37 16 and
2290 3526 63 19 under,
2365 3527 26 15 3s.
2399 3526 28 16 6d.
2432 3525 27 17 for
2464 3525 29 15 tht

1912 3545 39 16 first
1961 3545 94 20 insertion,
2067 3546 38 16 and
2115 3550 34 13 one
2159 3546 77 21 shilling
2241 3547 28 17 for
2275 3547 44 17 each
2326 3547 109 21 subsequent
2440 3546 54 17 inser-

1912 3566 47 19 tion;
1971 3566 49 17 from
2025 3567 30 16 six
2062 3567 19 16 to
2088 3568 30 15 ten
2126 3566 52 21 lines,
2186 3567 36 17 live
2229 3568 83 21 shillings
2323 3568 29 17 for
2361 3568 33 16 the
2405 3568 41 19 first,
2458 3565 34 18 and

1912 3591 34 12 one
1957 3587 76 20 shilling
2044 3587 35 17 and
2090 3587 85 21 sixpence
2185 3588 30 17 for
2225 3589 45 17 each
2279 3590 112 20 subsequent
2400 3587 93 18 insertion;

1912 3608 56 16 above
1978 3610 32 14 ten
2020 3608 54 20 lines,
2085 3608 35 17 live
2130 3608 86 22 shillings
2227 3610 28 16 for
2265 3610 30 16 ths
2305 3610 40 17 first
2355 3612 31 14 ten
2397 3610 51 18 lines,
2459 3607 34 17 and

1911 3629 98 20 fourpence
2015 3633 33 16 per
2053 3628 38 18 line
2097 3629 28 17 for
2130 3630 33 16 the
2170 3634 64 13 excess
2240 3631 22 17 of
2269 3631 40 16 that
2314 3631 86 19 number;
2412 3630 34 16 and
2452 3631 41 15 two-

1911 3653 58 17 pence
1974 3654 33 17 per
2012 3650 39 16 line
2056 3650 29 17 for
2092 3650 44 17 each
2142 3652 114 20 subsequent
2260 3652 94 16 insertion.

1933 3677 157 18 Advertisements
2097 3678 36 17 will
2139 3681 34 15 not
2178 3683 67 17 appear
2254 3679 20 17 in
2285 3679 31 16 the
2326 3678 79 21 ensuing
2414 3678 78 17 number,

1912 3698 17 16 if
1936 3698 84 17 received
2026 3699 46 17 later
2079 3699 45 17 than
2135 3700 21 16 10
2163 3700 73 20 o'clock,
2244 3705 48 14 a.m.,
2299 3705 23 11 on
2329 3700 30 16 the
2366 3699 91 20 mornings
2464 3699 29 15 be-

1912 3719 38 16 fore
1963 3719 120 21 publication.
2104 3721 158 17 Advertisements
2274 3721 38 16 vail
2323 3722 21 15 be
2354 3721 97 16 continued
2458 3718 34 17 and

1912 3740 79 21 charged
2001 3741 49 16 until
2058 3742 167 20 counter-ordered;
2236 3742 46 17 such
2288 3742 51 16 order
2345 3743 51 15 must
2403 3742 21 16 be
2430 3742 39 15 sent
2476 3741 17 14 to

1913 3761 31 16 the
1954 3762 56 16 Office
2022 3763 35 15 two
2076 3763 43 20 days
2137 3763 62 16 before
2209 3763 117 21 publication,
2337 3763 36 16 and
2384 3763 49 16 must
2442 3762 20 15 be
2473 3761 19 16 in

1913 3782 79 21 writing.
2016 3783 156 17 Advertisements
2185 3784 82 17 received
2285 3784 52 21 after
2354 3784 20 16 10
2391 3782 64 17 o'clock
2470 3785 22 13 on

1914 3803 84 21 Tuesday
2011 3804 37 16 and
2057 3804 66 22 Friday
2133 3805 94 20 mornings
2238 3805 38 16 will
2286 3805 21 16 be
2319 3804 77 20 charged
2406 3803 49 17 tv/ice
2463 3803 30 16 the

1914 3824 53 17 usual
1973 3826 54 15 rates.

1934 3846 30 16 All
1972 3846 67 19 orders,
2050 3846 156 20 advertisements,
2217 3846 37 16 and
2265 3845 161 17 communications
2436 3846 18 14 to
2464 3843 30 17 the

1914 3866 69 20 Editor,
1990 3871 30 12 are
2026 3867 97 19 requested
2128 3868 19 15 to
2154 3867 22 16 be
2183 3867 98 16 addressed
2286 3869 18 14 to
2311 3867 37 16 this
2354 3867 62 16 Ofllce.

1284 132 145 49 LAND
1453 131 259 23 AGENCIES.—
1712 131 41 22 TO
1775 130 99 22 LAND-

1361 158 184 23 HOLDERS.—
1544 158 48 22 The
1610 157 158 27 Undersigned
1785 158 45 26 beg
1851 160 25 19 to

1284 186 55 21 offer
1347 185 136 22 themselves
1492 188 24 19 to
1524 184 59 22 their
1592 184 85 22 friends
1687 184 46 21 and
1747 184 38 21 the
1800 183 76 28 public

1284 219 24 15 as
1317 212 88 26 Agents
1415 212 35 21 for
1460 211 37 22 the
1507 210 97 28 disposal
1611 211 26 21 of
1643 211 71 22 Town
1723 210 45 22 and
1776 210 100 27 Country

1284 238 82 28 Lands,
1379 238 50 21 and'
1433 241 58 18 trust
1500 238 59 21 their
1568 238 97 21 colonial
1676 237 134 28 experience
1824 244 53 20 may

1284 265 78 22 entitle
1371 264 63 23 them
1444 268 23 18 to
1477 272 14 13 a
1502 265 66 21 share
1578 264 26 22 of
1615 264 36 21 the
1661 264 76 27 public
1745 267 131 24 patronage.

1310 291 65 27 They
1384 291 46 22 will
1439 292 28 21 be
1476 291 76 27 happy
1561 294 22 18 to
1593 297 95 20 arrange
1702 290 34 22 for
1746 290 45 21 and
1800 297 77 20 super-

1278 318 85 22 intend
1372 318 39 22 the
1420 325 93 20 surveys
1520 318 46 21 and
1572 316 161 23 sub-divisions
1740 317 26 22 of
1771 316 39 22 the
1815 316 61 23 land.

1385 344 111 22 advances
1505 344 47 22 will
1564 344 28 21 be
1608 344 65 21 made
1683 351 31 14 on
1722 343 66 22 lands
1796 343 82 24 placed

1283 371 25 22 in
1317 371 59 22 their
1384 370 73 23 hands
1463 371 35 22 for
1505 370 55 23 sale.
1587 370 65 28 They
1658 370 47 22 will
1712 370 47 22 also
1764 370 29 22 be
1801 377 75 21 nappy

1284 402 23 18 to
1317 398 67 22 assist
1392 398 137 27 proprietors
1537 398 25 21 in
1571 397 87 27 leasing
1669 397 59 22 their
1735 397 74 22 lands.

1568 431 65 21 John
1643 430 46 22 and
1700 430 59 22 Geo.
1768 430 82 22 Wade.

1338 477 108 22 EARLY
1469 476 110 22 READY
1604 476 62 22 FOR
1689 476 65 21 THE
1777 475 99 27 PRESS,

1366 503 46 22 arid
1421 503 100 27 speedily
1531 503 46 21 will
1585 503 30 22 be
1624 503 125 27 published,
1765 510 13 14 a
1789 502 89 23 concise

1283 531 90 26 English
1384 531 43 20 and
1436 531 72 20 Maori
1522 530 119 27 Grammar,

1300 567 42 22 BY
1356 565 139 24 EDMUND
1510 566 181 27 HALSWELL,
1709 566 71 27 ESQ.,
1797 565 67 23 M.A.

1418 600 64 26 Also,
1493 600 30 27 by
1533 600 38 22 the
1580 607 62 15 same
1651 599 98 28 Author,

1314 634 22 22 A
1346 634 74 22 Maori
1430 633 47 22 and
1486 633 96 28 English
1591 633 150 27 Vocabulary,
1757 633 122 27 consisting

1287 660 27 22 of
1324 661 69 22 about
1401 662 56 21 5000
1469 660 80 27 words,
1561 660 172 28 alphabetically
1742 659 116 28 arranged.

1470 705 36 22 W.
1521 704 22 23 S.
1565 704 129 27 BUTLER,

1512 739 134 26 Surgeon,

1455 773 66 26 (Late
1537 773 27 25 of
1578 773 37 20 the
1631 765 89 33 Aralj\

1499 816 29 14 TE
1543 815 45 15 ARO
1603 815 64 20 FLAT,

1286 842 50 22 Has
1350 849 14 15 a
1381 841 62 27 large
1460 841 104 28 quantity
1581 840 27 23 of
1620 840 68 28 drugs
1705 833 45 29 and
1766 840 112 22 medicine

1283 887 4 5 ,
1427 868 73 22 chests
1510 868 118 28 complete,
1639 868 35 21 for
1683 868 54 21 sale.
1815 866 2 7 '

1288 913 167 23 /CHARLES
1474 912 139 27 HARVEY,
1623 912 91 22 Tailor
1724 912 21 22 &
1755 911 122 23 Breeches

1288 936 40 26 \j
1359 941 96 26 Maker,
1467 947 56 15 near
1531 940 90 21 Messrs.
1633 939 88 21 Waters
1731 938 46 22 and
1786 938 92 22 Smith's

1287 968 70 27 Store,
1375 967 146 27 Wellington,
1537 967 55 26 begs
1608 969 22 19 to
1646 965 84 23 inform
1745 965 37 22 the
1797 968 81 24 gentry

1286 994 47 22 and
1341 993 139 23 inhabitants
1492 994 26 22 of
1530 993 138 26 Wellington
1679 992 45 22 and
1737 993 29 21 its
1776 992 100 27 vicinity,

1286 1021 50 22 that
1343 1021 30 22 he
1385 1021 40 21 has
1434 1020 148 23 commenced
1590 1020 102 22 business
1702 1027 24 14 as
1740 1019 78 27 above,
1832 1018 46 22 and

1288 1051 67 19 trusts
1365 1048 50 22 that
1424 1047 80 23 twelve
1521 1047 72 28 years'
1604 1046 133 29 experience
1747 1046 24 21 in
1781 1045 97 23 London

1288 1082 24 14 as
1336 1082 13 14 a
1368 1075 110 28 practical
1502 1077 80 24 cutter,
1604 1073 120 23 combined
1742 1072 55 23 with
1819 1072 59 27 good

1286 1101 115 23 materials
1424 1101 46 22 and
1493 1101 172 28 workmanship,
1691 1099 46 23 and
1763 1099 115 22 moderate

1288 1128 101 27 charges,
1398 1128 46 22 will
1455 1128 80 22 enable
1545 1128 47 22 him
1601 1132 24 18 to
1641 1129 51 26 give
1702 1126 139 23 satisfaction
1855 1129 23 19 to

1288 1155 31 22 all
1327 1155 51 22 who
1388 1162 52 20 may
1450 1155 80 22 favour
1539 1154 48 23 him
1595 1154 53 23 with
1657 1154 59 22 their
1724 1157 130 25 patronage.

1473 1188 86 27 Terms,
1570 1188 53 22 cash
1634 1188 60 27 only.

1288 1234 36 48 J
1360 1232 155 28 CANNING,
1540 1233 101 26 Cabinet,
1665 1232 75 27 Chair,
1764 1232 44 21 and
1827 1232 52 21 Sofa

1327 1271 13 11 •
1369 1261 178 26 Manufacturer,
1564 1259 190 28 Lambton-quay,
1764 1258 115 28 adjoining

1287 1287 71 23 Durie
1368 1287 46 23 and
1424 1287 60 22 Co.'s
1498 1288 82 21 Stores.

1447 1328 131 15 FURNITURE
1597 1327 124 15 REPAIRED.

1433 1366 175 26 Wellington
1622 1366 114 20 Tavexn.

1288 1399 170 50 EDWARD
1487 1399 97 22 DAVIS
1612 1399 55 27 begs
1690 1402 24 18 to
1735 1398 86 22 inform
1843 1397 36 23 his

1365 1426 86 23 friends
1462 1426 45 22 and
1516 1426 38 22 the
1563 1426 76 28 public
1648 1426 21 21 in
1681 1425 99 28 general,
1792 1425 49 22 that
1850 1425 29 22 he

1286 1454 42 22 has
1344 1453 88 28 opened
1448 1453 38 22 the
1497 1453 139 27 Wellington
1648 1453 96 26 Tavern,
1755 1452 124 22 Lambton-

1288 1489 67 20 quay,
1366 1480 75 23 where
1451 1480 54 28 they
1514 1480 46 22 will
1574 1480 48 22 find
1629 1487 14 14 a
1652 1480 78 21 choice
1740 1479 108 22 selection
1857 1479 26 22 of

1287 1508 87 22 bottled
1388 1507 35 22 ale
1432 1507 46 22 and
1486 1510 83 24 porter,
1580 1506 73 29 spirits
1663 1506 47 23 and
1716 1507 69 22 wines
1800 1506 26 23 of
1831 1506 50 22 first

1288 1540 48 17 rate
1347 1534 95 28 quality.

1316 1568 88 22 N.B.—
1406 1567 67 23 Good
1482 1567 88 23 Burton
1580 1567 42 28 ale,
1633 1568 40 22 &c.
1684 1567 42 23 &c.

1316 1603 23 21 A
1347 1602 103 28 quantity
1456 1602 27 21 of
1489 1601 85 28 garden
1580 1602 71 27 seeds,
1658 1602 38 22 the
1704 1600 99 29 produce
1808 1600 27 23 of
1842 1600 38 23 the

1289 1630 96 27 Colony,
1397 1628 35 23 for
1443 1628 53 23 sale.

1519 1674 129 26 Wanted,

1288 1708 71 49 BY
1373 1715 14 15 a
1396 1714 78 20 young
1490 1714 53 15 man
1558 1707 51 22 who
1624 1714 42 15 can
1682 1707 29 22 be
1727 1706 51 23 well
1793 1713 88 15 recom-

1365 1734 106 28 mended,
1489 1742 14 15 a
1518 1734 107 23 situation
1634 1742 23 14 as
1667 1734 143 27 storekeeper
1820 1740 25 15 or
1855 1741 25 14 as

1288 1762 188 27 superintendant
1490 1762 26 21 of
1536 1768 14 15 a
1567 1762 65 21 farm.
1670 1761 103 26 Security
1792 1768 42 15 can
1852 1760 29 22 be

1287 1790 68 26 given
1364 1789 22 22 if
1396 1789 111 27 required.
1536 1788 49 22 Has
1595 1795 30 15 no
1635 1788 112 28 objection
1754 1792 23 17 to
1783 1788 98 26 proceed

1288 1821 22 17 to
1321 1823 45 20 any
1375 1816 27 22 of
1412 1820 39 18 the
1462 1816 64 21 other
1535 1816 129 21 setlements
1674 1815 24 22 in
1705 1814 57 23 New
1770 1814 109 23 Zealand.

1288 1843 76 28 Apply
1375 1847 24 18 at
1407 1843 39 22 the
1456 1842 65 23 office
1532 1842 44 23 this
1585 1849 75 21 paper.

1316 1877 145 27 Wellington,
1473 1877 130 21 November
1611 1878 21 25 4,
1643 1877 62 21 1841.

1514 1922 56 21 For
1583 1922 70 25 Sale,

1288 1956 92 49 THE
1396 1955 70 23 Hotel
1479 1955 45 23 and
1534 1955 159 23 Public-house
1702 1954 84 23 known
1803 1963 24 15 as
1842 1955 38 22 the

1363 1983 51 22 Rob
1428 1983 63 27 Roy,-
1499 1987 22 17 at
1530 1982 135 27 Wanganui,
1676 1981 40 22 the
1725 1986 90 23 present
1829 1990 52 19 pro-

1287 2011 83 28 prietor
1385 2010 68 27 being
1469 2010 69 21 about
1553 2012 23 18 to
1593 2008 124 29 relinquish
1735 2009 102 22 business
1856 2009 24 21 in

1286 2038 80 21 favour
1375 2037 27 22 of
1413 2036 144 27 agricultural
1562 2036 103 28 pursuits.
1695 2035 45 23 For
1748 2035 133 28 particulars

1287 2064 68 28 apply
1365 2068 23 18 to
1399 2064 44 22 Mr.
1461 2063 62 22 John
1532 2063 27 21 M
1570 2063 92 27 Gregor,
1673 2062 135 29 Wanganui,
1822 2070 26 14 or
1857 2066 23 18 to

1289 2092 86 21 Waters
1383 2091 47 21 and
1438 2090 80 27 Smith,
1529 2090 145 27 Wellington.

1483 2133 58 24 £20
1556 2136 126 21 Reward.

1288 2170 92 33 rpHE
1389 2169 153 28 undersigned
1551 2169 46 23 will
1606 2169 50 27 give
1665 2168 39 22 the
1716 2169 71 21 above
1793 2168 87 22 reward

1295 2192 31 28 _L
1363 2202 23 18 to
1397 2205 44 20 any
1453 2204 83 25 person
1552 2204 26 14 or
1592 2203 93 21 persons
1700 2195 51 23 who
1768 2195 45 22 will
1829 2195 51 27 give

1288 2225 55 22 such
1352 2225 146 22 information
1509 2232 24 14 as
1543 2223 45 23 will
1596 2223 52 23 lead
1661 2227 23 18 to
1698 2223 40 22 the
1752 2222 127 22 conviction

1288 2253 25 21 of
1325 2259 45 20 any
1378 2259 82 21 person
1472 2258 25 15 or
1505 2258 93 21 persons
1607 2250 136 27 feloniously
1750 2249 78 28 taking
1834 2249 45 22 and

1288 2279 80 27 killing
1378 2286 46 20 any
1433 2279 39 28 pig
1482 2286 25 14 or
1516 2279 49 27 pigs
1575 2277 101 23 branded
1686 2277 22 21 G
1717 2277 30 22 D.

1654 2305 97 21 George
1762 2303 89 22 Duppa.

1397 2352 70 20 New
1481 2351 123 21 Zealand
1620 2350 150 26 Company.

1289 2385 92 28 HPHE
1399 2385 103 22 COURT
1516 2385 40 22 OF
1577 2384 175 22 DIRECTORS
1763 2383 39 23 OF
1814 2383 65 23 THE

1296 2404 31 30 J_
1364 2412 72 22 NEW
1456 2412 154 22 ZEALAND
1625 2411 153 23 COMPANY
1794 2411 86 27 hereby

1287 2440 52 27 give
1349 2439 83 27 notice,
1441 2439 52 22 that
1502 2439 55 27 they
1565 2439 59 22 have
1633 2438 105 22 reserved
1747 2438 35 22 for
1795 2438 46 22 sale
1857 2441 22 19 to

1287 2474 93 21 persons
1389 2467 101 21 resident
1498 2467 23 21 in
1532 2467 57 21 New
1605 2465 102 23 Zealand
1725 2473 26 15 or
1763 2465 39 22 the
1818 2465 62 22 Aus-

1288 2493 108 23 tralasian
1406 2493 111 28 Colonies,
1529 2496 44 20 two
1579 2493 105 22 hundred
1690 2493 26 21 of
1722 2493 37 21 the
1767 2492 113 22 thousand

1288 2521 129 21 allotments
1431 2521 132 21 mentioned
1579 2521 25 21 in
1618 2520 39 22 the
1672 2519 91 29 printed

1288 2548 35 21 for
1346 2547 112 22 Purchase
1479 2549 26 20 of
1645 2548 24 21 in
1688 2547 39 22 the
1744 2547 135 27 Company's

1288 2575 85 22 second
1383 2575 136 27 settlement,
1533 2575 95 26 bearing
1637 2574 52 22 date
1704 2574 58 22 New
1778 2573 102 23 Zealand

1289 2602 86 27 House,
1390 2602 53 21 15th
1459 2601 117 29 February
1590 2603 61 26 1841,
1667 2601 75 28 copies
1761 2601 26 21 of
1806 2600 74 23 which

1289 2636 53 20 may
1357 2629 28 21 be
1406 2629 107 21 obtained
1535 2635 24 16 at
1577 2629 39 22 the
1635 2628 244 27 Surveyor-General's

1289 2655 72 28 office,
1372 2655 148 28 Wellington.

1316 2683 73 22 These
1399 2684 41 20 200
1450 2683 139 22 allottments
1597 2683 59 21 have
1670 2683 60 20 been
1748 2681 93 22 entered
1855 2681 25 22 in

1290 2710 38 21 the
1336 2710 97 26 registry
1442 2709 27 22 of
1479 2710 149 27 applications
1637 2709 73 22 under
1718 2709 39 21 the
1773 2709 108 21 numbers

1288 2738 41 21 401
1340 2741 23 18 to
1380 2737 40 21 600
1439 2736 56 23 both
1508 2736 117 27 inclusive,
1646 2735 45 23 and
1709 2736 39 21 the
1766 2735 71 28 rights
1857 2735 27 22 of

1290 2764 77 22 choice
1374 2764 25 21 in
1408 2767 87 24 respect
1505 2764 25 21 of
1543 2763 39 22 the
1600 2763 49 22 said
1664 2763 108 22 numbers
1789 2761 45 23 will
1851 2763 29 21 be

1291 2790 142 23 determined
1441 2790 31 28 by
1480 2790 34 22 lot
1522 2790 25 22 in
1561 2790 104 28 England
1675 2797 25 15 as
1709 2790 24 21 in
1744 2789 40 22 the
1791 2796 50 15 case
1859 2790 26 21 of

1291 2818 30 22 all
1332 2818 36 22 the
1379 2818 64 21 other
1453 2817 137 22 allotments.

1328 2844 125 28 Intending
1475 2844 133 28 purchasers
1627 2844 26 22 of
1670 2843 64 23 these
1753 2843 129 23 allotments

1291 2876 62 19 must
1361 2872 87 27 deposit
1456 2871 40 22 the
1506 2871 72 23 whole
1594 2871 202 28 purchase-money
1811 2871 71 27 (£3OO

1291 2900 35 22 for
1336 2899 64 25 each)
1411 2899 48 22 into
1469 2906 47 20 any
1525 2898 26 23 of
1563 2898 38 22 the
1610 2898 59 22 local
1677 2897 113 23 branches
1806 2898 27 22 of
1843 2898 38 22 the

1292 2927 76 22 Union
1378 2926 67 22 Bank
1455 2926 26 22 of
1498 2926 117 22 Australia
1621 2933 6 20 ;
1644 2925 45 22 and
1706 2933 30 14 on
1752 2924 131 28 presenting

1293 2962 24 14 or
1327 2953 154 27 transmitting
1489 2956 23 19 to
1525 2953 39 22 the
1580 2953 136 27 Company's
1731 2952 75 27 acting
1820 2952 63 28 prin-

1292 2979 136 29 cipaPagent
1436 2980 24 22 in
1470 2980 57 22 New
1537 2980 107 27 Zealand,
1656 2984 23 18 at
1688 2980 54 21 Port
1750 2979 131 27 Nicholson,

1293 3015 29 15 an
1333 3008 195 27 acknowlegment
1534 3007 26 22 of
1566 3007 38 22 the
1611 3008 86 26 receipt
1702 3006 26 23 of
1733 3006 56 23 such
1796 3006 88 28 deposit

1291 3035 31 27 by
1332 3034 37 22 the
1379 3035 73 27 Bank,
1470 3034 38 22 the
1523 3034 120 28 depositor,
1658 3042 25 15 or
1697 3034 34 22 his
1746 3037 74 24 agent,
1837 3034 46 22 will

1291 3062 89 22 receive
1390 3062 59 21 from
1458 3062 40 21 the
1502 3062 137 27 Company's
1644 3061 49 23 said
1701 3061 108 28 principal
1817 3065 67 23 agent

1293 3097 14 14 a
1324 3089 90 22 written
1434 3088 137 23 declaration
1591 3090 26 20 of
1635 3088 37 23 the
1690 3087 96 23 number
1800 3088 25 22 in
1844 3088 39 22 the

1292 3116 96 28 registry
1398 3116 27 21 of
1436 3116 147 28 applications
1592 3115 105 23 awarded
1704 3119 24 18 to
1742 3115 57 22 such
1815 3115 68 28 depo-

1293 3144 61 26 sitor,
1366 3143 52 22 with
1429 3151 29 13 an
1465 3142 152 28 undertaking
1624 3145 23 19 to
1653 3143 84 22 deliver
1743 3142 38 22 the
1787 3142 97 22 sections

1293 3170 73 22 which
1376 3170 56 22 such
1441 3170 113 27 depositor
1564 3177 24 15 or
1597 3170 35 22 his
1642 3173 67 24 agent
1718 3176 53 21 may
1782 3169 68 22 select
1858 3170 25 21 in

1291 3201 89 22 respect
1390 3197 26 21 of
1427 3197 38 22 the
1474 3197 63 27 right
1545 3197 26 21 of
1583 3197 77 22 choice
1669 3196 80 28 falling
1764 3196 31 28 by
1810 3196 33 22 lot
1859 3199 24 19 to

1293 3224 56 22 such
1359 3224 95 22 number
1463 3224 24 21 in
1498 3224 37 22 the
1543 3224 103 27 registry.

1319 3251 49 21 The
1378 3251 107 22 numbers
1493 3251 25 22 in
1527 3251 39 22 the
1575 3251 95 28 registry
1683 3250 47 22 will
1738 3250 28 22 be
1780 3250 104 22 awarded

1293 3278 87 27 strictly
1389 3278 25 22 in
1423 3278 39 22 the
1472 3278 66 22 order
1549 3278 26 22 of
1585 3278 39 22 the
1632 3278 155 27 presentation
1796 3278 26 21 of
1828 3278 56 22 such

1293 3305 87 27 deposit
1389 3305 97 28 receipts
1496 3309 23 19 to
1528 3305 38 22 the
1577 3305 135 28 Company's
1720 3304 49 23 said
1775 3304 110 28 principal

1293 3335 75 24 agent.

1321 3359 28 21 In
1361 3366 50 14 case
1420 3359 99 27 deposits
1528 3359 82 23 should
1617 3359 29 22 be
1656 3359 67 22 made
1731 3359 35 21 for
1776 3365 14 15 a
1797 3361 89 24 greater

1293 3386 97 22 number
1399 3386 27 21 of
1441 3385 129 24 allotments
1583 3386 56 22 than
1655 3386 38 22 the
1709 3387 42 21 200
1766 3385 81 28 placed
1862 3389 23 19 at

1293 3413 39 21 the
1342 3413 97 28 disposal
1455 3413 27 23 of
1499 3413 39 22 the
1554 3413 136 32 Company's
1706 3417 70 23 agent
1789 3413 24 21 in
1827 3412 57 22 New

1294 3440 108 27 Zealand,
1420 3440 38 22 the
1469 3440 87 28 deposit
1564 3441 97 27 receipts
1669 3441 26 21 in
1704 3443 88 25 respect
1801 3440 26 22 of
1839 3446 45 21 any

1294 3467 56 22 such
1361 3470 64 18 extra
1434 3467 129 23 allotments
1572 3467 46 23 will
1627 3471 42 18 not
1676 3468 29 21 be
1714 3467 113 30 accepted,
1839 3467 45 21 and

1294 3494 39 22 the
1342 3493 73 23 whole
1423 3498 96 18 amount
1528 3495 26 21 of
1566 3494 37 22 the
1611 3494 87 28 deposit
1707 3494 47 22 will
1761 3494 27 22 be
1796 3497 89 19 return-

1283 3537 5 9 ,
1295 3521 28 22 ed
1332 3525 24 17 to
1365 3521 39 22 the
1415 3520 119 29 depositor,
1549 3521 54 22 with
1611 3521 94 23 interest
1714 3524 24 19 at
1746 3520 39 23 the
1794 3524 92 19 current

1293 3551 49 19 rate
1362 3548 25 22 of
1407 3547 95 23 interest
1520 3556 29 14 on
1568 3548 98 28 deposits
1683 3547 96 23 allowed
1796 3548 30 27 by
1846 3547 38 23 the

1294 3575 77 22 Union
1381 3575 67 21 Bank
1456 3575 27 21 of
1494 3575 123 22 Australia.

1321 3602 39 22 No
1369 3602 87 27 deposit
1465 3603 96 27 receipts
1571 3602 46 22 will
1624 3601 29 23 be
1663 3600 107 29 accepted
1780 3601 57 22 after
1847 3600 37 22 the

1270 3639 4 13 \
1295 3629 136 27 Company's
1453 3629 111 28 principal
1582 3632 69 23 agent
1667 3629 24 22 in
1709 3629 58 21 New
1785 3627 101 23 Zealand

1269 3677 2 5 ,
1295 3656 57 22 shall
1362 3656 56 22 have
1427 3655 95 23 learned
1531 3656 49 22 that
1590 3657 38 20 the
1638 3655 100 27 drawing
1755 3654 26 22 of
1791 3654 43 22 lots
1850 3654 36 24 for

1293 3683 94 28 priority
1398 3683 25 21 of
1434 3682 85 28 choice,
1529 3683 42 22 has
1580 3682 68 22 taken
1660 3683 64 27 place
1738 3681 24 22 in
1773 3681 111 27 England.

1321 3710 24 22 It
1354 3711 19 21 is
1390 3709 117 28 expressly
1524 3709 127 27 stipulated,
1671 3709 50 21 that
1739 3707 31 23 all
1788 3708 96 28 deposits

1295 3737 46 22 and
1349 3737 148 31 applications
1503 3735 58 23 shall
1570 3737 28 21 be
1608 3735 66 23 made
1690 3735 87 27 subject
1792 3738 22 18 to
1830 3735 55 22 such

1294 3763 138 28 regulations
1443 3770 22 15 as
1476 3763 57 21 have
1543 3763 65 26 been,
1623 3770 25 14 or
1662 3769 52 20 may
1726 3762 113 22 hereafter
1849 3762 35 27 be,

1294 3791 68 21 made
1370 3791 31 26 by
1412 3789 37 23 the
1470 3790 125 27 Company,
1615 3789 35 22 for
1668 3789 39 21 the
1726 3789 97 26 disposal
1841 3789 45 21 and

1269 3819 2 10 1
1295 3818 55 21 final
1360 3817 99 28 delivery
1467 3817 26 22 of
1498 3816 147 28 preliminary
1653 3815 66 23 lands
1724 3816 25 22 in
1757 3815 38 23 the
1803 3816 83 22 second

1293 3845 136 22 settlement.

1404 3871 35 28 By
1450 3871 66 22 order
1525 3870 25 22 of
1562 3870 37 22 the
1610 3870 74 27 Court,

1542 3897 25 22 F.
1583 3897 91 22 Dillon
1690 3897 71 27 Bell,

1629 3926 115 26 Secretary
1756 3931 39 20 pro
1804 3926 54 20 tern.

1295 3953 55 21 New
1366 3952 100 22 Zealand
1477 3952 86 26 House,

1349 3979 104 26 London,
1465 3979 59 21 22nd
1534 3979 73 26 April,
1620 3979 59 21 IS4I.

160 131 56 22 New
230 131 103 22 Zealand
340 133 3 4 '
349 131 136 32 Company's
501 132 115 27 Principal

307 158 97 26 Agent's
418 158 79 27 Office,

216 184 146 27 Wellington,
374 184 98 23 October
481 187 20 25 8,
512 186 64 21 1841.-
597 206 11 10 v
651 191 2 19 ;

53 210 125 49 BILLS,
191 214 23 18 at
230 211 69 27 thirty
309 211 62 27 days'
388 212 65 26 sight,
470 212 77 21 drawn
564 212 30 26 by
651 210 2 28 j

131 238 113 26 Principal
260 239 78 25 Agent
352 245 28 14 on
391 238 38 21 the
439 238 116 27 Secretary
570 238 25 21 of
606 238 38 21 the

51 264 57 21 New
124 264 103 21 Zealand
244 264 124 27 Company,
387 264 102 28 London,
501 271 42 15 can
559 265 28 22 be
600 265 44 22 had

52 297 28 15 on
91 290 136 28 application
237 295 24 17 at
270 291 37 22 the
319 292 70 20 above
400 290 70 23 office.

298 318 29 21 D.
341 318 82 25 Lewis,

255 344 67 21 Clerk
326 341 3 12 :
332 348 21 17 to
363 344 39 21 the
413 343 109 28 Principal
533 344 83 27 Agent.

285 388 242 27 Surveyor-General's
538 387 78 27 Office,

398 414 58 22 Nov.
467 416 20 26 5,
500 416 62 20 1841.

126 442 40 20 To
182 442 185 19 Landowners
383 442 54 20 and
452 442 116 26 Agents.

49 475 146 47 NOTICE
211 475 26 21 IS
254 474 127 22 HEREBY
396 475 107 26 GIVEN,
521 474 49 22 that
580 474 64 22 lands

130 501 45 23 will
185 502 28 20 be
224 501 82 21 offered
317 501 34 21 for
361 501 106 22 selection
474 504 24 19 at
507 501 135 27 Wanganui,

51 536 28 14 on
98 528 125 27 Thursday,
242 528 51 20 36th
310 528 127 22 December
450 532 62 21 next,
530 527 65 23 when
614 528 30 21 all

49 562 92 19 persons
159 555 127 21 concerned
300 562 38 14 are
350 555 112 26 earnestly
481 554 123 27 requested
621 558 23 18 to

51 581 83 27 attend,
156 589 25 14 or
195 581 58 22 their
264 581 88 23 choices
368 581 46 22 will
430 581 27 22 be
473 581 133 22 considered
620 589 24 14 as

54 608 111 22 reserved.

250 635 36 21 W.
303 635 33 22 M.
353 635 83 27 Smith,
446 635 64 27 Capt.
521 635 67 26 R.A.,

388 661 228 27 Surveyor-General.

287 706 242 27 Surveyoi'-General's
538 706 77 27 Office,

347 734 96 21 October
453 734 34 24 26,
500 734 61 20 1841.
651 733 2 15 I

52 760 147 49 NOTICE
231 760 27 21 IS
292 760 128 21 HERIiBY
453 759 109 27 GIVEN,
595 759 49 22 that

133 790 95 24 country
237 786 54 22 land
301 786 44 22 will
355 787 27 21 be
393 786 83 22 offered
487 786 35 22 for
536 786 108 22 selection

53 821 27 15 on
91 814 125 26 Thursday,
229 813 38 22 the
279 813 51 22 18th
340 813 135 22 November.

82 840 66 22 Plans
157 848 52 19 may
223 840 28 22 be
261 847 53 15 seen
330 844 23 17 at
366 840 43 22 this
419 840 70 22 Office
500 847 29 14 on
541 839 102 28 Monday

52 871 63 23 next,
127 867 46 22 and
182 867 114 27 following
310 866 61 28 days.

261 894 37 22 W.
312 896 25 21 M
355 894 81 26 Smith,
447 894 63 27 Capt.
521 893 67 27 R.A.,

387 920 228 27 Surveyor-General.

268 965 69 21 Seed
357 966 77 20 Peas.

56 1000 90 21 fTIHE
163 998 151 28 undersigned
326 998 39 22 has
376 1007 11 13 a
399 999 104 27 quantity
512 998 26 22 of
545 999 99 27 superior

63 1021 29 26 JL
137 1026 53 21 blue
208 1026 52 21 seed
276 1033 55 19 peas
345 1026 33 21 for
397 1026 52 25 sale,
467 1033 76 19 grown
563 1026 24 21 in
607 1026 37 21 the

55 1053 73 27 valley
136 1053 26 22 of
169 1052 37 22 the
217 1052 60 22 Hutt
287 1052 29 27 by
325 1052 36 22 the
371 1052 45 22 late
428 1052 43 22 Mr.
482 1052 82 22 Eaton.
588 1052 56 22 Also

56 1088 12 13 a
78 1080 102 27 quantity
191 1080 25 21 of
225 1079 75 22 radish
310 1080 59 21 seed.

431 1106 25 22 E.
473 1106 143 22 Catchpool.

83 1133 187 22 Dickson-street.

195 1179 40 19 To
251 1177 253 27 Agriculturalists.

56 1211 87 23 T?OR
153 1211 86 27 SALE,
249 1219 13 13 a
270 1211 64 21 small
343 1211 102 27 quantity
452 1211 26 21 of
484 1218 54 20 very
546 1211 100 27 superior

56 1233 29 27 X.
129 1238 52 21 seed
192 1239 78 25 wheat,
282 1238 47 21 also
340 1246 12 13 a
362 1237 66 22 small
442 1238 103 27 quantity
557 1239 26 20 of
592 1238 54 21 seed

55 1265 76 27 barley
141 1265 94 21 without
244 1264 64 27 husk,
313 1264 61 22 'both
384 1272 77 20 grown
477 1265 24 21 in
519 1265 38 21 the
572 1265 73 27 valley

56 1292 23 21 of
93 1291 36 22 the
139 1291 66 27 Hutt,
217 1291 46 22 and
272 1291 125 22 warranted
408 1292 26 21 of
444 1291 37 22 the
491 1292 49 21 first
552 1292 92 27 quality.

56 1319 44 21 £ov
108 1319 139 27 particulars,
260 1319 67 27 apply
338 1322 22 17 to

221 1346 23 21 C.
256 1345 26 22 E.
294 1345 51 22 Yon
356 1345 117 27 Alzdorf,
489 1345 87 22 Petoni.

268 1390 164 21 Education.

57 1423 108 49 MRS.
185 1423 47 23 and
249 1423 72 22 MISS
345 1423 191 23 WAKEFIELD
559 1424 87 22 receive

146 1451 75 27 pupils
231 1458 28 14 on
271 1451 37 21 the
317 1451 117 26 following
442 1454 68 18 terms
515 1458 5 14 :
522 1462 30 4 —

84 1477 43 22 For
144 1477 77 28 board,
241 1477 55 22 with
313 1477 102 27 washing
430 1477 44 22 and
489 1479 35 20 in-

110 1505 108 21 struction
223 1504 23 22 in
251 1505 93 26 general
351 1505 93 26 English
448 1505 75 21 litera-

109 1535 58 24 ture,
183 1531 95 28 writing,
293 1531 47 22 and
352 1531 116 28 aritrnetic,
484 1538 40 21 per

111 1561 90 25 quarter
524 1560 13 21 8
565 1560 13 21 8
605 1560 14 20 0

83 1585 79 22 Under
170 1586 13 21 7
192 1592 65 21 years
268 1585 26 22 of
305 1592 41 20 age
524 1585 14 24 7
566 1586 13 22 7
605 1588 14 19 0

84 1612 51 28 Day
144 1613 106 21 boarders
524 1614 15 20 4
565 1614 15 21 4
605 1614 15 20 0

84 1639 51 28 Day
145 1639 73 28 pupils
524 1641 14 20 2
565 1641 14 20 2
605 1641 14 20 0

83 1666 81 22 Junior
173 1667 56 20 ditto
525 1668 10 19 1
553 1668 23 20 11
605 1668 13 20 6

57 1693 94 28 French,
167 1693 90 28 Italian,
273 1693 44 22 and
332 1693 114 27 Drawing,
456 1693 32 22 £1
506 1694 44 21 lls.
561 1693 34 22 6d.
606 1701 40 20 per

301 1724 98 23 quarter.

83 1747 89 22 Private
181 1747 86 22 lessons
276 1748 24 21 in
312 1747 76 27 music,
402 1754 25 14 or
437 1754 44 20 any
491 1747 26 21 of
527 1747 38 22 the
576 1747 69 22 above

56 1774 110 22 branches
176 1774 26 21 of
213 1774 127 26 education,
355 1781 44 15 one
413 1774 75 21 hour's
503 1775 141 26 instruction,

56 1802 50 21 four
113 1801 87 22 lessons
217 1801 35 21 for
262 1809 43 14 one
315 1801 89 27 guinea.

83 1828 135 22 References
228 1831 21 19 to
260 1828 38 22 the
307 1828 115 27 following
428 1828 129 28 gentlemen
566 1828 80 27 kindly

56 1855 119 28 permitted
183 1863 5 13 :
190 1867 28 3 —

83 1882 62 28 Capt.
157 1882 35 22 W.
204 1882 33 22 M.
247 1882 80 27 Smith,
340 1882 67 28 R.A.,
416 1882 228 28 Surveyor-General,

83 1910 27 21 T.
123 1910 32 21 M.
166 1909 123 28 Partridge,
301 1909 54 28 Esq.

85 1937 21 22 S.
117 1936 97 28 Revans,
227 1936 52 28 Esq.

54 1963 72 22 Tinak
129 1962 108 28 ore-road,
249 1964 91 26 August
348 1964 33 26 24,
393 1964 62 21 1841.

58 2008 71 48 ON
144 2008 86 26 SALE,
242 2010 23 18 at
274 2008 38 21 the
323 2008 72 21 Office
406 2008 26 21 of
440 2007 44 22 this
494 2008 115 31 Paper:—

134 2035 89 21 Double
242 2034 113 28 elephant,
370 2035 152 27 antiquarian,
533 2035 109 28 imperial,

56 2061 45 23 and
110 2061 65 33 royal
185 2061 101 28 drawing
297 2068 76 21 paper,

83 2089 71 21 Black
174 2089 56 27 edge
247 2089 48 21 and
309 2088 112 22 bordered
439 2088 66 22 letter
527 2089 47 22 and
592 2091 52 19 note

54 2123 78 21 paper,

84 2143 73 21 Black
166 2142 53 22 lead
227 2141 88 29 pencils
327 2142 65 28 (very
400 2143 117 28 superior),

83 2169 142 28 Carpenters'
235 2169 64 27 ditto,

83 2197 91 26 Oblong
183 2197 90 31 clasped
283 2196 172 22 memorandum
467 2196 80 27 books,

83 2223 89 22 French
182 2224 87 27 tracing
277 2230 71 21 paper
359 2223 76 26 (black
444 2223 44 23 and
499 2223 86 29 white),

83 2251 90 21 Ladies'
183 2250 45 22 and
238 2250 149 27 gentlemen's
397 2251 54 21 card
465 2258 69 19 cases,

83 2278 66 22 Ditto
215 2277 35 22 do.
306 2277 74 22 tinted
389 2277 46 23 and
446 2278 118 22 embossed
573 2277 70 28 cards,

83 2305 69 22 Sheet
160 2305 131 21 almanacks
298 2304 34 22 for
338 2305 49 21 1841
393 2321 6 10 ,

84 2332 93 22 Invoice
187 2331 78 28 books,
276 2331 54 22 with
340 2331 101 28 indexes,
451 2332 91 22 various
552 2331 64 28 sizes,

82 2359 59 22 Cash
151 2359 77 27 books,
242 2358 64 22 ruled
315 2358 90 27 double,
416 2359 90 22 various
517 2359 64 27 sizes,

82 2386 128 27 Envelopes
223 2387 71 25 (note,
305 2385 75 27 letter,
391 2386 46 22 and
447 2385 83 23 official
541 2385 76 28 sizes),

82 2413 74 28 Large
166 2416 84 25 pewter
260 2413 125 26 inkstands,
396 2413 55 22 with
458 2413 80 27 plates,

83 2441 81 26 Ebony
174 2440 126 27 inkstands,
311 2440 55 22 with
376 2440 103 27 drawers,

81 2468 74 21 Broad
166 2467 45 22 and
220 2474 87 15 narrow
316 2474 71 19 green
398 2467 44 22 silk
451 2467 88 27 ribbon,

82 2495 64 22 Ditto
202 2494 56 22 ditto
313 2494 42 22 red
365 2496 58 26 tape,

80 2522 66 21 Brief
153 2521 46 22 and
209 2521 57 22 deed
275 2528 78 21 paper,

80 2549 75 21 Ruled
165 2556 69 20 paper
244 2549 35 20 for
289 2548 40 21 bill
341 2547 76 28 heads,

81 2575 107 23 Nautical
199 2575 130 22 almanacks
341 2575 34 22 for
385 2576 61 25 1842,

83 2603 74 27 Royal
171 2603 68 26 hand,
256 2602 82 22 double
352 2602 64 22 hand
428 2603 84 26 brown,
527 2601 47 22 and
583 2601 63 28 royal

54 2630 63 22 hand
127 2630 77 21 brown
213 2629 116 28 wrapping
337 2636 77 20 paper,

83 2657 98 27 Ledgers
191 2656 46 23 and
244 2660 97 18 account
347 2656 77 27 books,
435 2656 89 21 various
534 2655 63 28 sizes,

82 2684 85 22 Pocket
175 2684 89 26 ledgers
273 2683 45 22 and
327 2683 173 22 memorandum
514 2683 76 27 books,

82 2711 110 27 Foolscap
202 2710 45 23 and
256 2710 89 27 writing
355 2717 74 21 paper,
439 2710 88 22 various
533 2710 113 27 qualitiey.

82 2738 121 27 Engraved
213 2745 57 19 copy
279 2737 52 27 slips
343 2736 45 23 and
397 2736 77 28 books,

81 2765 55 22 Best
145 2764 80 23 Welch
234 2765 74 26 slates,
319 2764 62 27 large
392 2764 45 22 and
447 2764 72 26 small.

82 2794 97 26 Sponge,
190 2791 79 22 wafers
278 2792 25 21 in
311 2793 14 19 2
336 2799 33 14 oz.
384 2791 77 27 boxes,
478 2790 68 22 India
557 2790 88 28 rubber,

54 2819 84 22 Albata
147 2818 152 28 pen-holders,
310 2825 55 21 very
374 2818 103 28 superior
487 2818 87 27 sealing
590 2825 62 20 wax,.

58 2846 95 28 blotting
162 2853 77 21 paper,
247 2846 42 21 &c.
300 2846 41 21 &c.

198 2880 138 15 WHOLESALE
358 2879 40 14 VND
414 2879 89 15 RETAIL.

223 2918 67 20 Port
305 2917 30 21 of
354 2917 126 21 London.

110 2952 89 23 Notice
218 2959 28 15 to
267 2959 45 14 the
334 2951 94 22 Public.
430 2962 28 4 —
458 2950 125 23 Travellers
604 2951 44 22 and

57 2979 74 22 others
140 2979 50 22 who
200 2978 56 23 send
265 2979 108 26 baggage,
385 2978 72 21 works
466 2978 27 21 of
504 2983 74 22 art,.or
585 2978 63 22 other

55 3006 66 23 value
131 3010 104 24 property
246 3010 22 17 to
279 3005 111 27 England,
410 3005 82 22 should
507 3006 94 26 consign
610 3005 38 22 the

55 3034 111 27 packages
176 3037 23 18 to
209 3033 38 22 the
257 3040 51 15 care
315 3032 26 22 of
349 3040 13 14 a
369 3032 99 22 licensed
475 3032 173 23 Custom-house

56 3064 74 24 agent,
146 3068 23 15 as
186 3060 89 22 articles
291 3067 37 14 are
345 3059 129 27 frequently
487 3060 98 27 injured,
604 3060 44 21 and

56 3088 101 21 needless
167 3094 98 21 expense
280 3086 112 27 incurred,
411 3086 34 22 for
460 3086 38 22 the
515 3090 61 18 want
592 3087 25 21 of
635 3094 13 14 a

56 3122 80 20 proper
146 3122 81 20 person
237 3117 23 18 to
271 3114 51 21 take
333 3114 81 26 charge
426 3113 25 22 of
467 3113 61 22 them
545 3121 28 14 on
590 3113 58 22 their

57 3142 86 24 arrival,
154 3141 45 22 and
209 3149 37 14 see
261 3141 61 22 them
341 3140 99 27 entered,
459 3140 126 28 examined,
604 3141 44 21 and

57 3168 106 28 carefully
178 3168 119 28 repacked.
313 3185 10 6 „
332 3168 48 21 The
400 3167 81 27 charge
499 3168 18 21 is
533 3168 38 21 the
587 3175 61 14 same

56 3195 98 22 whether
163 3203 24 14 so
199 3194 123 28 consigned
332 3202 25 14 or
362 3194 69 22 'not."

106 3223 173 21 Custom-house
290 3222 117 26 Chamber,
420 3221 104 27 London,

59 3275 137 50 DEVOY
207 3276 44 21 and
261 3276 54 26 CO.,
331 3277 45 20 who
390 3283 38 13 are
445 3277 35 19 the
494 3276 154 21 LICENSES

140 3304 123 20 AGENTS
272 3304 28 25 of
308 3304 49 20 Her
363 3304 111 26 Majesty's
483 3304 165 20 Commissioners

58 3330 27 26 of
97 3331 98 24 Customs,
207 3331 42 20 and
260 3331 68 21 under
337 3333 65 24 heavy
411 3332 62 20 bonds
481 3332 43 25 for
533 3332 36 20 the
578 3331 69 27 safety

58 3358 27 25 of
91 3360 102 24 property
209 3359 110 25 consigned
334 3361 21 19 to
371 3360 63 24 them,
455 3359 43 27 beg
517 3359 64 21 those
598 3359 50 21 who

58 3385 55 21 send
124 3385 109 27 packages
243 3390 22 17 to
275 3386 58 22 their
343 3393 58 20 care,
417 3390 23 18 to
451 3393 36 15 see
497 3385 50 22 that
555 3385 56 23 each
620 3386 27 22 be

58 3411 113 28 distinctly
190 3412 93 22 marked
330 3413 82 22 Devoy
432 3413 44 22 and
496 3413 47 26 Co.,
563 3413 84 21 Lower

56 3439 202 27 Thames-street,
399 3441 45 21 and
449 3439 37 23 the
492 3439 41 23 bill
540 3440 26 21 of
572 3439 76 28 lading

58 3472 26 15 or
96 3465 86 28 receipt
195 3465 124 23 forwarded
337 3471 23 17 to
380 3467 61 22 them
460 3467 71 22 direct
545 3467 31 26 by
590 3471 56 23 post,

57 3492 54 22 with
120 3492 143 22 instructions
273 3493 49 21 how
334 3493 55 23 such
398 3493 70 28 goods
477 3501 38 15 are
526 3496 22 19 tb
561 3495 28 21 be
605 3493 43 23 dis-

56 3519 71 26 posed
137 3519 25 21 of
173 3526 30 14 on
213 3519 79 22 arrival
301 3527 5 20 ;
322 3521 45 21 and
374 3528 25 14 as
407 3528 67 20 every
480 3521 101 27 package
588 3525 60 17 must

56 3547 30 21 be
103 3546 86 27 opened
211 3549 22 19 at
253 3545 36 22 the
308 3547 178 27 Custom-house,
505 3547 22 23 if
547 3556 45 19 any
611 3556 37 14 are

56 3573 89 27 locked,
156 3573 37 21 the
203 3573 56 26 keys
268 3573 82 22 should
358 3575 29 21 be
395 3574 133 22 forwarded.

87 3600 76 22 Goods
173 3599 45 22 and
228 3599 110 28 packages
348 3608 37 14 are
394 3601 125 23 forwarded
528 3601 31 27 by
568 3601 80 27 Devoy

57 3627 46 21 and
113 3627 38 22 Co.
162 3631 23 17 to
196 3626 31 22 all
240 3631 61 22 parts
315 3627 25 21 of
354 3627 36 21 the
407 3628 128 27 Continent,
547 3628 37 22 the
596 3629 53 21 East

58 3654 46 22 and
113 3654 63 22 West
185 3653 82 26 Indies,
277 3652 111 28 Colonies,
399 3655 41 21 &c.
451 3655 40 21 &c.
501 3663 4 19 ;
519 3655 52 26 and,
581 3655 21 21 if
614 3663 35 13 re-

58 3681 85 28 quired,
155 3685 52 17 sent
220 3684 23 18 to
254 3679 37 23 the
305 3687 50 15 care
371 3680 24 22 of
406 3682 137 26 responsible
560 3682 88 27 houses,

57 3707 51 23 who
123 3707 44 23 will
184 3715 37 14 see
238 3707 38 21 the
293 3707 145 22 instructions
454 3712 49 18 sent
518 3709 53 21 with
588 3709 60 21 them

58 3735 133 27 punctually
200 3733 108 23 attended
319 3737 29 18 to.

86 3761 38 23 All
134 3761 70 28 goods
214 3761 45 22 and
268 3760 111 29 packages
388 3760 35 22 for
433 3759 112 28 shipment
552 3765 61 19 must
620 3762 28 22 be

58 3788 162 27 accompanied
228 3788 31 27 by
275 3787 88 22 written
378 3787 153 26 instructions,
541 3788 54 22 with
611 3789 38 21 the

58 3822 68 16 name
135 3815 46 22 and
190 3814 90 23 address
291 3814 26 22 of
329 3813 40 23 the
378 3813 83 28 parties
468 3814 31 27 by
509 3814 72 22 whom
597 3815 53 27 they

58 3850 38 14 are
110 3845 56 24 sent,
183 3842 46 22 and
244 3841 38 22 the
298 3844 102 19 contents
414 3840 46 22 and
474 3841 66 21 value
557 3841 26 21 of
596 3844 53 19 each

58 3869 100 28 package
167 3868 81 22 stated.
277 3868 47 22 The
340 3869 56 25 duty
406 3867 111 21 outwards
531 3867 19 21 is
560 3870 43 19 10s.
612 3876 38 19 per

59 3897 61 21 aglOO
135 3895 74 23 value.
247 3895 49 21 The
311 3899 48 17 rate
376 3894 26 21 of
415 3894 119 21 insurance
536 3914 6 12 ;
552 3894 98 27 depends

59 3930 62 20 upon
131 3923 182 21 circumstances.
343 3922 44 21 For
404 3921 86 21 further
505 3920 144 22 information

60 3949 68 27 apply
153 3951 23 19 to
199 3949 45 21 Mr.
264 3949 95 21 Samuel
385 3948 99 27 Revans,
504 3947 146 30 Wellington,

60 3976 55 22 Port
123 3975 132 23 Nicholson.
