2559 4029
618 496 218 40 PUBLISHED
881 499 133 37 EVERY
1058 499 257 37 WEDNESDAY
1358 499 89 37 AND
1491 499 228 38 SATURDAY
1764 501 206 38 MORNING.

671 615 109 30 PORT
799 614 261 39 NICHOLSON,
1081 613 270 33 WEDNESDAY
1371 616 212 35 MORNING,
1606 614 94 33 MAY
1724 617 40 36 l?
1764 641 10 12 3
1803 609 89 40 1841

96 616 10 11 v
122 617 66 30 No.
211 614 94 41 246.]

1270 52 99 31 THE

86 98 381 144 NEW
594 98 888 144 ZEALAND
1609 98 889 144 GAZETTE

86 242 2412 105 AND

86 347 1148 105 WELLINGTON
1349 347 1149 105 SPECTATOR.

2283 620 92 42 [Vol.
2398 623 51 31 IV.

245 725 3 4 .
271 710 53 20 For
344 708 114 21 Nelson.

225 743 92 32 rpHE
336 744 73 19 cutter
423 742 113 26 LEVEN,
553 741 105 26 Dunning

99 764 96 38 JjPSSI.
232 764 30 27 JL
291 771 90 24 master,
392 769 45 21 will
447 768 40 23 sail
496 769 24 21 in
531 775 14 15 a
554 767 42 23 few
605 767 52 28 days

81 790 137 38 j4bJ|3^^
237 795 35 22 for
281 795 38 21 the
329 795 71 21 above
409 797 56 25 port.

252 821 46 23 For
312 821 83 27 freight
409 829 26 14 or
447 828 100 21 passage,
559 821 67 28 apply
634 824 23 19 to

70 850 148 37 3|§j£32l^r
389 859 94 21 Samuel
498 859 21 21 &
534 858 96 22 Joseph.

97 897 145 29 Wellington,
256 896 63 29 April
330 898 34 26 21,
375 897 62 21 1843.

110 951 54 20 For
178 950 114 24 Nelson*
307 950 69 19 New
390 948 156 26 Plymouth,
562 948 55 21 and

284 976 156 26 Hokianga.

79 1003 104 39 '-<jk2g-
223 1009 92 22 fTIHE
343 1009 45 21 fine
420 1009 45 21 fast
496 1009 80 26 sailing
607 1009 49 27 brig

92 1037 112 31 tffflftlSw
391 1037 152 26 LJJNARy

71 1058 146 38 >fffircg&
234 1063 41 21 200
292 1065 55 23 tons,
369 1062 37 22 W.
425 1062 55 22 Ellis
504 1062 150 27 commander,

69 1084 151 28 mHRK
237 1089 52 25 (this
310 1089 70 21 vessel
399 1089 70 23 .offers
492 1096 14 14 a
524 1089 131 21 favourable

70 1110 149 34 CBBhBP^
236 1115 142 31 opportunity
388 1115 35 21 for
436 1115 84 28 parties
530 1116 95 25 wishing
635 1119 21 18 to

235 1142 53 21 visit
297 1141 39 22 the
345 1142 71 22 above
433 1142 75 25 places
518 1148 26 16 or
553 1142 38 22 the
608 1143 48 26 Bay

71 1171 25 22 of
104 1170 105 27 Islands,)
220 1168 45 24 will
275 1167 40 23 sail
324 1169 22 21 in
357 1175 14 15 a
379 1166 42 24 few
433 1171 60 24 days.

96 1202 44 22 For
155 1200 80 28 freight
251 1207 24 14 or
291 1207 100 20 passage,
402 1199 83 27 having
499 1200 112 21 excellent
620 1207 36 14 ac-

70 1228 163 23 commodation
263 1227 33 21 for
318 1233 138 21 passengers,
481 1227 67 27 apply
571 1230 23 18 to
619 1226 36 22 the

70 1254 157 28 undersigned.

350 1280 38 22 W.
404 1280 25 21 B.
444 1280 97 22 Rhodes
556 1280 20 21 &
590 1280 38 21 Co.

98 1308 64 26 April
172 1309 33 24 25,
218 1309 62 22 1543,

70 1360 53 20 For
146 1358 151 21 Auckland
320 1357 55 21 and
400 1357 58 26 Bay
482 1353 30 25 6i
538 1357 117 24 Islands,

184 1384 105 27 calling
303 1386 28 19 at
345 1385 118 25 Poverty
477 1385 66 24 Bay.

112 1416 74 37 «ig£§L
352 1420 109 22 schooner
486 1421 122 26 Columbine,
630 1421 26 21 68

100 1442 114 39 JggTjS^y
244 1442 29 27 JL
312 1451 48 18 tons
379 1447 105 27 burthen,
505 1448 29 22 A.
559 1448 97 21 Stratton

98 1470 130 31 PjrjsEsly
251 1477 87 23 master,
358 1473 19 22 is
397 1473 61 28 daily
477 1475 113 26 expected,
612 1474 44 22 and

249 1501 45 21 will
304 1501 56 21 have
371 1501 129 21 immediate
511 1501 100 27 dispatch
624 1501 33 21 for

75 1523 160 34 SSSSSIiP.
251 1527 37 22 the
298 1527 71 22 above
383 1531 69 24 ports.
480 1528 45 22 For
535 1528 81 27 freight
633 1535 24 15 or

232 1552 3 5 '
248 1562 98 20 passage,
359 1554 67 28 apply
435 1557 23 19 to

333 1588 76 28 HORT,
426 1588 115 23 MOCATTA
557 1590 19 21 &
590 1590 39 21 Co.

98 1624 33 21 Te
141 1624 55 26 Aro,
209 1623 54 27 May
274 1625 32 24 11,
320 1624 60 20 1843
521 1623 141 27 i

180 1673 112 26 Storage
310 1678 29 15 or
353 1673 77 20 Store
446 1673 28 20 to
491 1673 59 20 Let.

74 1707 89 49 MR.
179 1706 84 21 JOHN
280 1706 94 22 WADE
389 1713 41 15 can
445 1706 54 22 offer
519 1707 90 27 Storage
624 1707 34 22 for

164 1741 43 19 any
216 1733 103 27 quantity
327 1733 25 22 of
360 1733 84 27 Goods,
452 1741 28 14 on
489 1733 78 22 liberal
578 1737 76 23 terms;

73 1768 24 14 or
105 1760 28 22 he
143 1760 45 22 will
198 1760 28 21 be
237 1760 104 27 disposed
350 1763 22 18 to
383 1759 31 22 let
424 1767 13 14 a
448 1760 70 27 Stoic,
529 1760 73 22 which
613 1761 43 21 will

73 1787 51 22 hold
134 1789 42 20 600
185 1790 50 19 tohs
245 1787 26 21 of
284 1787 83 27 Goods,
378 1790 24 18 to
417 1794 45 20 any
471 1792 65 22 party
545 1788 112 27 requiring

73 1814 35 21 the
117 1821 69 14 same.

98 1847 31 21 Te
139 1847 54 26 Aro,
205 1846 81 22 March
296 1847 33 25 22,
341 1847 62 20 1843.
420 1852 3 3 '

296 1896 53 20 For
364 1896 71 24 Sale,

75 1930 88 22 mHE
179 1929 144 23 COTTAGE
338 1929 94 22 situated
443 1930 24 21 in
484 1930 100 21 Oriental
600 1930 54 27 Bay,

82 1951 27 28 _L
145 1957 45 21 and
205 1957 68 26 lately
282 1956 108 27 occupied
404 1956 29 27 by
444 1957 37 21 the
498 1956 157 27 undersigned.

71 1985 22 19 A
107 1983 53 27 long
177 1983 60 21 lease
254 1983 26 21 of
297 1983 37 21 the
349 1983 84 21 section
449 1990 57 20 upon
527 1983 73 22 which
619 1983 37 22 the

70 2008 73 21 house'
148 2009 76 20 stands
234 2009 44 20 will
287 2009 28 20 be
325 2009 102 26 granted.
496 2014 14 16 'i
595 2018 4 3 -
627 2026 3 3 .

96 2034 69 22 Town
174 2034 56 21 land
239 2034 45 21 will
292 2034 28 21 be
329 2034 68 21 taken
407 2034 24 21 in
440 2035 122 26 exchange.

98 2061 43 21 For
149 2060 84 22 further
242 2060 136 27 particulars,
390 2061 66 26 apply
466 2064 22 20 to

393 2098 96 23 George
503 2099 89 27 Duppa,
607 2107 25 14 or

346 2136 7 5 -
392 2125 36 21 W.
444 2125 29 22 V.
488 2126 101 21 Brewer

75 2176 64 48 TO
160 2175 38 21 BE
219 2174 86 27 SOLD,
320 2175 23 20 in
359 2174 43 22 lots
416 2178 23 18 to
459 2176 44 21 suit
522 2176 136 26 purchasers

138 2202 38 21 the
192 2201 69 22 whole
280 2202 26 21 of
316 2204 58 19 town
392 2209 48 14 acre
458 2202 43 21 No.
513 2204 46 24 134,
576 2210 29 14 on
621 2203 35 21 the

73 2229 49 27 plan
134 2228 26 22 of
163 2228 37 21 the
205 2228 67 22 Town
280 2228 25 21 of
308 2228 143 27 Wellington,
456 2229 85 27 having
546 2230 112 27 frontages

74 2260 20 17 to
103 2256 191 22 Taranaki-street
304 2255 44 22 and
358 2255 195 27 Ingestrie-street.
581 2258 76 21 Terms

71 2282 84 22 liberal.
185 2282 74 28 Apply
270 2286 22 17 to

409 2310 35 21 W.
456 2309 27 22 V.
495 2310 107 28 Brewer,

465 2341 191 24 Manners-street.

77 2392 69 49 ON
162 2392 83 26 SALE,
254 2394 24 19 at
287 2392 37 21 the
334 2392 75 22 Stores
418 2392 25 22 of
451 2392 36 22 the
497 2392 157 28 undersigned,

150 2427 29 14 ex
188 2420 72 19 Scotia
261 2430 28 4 —

181 2451 75 26 Flour,

181 2478 62 26 Rice,

181 2505 77 26 Sugar,

179 2531 98 28 Brandy,

179 2558 90 22 Bottled
280 2558 34 22 a)e
324 2558 50 22 and.
378 2561 83 25 porter,
473 2559 101 28 Dunbar,

315 2592 97 22 Thomas
428 2592 200 23 M.Machattie.

99 2618 63 27 April
172 2619 20 26 7,
204 2620 60 20 1843.

98 2670 41 21 Ex
185 2671 139 26 Margaret
367 2671 54 20 and
468 2672 68 19 New
550 2671 79 20 York

77 2733 25 23 O
108 2733 68 36 A/|
190 2735 102 22 BOXES
308 2736 38 21 OF
362 2735 151 26 CANDLES,

72 2757 103 25 H\j\J
205 2762 105 27 Superior
320 2763 96 20 Manilla
426 2762 78 26 cigars,

205 2789 105 26 Superior
322 2789 93 21 London
430 2788 64 21 made
509 2789 146 26 gentlemen's

73 2813 105 26 clothing.

98 2848 32 22 At
138 2848 40 22 the
187 2850 73 20 Stores
270 2849 26 21 of

395 2876 22 22 J.
433 2876 35 22 M.
483 2877 103 27 Taylor,

525 2909 32 22 Te
571 2910 55 22 Aro.

97 2933 81 23 March
187 2936 34 25 21,
232 2936 62 21 1843.

234 2986 90 21 Beach
341 2987 145 27 Frontage.

71 3018 65 48 TO
150 3019 42 22 BE
204 3019 65 27 LET,
285 3019 70 22 beach
365 3020 101 27 frontage
480 3021 44 22 lots
535 3022 22 21 in
569 3025 84 19 section

141 3046 42 21 490
193 3053 29 14 on
234 3046 41 21 the
285 3046 56 21 Plan
352 3047 26 21 of
385 3047 38 22 the
432 3048 67 22 Town
515 3049 26 21 of
547 3048 106 28 Welling-

69 3075 44 22 ton,
124 3072 116 26 adjoining
250 3072 43 22 Mr.
302 3072 89 22 Taine's
398 3076 67 24 store;
481 3074 45 22 and
535 3075 24 22 in
568 3076 83 22 section

68 3099 46 26 616,
121 3098 102 21 between
232 3098 74 27 Major
313 3099 93 22 Baker's
415 3100 45 21 and
467 3101 45 22 Mr.
520 3102 133 23 Swainson's

68 3123 89 22 houses.
319 3128 3 3 '
447 3124 3 6 '
590 3127 3 3 '
631 3128 3 3 '

95 3150 56 21 Also
161 3149 37 22 the
207 3150 114 28 following
329 3150 97 23 sections
436 3159 29 15 on
474 3152 38 23 the
519 3154 56 23 Plan
584 3156 25 21 of
615 3156 37 22 the

68 3176 77 28 Town;
155 3177 47 21 viz.:
204 3188 28 4 —

170 3204 28 21 55
333 3206 42 19 319
524 3208 40 20 922

157 3231 42 21 240
333 3231 41 22 718
511 3233 53 22 1079

93 3257 76 27 Apply
183 3260 24 19 to

242 3284 27 23 E.
285 3284 22 23 J.
322 3284 151 29 Wakefield,
488 3293 26 15 or

240 3316 37 22 W.
292 3317 37 24 V..
336 3317 108 30 Brewer,
459 3318 191 24 Manners-street.

265 3366 5 7 x
295 3368 41 20 On
350 3368 71 25 Sale,

71 3398 89 35 rpHE
189 3399 72 22 NEW
285 3400 152 23 ZEALAND
466 3402 183 27 PORTFOLIO,

77 3423 28 23 JL
141 3425 127 23 conducted
285 3427 30 28 by
332 3428 33 22 H.
381 3429 23 21 S.
422 3429 123 27 Chapman,
566 3430 35 26 (of
613 3430 37 22 the

71 3451 83 23 Middle
162 3453 108 27 Temple,)
282 3453 213 25 Barrister-at-Law.

95 3485 43 22 No.
150 3485 49 22 I.—
200 3486 22 21 A
237 3486 76 23 Letter
327 3490 23 19 to
369 3487 38 23 the
423 3488 70 28 Right
510 3489 63 22 Hon.
590 3490 61 22 Lord

71 3510 94 30 Stanley,
185 3513 116 27 Secretary
320 3514 26 21 of
362 3515 59 22 State
440 3516 37 21 for
493 3515 39 23 the
552 3514 101 25 Colonial

71 3537 150 28 Department,
254 3540 37 21 On
297 3540 38 23 the
341 3540 187 25 Administration
534 3543 26 22 of
564 3542 85 24 Justice

71 3570 21 15 in
101 3564 55 23 New
165 3566 107 22 Zealand.

96 3590 42 23 No.
150 3592 64 22 ll.—
214 3593 78 22 Letter
305 3596 23 19 to
343 3593 61 23 John
418 3596 62 22 Abel
493 3596 79 28 Smith,
588 3597 59 28 Esqi,

72 3617 65 29 M.P.,
214 3619 38 22 the
258 3620 146 28 Advantages
409 3622 72 23 which
486 3623 78 22 would
569 3631 80 15 accrue

71 3645 21 19 to
101 3644 92 28 English
203 3646 124 28 Capitalists
336 3647 58 22 from
404 3643 38 28 the
452 3650 167 22 establishment
626 3652 25 21 of

72 3676 12 14 a
92 3671 56 22 Loan
158 3674 102 27 Company
269 3672 42 24 for'
312 3675 58 20 New
374 3675 99 29 Zealand,
484 3677 83 23 similar
578 3680 23 19 to
611 3678 36 22 the

71 3696 127 26 Australian'
202 3700 67 23 Trust
446 3705 3 10 •
546 3711 4 5 •

96 3723 41 24 No.
246 3728 38 22 An
294 3728 100 23 Address
402 3732 23 19 to
434 3729 39 23 the
482 3730 57 23 New
547 3731 100 22 Zealand

72 3752 60 21 Land
140 3752 137 29 Proprietors
286 3754 97 23 resident
390 3755 31 25 >in
430 3756 37 23 the
477 3757 86 23 United
567 3765 2 5 1
576 3758 71 27 King-

71 3777 54 28 dom,
136 3785 29 16 on
180 3781 84 22 several
277 3784 93 20 matters
379 3782 27 22 of
412 3782 136 27 importance
558 3787 23 19 to
590 3784 57 23 their

94 3836 42 24 No.
152 3838 70 24 IV.—
249 3841 36 23 On
304 3841 37 23 the
360 3842 120 24 Financial'
494 3845 114 22 condition
624 3845 25 22 of

70 3861 50 24 New
260 3869 33 27 by
300 3869 92 23 Charles
400 3869 76 31 Terry,
486 3871 61 29 Esq.,
557 3871 87 28 F.K.S.,

169 3926 7 2 ~
183 3937 3 7 i
251 3928 67 16 PRICE
335 3930 131 21 SJXBENCEi'j
621 3937 4 13 ;
636 3942 3 8 ,
649 3923 7 11 *

95 3947 83 24 Gazttte
188 3950 76 30 Office,
276 3953 86 27 March,
374 3955 61 23 1843.

1332 708 67 21 'Sale
1422 708 32 21 of
1473 709 68 20 New
1559 708 124 22 Zealand
1703 708 164 28 Conipany's

1547 736 101 20 Stores.

1308 765 91 23 J3DHE
1409 765 55 23 final
1474 767 43 21 and
1526 766 85 27 closing
1618 767 49 21 Sale
1678 767 25 21 of
1708 765 39 23 the
1757 768 136 27 Company's

1304 814 10 10 %
1315 789 28 24 _L
1382 793 81 26 Stores,
1475 793 127 22 advertised
1611 796 23 18 to
1644 793 51 22 take
1710 793 63 28 place
1783 794 46 22 this
1838 795 50 26 day,

1307 826 22 22 is;
1335 819 151 28 unavoidably
1496 819 121 28 postponed
1627 820 57 22 until
1695 820 91 28 Friday,
1793 821 38 22 the
1841 820 51 23 19th

1305 845 93 27 instant,
1411 849 23 19 at
1444 848 24 20 11
1480 848 13 19 6
1503 847 70 21 clock.

1321 874 42 17 Kit.
1484 877 87 29 /HORT,
1587 878 122 27 MOCATTA,
1726 879 20 21 &
1762 879 47 27 Co.,

1312 909 5 15 i
1336 908 20 13 <■'
1511 915 3 6 '
1707 905 154 24 Auctioneers.

1298 946 3 4 -
1312 944 2 6 :
1328 931 36 26 ,3?e
1375 931 57 26 Aro,
1441 931 57 27 May
1508 931 32 27 17,
1552 932 63 21 1843.

1295 977 6 13 i
1311 975 28 15 :t
1399 976 4 3 '
1417 982 4 6 -
1544 971 108 20 Notice.

1292 1021 3 4 .
1307 1001 91 33 rnpiHE
1413 1001 71 23 REV,
1500 1002 87 23 JOHN
1601 1003 140 28 DUNCAN,
1757 1004 26 22 of
1794 1004 37 22 the
1845 1002 45 24 Re-

1292 1025 50 32 },X
1392 1028 87 22 formed
1503 1030 134 26 Presbytery
1660 1030 26 22 of
1707 1031 113 27 Scotland,
1845 1031 45 21 will

1305 1055 82 26 preach
1415 1058 23 18 at
1462 1054 37 23 the
1528 1056 120 27 Exchange
1678 1057 117 27 Buildings
1823 1065 67 20 every

1298 1078 111 30 •Sabbath,
1423 1084 31 20 .at
1477 1082 49 21 One
1550 1083 91 27 o'clock,
1665 1091 62 19 p.m.,
1749 1084 34 21 till
1804 1084 86 22 further

1304 1108 83 22 notice.

1321 1134 153 34 'Wellington',
1488 1141 54 28 May
1552 1144 33 25 12,
1598 1141 59 23 1843.

1424 1178 40 40 l.,
1467 1208 5 10 t
1503 1187 41 20 Ex

1307 1218 90 50 THE
1420 1220 229 32 UNDERSIGNED
1672 1221 40 23 has
1733 1223 47 26 just
1804 1223 85 27 opened

1380 1247 85 22 several
1475 1254 68 20 cases,
1555 1247 129 28 containing
1691 1256 34 14 :—

1358 1274 80 20 Scotch
1449 1273 89 23 Tweeds
1549 1273 110 28 shepherd
1669 1278 105 24 patterns,

1318 1315 3 5 >
1326 1301 2 14 ;
1357 1300 54 22 Clan
1422 1303 80 24 tartan,
1513 1304 63 23 great
1585 1301 92 27 variety,

1358 1327 112 27 Glengary
1481 1328 45 20 and
1535 1327 55 21 Tarn
1602 1327 26 21 O'
1640 1328 95 22 Shanter
1742 1329 103 28 bonnets,

1357 1352 67 28 Navy
1435 1353 51 22 blue
1496 1354 75 27 prints,

1357 1379 99 23 Leather
1465 1380 85 27 leggins
1560 1380 46 22 and
1614 1380 82 27 gloves,

1317 1407 4 8 '
1356 1406 105 22 Woollen
1470 1406 94 28 hosiery,
1573 1411 89 23 .regatta
1672 1407 72 28 shirts,

1357 1433 64 22 Dark
1430 1434 69 27 fancy
1508 1434 75 27 prints,

1357 1459 99 23 Calicoes
1466 1460 43 22 and
1519 1460 111 27 shirtings,

1357 1487 102 22 Ribbons
1468 1487 45 21 and
1522 1491 90 23 sarnets,

1356 1513 78 27 Black,
1445 1513 73 28 white,
1531 1513 43 23 and
1582 1514 104 22 coloured
1695 1519 56 23 nets,

1357 1540 55 22 Blue
1423 1539 60 23 cloth
1494 1548 57 19 caps.

1356 1567 55 21 Men
1421 1567 44 22 and
1473 1567 63 27 boys'
1545 1567 85 22 leather
1639 1568 63 27 belts,

1357 1593 86 22 French
1454 1595 101 26 merinos,

1357 1621 77 21 Men's
1444 1625 76 22 strong
1529 1621 63 21 shoes
1604 1621 45 22 and
1658 1621 70 28 boots,

1355 1647 63 27 Rugs
1428 1647 45 21 and
1483 1647 107 27 blankets,

1357 1674 115 27 Guernsey
1482 1673 80 28 frocks,
1573 1674 47 22 and
1629 1675 53 22 blue
1691 1675 73 28 shirts,

1357 1701 78 22 Gents'
1446 1701 151 21 embroidered
1608 1706 93 18 cravats.

1558 1728 72 27 Also,

1382 1754 47 22 The
1439 1754 45 22 real
1495 1755 96 26 genuine
1599 1755 80 23 Scotch
1690 1764 114 14 whiskey.

1657 1790 112 22 William
1785 1791 73 22 Lyon.

1329 1814 56 28 May
1395 1816 20 25 1,
1428 1816 60 21 1843.

1301 1865 185 49 WANTED,
1503 1873 13 14 a
1531 1866 54 21 Man
1604 1867 42 20 and
1657 1867 34 21 his
1707 1867 60 21 Wife
1782 1875 24 14 as
1821 1867 67 22 Farm

1407 1892 105 22 Servants
1521 1900 5 19 ;
1552 1893 46 21 also
1618 1900 12 14 a
1649 1894 138 26 respectable
1806 1894 83 27 Young

1302 1918 95 22 Woman
1409 1921 23 19 to
1443 1918 50 22 take
1504 1915 79 30 charge
1597 1920 26 21 of
1637 1920 113 21 Children.
1779 1920 74 28 Apply
1865 1925 23 18 at

1303 1945 44 21 Mr.
1357 1945 145 26 Riddiford's,
1517 1946 120 27 Aglionby,
1655 1946 68 22 River
1742 1947 64 27 Hutt,
1824 1955 24 14 or
1865 1952 23 17 at

1301 1971 40 24 Dr.
1352 1972 101 27 Evans's,
1466 1972 101 22 Golder's
1578 1973 55 26 Hill,
1645 1973 144 28 Wellington.

1300 2000 14 18 il
1330 2005 57 26 May
1395 2006 22 24 4,
1429 2007 61 19 1843.

1528 2057 52 20 For
1595 2057 70 25 Sale,

1304 2088 133 50 ABOUT
1451 2091 26 19 16
1493 2093 50 18 tons
1560 2090 27 21 of
1598 2090 45 22 fine
1659 2091 81 27 picked
1759 2091 129 23 Manawatu

1382 2115 110 22 Potatoes.
1521 2117 76 26 Apply
1607 2121 22 17 to

1531 2150 100 21 Messrs.
1642 2150 82 23 Waitt
1741 2152 20 21 &
1775 2152 84 22 Tyser.

1331 2180 144 28 Wellington,
1486 2181 64 28 April
1561 2183 32 25 18,
1605 2183 60 21 1843.

1466 2232 155 27 Wanganui
1636 2234 92 21 Hams.

1303 2265 94 49 JUST
1416 2266 166 27 RECEIVED,
1602 2267 27 21 50
1642 2267 68 27 finely
1729 2267 68 22 cured
1818 2268 70 23 Hams

1366 2293 57 21 from
1434 2290 131 29 Wanganui.

1658 2321 111 22 William
1785 2321 73 23 Lyon.

1329 2345 65 28 April
1402 2347 34 25 21,
1449 2347 60 21 1843.

1504 2397 38 20 To
1561 2397 127 21 Packers.

1300 2427 177 50 WANTED,
1487 2435 13 13 a
1509 2435 76 20 person
1594 2430 125 25 acquainted
1727 2430 51 20 with
1787 2430 98 27 packing,

1383 2458 22 17 to
1415 2456 50 20 take
1474 2456 74 26 charge
1557 2457 25 20 of
1594 2463 12 14 a
1616 2456 51 21 Flax
1677 2456 68 22 Press.

1616 2489 84 21 Waitt
1711 2496 50 14 and
1771 2490 86 22 Tyser.

1301 2514 75 21 March
1387 2515 35 21 31.

1486 2566 35 22 W.
1538 2567 33 22 M.
1587 2568 106 27 SMITH,
1749 2553 8 17 ''

1300 2605 57 15 LATE
1369 2606 235 16 SURVEYOR-GENERAL
1615 2608 28 14 TO
1655 2608 45 15 THE
1716 2609 50 14 NEW
1782 2609 103 14 ZEALAND

1535 2635 114 19 COMPANY,

1326 2657 142 26 Surveyor,
1484 2658 211 27 Draughtsman,
1710 2661 55 20 and
1780 2660 76 21 Land

1542 2686 100 26 Agent.

1298 2715 177 28 Tinakori-road,
1486 2716 99 28 January
1598 2719 21 25 4,
1632 2719 61 21 1843.

1466 2769 114 25 .Heifers
1594 2770 30 20 in
1639 2770 67 21 Calf.

1299 2800 89 48 FOR
1401 2801 86 26 SALE,
1499 2801 67 22 about
1580 2803 28 20 50
1617 2803 100 27 superior
1726 2803 56 21 bred
1794 2803 88 27 heifers,

1357 2831 59 18 most
1433 2828 26 21 of
1469 2823 62 27 them
1544 2829 74 26 heavy
1631 2829 23 21 in
1673 2829 49 27 calf,
1741 2829 44 22 and
1801 2830 83 26 having

1298 2853 57 23 been
1374 2862 61 14 some
1451 2855 54 21 time
1519 2855 23 21 in
1555 2855 38 22 the
1613 2856 92 27 Colony,
1722 2860 41 17 not
1776 2856 67 21 liable
1860 2860 23 17 to

1297 2881 67 21 suffer
1373 2881 57 22 from
1440 2881 38 22 the
1488 2881 74 22 effects
1572 2883 26 20 of
1609 2883 37 20 the
1663 2883 61 21 Toot.
1754 2883 47 21 The
1813 2883 70 22 above

1298 2908 66 22 cattle
1381 2915 42 15 can
1438 2909 28 21 be
1482 2909 100 26 strongly
1594 2909 180 27 recommended,
1792 2917 24 14 as
1829 2910 54 27 they

1296 2933 58 23 have
1370 2935 58 21 been
1445 2934 96 23 selected
1555 2936 58 21 from
1629 2935 37 22 the
1682 2943 119 14 numerous
1816 2936 66 22 cattle

1297 2961 59 28 ships
1367 2961 72 22 which
1448 2961 57 22 have
1522 2962 87 22 arrived
1621 2962 61 21 here.
1710 2963 76 27 Apply
1801 2966 22 18 to
1836 2963 44 22 Mr.

1296 2987 98 28 Revans,
1407 2989 87 20 Gazette
1503 2989 69 26 office,
1584 2996 25 14 or
1618 2992 23 18 to
1651 2989 44 21 Mr.
1706 2989 84 26 Hulke,
1801 2990 80 21 Evans'

1296 3015 55 28 Bay.

1322 3049 64 27 Also,
1396 3049 63 22 three
1468 3049 115 22 well-bred
1592 3056 73 15 mares
1670 3049 23 21 in
1703 3049 53 27 foal,
1768 3053 22 18 to
1801 3050 80 26 impor-

1296 3076 37 21 ted
1342 3076 83 22 horses.

1322 3110 120 29 February,
1455 3111 60 21 1843.

1481 3163 113 20 Gazette
1609 3163 88 21 Office.

1295 3196 201 22 STATIONERY
1510 3194 194 25 WHOLESALE
1719 3197 21 21 &
1756 3197 123 22 RETAIL.

1294 3231 88 21 TTTE
1406 3230 45 28 beg
1472 3233 22 19 to
1517 3236 116 17 announce
1651 3231 42 22 the'
1710 3231 88 27 arrival,
1822 3231 58 22 from

1307 3253 41 26 YV
1390 3257 112 33 England^
1514 3258 24 21 of
1545 3256 38 23 the
1599 3258 47 21 first
1654 3258 49 27 pari
1712 3258 26 21 of
1747 3265 41 25 pur
1803 3261 78 18 exten-

1294 3283 46 22 sive
1350 3284 75 22 orders
1434 3284 25 22 in
1468 3284 45 22 this
1521 3284 142 28 department
1672 3285 25 21 of
1703 3284 109 23 business.
1834 3285 47 22 Our

1295 3310 61 22 stock
1366 3308 93 30 already
1468 3311 91 23 consists
1574 3312 27 21 of
1611 3315 70 22 every'
1687 3308 76 25 article
1778 3311 103 28 required

1293 3337 35 21 for
1343 3338 98 26 Schools,
1458 3338 80 27 Banks,
1555 3338 86 27 Courts,
1658 3340 54 20 Law
1728 3338 88 25 Offices,
1836 3338 44 22 and

1295 3363 88 29 Artists,
1395 3366 40 21 &c.
1444 3373 7 19 ;
1465 3365 74 22 whilst
1547 3364 37 22 the
1601 3365 138 22 ornamental
1749 3364 45 22 and
1798 3386 4 8 ;
1809 3366 70 21 draw-

1284 3393 2 13 1
1294 3391 38 26 ing
1345 3398 62 15 room
1423 3391 120 28 stationery
1543 3394 2 8 1
1558 3390 41 23 has
1613 3395 40 18 not
1665 3392 57 21 been
1739 3389 139 24 overlooked.

1293 3417 48 22 The
1352 3417 127 24 difficulties
1488 3418 116 27 attending
1612 3417 37 22 the
1658 3418 49 22 first
1714 3418 167 22 establishment

1284 3460 2 5 ,
1293 3444 82 28 having
1384 3446 64 21 been*
1451 3452 129 20 'overcome,
1591 3444 46 23 and
1646 3452 67 20 every
1728 3444 81 23 arrival
1823 3445 56 22 from

1294 3471 110 27 England'
1416 3472 85 26 adding
1515 3472 63 21 fresh*
1591 3471 112 23 addition's'
1715 3474 23 19 to
1754 3474 40 19 bur
1809 3471 69 28 stock,

1293 3498 45 23 will
1355 3499 79 22 enable
1448 3506 27 15 us
1484 3502 23 18 to
1522 3498 81 22 reduce
1620 3505 40 15 our
1675 3498 92 28 charges
1777 3505 29 16 on
1822 3502 58 18 most

1293 3525 87 23 articles
1390 3530 24 17 at
1422 3526 57 22 least
1488 3526 27 21 50
1523 3531 39 21 per
1571 3529 59 18 cent.
1715 3531 10 21 ;
1815 3544 5 12 r
1823 3523 4 5 '

1284 3568 2 12 i
1320 3558 155 28 Storekeepers
1493 3556 43 22 and
1554 3556 118 22 wholesale
1691 3556 85 22 dealers
1795 3563 42 15 can
1850 3557 29 22 be

1284 3584 2 32 |
1293 3585 101 27 supplied
1409 3588 23 18 to
1447 3591 44 21 airy
1502 3586 82 24 extent,
1602 3584 44 21 and
1662 3591 29 14 on
1708 3588 67 18 terms
1791 3584 88 28 equally

1284 3617 2 16 !
1293 3610 165 28 advantageous
1467 3614 22 18 to
1500 3617 43 20 any
1550 3610 106 22 obtained
1664 3611 31 21 in.
1699 3610 97 28 Sydney,

1320 3638 89 22 Ladies'
1419 3638 46 23 and
1474 3637 146 28 gentlemen's
1629 3637 54 22 card
1691 3645 70 20 cases,

1320 3664 65 22 Ditto
1454 3664 35 22 do.
1545 3664 73 22 tinted
1627 3664 46 22 and
1683 3664 117 22 embossed
1806 3664 71 28 cards,

1320 3692 95 27 Sponge,
1425 3692 82 22 wafers'
1514 3691 22 22 in
1544 3693 14 20 2
1568 3698 35 15 oz.
1611 3691 82 28 boxes,,

1308 3719 2 7 '
1319 3718 80 27 Ebony
1408 3718 124 27 inkstands,
1542 3717 53 23 with
1605 3718 101 27 drawers,
1722 3733 4 3 ■

1319 3744 75 22 Broad
1404 3745 45 23 and
1458 3752 84 15 narrow
1551 3751 69 21 green
1629 3744 43 23 silk
1682 3744 87 28 ribbon,

1320 3772 65 21 Brief
1392 3772 45 22 and
1447 3770 58 23 deed
1513 3779 74 20 paper,
1620 3793 9 3 _

1285 3808 4 7 <
1319 3798 74 22 Rule^d
1402 3805 69 21 paper
1479 3798 35 22 for
1523 3797 39 22 bill
1571 3798 76 26 heads,
1654 3813 3 4 .
1773 3815 2 10 ,

1319 3824 73 28 Royal
1408 3824 67 27 hand,
1488 3824 80 22 double
1578 3823 70 23 .hand
1662 3824 84 27 brown,
1763 3824 45 22 and
1816 3823 62 27 royal

1285 3851 82 22 •brown
1376 3851 192 27 wjapping-paper
1563 3849 3 8 1
1567 3857 7 21 ;
1695 3855 15 24 /

1302 3886 5 2 -
1319 3872 158 35 Ledgjls/and'
1482 3880 96 19 account
1585 3876 84 26 books',.
1674 3876 92 22 Various'
1772 3876 67 26 sizes,.

1319 3898 179 36 PockeP'e'dgers
1507 3902 43 22 and
1559 3899 170 25 memorartdum
1738 3902 78 27 books,

1318 3929 121 28 Engraved
1449 3936 56 20 copy
1512 3926 107 30 sliplMfipd
1629 3925 75 30 books',
1702 3925 6 12 1
1708 3932 13 11 -'

1319 3958 53 22 Best
1380 3956 82 23 Welch
1470 3956 66 22 slates
1550 3955 63 27 large
1621 3954 44 23 and
1674 3954 72 28 small,

2032 711 129 28 Borough
2175 712 31 21 of
2217 713 179 28 Wellington,

1929 762 2 6 ,
1957 748 16 10 •■
2135 743 55 27 May
2200 745 20 25 9,
2232 745 61 21 1843.

1923 773 29 51 I
1967 775 128 23 HEREBY
2110 776 76 22 GIVE
2201 777 122 28 NOTICE,
2343 778 48 22 that
2410 779 12 22 I
2446 779 56 23 shall

1980 802 50 22 hold
2046 810 14 14 a
2078 803 101 27 Meeting
2192 805 34 20 ior
2242 804 37 22 the
2294 804 99 23 Election
2409 806 26 21 of
2449 806 53 22 Two

1924 828 119 28 Burgesses
2054 833 22 18 to
2086 830 40 21 fiill
2136 830 37 21 the
2183 830 63 22 office
2256 831 27 21 of
2294 831 112 28 Auditors,
2416 833 27 24 in,
2453 840 52 20 pur-

1923 862 81 15 suance
2016 856 25 21 of
2050 856 36 21 the
2101 856 120 27 provisions
2234 857 26 21 of
2274 857 38 23 the
2465 859 39 23 sth

1923 881 59 28 Vie,
1994 882 42 22 No.
2048 882 49 27 VI.,
2109 884 47 20 Sec.
2166 885 33 25 34,
2212 887 22 18 at
2243 884 44 21 the-
2291 885 120 28 Exchange
2421 885 79 28 Room,

1921 908 33 22 Te
1975 910 52 26 Aro,
2039 916 28 15 on
2079 910 122 27 Thursday,
2218 910 37 22 the
2272 911 52 22 18th
2338 911 105 23 inStantX
2454 912 48 22 Tha

1922 935 95 25 election
2033 939 22 18 to
2070 943 129 15 commence
2215 940 22 18 at
2246 938 55 21 nine
2316 938 26 21 of
2354 938 37 22 the
2401 938 63 22 clock
2478 939 24 21 in

1921 961 45 22 the-
1976 962 109 27 morning*
2097 963 43 21 and
2154 963 59 22 close
2229 966 22 19 at
2259 964 52 21 four
2323 965 25 21 of
2355 965 37 21 the
2402 964 63 22 clock
2479 965 24 22 in

1922 988 37 22 the
1968 989 114 21 afternoon
2093 990 26 20 of
2126 989 36 22 the
2173 997 60 14 same
2243 990 52 26 day.

2032 1022 101 27 (Signed)
2189 1023 58 21 Geo.
2264 1023 108 28 Hunter,
2388 1025 87 27 Mayor.

1949 1055 55 25 May
2014 1057 20 23 9,
2047 1055 60 22 1843.

2133 1100 32 25 J..
2185 1100 108 28 BIRD,

1921 1132 230 26 Cabinet-maker,
2159 1134 193 27 .Upholsterer,
2372 1136 22 21 &
2416 1136 87 26 Paper

2154 1160 120 27 Hanger,

2102 1200 221 22 TEAROFLAT,
2433 1211 3 4 .
2468 1211 2 5 ,

1973 1225 215 24 ESPECTFULLY
2203 1225 83 24 solicits
2302 1236 13 13 a
2328 1228 88 31 portion
2427 1226 26 25 of
2464 1230 40 22 the

1921 1249 52 24 XV
1999 1252 87 22 favours
2097 1253 26 21 of
2130 1254 36 21 the
2180 1253 80 27 gentry
2270 1254 46 23 and
2330 1249 136 30 inhabitants
2480 1258 27 21 of

1921 1277 135 28 Wellington
2066 1279 24 21 in
2105 1279 39 22 the
2158 1280 70 22 above
2244 1281 119 27 branches,
2374 1282 44 21 and
2429 1287 73 23 trusts,

1919 1304 30 28 by
1966 1304 33 21 his
2019 1306 137 22 economical
2174 1307 93 27 charges
2286 1308 45 21 and
2347 1309 115 28 attention,
2479 1313 24 19 to

1921 1331 65 22 merit
1996 1339 13 14 a
2018 1332 148 23 continuance
2176 1334 25 21 of
2210 1333 37 22 the
2257 1341 68 15 same.

1947 1358 50 21 Has
2015 1366 14 13 a
2046 1359 77 22 choice
2142 1359 116 23 collection
2272 1358 32 25 'of
2324 1360 54 23 New
2402 1362 100 23 Zealand

1922 1384 79 27 woods,
2030 1385 51 22 well
2092 1388 3 3 '
2109 1386 106 22 seasoned
2225 1395 6 19 ;
2257 1395 14 14 a
2294 1388 41 21 few
2359 1388 42 23 low
2425 1390 77 27 priced

1921 1414 132 19 mattresses.

1947 1438 104 21 Families
2060 1438 82 28 having
2152 1439 59 22 their
2218 1447 49 15 own
2273 1441 111 22 materials
2391 1449 42 16 can
2443 1442 56 24 have

1921 1463 62 23 them
1992 1465 65 21 made
2067 1473 38 20 up.

1947 1498 33 21 Te
1990 1498 45 21 Aro
2046 1498 57 27 Flat,
2114 1499 56 27 May
2180 1501 35 26 12,
2227 1499 60 23 1843.

2112 1545 25 19 J.
2152 1545 38 20 M.
2206 1545 108 26 Taylor,
2347 1556 4 3 -

1934 1576 152 23 LICENSED
2110 1578 240 24 CUSTOM-HOUSE
2373 1581 113 28 AGENT,

2166 1618 28 14 TE
2208 1617 52 15 ARO.

1919 1653 221 48 WANTED
2168 1654 22 21 A
2220 1655 119 23 COOK.
2380 1658 76 26 Apply
2479 1660 24 20 at

2015 1679 38 22 the
2092 1681 93 21 Gazette
2224 1682 79 23 Office.

1947 1712 64 28 April
2022 1715 33 25 28,
2067 1715 61 21 1843.

1975 1758 38 20 To
2029 1759 83 20 stand
2126 1760 29 20 to
2171 1765 80 16 cover
2271 1761 54 20 this
2340 1767 107 21 season,

2049 1803 5 4 •
2077 1793 33 20 At
2117 1794 140 26 Berhampore
2268 1796 71 26 Farm,

1921 1827 44 47 11
1969 1826 43 21 HE
2038 1827 51 21 well
2116 1827 78 23 known
2222 1828 110 29 thorough
2355 1830 54 22 bred
2435 1832 64 21 horse

1947 1870 10 4 _
1985 1852 95 28 Figaro,
2091 1854 37 21 the
2138 1859 103 23 property
2251 1856 26 21 of
2284 1856 75 23 James
2370 1857 67 27 Watt,
2446 1858 52 28 Esq.

1947 1879 79 27 Figaro
2036 1887 43 15 was
2088 1881 74 22 foaled
2170 1882 24 21 in
2204 1882 131 28 December,
2351 1884 59 27 1837,
2422 1888 38 24 got
2471 1885 30 27 by

1921 1906 114 27 Operator,
2047 1907 51 22 dam
2111 1908 106 23 Adelaide
2226 1909 31 27 by
2266 1910 103 23 Teorum.

1934 1950 6 5 '
1947 1938 110 26 Operator
2065 1945 45 15 was
2119 1940 75 22 foaled
2202 1940 24 21 in
2239 1942 60 26 1832,
2310 1945 39 23 got
2358 1942 30 27 by
2398 1942 100 27 Emilius,

1921 1963 50 22 dam
1982 1964 121 23 Worthless
2112 1966 30 27 by
2152 1966 96 28 Walton,
2259 1971 40 18 out
2307 1969 26 21 of
2340 1968 121 23 Altisidora
2471 1968 29 29 by

1920 1990 60 21 Dick
1990 1991 115 23 Andrews.

1947 2021 73 28 Every
2027 2023 106 21 attention
2143 2024 45 22 will
2201 2025 29 21 be
2244 2025 54 27 paid
2307 2028 22 19 to
2337 2033 73 15 mares
2418 2029 50 20 sent
2477 2029 22 19 to

1919 2047 55 22 him.

1948 2079 102 28 Charges,
2076 2081 54 21 with
2150 2085 128 24 guarantee,
2304 2090 66 15 seven
2392 2082 106 30 guineas;

1920 2106 92 22 without
2027 2111 125 24 guarantee,
2171 2108 44 23 five
2229 2109 99 28 guineas,
2338 2117 117 21 groomage
2465 2111 34 22 in-

1920 2133 86 22 cluded.

1947 2167 143 27 Wellington.
2102 2169 95 21 October
2205 2170 34 26 25,
2250 2171 61 21 1832.

2140 2214 52 21 For
2208 2215 68 20 Sale.

1919 2247 51 48 A
1999 2247 287 24 DWELLING-HOUSE
2314 2256 28 16 on
2366 2249 134 29 Wellington

1997 2274 101 27 Terrace,
2110 2274 95 28 adapted
2214 2275 36 21 for
2257 2283 14 14 a
2280 2275 65 23 small
2354 2276 85 28 family.

1947 2300 43 22 For
1999 2301 136 27 particulars,
2145 2302 91 27 enquire
2246 2307 23 17 at
2279 2296 38 28 the
2327 2304 61 21 Store
2398 2305 27 21 of

2067 2335 31 21 H.
2114 2336 96 21 Taylor
2223 2336 20 22 &
2258 2336 47 28 Co.,
2316 2337 158 24 Willis-street.

1921 2368 137 34 _February
2068 2370 21 25 3,
2100 2370 60 22 1843.

2062 2414 67 21 Zinc
2135 2415 5 20 !
2165 2415 67 21 Zinc
2237 2416 6 21 !
2271 2416 67 21 Zinc
2344 2416 7 22 !

1921 2446 69 49 ON
2019 2447 85 28 SALE,
2128 2452 22 17 at
2169 2448 37 21 the
2226 2449 74 22 Stores
2319 2449 26 22 of
2359 2448 38 24 the
2415 2451 82 22 under-

1996 2474 83 27 signed.

2042 2509 127 22 SAMUEL
2187 2509 68 22 AND
2274 2510 124 28 JOSEPH,

2180 2543 159 23 Wellington
2357 2545 89 28 House,

2277 2571 58 21 Port'
2340 2571 131 23 Nicholson.

1945 2596 64 27 April
2019 2598 19 25 1,
2050 2597 60 21 1843.

2037 2642 118 20 Wanted
2169 2644 28 19 to
2214 2643 156 27 Exchange,

1917 2674 49 47 A
1982 2673 145 22 COUNTRY
2149 2674 138 28 SECTION,
2303 2675 43 21 No.
2364 2676 27 22 37
2409 2683 29 15 on
2457 2676 38 23 the

1995 2701 128 26 Surveyor's
2142 2701 62 27 Plan,
2221 2700 81 23 chosen
2320 2702 29 27 by
2366 2703 44 21 Mr.
2431 2703 65 23 Child

1917 2730 22 18 at
1956 2727 36 21 the
2008 2727 134 27 Mauawatu,
2253 2728 129 22 uhselected
2396 2729 100 28 Country

1917 2754 87 21 Section
2014 2754 24 21 in
2049 2754 37 21 the
2097 2754 58 22 First
2164 2755 138 22 Settlement.
2331 2756 75 27 Apply
2415 2759 24 19 to

2198 2786 35 24 W.
2249 2788 29 22 V.
2293 2788 106 28 Brewer,
2415 2790 53 28 Esq.

1942 2814 114 27 February
2067 2815 32 26 17,
2111 2814 60 23 1843.

2063 2864 39 20 To
2117 2864 32 20 be
2164 2864 66 20 Sold
2249 2870 30 15 or
2293 2866 56 20 Let.

1914 2896 10 12 r
1926 2895 80 22 ¥WO
2019 2895 102 22 Wooden
2130 2895 95 27 Houses,
2236 2903 28 14 on
2272 2895 37 23 the
2315 2894 180 27 Tinakore-road,

1924 2925 23 17 M.
1991 2922 37 21 the
2047 2922 83 21 second
2147 2929 50 14 acre
2216 2923 58 20 from
2294 2923 93 27 Captain
2404 2921 92 22 Smith's

1958 2949 129 26 containing
2100 2948 49 22 four
2157 2956 74 14 rooms
2241 2949 45 21 and
2300 2957 14 14 a
2326 2956 98 21 passage,
2440 2948 56 22 each

1914 2975 52 21 with
1984 2975 50 21 zinc
2051 2972 68 27 roofs,
2144 2975 45 21 and
2211 2975 23 21 in
2257 2982 69 21 every
2342 2979 87 24 respect
2446 2975 48 22 wall

1914 3001 99 22 finished.
2041 3001 106 21 Terms—
2147 3001 25 21 lf
2178 3001 54 28 sold,
2243 3002 60 21 £150
2313 3002 35 22 for
2354 3003 54 22 each
2412 3003 75 23 house,

1911 3029 20 21 if
1943 3029 38 26 let,
1992 3029 30 21 £1
2033 3034 41 21 per
2083 3025 62 25 week
2152 3026 35 24 for
2196 3027 55 23 each
2259 3028 79 23 house.
2364 3029 77 28 Apply
2450 3032 23 20 to

2300 3063 74 22 James
2387 3063 81 24 Watt.

1924 3089 143 27 Wellington,
2075 3088 58 22 Nov.
2143 3088 33 28 27,
2185 3090 60 21 1841.

1912 3141 121 25 Country
2047 3139 123 22 Sections
2189 3139 43 21 for
2251 3140 60 21 Sale
2332 3146 36 16 on
2385 3142 108 22 Liberal

2154 3166 101 21 Terms.

1913 3197 163 51 SEVERAL
2111 3197 100 23 Sections
2237 3198 27 22 of
2295 3199 99 28 Country
2420 3200 71 28 Land,

1977 3225 90 28 already
2076 3224 82 22 chosen
2166 3225 24 21 in
2200 3224 37 22 the
2251 3225 94 23 Porirua
2358 3227 91 28 district,
2458 3227 36 22 for

1912 3253 58 27 Sale,
1982 3259 73 15 terms
2064 3258 104 15 liberal.
2197 3252 76 28 Apply
2283 3255 22 19 to

2006 3279 24 21 F.
2045 3279 29 21 A.
2089 3279 170 26 Molesworth,
2276 3279 181 28 Murphy-street,
2469 3287 25 15 or

2005 3305 36 25 W,
2056 3305 28 21 V.
2099 3305 107 26 Brewer,
2217 3305 193 23 Manners-street.

1951 3351 97 21 Notice
2063 3351 28 20 to
2107 3351 115 20 Debtors
2237 3352 55 19 and
2307 3351 145 22 Creditors.

1911 3385 91 49 ALL
2025 3384 136 22 PERSONS
2182 3384 82 28 having
2284 3385 76 21 claims
2377 3392 28 14 on
2424 3385 24 21 P.
2459 3384 32 22 H.

1992 3411 94 27 Gowan,
2097 3411 26 21 of
2130 3411 118 28 Aglionby,
2260 3417 29 16 on
2299 3411 37 22 the
2345 3411 68 23 River
2426 3411 64 27 Hutt,

1911 3446 37 14 are
1958 3438 116 27 requested
2084 3441 21 18 to
2116 3438 55 21 send
2180 3438 24 22 in
2214 3439 37 21 the
2260 3438 129 27 particulars'
2406 3437 86 22 thereof

1910 3468 23 19 to
1943 3465 37 21 W.
1991 3465 25 21 B.
2028 3464 90 22 Rhodes
2133 3465 20 21 &
2168 3465 47 26 Co.,
2232 3471 24 15 or
2273 3464 95 22 Edward
2382 3464 108 26 Johnson,

1910 3491 26 23 of
1950 3491 143 27 Wellington,
2109 3498 29 14 on
2157 3498 25 15 or
2199 3491 75 22 befere
2291 3491 38 21 the
2347 3490 49 22 10th
2411 3490 49 27 day'
2468 3490 28 22 of

1911 3519 56 26 May
1975 3522 60 23 next,
2043 3518 45 22 and
2097 3518 30 22 all
2135 3523 90 23 persons
2232 3517 106 23 indebted
2344 3519 22 19 to
2374 3516 37 22 the
2420 3523 69 19 same,

1910 3552 37 15 are
1966 3545 116 26 requested
2102 3548 22 18 to
2141 3552 44 20 pay
2199 3544 37 22 the
2251 3547 91 19 amount
2356 3546 22 18 to
2389 3543 37 21 the
2441 3542 48 23 said

1911 3572 35 22 W.
1957 3572 26 22 B.
1994 3571 90 23 Rhodes
2099 3575 24 19 ot
2137 3572 26 21 E.
2174 3568 105 29 Johnson,
2291 3577 28 15 on
2328 3576 24 15 or
2366 3569 75 22 before
2450 3569 37 22 the

1910 3598 48 22 said
1969 3599 58 21 date.

2279 3622 25 23 P.
2319 3622 30 21 H.
2366 3620 94 24 Gowan.

1902 3671 2 5 ,
1937 3652 68 22 River
2014 3652 65 26 Hutt,
2091 3651 63 27 April
2163 3652 33 25 28,
2208 3650 59 21 1843.
2456 3672 5 4 ,

1902 3692 2 15 !
2147 3696 108 20 Cheese.
2281 3702 7 14 :

1910 3732 51 47 A
1971 3728 117 24 SUPPLY
2097 3726 100 24 received
2204 3725 85 27 tfeekly
2328 3725 54 23 New
2389 3726 101 25 Zealand

1989 3756 65 23 made
2161 3754 57 21 from
2227 3752 184 28 the'Cowpasture
2418 3752 70 29 dairy,

1909 3784 45 22 and
1964 3783 33 22 for
2005 3783 46 22 sale
2060 3785 24 18 at
2099 3782 37 21 the
2145 3779 140 29 preiriis'es'of
2297 3778 38 23 the
2349 3779 65 24 Meat
2424 3780 66 23 Com-

1907 3817 69 21 pany;
2150 3807 84 32 "."'."
2382 3823 3 8 '
2397 3824 11 13 r

2184 3834 35 26 W.
2230 3838 110 28 Flygbr,.
2344 3839 116 28 Manager;

1935 3875 156 24 Willis-street,
2102 3871 170 28 December.2o,
2282 3873 60 21 1842>
2363 3886 15 5 •-
2417 3881 14 9 >>

1917 3919 84 22 TUST
2016 3916 132 26 OPENED,
2156 3915 44 22 and
2211 3923 28 14 on
2250 3916 52 21 Sale
2310 3909 150 30 at'the^d'iice
2469 3918 28 22 of

1903 3942 32 28 V
1973 3945 43 23 this
2027 3944 76 28 Paper,
2114 3942 39 23 ink
2163 3942 76 23 stands
2249 3942 27 23 of
2281 3942 89 24 various
2378 3943 63 23 size*.

691 708 39 21 BY
746 708 192 22 PERMISSION
948 716 27 14 of
985 716 45 14 the
1046 704 226 26 MAGISTRATES.

735 741 170 26 Wellington
926 741 109 26 Saloon,
1056 741 63 26 Ship
1137 739 92 23 Hotel.
1268 743 8 3 '

689 774 71 49 AT
771 774 40 23 the
822 777 87 18 earnest
919 777 90 25 request
1016 774 28 21 of
1050 774 86 22 several
1150 774 71 22 ladies
1230 773 54 22 and'

759 800 141 27 .gentlemen,
909 797 51 26 who
978 801 65 22 could
1053 805 41 18 not
1107 804 38 24 get
1155 801 119 22 admission

690 834 28 14 on
735 826 116 28 Thursday
861 828 97 24 evening
967 827 49 27 last,
1027 828 38 21 the
1083 835 60 14 same
1155 827 121 22 entertain-
1281 844 4 3 .

689 857 61 18 ment
759 853 43 22 trill
813 854 29 21 be
852 854 112 27 repeated.
993 854 32 22 To
1034 861 129 15 commence
1174 854 53 22 with
1237 853 37 22 thfe

690 880 77 22 drama
774 880 26 21 of
806 888 15 14 a
1102 880 12 13 •'
1149 885 6 9 J
1152 877 5 5 '
1173 879 3 11 :"':
1179 880 19 12 "'
1213 886 2 4 '
1241 879 3 4 '
1265 877 21 22 !•'

775 915 89 20 Ghost
879 915 28 20 in
923 915 75 26 Spite
1014 915 30 21 of
1056 912 127 27 Himself,
1206 918 4 7 ;

689 947 143 28 Nicodemus,
843 948 44 22 Mr.
899 944 117 32 M&irriott;
1028 948 63 27 Paul,
1098 948 45 21 Mr.
1152 945 108 24 Marshall
1265 954 7 26 j
1284 946 2 10 '

689 974 104 28 Diggory,
813 975 48 22 Mr.
881 975 132 22 Hardeman
1025 983 6 19 ;
1058 975 133 26 Georgiana,
1216 972 57 24 'Mrs.
1282 983 4 3 •

689 1002 80 23 Baker.
863 1022 4 3 .
972 1018 2 8 ,
1015 1006 10 20 ,;
1121 1013 2 3 ■
1149 1013 5 13 :
1192 997 24 24 '..'
1234 1004 15 20 '_'
1266 1014 2 9 ■

716 1028 27 21 In
754 1028 36 21 the
809 1035 78 16 course
899 1028 26 22 of
938 1028 38 22 the
992 1028 95 28 evening
1101 1027 100 25 several,
1203 1028 71 26 Songs

707 1055 46 22 and
762 1055 78 27 Duets,
854 1058 20 19 to
884 1055 110 22 conclude
1005 1055 52 22 with
1067 1054 143 23 tnefarceof
1218 1054 37 21 the
1267 1052 1 12 '

856 1089 111 27 Village
982 1087 126 28 Lawyer,'
1136 1083 71 37 •.],,'

689 1120 83 28 Scout,'
780 1122 45 21 Mr.
842 1118 120 31 Marriott;
983 1123 69 25 Snarl,
1069 1121 45 23 Mr.
1125 1122 130 21 Hardeman
1265 1125 6 23 }

688 1149 126 27 Sheepface,
833 1148 46 22 Mr.
898 1148 121 28 Marshall;
1044 1149 56 23 Mss.
1121 1148 74 28 Scout,
1205 1148 13 22 '
1218 1148 54 22 Mrs.

943 1176 82 21 Baken
1081 1177 109 14 .•■'.:•
1231 1178 3 3 ■
1267 1177 2 6 '

687 1208 73 22 Doors
776 1215 57 20 open
844 1212 23 18 at
877 1209 19 26 7,
908 1212 23 18 to
948 1211 136 19 commenee'
1091 1212 23 18 at
1122 1208 51 22 half
1186 1211 50 25 past
1242 1209 9 22 '
1251 1209 20 22 7.

794 1241 76 20 Front-
874 1242 62 19 Seats
944 1242 40 25 25.,
994 1242 58 20 Back
1063 1242 59 19 Seats
1133 1242 29 20 I*.
1183 1244 5 12 f
1231 1242 10 12 '■

748 1282 13 14 A
788 1282 89 14 LADY
905 1283 130 14 SINGER
1064 1282 147 15 WANTER.

768 1327 117 21 Behold!
906 1329 79 25 great
1008 1327 182 22 Reduction!!
1215 1336 5 17 ;

687 1360 52 49 IN
768 1360 226 25 CONSEQUENCE
1017 1360 26 22 of
1060 1360 38 22 the
1121 1360 151 27 undersigned

743 1387 82 27 having
842 1390 22 19 to
880 1392 102 23 compete
993 1387 52 22 with
1058 1395 24 14 so
1096 1394 69 20 many
1176 1387 96 22 General

675 1425 3 5 ■
691 1414 154 27 Storekeepers
860 1414 72 22 which
942 1421 38 15 are
994 1412 58 29 daily
1061 1415 127 26 presenting
1201 1414 67 21 them-
1268 1422 3 8 1

688 1440 71 22 selves
767 1441 76 22 before
853 1441 36 22 the
900 1440 81 28 public,
990 1441 53 22 feels
1051 1441 21 24 jt
1081 1440 33 22 his
1122 1440 54 27 duty
1187 1444 22 18 to
1220 1440 52 22 offer

688 1471 23 18 to
726 1468 38 21 the
779 1468 77 26 public
870 1475 13 14 a
899 1468 77 21 choice
994 1468 104 21 selection
1113 1468 26 21 of
1156 1468 115 21 Groceries

689 1494 44 21 and
750 1494 62 22 other
828 1494 87 22 articles
927 1494 26 21 of
964 1494 91 28 general
1072 1501 38 14 use
1128 1494 26 22 in
1168 1494 102 26 families,

688 1520 44 22 and
744 1524 23 18 at
774 1521 55 22 such
839 1522 41 21 low
889 1521 73 27 prices
972 1521 48 22 that
1026 1524 82 19 cannot
1114 1521 28 22 be
1150 1521 122 27 attempted

688 1548 24 21 at
720 1548 30 27 by
760 1555 44 20 any
813 1547 26 22 of
844 1548 35 22 his
889 1550 130 26 opponents,
1030 1547 42 22 viz.
1074 1559 28 4 —
1181 1549 3 5 '
1214 1545 3 6 '

1161 1575 34 16 Per
1201 1572 69 19 found.

715 1595 47 21 The
772 1602 53 21 very
835 1596 49 21 best
893 1595 66 22 black
969 1599 37 18 tea
1189 1597 14 19 4
1230 1597 14 20 0

715 1622 47 21 The
773 1630 51 19 very
834 1623 50 21 best
892 1630 69 19 green
971 1625 37 19 tea
1190 1623 12 20 4
1230 1624 14 20 0

715 1649 103 26 Superior
828 1649 88 21 roasted
927 1649 68 21 coffee
1190 1650 11 20 1
1230 1650 14 20 6

718 1675 70 22 White
809 1675 60 23 Siam
887 1680 72 23 sugar,
976 1675 38 22 the
1028 1676 50 22 best
1089 1675 22 22 in
1125 1675 37 22 the

769 1701 85 28 Colony
1190 1704 13 20 0
1229 1703 13 21 5

715 1729 87 21 Second
831 1729 29 22 do
1169 1747 3 6 ,
1190 1731 12 20 0
1230 1730 14 20 4

715 1755 70 22 Third
793 1757 93 26 quality,
896 1755 89 31 equally
995 1756 56 27 good
1190 1758 13 19 0
1230 1757 14 20 3

715 1783 78 21 Mould
802 1783 98 26 candles,
912 1785 95 19 London
1016 1783 65 22 made
1190 1784 9 20 1
1230 1785 14 19 0

691 1820 2 6 ■
699 1819 2 8 •
717 1810 103 26 Superior
829 1809 43 22 salt
880 1810 75 22 butter
1191 1811 10 19 1
1230 1811 14 19 6

715 1836 92 22 London
819 1844 53 19 soap
1190 1838 14 20 0
1230 1837 15 20 4

716 1863 71 21 Prime
797 1863 80 21 Stilton
889 1863 79 22 cheese
1191 1864 11 20 1
1230 1864 15 20 4

715 1889 92 28 Pickles,
820 1890 105 27 mustard,
934 1890 46 22 and
990 1897 76 15 sauces
1075 1893 24 18 at
1108 1891 30 21 Is.
1146 1896 39 21 per
1194 1889 74 22 bottle.

714 1923 26 21 P.
743 1924 49 21 S.—
793 1923 93 22 Besides
901 1924 38 21 the
954 1924 70 22 above
1039 1924 94 25 articles,
1150 1923 65 22 M.A.
1231 1923 41 22 has

688 1957 28 14 on
727 1949 59 23 hand
796 1957 13 14 a
820 1957 120 16 numerous
950 1954 133 17 assortment
1090 1950 25 21 of
1119 1950 71 21 useful
1199 1950 71 27 goods

688 1976 26 21 of
729 1976 80 24 almost
827 1984 68 20 every
914 1976 139 27 description,
1077 1980 22 17 at
1122 1976 89 28 equally
1229 1976 42 22 low

687 2003 79 26 prices.
793 2003 67 21 M.A.
875 2011 88 13 assures
979 2003 39 21 the
1027 2003 74 27 public
1112 2002 49 21 that
1170 2002 43 21 the-
1218 2002 54 28 only

687 2035 78 15 reason
775 2028 49 22 that
833 2029 29 21 he
872 2036 41 14 can
931 2029 92 21 surmise
1039 2028 50 28 why
1098 2028 28 22 he
1143 2035 42 15 can
1198 2028 40 22 sell
1248 2036 23 14 so

689 2055 67 21 much
764 2054 67 23 lower
841 2055 52 22 than
903 2063 45 19 any
959 2055 26 21 of
997 2055 33 22 his
1046 2058 128 24 opponents,
1183 2056 26 26 is,
1223 2055 49 22 that

688 2081 28 21 he
733 2089 50 19 may
798 2082 29 21 be
842 2082 112 27 possessed
971 2082 26 21 of
1009 2082 82 21 certain
1103 2089 84 19 means,
1197 2082 73 22 which

689 2108 87 22 enables
785 2108 48 22 him
849 2112 22 18 to
887 2109 46 26 buy
943 2108 34 21 for
994 2108 51 22 cash
1060 2108 58 28 only,
1134 2108 44 21 and
1191 2108 81 28 import

689 2134 56 23 from
764 2135 92 22 London
871 2136 45 21 and
932 2135 89 27 Sydney
1037 2135 54 22 such
1108 2135 69 27 goods
1195 2143 25 14 as
1233 2143 37 14 are

689 2162 80 27 mostly
778 2162 24 21 in
815 2162 105 22 demand.

860 2203 112 15 COASTERS
987 2203 117 14 SUPPLIED.

891 2229 35 22 M.
941 2228 112 27 ASHER,

795 2263 127 22 Wholesale
932 2263 44 21 and
985 2263 74 21 Retail
1070 2263 96 22 General
1177 2264 70 27 Store,

931 2290 111 22 Lambton
1053 2290 72 27 Quay.

689 2321 54 22 And
761 2324 21 19 at
799 2324 34 24 99,
853 2322 85 27 George
955 2322 79 26 Street,
1054 2322 98 27 Sydney,
1172 2322 45 22 and
1234 2324 34 25 22,

864 2348 117 27 Minories,
993 2348 101 22 London.

717 2382 61 27 April
788 2383 33 25 18,
834 2383 60 21 1843.

793 2428 55 20 For
867 2427 69 25 Sale,
956 2433 37 15 ex

693 2458 17 34 1
729 2460 26 32 f\
776 2458 104 34 (\(\(\
910 2458 122 27 SLATES,

908 2486 29 21 40
963 2486 83 21 barrels
1068 2485 60 22 fresh
1152 2485 118 22 American

882 2511 65 27 flour,

714 2537 14 20 4
742 2536 63 22 hhds.
816 2536 114 29 Barclay's
940 2542 66 23 stout,

715 2564 27 21 10
756 2562 77 23 firkins
845 2564 58 23 Cork
913 2565 81 27 butter,

715 2591 9 20 1
741 2590 65 22 tierce
816 2590 78 28 coffee,

714 2618 10 19 1
740 2616 53 23 hhd.
800 2617 88 22 refined
898 2626 73 20 sugar,

714 2644 10 20 1
740 2643 70 22 barrel
820 2644 64 23 West
893 2646 67 21 India
971 2653 71 20 sugar,

714 2672 53 19 1000
780 2670 113 28 Rodney's
901 2677 79 23 patent
989 2672 64 23 horse
1063 2673 63 22 shoes
1135 2673 44 22 and
1189 2672 62 27 nails,

713 2698 13 20 3
741 2704 59 15 cases
814 2698 157 28 gentlemen's,
987 2700 85 25 ladies',
1087 2700 45 22 and
1147 2700 120 22 children's

686 2723 64 22 shoes
758 2724 23 21 in
792 2724 31 21 all
833 2725 110 27 varieties,

713 2752 14 19 2
742 2757 58 16 cases
811 2751 81 22 double
903 2752 99 22 Glo'-ster
1010 2753 86 27 cheese,

714 2778 26 20 15
755 2785 60 14 caser
825 2778 102 23 oilman's
943 2783 71 18 stores
1023 2780 25 22 of
1061 2780 37 22 the
1108 2787 54 21 very
1171 2780 49 22 best
1230 2780 37 21 de-

687 2804 110 27 scription,
810 2805 46 21 and
867 2813 13 14 a
889 2809 66 24 great
959 2807 92 27 variety,

713 2832 13 20 2
740 2837 59 16 cases
809 2832 81 22 sedlitz
898 2834 102 26 powders
1009 2834 23 21 in
1042 2834 75 27 bottle,

713 2859 13 20 6
740 2865 60 14 cases
814 2858 104 28 brushes,-
933 2861 83 26 combs,
1027 2860 46 23 and
1089 2861 132 27 perfumery,
1232 2860 35 22 in-

686 2883 89 29 cluding
784 2885 51 22 Eau
844 2886 28 22 de
882 2886 106 28 Cologne,
1000 2888 39 21 &c.
1049 2888 48 27 &c,

712 2912 12 22 3
740 2918 59 15 cases
807 2912 87 23 bottled
903 2913 66 22 fruits
978 2914 46 22 and
1031 2921 119 21 preserves,

713 2939 10 21 1
740 2938 60 22 chest
809 2940 99 27 superior
919 2940 78 28 Congo
1009 2945 40 23 tea,

713 2967 10 20 1
740 2973 47 14 case
797 2967 130 27 stationery,'

712 2992 165 29 Ironmongery,
889 2994 116 28 crockery,
1013 2994 43 22 fine
1066 2994 64 27 glass,

672 3025 2 18 !
712 3019 147 29 Gunpowder,
868 3023 80 25 patent
956 3021 57 27 shot,
1023 3022 87 27 powder
1119 3022 73 28 flasks,

712 3047 89 22 Garden
812 3048 71 26 seeds,
894 3048 77 21 choice
981 3055 61 20 grass
1051 3048 73 28 seeds,-

712 3074 56 21 Seed
776 3074 78 27 wheat,
866 3074 83 28 barley,
960 3076 46 21 and
1016 3079 53 23 oats,

712 3100 59 22 Slate
780 3101 100 27 cisterns,
891 3102 81 22 hearth
981 3105 80 25 stones,
1071 3102 104 28 chimney
1183 3102 80 28 pieces,

684 3126 45 22 and
738 3128 82 27 paving
830 3128 73 28 slates,

711 3154 104 22 National
839 3154 82 23 School
940 3156 74 28 slates,
1038 3156 51 23 well
1111 3156 95 28 adapted
1229 3155 36 22 for

776 3181 70 26 trade,
1056 3194 4 7 <
1092 3195 4 7 .

711 3206 116 28 Cutlasses,
836 3208 42 22 bill
886 3206 79 30 hooks,
975 3209 44 23 flsh
1027 3210 78 27 hooksj
1115 3211 47 21 and
1174 3215 91 17 numer-

684 3239 39 16 ous
733 3233 63 22 other
803 3234 95 23 articles'.

738 3265 74 28 Apply
821 3269 23 19 at
853 3266 38 22 the
901 3267 75 22 Stores
987 3267 27 22 of

962 3298 37 22 W.
1014 3299 27 22 B.
1055 3299 96 23 Rhodes
1164 3297 21 26 &
1198 3300 38 22 Co.

710 3323 64 28 April
782 3325 35 26 22,
827 3326 62 23 1843.
1141 3342 4 3 .
1167 3334 4 7 »

682 3368 89 49 FOR
784 3369 86 28 SALE,
886 3377 29 15 ex
928 3371 118 27 Margaret,
1056 3371 49 28 &c,
1147 3372 6 6 '

754 3396 26 21 25
793 3396 79 22 tierces
881 3397 57 27 beef,
1069 3418 5 3 .
1111 3399 3 4 '

708 3423 13 20 3
736 3424 47 26 tans,
792 3423 97 23 colonial
900 3424 56 28 hay,.

708 3450 14 20 3
736 3451 48 20 tons
794 3450 62 22 Siam
866 3458 77 21 sugar,,

708 3477 28 20 30
748 3474 84 24 barrels
841 3477 86 23 bottled
936 3478 36 22 ale
973 3495 8 10 >

708 3503 28 21 50
748 3502 68 23 boxes
824 3507 44 21 tea,

689 3547 4 4 .
707 3529 28 22 50
748 3530 38 21 ash
799 3534 60 24 oars,'
870 3533 108 14 :!•-••
1130 3530 3 7 '

700 3557 41 25 .30.
748 3558 47 20 tons
806 3561 57 24 coal,
875 3566 22 12 ,<
922 3564 12 13 '.
964 3567 5 11 i
987 3572 3 6 .
1044 3566 10 11 ;>

708 3581 58 34 Port,
776 3583 84 29 sherry,
870 3585 45 22 and
931 3585 139 25 Madierain.
1082 3585 75 28 bottle,
1168 3584 95 24 Ruthe*-

679 3608 50 23 ford
739 3610 42 21 and
790 3610 96 28 Drury's
894 3611 80 28 brand,
993 3633 2 5 ,
1075 3617 6 3 *
1142 3630 11 11 
1183 3630 9 5 

706 3636 100 28 Liquers,
816 3638 25 21 in
851 3639 71 21 dozen
933 3646 69 20 cases,

707 3662 159 30 Champagne,.
887 3672 4 5 •
928 3672 3 13 ;
1058 3679 2 6 ,
1156 3681 4 3 .
1192 3674 3 8 <
1223 3665 2 4 '

706 3689 95 29 Brandy,
812 3698 57 20 rum,
880 3692 46 22 and
933 3692 41 29 gin
982 3693 27 24 in
1016 3693 78 27 hhds.,.
1135 3713 4 5 ,

704 3717 28 21 30
746 3719 47 20 tons
801 3716 53 24 best
863 3716 91 31 Sydney
959 3719 72 28 'flour,
1148 3737 18 12 
1188 3737 3 3 .
1220 3733 21 14 ,-

705 3743 28 22 50
748 3745 48 20 tons
806 3742 89 26 Chilian
905 3745 67 28 flour,
984 3754 29 15 ex
1023 3747 104 25 Cheerful.
1140 3741 12 25 .'

847 3790 3 6 '
952 3782 2 3 '
983 3781 4 5 '
994 3779 83 24 Waitt
1091 3775 45 33 aiiji
1150 3780 82 23 Tyser.

679 3806 15 4 -
959 3808 64 17 ■','■'
1088 3808 4 7 L—*-?L
1092 3811 19 4 —
1111 3807 27 20 *-?
1162 3806 11 9 tJ
1173 3805 14 26 Jj

845 3841 3 3 .
862 3825 65 20 Just
940 3825 133 21 received.
1155 3842 3 4 ,
1176 3834 4 14 :

677 3853 125 50 PLANS
826 3855 28 22 of
872 3855 38 23 the
933 3856 72 22 Town
1014 3872 4 12 /
1022 3856 27 22 of
1066 3857 166 22 Wehington.

728 3900 3 4 .
749 3881 55 22 Plan
825 3881 70 23 ofthe
905 3881 109 23 Harbour
1021 3882 25 22 of
1049 3882 12 22 '
1061 3882 51 22 Port
1126 3882 128 23 Nicholson

677 3932 75 48 ON.
762 3932 96 25 SALE,,
863 3937 30 17 at.
896 3933 133 26 tfaitf-affltoei-
1034 3933 71 22 blank
1114 3933 59 23 Brit
1183 3933 77 24 Books

774 3959 95 22 Gazette
904 3954 77 28 office?
987 3959 55 23 Dec.
1051 3961 23 21 4.
