2559 4029
1930 3888 76 17 Printed
2019 3887 35 17 and
2068 3887 97 21 published
2181 3892 54 16 every
2252 3887 111 19 Wednesday
2378 3884 36 18 and
2423 3880 75 26 Saturday

1952 3908 91 21 morning,
2055 3908 23 20 by
2097 3909 83 16 Samuel
2195 3909 87 17 Revans,
2299 3909 19 14 at
2332 3908 32 15 the
2378 3904 52 18 Office
2444 3902 19 16 of
2473 3902 25 13 tw

1952 3930 49 17 New
2014 3929 100 17 Zealakd
2124 3930 90 16 Gaieixs
2225 3932 42 14 a»d
2273 3929 139 20 ■i\V«io.iNaxo»
2426 3925 35 15 SM
2463 3941 35 8 m.-

1952 3955 43 14 tob,
2007 3950 157 21 Maniwa-Btroot,
2172 3949 113 22 Wellington,
2298 3948 42 18 Port
2348 3945 103 25 .Nicholton,
2463 3942 35 16 «•«

1953 3971 85 16 Zealand.

556 55 98 45 Wtp
679 47 119 48 jtfito
825 52 208 40 Ztalatxh
1059 51 189 40 <&anttt
1273 49 90 39 and
1388 47 299 45 tmtlUnqton
1712 43 255 47 Smttatoi.

1890 131 222 24 WHOLESALE
2141 129 124 26 PRICES
2299 128 179 25 CURRENT.

1991 169 133 15 CORRECTED
2139 170 28 14 UP
2181 170 28 14 TO
2223 169 57 14 LAST
2296 167 82 15 NXQHT.

2230 195 17 17 £
2270 199 14 13 I.
2309 194 18 17 d.
2382 193 17 17 £
2461 194 12 15 &

1892 225 65 21 Ale:
1970 223 98 29 perhhd
2232 225 13 21 7
2273 225 14 20 0
2315 225 14 19 0
2346 237 18 6 ..
2383 221 14 23 7
2423 221 12 22 7
2466 224 14 18 0

2068 258 40 19 per
2114 251 97 21 barrel..
2230 251 13 20 5
2272 252 14 19 0
2313 251 15 20 0
2345 263 19 7 ..
2383 251 14 19 6
2425 250 13 20 0
2466 250 14 19 0

2068 277 90 27 perdoz
2233 279 14 19 0
2263 278 26 20 13
2317 278 14 19 0
2348 290 18 6 ..
2386 277 13 20 0
2414 276 26 20 14
2468 277 13 19 0

1894 305 98 21 Arrack
2001 312 6 14 :
2021 303 43 23 Per
2073 304 45 26 gal.
2127 304 24 21 in
2161 303 59 23 bond
2234 306 14 19 0
2277 304 11 20 1
2317 304 14 19 9
2348 303 51 20 ..'0
2426 303 14 19 2
2470 306 14 20 0

1893 331 79 22 Bread
1980 338 6 14 :
2002 331 43 21 Per
2053 330 45 22 21b.
2111 330 49 22 loaf
2173 332 77 20 ....0
2277 332 14 19 0
2318 330 82 20 6..0
2426 329 15 20 0
2469 330 13 18 0

1893 358 75 21 Beef:
1983 357 77 22 Fresh,
2079 364 88 14 carcase
2183 364 39 20 per

2011 383 24 22 lb
2233 385 14 20 0
2274 384 13 19 0
2303 384 27 20 10
2348 395 18 7 ..
2386 383 14 20 0
2427 383 14 19 0
2469 383 14 19 0

2002 409 53 26 Salt,
2065 417 41 20 per
2119 410 67 21 tierce
2198 424 19 6 ..
2235 412 14 20 0
2276 412 14 19 0
2317 411 13 19 0
2348 423 17 6 ..
2386 410 14 20 6
2427 409 14 20 0
2470 409 13 19 0

1894 438 96 21 Butter
1997 444 6 14 :
2021 436 64 27 Irish,
2095 443 41 20 per
2143 436 30 22 lb.
2197 451 6 6 .
2209 451 7 5 .
2235 439 14 19 0
2277 438 11 18 1
2317 436 14 20 2
2348 449 5 6 .
2360 449 6 7 .
2386 437 13 19 0
2428 435 10 20 1
2468 435 12 20 3

2016 463 69 21 Fresh
2238 465 14 19 0
2278 465 14 20 2
2319 463 13 20 6
2350 476 19 6 ..
2387 463 14 20 0
2427 462 13 20 3
2469 462 13 20 0

1895 497 81 15 etrand
1981 498 12 14 *
2000 498 5 14 :
2020 489 60 23 First
2086 489 91 28 quality,
2186 496 40 20 per

2044 515 76 28 gallon
2129 516 25 21 in
2164 515 59 22 bond
2236 517 15 20 0
2278 517 14 20 6
2318 517 14 19 0
2350 529 18 7 ..
2386 517 14 19 0
2427 515 13 21 8
2468 515 14 20 6

1896 545 86 21 Brown
2002 543 73 22 Stout
2082 550 7 14 :
2112 550 40 20 per
2165 541 52 23 hhd.
2233 543 55 20 610
2314 544 15 19 0
2346 556 5 6 .
2358 555 6 7 .
2386 541 54 22 710
2469 542 13 19 0

1896 572 100 21 Cigars:
2008 569 103 27 Manilla,
2118 576 40 20 per
2163 570 59 25 1000,
2237 570 14 20 3
2278 570 14 20 0
2318 570 50 20 0..
2386 567 13 21 5
2427 569 14 19 0
2469 569 13 19 0

2005 596 96 22 Inferior
2237 597 14 20 0
2278 597 14 19 0
2318 596 14 20 0
2350 608 17 7 ..
2386 597 14 18 0
2427 595 14 19 0
2469 595 14 19 0

2005 622 218 27 Havannah,perlb.
2258 628 60 15 none
2350 621 133 21 ..000

2005 649 126 23 Chinsurah
2134 656 39 19 per
2179 650 71 20 10001
2267 650 25 20 10
2320 649 49 20 0..
2387 649 15 19 0
2427 648 14 19 0
2469 648 13 19 0

2005 676 213 22 Alexandrian....
2237 678 15 19 0
2278 677 14 19 0
2319 676 14 20 0
2350 688 19 7 ..
2387 676 15 19 0
2428 675 13 19 0
2470 675 12 19 0

1897 705 87 21 Coffee
1991 711 6 14 :
2009 703 63 26 Java,
2083 710 41 20 per
2131 703 23 21 lb
2238 705 14 19 0
2279 703 13 20 0
2320 702 13 20 6
2351 715 5 6 .
2363 715 6 6 .
2388 703 13 19 0
2428 701 13 19 0
2470 701 13 20 9

1897 732 103 21 Cheese:
2016 729 106 22 Cheshire
2238 731 14 19 0
2279 729 12 19 1
2319 729 13 20 6
2351 742 18 6 ..
2388 729 14 19 0
2429 727 11 20 1
2470 728 13 20 9

2014 757 55 21 Pine
2080 756 73 27 Apple
2174 758 78 20 ....0
2279 757 13 20 0
2320 756 82 20 0..0
2429 754 11 19 1
2469 754 13 20 2

2014 783 76 22 Dutch
2239 785 14 19 0
2280 785 13 19 0
2308 783 26 20 10
2351 795 18 7 ..
2388 783 14 19 0
2429 781 11 19 1
2470 781 14 20 0

1897 811 107 21 Candles
2011 818 5 14 :
2023 809 95 27 English
2124 817 55 19 wax,
2186 816 40 20 per

2041 837 23 21 Id
2238 838 14 20 0
2279 837 13 20 3
2320 837 14 19 0
2351 849 18 6 ..
2388 837 14 19 0
2429 835 13 20 3
2471 835 13 20 6

2028 863 82 22 Mould
2238 865 14 19 0
2280 863 11 19 1
2321 863 13 19 0
2351 875 18 7 ..
2388 863 14 19 0
2430 861 12 20 0
2471 862 13 19 0

2030 890 56 27 Dips
2238 891 14 19 0
2280 891 13 19 0
2320 890 14 18 0
2351 901 19 7 ..
2388 889 14 19 0
2429 889 14 19 0
2471 889 14 18 0

1899 917 94 23 Flour:
2002 916 131 27 lstquality,
2144 919 82 24 perton

2021 943 26 21 of
2056 944 57 20 2000
2121 942 34 22 lbs
2224 943 27 20 15
2278 943 14 20 0
2320 943 14 19 0
2351 942 51 20 ..18
2428 942 14 20 0
2471 942 14 20 0

1998 969 46 23 2nd
2053 969 57 22 ditto
2240 971 14 19 0
2280 971 14 19 0
2321 969 49 20 0..
2389 969 14 20 0
2429 969 55 19 00

1899 998 75 22 Flax:
1991 997 29 21 N.
2031 997 25 21 Z.
2067 1003 40 20 per
2117 999 36 18 ton
2176 996 76 21 ....15
2280 997 14 19 0
2322 997 12 19 0
2353 1009 17 6 ..
2388 997 14 19 0
2428 996 14 19 0
2470 996 12 20 0

1927 1025 73 21 Do.—
2001 1023 131 22 onboard—
2134 1023 115 26 pressedl7
2277 1023 14 20 0
2318 1023 14 20 0
2350 1036 17 6 ..
2386 1023 13 20 0
2426 1023 13 19 0
2468 1023 14 19 0

1901 1052 61 22 Gin:
1982 1051 53 22 Pale
2051 1051 25 27 in
2085 1050 61 21 bond
2240 1051 14 20 0
2280 1050 14 20 3
2322 1051 12 19 0
2352 1063 17 6 ..
2388 1051 14 19 0
2428 1049 15 19 4
2470 1049 14 19 0

1950 1079 62 24 Case,
2020 1079 15 19 4
2041 1077 36 26 gal
2086 1078 38 20 4-5
2132 1077 25 21 in
2165 1076 60 22 bond
2240 1077 11 19 1
2281 1077 13 20 8
2322 1076 12 21 0
2352 1090 18 6 ..
2390 1077 11 18 1
2417 1075 27 21 10
2472 1077 13 19 0

1901 1105 82 21 Hams:
1998 1104 129 26 Yorkshire,
2142 1103 83 28 perlb.
2241 1105 13 19 0
2283 1103 11 21 1
2323 1104 13 20 0
2353 1117 18 5 ..
2390 1105 14 19 0
2431 1102 11 20 1
2472 1102 14 20 2

1901 1131 127 23 Mustard:
2044 1131 42 21 Per
2095 1130 128 22 dozen....
2241 1133 14 19 0
2270 1131 26 19 18
2324 1131 13 19 0
2354 1143 18 6 ..
2391 1130 14 20 0
2432 1129 13 19 0
2474 1129 13 19 0

1901 1159 115 21 Mutton:
2037 1158 93 21 Carcase
2140 1164 39 20 per
2187 1157 22 21 lb
2221 1173 5 5 .
2242 1159 14 19 0
2283 1158 13 19 0
2324 1157 13 19 9
2355 1170 18 6 ..
2391 1157 14 19 0
2432 1156 13 20 0
2461 1155 24 20 11

1901 1185 123 22 Muskets:
2039 1184 93 22 Walnut
2139 1183 90 22 stocked
2243 1185 15 20 0
2284 1184 13 20 0
2325 1184 13 19 0
2355 1196 19 6 ..
2392 1184 15 19 0
2433 1183 14 19 0
2476 1183 14 20 0

1903 1213 76 21 Milk.
1996 1211 98 28 Perpint
2242 1212 16 19 0
2284 1211 14 19 0
2324 1210 13 20 3
2355 1222 19 7 ..
2392 1211 14 19 0
2432 1210 14 19 0
2473 1209 16 21 4

1902 1240 93 21 Maize:
2010 1245 39 21 per
2059 1237 80 22 bushel
2242 1239 14 19 0
2284 1235 12 22 7
2325 1237 13 19 0
2356 1249 19 7 ..
2392 1237 14 19 0
2433 1237 13 19 0
2473 1237 14 19 0

1902 1267 44 21 Oil
1954 1274 5 14 :
1975 1265 103 24 Linseed,
2089 1271 40 20 per
2137 1263 74 27 gallon
2221 1265 36 19 .0
2284 1263 13 21 7
2325 1263 13 20 0
2356 1277 5 5 .
2369 1277 5 5 .
2393 1263 54 21 010
2475 1263 13 20 0

1976 1291 77 27 Black,
2057 1291 24 21 in
2087 1290 172 27 cask,perton24
2287 1291 12 19 0
2327 1291 13 19 0
2357 1304 19 5 ..
2393 1291 14 19 0
2434 1291 14 19 0
2475 1291 13 17 0

2012 1319 89 24 Sperm,
2240 1319 13 19 0
2280 1317 12 19 0
2322 1317 12 18 0
2353 1330 18 6 ..
2389 1317 14 20 0
2431 1317 11 18 0
2473 1317 12 18 0

1903 1347 76 21 Pork:
1996 1345 75 26 Fresh,
2090 1350 87 16 carcase
2192 1350 40 21 per

2019 1371 23 22 ]b
2242 1372 14 19 0
2284 1371 12 20 0
2324 1370 12 20 5
2355 1383 18 7 ..
2391 1371 14 19 0
2432 1371 13 19 0
2473 1371 14 20 0

1903 1399 66 21 Pork
1975 1406 5 14 :
1997 1398 65 25 Irish,
2072 1404 42 20 per
2122 1397 73 21 barrel
2207 1411 5 6 .
2219 1411 6 6 .
2244 1399 15 19 4
2285 1398 14 20 0
2327 1398 12 20 0
2357 1411 5 5 .
2370 1411 6 5 .
2393 1397 14 20 5
2433 1397 14 19 5
2477 1398 14 19 0

1903 1427 119 21 Potatoes
2030 1432 5 15 :
2054 1425 59 21 New
2125 1423 106 28 Zealand,

2080 1458 40 20 per
2129 1455 38 17 ton
2244 1451 14 21 4
2285 1452 14 20 0
2327 1452 13 20 0
2357 1465 5 5 .
2369 1464 7 6 .
2395 1450 14 22 7
2435 1451 14 20 0
2477 1451 13 19 0

1904 1480 94 21 Porter
2008 1486 5 14 :
2042 1478 102 27 Dunbar,
2155 1478 23 21 in
2186 1478 45 21 bot.

2071 1512 41 20 per
2121 1505 41 21 doz
2244 1507 14 19 0
2285 1505 13 20 0
2325 1505 82 20 0..0
2434 1505 13 19 0
2477 1505 14 19 0

2012 1533 86 26 Bryant
2108 1531 45 22 and
2162 1531 68 21 Davis
2244 1533 14 19 0
2287 1533 12 19 0
2327 1532 12 19 0
2357 1545 6 5 .
2370 1545 6 5 .
2395 1532 16 20 O
2435 1532 15 20 0
2477 1532 14 19 0

1904 1560 99 21 Pickles
2014 1567 5 13 :
2050 1558 116 27 Assorted,
2194 1565 40 20 per

2076 1585 58 25 doz.,
2158 1588 74 24 quarts
2247 1585 52 20 11
2329 1585 12 20 0
2359 1599 6 5 .
2372 1598 6 6 .
2398 1585 10 20 1
2425 1585 26 20 10
2478 1585 13 19 0

1906 1614 72 20 Pitch
1991 1620 6 14 :
2030 1612 135 27 Stockholm,
2194 1619 41 20 per

2054 1639 72 22 barrel
2247 1640 14 20 0
2288 1640 13 20 0
2329 1639 13 20 0
2358 1651 20 7 ..
2398 1639 11 19 1
2437 1639 13 19 5
2479 1639 13 20 0

1906 1667 80 21 Plank
1994 1674 6 14 :
2028 1666 54 22 Port
2104 1665 130 27 Nicholson,

2054 1700 40 20 per
2103 1694 41 20 100
2153 1693 44 21 feet
2210 1707 18 5 ..
2247 1693 54 21 010
2329 1693 13 20 0
2359 1706 6 6 .
2372 1706 6 6 .
2397 1693 54 21 012
2477 1694 15 19 0

1906 1721 70 21 Rice:
1988 1721 109 21 Common
2108 1726 39 21 per
2153 1722 47 19 cwt.
2211 1734 18 6 ..
2249 1721 14 19 0
2289 1721 13 19 0
2330 1721 13 19 0
2360 1733 18 6 ..
2397 1721 14 19 0
2425 1720 26 20 10
2478 1721 14 19 0

1988 1747 65 22 Good
2248 1747 11 19 1
2288 1747 15 20 4
2330 1748 13 19 0
2359 1759 19 7 ..
2397 1745 12 22 I
2425 1747 26 19 10
2478 1748 14 18 0

1907 1775 54 20 Rum
1970 1782 4 13 :
1991 1774 25 22 P.
2026 1774 26 21 B.
2063 1773 34 26 P.,
2113 1780 39 19 per
2160 1773 75 26 gallon

2027 1800 24 22 in
2064 1800 63 22 bond
2247 1801 14 20 0
2288 1801 13 20 3
2329 1800 12 19 0
2359 1813 19 6 ..
2397 1801 14 19 0
2436 1800 14 19 5
2478 1801 13 19 0

1907 1828 89 22 Sugar:
2012 1827 120 21 Mauritius
2142 1834 39 20 per
2188 1830 47 18 cwt.
2251 1828 13 20 0
2291 1829 13 19 0
2332 1829 13 19 0
2362 1841 19 5 ..
2414 1830 59 17 none'

2016 1855 81 21 Brown
2112 1854 54 21 ditto
2247 1855 11 19 1
2286 1855 14 19 2
2327 1853 80 21 0..1
2436 1854 13 20 8
2478 1855 13 18 0

2016 1881 97 22 Refined
2127 1881 52 26 loaT,
2196 1888 40 20 per

2042 1908 22 21 lb
2249 1909 14 20 0
2289 1909 14 19 0
2331 1907 13 22 7
2360 1921 19 6 ..
2398 1909 13 19 0
2438 1908 14 19 0
2479 1907 13 20 8

2017 1934 96 22 Manilla
2131 1942 39 19 per
2183 1938 47 18 cwt.
2247 1936 12 20 1
2287 1936 14 19 0
2329 1935 12 20 0
2359 1947 19 7 ..
2397 1934 11 20 1
2437 1935 14 19 6
2477 1935 14 19 0

1907 1963 73 21 Salt:
1996 1961 126 27 Liverpool,
2132 1968 40 20 per
2180 1964 39 18 ton
2227 1977 6 5 .
2249 1963 14 19 0
2289 1963 14 19 0
2330 1962 13 20 0
2360 1974 19 6 ..
2399 1962 13 20 0
2438 1962 56 20 o<o

1907 1989 74 20 Soap:
2009 1988 102 20 Hawes's
2133 1987 102 25 London,

2034 2017 86 24 perton
2235 2014 28 19 20
2289 2014 14 19 0
2331 2013 13 19 0
2361 2012 53 20 ..23.
2438 2013 15 19 0
2480 2013 14 19 0

2026 2039 119 27 Liverpool
2236 2040 27 20 16
2290 2041 13 19 0
2331 2039 80 21 0..18
2439 2039 13 19 0
2480 2041 14 18 0

1909 2068 104 21 Starch:
2030 2066 73 22 Perlb
2252 2067 13 19 0
2292 2067 14 19 0
2332 2067 14 19 9
2364 2079 18 7 ..
2400 2067 14 19 0
2442 2067 10 19 1
2482 2067 14 19 0

1909 2095 142 21 Scantling:
2068 2093 44 21 Per
2119 2094 39 20 100
2167 2093 66 21 feet..
2252 2095 14 18 0
2293 2094 13 20 8
2334 2094 12 19 0
2364 2106 18 6 ..
2401 2093 53 20 012
2482 2095 14 18 0

1910 2121 115 21 Shingles
2033 2128 5 13 :
2054 2120 43 21 Per
2104 2121 60 26 1000,
2173 2119 28 22 N.
2210 2119 26 22 Z.
2252 2121 13 19 0
2292 2121 13 19 9
2333 2121 13 19 0
2364 2133 5 6 .
2376 2133 5 5 .
2401 2120 54 20 012
2482 2122 13 17 0

2040 2147 71 26 Ditto,
2132 2146 28 22 V.
2171 2147 28 21 D.
2211 2146 26 22 L.
2252 2147 13 20 0
2292 2147 14 20 0
2334 2147 13 20 0
2364 2160 5 6 .
2377 2160 6 6 .
2402 2147 53 20 010
2482 2147 14 19 6

1909 2175 51 22 Tar
1967 2191 5 5 .
1988 2173 54 23 Coal
2253 2174 51 18 11
2334 2175 49 18 0..
2402 2175 14 19 0
2442 2175 14 19 0
2484 2175 13 18 0

1992 2200 130 23 Stockholm
2255 2200 11 20 I
2294 2201 11 19 1
2334 2201 49 19 0..
2402 2201 13 19 0
2442 2201 14 19 0
2484 2201 13 19 0

1910 2229 63 22 Tea:
1982 2229 81 26 Hyson
2068 2227 56 27 skin,
2130 2234 39 20 per
2178 2226 63 22 chest
2253 2228 13 20 5
2294 2229 14 19 0
2335 2228 13 20 0
2365 2240 19 7 ..
2403 2226 13 22 7
2443 2226 13 22 7
2484 2228 13 19 0

1986 2255 93 26 Congou
2242 2255 26 21 10
2294 2256 14 19 0
2335 2255 81 19 0..0
2430 2255 26 19 18
2483 2255 14 19 0

1910 2283 106 21 Tobacco
2024 2290 6 13 :
2043 2280 142 27 Negrohead,
2201 2288 41 21 per

2069 2308 32 21 lb.
2115 2308 23 21 in
2154 2307 58 21 bond
2254 2309 13 20 0
2296 2309 8 20 I
2335 2307 18 21 Of
2365 2321 6 6 .
2378 2321 6 6 .
2403 2309 13 19 0
2444 2308 11 20 1
2484 2309 14 19 6

1911 2337 164 21 Turpentine':
2091 2334 144 27 Pergallon..
2255 2337 15 19 0
2295 2336 13 20 8
2336 2335 14 20 0
2366 2347 19 7 ..
2404 2335 54 20 010
2484 2336 14 18 0

1912 2363 161 21 Whalebone:
2090 2362 44 21 Per
2143 2365 38 18 ton
2242 2363 27 20 90
2296 2363 13 19 0
2336 2363 14 19 0
2367 2362 64 20 ..110
2444 2363 15 19 0
2484 2363 14 19 0

1913 2390 82 21 Wine:
2010 2389 89 26 Sherry,
2111 2396 39 20 per
2158 2388 49 27 pipe
2219 2390 50 20 ..28
2296 2390 13 20 0
2337 2389 81 19 0..40
2444 2390 15 19 0
2484 2390 14 18 0

2021 2416 71 26 Ditto,
2108 2423 40 20 per
2162 2415 78 22 dozen.
2257 2417 10 19 1
2295 2416 14 20 4
2336 2417 14 18 0
2367 2429 19 5 ..
2404 2415 13 20 2
2432 2415 26 21 10
2485 2417 13 17 0

2022 2443 60 26 Port,
2093 2450 41 20 per
2143 2442 48 30 pipe
2217 2444 51 20 ..28
2296 2444 13 20 0
2336 2443 14 20 0
2366 2443 52 20 ..60
2444 2443 14 20 0
2484 2443 13 19 0

2088 2470 98 27 perdoz.
2216 2471 49 19 ..1
2294 2470 12 20 8
2335 2470 13 20 0
2365 2482 18 6 ..
2402 2470 14 19 2
2442 2470 14 20 8
2482 2470 14 18 0

2021 2496 150 28 Champagne,
2184 2495 55 22 ditto
2253 2497 14 20 2
2294 2497 12 19 5
2335 2497 13 20 0
2365 2509 19 6 ..
2402 2496 14 20 4
2430 2497 26 19 10
2483 2496 13 19 0

1914 2524 121 21 Poultry:
2049 2523 80 27 Fowls,
2136 2530 40 20 per
2181 2523 49 27 pair
2236 2538 6 6 .
2257 2525 14 19 0
2298 2524 12 20 8
2338 2524 13 20 0
2368 2536 19 6 ..
2405 2524 14 19 0
2433 2523 26 20 16
2486 2523 12 19 0

2047 2549 86 28 Ducks,
2144 2550 54 21 ditto
2219 2564 4 6 .
2231 2564 6 6 .
2256 2551 54 20 016
2337 2551 14 19 0
2367 2563 6 5 .
2381 2563 5 6 .
2405 2551 13 19 0
2445 2551 14 19 0
2485 2550 13 19 0

2050 2577 79 27 Geese,
2141 2576 54 22 each
2218 2591 5 5 .
2230 2590 6 6 .
2257 2578 10 20 1
2296 2578 13 19 0
2336 2577 36 20 o•
2379 2589 7 7 .
2404 2577 14 19 0
2444 2577 14 19 0
2485 2577 13 19 0

2048 2603 109 27 Turkeys,
2168 2603 54 21 each
2258 2604 53 20 010
2338 2605 13 19 0
2369 2617 5 5 .
2382 2617 6 5 .
2407 2605 12 19 0
2447 2604 13 20 0
2486 2604 13 18 0

2049 2631 104 26 Pigeons,
2164 2630 77 27 (wild,)

2075 2665 42 20 per
2125 2657 47 28 pair
2193 2671 45 7 ....
2258 2658 12 20 0
2298 2657 11 21 1
2338 2657 14 20 0
2369 2670 18 6 ..
2406 2659 13 19 0
2444 2657 14 20 2
2486 2658 12 18 0

2049 2685 85 26 Ducks,
2143 2684 34 22 do.
2188 2684 51 22 do..
2258 2685 13 20 0
2298 2685 13 19 4
2339 2685 14 19 0
2370 2697 18 6 ..
2407 2685 13 19 0
2447 2685 14 19 6
2487 2684 12 19 0

1915 2714 73 20 En«s:
2006 2712 42 22 Per
2057 2712 74 21 dozen
2259 2712 13 20 0
2299 2712 14 20 2
2339 2711 14 20 6
2370 2724 19 6 ..
2408 2712 13 19 0
2447 2711 14 20 3
2488 2711 12 19 0

1915 2741 78 20 Cows:
2009 2739 71 22 Milch
2246 2738 26 21 15
2299 2739 14 19 0
2339 2739 14 19 0
2371 2737 50 21 ..25
2448 2739 14 19 0
2488 2740 12 16 0

1916 2767 97 22 Maii.es:
2029 2766 75 21 Brood
2245 2766 28 20 50
2299 2766 13 20 0
2339 2766 14 19 0
2371 2765 50 21 ..80
2448 2765 14 19 0
2488 2765 13 19 0

2049 2793 132 22 Bullocks:
2204 2792 43 21 Per

1943 2821 49 27 pair
2247 2820 28 20 40
2301 2820 14 19 0
2342 2819 13 20 0
2372 2819 51 19 ...60
2450 2819 13 19 0
2489 2817 12 19 0

1917 2847 64 22 Hire
1992 2855 26 13 of
2030 2854 67 14 ditto
2104 2854 6 13 :
2125 2846 43 22 Per
2174 2846 50 27 day,
2233 2853 14 14 a

1944 2878 61 18 team
2014 2873 45 22 and
2066 2873 75 21 driver
2262 2873 11 20 1
2302 2873 13 20 0
2343 2873 13 19 0
2373 2885 18 7 ..
2411 2872 12 20 2
2451 2873 12 19 0
2489 2871 12 20 0

1918 2901 89 22 Sheep:
2021 2900 66 21 Each.
2261 2900 11 19 1
2300 2900 28 19 0.
2341 2900 14 19 0
2371 2911 20 7 ..
2411 2899 10 20 1
2450 2899 12 19 8
2489 2899 13 19 0

1918 2928 63 21 Boat
1991 2927 74 22 Hire:
2080 2926 44 21 Per
2129 2926 49 27 day,
2183 2925 64 22 with-

2110 2956 39 18 out
2158 2952 70 21 hands
2238 2954 35 19 .0
2288 2953 25 20 10
2341 2953 14 19 0
2371 2964 7 7 .
2385 2965 5 7 .
2411 2952 9 20 1
2450 2953 14 20 0
2489 2952 13 20 0

1918 2980 87 23 Wages
2012 2987 5 14 :
2045 2979 138 27 Mechanics,
2207 2986 42 20 per

2262 3006 13 20 2
2303 3006 13 20 0
2343 3006 14 20 0
2374 3018 18 6 ..
2411 3005 14 21 3
2452 3006 13 20 0
2492 3006 13 19 0

2054 3033 126 21 Labourers
2197 3046 45 7 ....
2262 3034 11 19 1
2289 3033 26 20 10
2342 3033 14 19 0
2374 3045 17 7 ..
2411 3032 10 20 1
2437 3032 27 20 16
2492 3033 21 19 0-

2155 3059 120 22 DUTIES.

1920 3088 99 22 British
2031 3088 91 21 Spirits
2333 3087 32 20 4s.
2375 3092 40 21 per
2424 3085 79 27 gallon.

1920 3115 106 22 Foreign
2038 3114 55 21 ditto
2334 3113 31 21 ss.
2376 3120 39 20 per
2423 3112 78 27 gallon.

1920 3142 105 21 Tobacco
2035 3140 175 28 manufactured,
2336 3141 30 20 Is.
2376 3146 39 21 per
2424 3139 30 22 lb.

2035 3167 205 23 Unmanufactured
2335 3166 36 22 9d.
2381 3173 40 20 per
2428 3166 30 21 lb.

1922 3196 75 22 Snuff
2002 3210 5 6 .
2014 3210 5 6 .
2028 3210 6 6 .
2041 3210 5 7 .
2336 3195 31 20 2s.
2376 3200 40 20 per
2423 3193 30 21 lb.

1922 3223 87 22 Cigars
2160 3240 4 8 ,
2321 3236 3 5 ■
2337 3222 32 20 2s.
2378 3219 77 29 perlb.

1922 3250 83 22 Wines
2329 3248 25 21 15
2367 3254 40 21 per
2416 3248 53 20 cent.

1922 3277 56 27 Tea,
1993 3277 84 26 Sugar,
2095 3277 85 25 Flour,
2198 3276 98 26 Wheat,

1941 3304 45 21 and
1996 3303 63 22 other
2070 3304 87 26 Grain,
2167 3304 12 20 5
2189 3309 39 21 per
2238 3306 58 18 cent:
2309 3299 4 24 I
2358 3316 8 7 ■,
2378 3315 94 18 valnrpm

1923 3330 40 23 All
1972 3330 63 22 other
2044 3330 107 22 Foreign
2156 3330 145 27 productions,
2308 3326 14 25 f
2339 3318 33 21 ad
2378 3318 94 20 valorem
2473 3329 5 6 '

1937 3357 46 22 and
1986 3357 168 22 manufactures
2162 3358 24 20 10
2192 3363 40 21 per
2238 3360 58 19 cent.
2302 3352 15 31 J

2127 3383 184 23 EXCHANGE.

1925 3417 68 30 B^
2002 3424 50 22 bill,
2061 3432 29 14 on
2101 3423 95 24 London
2225 3407 277 59 {»£«£JSS;

1926 3465 38 23 On.
1971 3464 88 28 Sydney
2344 3465 71 22 Ditto.

1925 3492 90 22 Private
2024 3492 50 21 bills
2308 3512 3 2 .
2322 3490 109 24 Nominal.

1947 3549 39 18 The
1997 3549 48 17 New
2055 3549 100 17 Zealakd
2165 3550 93 17 Gazette
2263 3551 37 17 and
2453 3549 49 16 SMC-

1926 3574 65 14 tatob
1995 3570 17 17 is
2017 3570 100 21 published
2122 3575 54 17 every
2180 3571 115 22 Wednesday
2304 3572 37 16 and
2351 3571 90 20 Saturday.
2461 3567 39 17 Sub*

1924 3591 63 21 joined
1993 3595 31 12 are
2031 3591 30 16 the
2068 3592 90 16 termi:—

1948 3612 65 17 PaicE
2018 3615 25 13 op
2048 3616 42 12 ths
2097 3612 96 17 Pape».—
2193 3612 55 22 Forty
2253 3613 84 21 shillings
2342 3617 32 16 per
2383 3615 72 15 annum,
2465 3611 30 18 p»y

1927 3633 40 17 able
1972 3633 21 16 in
2000 3633 80 16 advance
2084 3638 5 15 ;
2100 3638 21 12 or
2126 3638 36 12 one
2167 3634 76 21 shilling
2248 3635 29 15 for
2282 3634 58 20 single
2346 3633 89 17 number*.

1948 3654 156 17 Advertisements
2111 3654 39 17 -will
2155 3656 31 15 not
2192 3659 67 17 appear
2267 3655 20 16 in
2298 3655 34 16 the
2338 3657 80 17 enduing
2426 3651 69 18 numl)«

1927 3675 19 17 if
1952 3675 85 17 received
2040 3675 47 16 later
2093 3673 50 19 than-
2150 3676 20 16 10
2176 3675 73 20 o'clock,
2257 3680 47 15 a.m.,
2311 3680 24 12 on
2342 3675 31 16 the
2379 3673 87 19 mornings
2473 3671 26 16 be-

1927 3696 39 17 fore
1978 3695 119 21 publication.
2118 3696 156 18 Advertisements
2287 3695 38 18 -will
2328 3697 29 16 ibe
2367 3693 93 18 continued
2466 3693 32 15 ana

1928 3716 78 21 charged
2016 3716 49 17 until
2073 3715 165 22 counter-ordered;
2250 3717 46 17 such
2302 3716 51 18 order
2358 3716 51 17 must
2414 3716 20 16 be
2439 3713 39 17 sent
2482 3713 17 13 to

1929 3738 32 17 the
1969 3737 55 17 Office
2036 3738 35 16 two
2090 3737 45 21 days
2153 3738 59 17 before
2221 3737 117 22 publication,
2350 3737 36 16 and
2389 3739 44 14 onus
2435 3736 7 14 t
2451 3734 20 16 be
2480 3733 18 14 in

1928 3758 80 21 writing.
2030 3758 156 17 Advertisements
2198 3759 82 16 received
2298 3758 52 23 after
2365 3758 22 17 10
2402 3755 62 17 o'clock
2477 3755 21 13 on

1929 3779 83 20 Tuesday
2024 3779 37 16 and
2071 3779 67 21 Friday
2148 3780 92 20 mornings
2251 3779 38 17 will
2298 3779 22 17 be
2331 3777 76 22 charged
2416 3776 47 17 twice
2471 3776 26 13 we

1930 3800 53 17 usual
1988 3800 54 16 rates.
2349 3802 2 8 '
2480 3813 5 3 .

1950 3821 31 17 All
1986 3821 67 19 orders,
2064 3820 157 20 advertisements,
2231 3820 39 17 and
2278 3818 158 19 communications
2447 3818 18 14 to
2474 3817 25 12 too

1930 3842 70 19 Editor,
2005 3845 32 12 are
2042 3842 97 19 requested
2144 3843 20 15 to
2169 3843 22 15 be
2197 3841 98 17 addressed
2300 3842 19 15 to
2325 3840 37 17 this
2368 3840 60 16 Office.

831 146 78 20 Meat
929 145 150 24 Company.
1093 146 29 21 ,%■

661 178 93 50 THE
774 176 238 27 UNDERSIGNED,
1030 176 98 27 having*
1134 176 56 21 been
1211 183 38 20 ap-

736 206 91 27 pointed
843 206 110 25 Manager
963 204 25 21 of
1002 203 38 21 the
1054 202 194 27 Meat-Company,

660 233 89 26 begs'to
758 239 119 15 announce
886 231 49 21 that
949 237 14 14 a
973 229 88 27 regular
1069 228 113 28 supply^of
1191 228 57 26 beef,

662 262 95 24 mutton,
779 258 45 22 and
840 258 57 28 pork
913 264 53 20 may
986 256 81 27 always
1085 256 28 21 be
1134 255 117 27 depended

662 292 61 21 upon
735 289 23 17 at
767 286 45 20 this
823 284 173 22 establishment.

671 311 3 4 '
690 313 33 21 As
749 312 42 21 this
816 312 114 26 Company
950 315 107 22 purposes
1075 308 80 26 selling
1174 311 22 18 at
1213 308 37 21 the

662 339 79 21 lowest
749 338 73 28 prices
832 341 23 18 at
869 337 73 22 which
951 338 19 19 it
984 336 18 21 is
1010 335 77 22 found-
1092 334 37 22 the
1138 337 60 19 meat
1210 341 42 15 can

662 366 29 20 be
701 364 109 27 afforded,
822 364 37 21 the
869 362 151 28 undersigned
1028 362 20 21 is
1060 361 53 27 only
1123 360 127 23 authorized

664 395 21 18 to
697 392 52 26 give
754 399 55 19 very
815 390 87 23 limited
911 390 77 26 credit,
996 388 45 23 and
1049 388 39 21 has
1093 388 58 21 been
1160 387 93 22 ordered

664 421 22 19 to
702 421 50 24 stop
767 418 31 21 all
812 419 104 20 accounts
931 415 74 22 which
1019 422 38 14 are
1071 418 49 18 not
1126 413 53 28 paid
1193 421 59 20 upon

664 444 103 22 demand.

690 470 49 22 The
750 470 101 22 business
862 470 25 21 of
895 468 37 22 the
943 465 114 29 Company
1065 467 20 22 is
1095 466 86 23 carried
1190 474 29 14 on
1228 467 24 21 in

666 498 57 21 their
738 504 50 15 new
803 496 109 26 building,
923 494 89 22 erected
1029 494 103 21 between
1150 493 104 22 France's

664 524 71 22 Hotel
754 523 44 22 and
818 522 37 22 the
874 522 59 21 head
949 521 27 22 of
989 521 39 22 the
1043 520 56 27 Bay,
1118 520 45 21 and
1177 520 77 27 nearly

666 550 99 31 opposite
775 553 24 18 to
810 550 44 21 Mr.
866 548 83 28 Lyon's
960 548 69 21 Store.

941 581 36 22 W.
992 581 102 26 Flyger,
1110 580 117 27 Manager.

693 609 132 24 November
834 611 35 24 23,
881 609 61 21 1842.

860 660 85 20 Fresh
960 659 104 24 Butter,

668 693 163 50 ALWAYS
848 700 30 14 on
893 693 49 21 Sale
958 696 24 18 at
998 692 37 22 the
1047 693 63 21 Meat
1123 691 132 27 Company's

713 729 7 7 *
748 720 117 28 premises.

941 745 36 22 W.
993 745 102 26 Flyger,
1111 745 117 27 Manager.

695 781 161 26 Willis-street,
868 780 55 22 Dec.
935 781 21 25 2,
968 781 11 18 1
1014 781 15 24 1,

670 827 92 48 THE
786 828 79 19 Nelson
888 827 116 19 Examiner
1028 825 41 20 and
1091 825 53 19 New
1166 825 93 19 Zealand

745 854 110 25 Chronicle
871 851 126 27 (published
1007 854 22 18 at
1038 851 102 26 Nelson,)
1156 851 19 21 is
1192 858 66 21 regu-

668 880 58 27 larly
746 879 142 22 transmitted
902 882 22 18 to
941 878 144 27 Wellington,
1105 877 45 22 and
1165 884 51 20 may
1229 878 28 21 be

669 907 42 21 had
723 910 24 18 at
755 907 38 20 the
804 907 63 20 office
878 905 26 22 of
914 905 44 21 this
967 912 75 24 paper.

695 933 49 22 The
754 934 80 20 Nelson
842 933 116 21 Examiner
974 931 45 23 will
1029 931 27 22 be
1065 930 70 22 found
1145 938 30 14 an
1185 931 74 21 excel-

667 960 49 22 lent
724 961 101 20 medium
835 960 35 21 for
880 959 139 22 advertisers.

695 987 79 22 Terms
785 987 34 22 for
829 987 37 21 the
876 994 74 19 paper,
961 989 37 18 ten
1007 984 104 27 shillings,
1121 991 40 20 per
1169 986 90 25 quarter

669 1014 94 28 payable
772 1014 24 21 in
807 1013 108 22 advance.

697 1041 82 21 Orders
803 1041 34 20 for
857 1039 38 22 the
917 1046 69 21 paper
1007 1037 47 22 and
1075 1037 184 22 advertisements

670 1067 102 22 received
784 1070 23 18 at
817 1067 37 21 the
865 1066 70 22 Office
947 1065 26 21 of
984 1065 44 21 this
1036 1072 77 19 paper.

669 1119 61 22 \\The
740 1119 80 17 FIRST
829 1117 189 19 PRODUCTIONS
1028 1117 20 17 in
1061 1116 31 17 the
1101 1115 94 18 WORLD
1203 1116 35 21 for

670 1148 55 21 The
737 1147 104 22 HAIR!
857 1148 56 20 The
923 1145 105 24 SKIN!!
1043 1145 56 21 The
1109 1144 148 21 TEETH!!!

840 1195 250 24 ROWLAND'S

758 1228 289 22 MACASSAR
1083 1228 94 23 OIL,

803 1270 14 14 A
832 1269 132 15 VEGETABLE
979 1268 153 14 PRODUCTION.

673 1297 92 24 rjiHE
775 1296 54 25 only
840 1296 76 21 article
932 1295 49 21 that
991 1295 108 26 produces
1109 1294 46 21 and
1168 1297 93 18 restores

680 1312 29 35 1
720 1324 95 25 HAIR;
824 1322 46 22 also
878 1321 381 27 WHJS'KERS.MUSTACHIOS,

673 1351 43 22 and
727 1350 194 26 EYE-BROWS;
937 1353 105 23 prevents
1050 1349 56 20 Hair
1113 1349 57 20 from
1181 1347 80 27 falling

711 1385 26 14 or
747 1376 90 28 turning
853 1384 54 19 grey
918 1380 26 17 to-
956 1375 37 21 the
1010 1375 64 22 latest
1083 1375 78 28 period
1177 1375 25 20 of
1208 1375 39 20 life
1254 1382 5 19 ;

673 1405 96 27 changes
780 1411 54 19 grey
844 1403 50 22 hair
904 1407 21 24 £o
937 1403 27 21 its
975 1402 93 27 original
1085 1409 89 14 colour
1175 1413 27 3 —
1204 1401 58 21 frees

672 1432 18 21 it.
704 1432 59 21 from
772 1430 67 26 scurf,
851 1430 44 21 and
904 1429 85 22 -makes
1004 1430 17 19 it
1036 1429 131 27 beautifully
1178 1428 81 26 SOFT,

673 1458 112 26 CURLY,
804 1457 48 22 and.
867 1455 133 27 GLOSSY.,
1022 1456 28 21 In
1061 1456 99 26 dressing
1171 1455 88 26 HAIR,

672 1485 17 21 it
703 1484 69 28 keeps
782 1485 18 21 it
810 1484 49 21 firm
874 1483 23 22 in
911 1482 36 22 the
963 1483 53 24 curl,
1028 1482 118 27 uninjured
1161 1482 30 27 by
1200 1482 62 27 damp

673 1513 97 25 weather,
789 1511 99 25 crowded,
899 1517 75 18 rooms,
991 1510 37 21 the
1043 1510 70 23 dance,
1137 1516 24 15 or
1179 1510 23 21 in
1223 1509 38 21 the

674 1539 98 22 exercise
780 1539 26 21 of
812 1539 78 25 riding.
918 1538 33 21 To
960 1538 103 25 Children,
1071 1537 17 20 it
1098 1536 18 21 is
1127 1535 134 27 invaluable,

674 1573 22 14 as
716 1566 18 21 it
748 1566 48 26 lays
817 1573 13 14 a
843 1564 134 23 foundation
996 1564 34 21 for
1050 1571 12 14 a
1081 1562 181 23 BEAUTIFUL

675 1592 90 22 HEAD
782 1592 39 21 OF
838 1589 89 25 HAIR.

701 1627 45 21 ON
759 1625 215 26 PURCHASING,
991 1625 118 26 (Beware
1129 1623 30 21 of
1172 1624 90 20 Coun-

675 1653 105 21 terfeits
791 1653 4 21 !
805 1654 17 25 !)
841 1653 40 22 ask
900 1653 33 21 for
979 1651 137 22 Rowland's
1136 1651 128 21 Macassar

676 1681 44 21 Oil
742 1691 27 5 —
772 1680 45 22 and
836 1688 37 13 see
894 1679 48 21 that
958 1679 63 21 those
1040 1678 71 21 words
1127 1684 36 14 are
1181 1684 28 14 oil
1225 1677 38 21 the

675 1707 115 27 envelope,
801 1707 52 21 with
864 1707 37 21 the
912 1707 117 25 Signature
1039 1705 43 21 and
1088 1704 107 26 Address,
1204 1703 58 27 thus,

701 1742 29 21 A.
744 1740 161 23 ROWLAND
917 1741 20 20 &
947 1740 67 25 SON,
1026 1740 33 26 20,
1066 1738 87 22 Hatton
1164 1737 97 27 Garden,

944 1766 102 22 London.

775 1800 196 27 Counter-signed,
983 1799 93 22 ALEX.
1093 1799 169 21 ROWLAND.

701 1836 34 22 To
753 1843 79 14 ensure
847 1834 38 22 the
903 1834 95 28 genuine
1014 1833 83 26 article,
1112 1840 36 15 see
1165 1832 47 22 that
1227 1835 37 19 the

675 1863 62 22 word
751 1862 139 21 "Rowland's
909 1860 110 21 Macassar
1102 1867 37 14 are
1151 1867 115 19 engraven

666 1898 36 14 •on
714 1890 39 21 the
761 1890 59 20 back
833 1889 25 21 of
864 1889 38 21 the
914 1888 108 27 envelope
1038 1887 78 26 nearly
1128 1888 53 20 1500
1191 1887 72 25 times,

666 1912 140 31 'containing
815 1917 77 26 29,028
902 1916 101 21 letters—
1007 1921 106 15 without
1131 1921 53 14 this
1202 1921 62 13 none

678 1952 18 14 IS
712 1950 113 16 GENUINE.

677 1976 63 21 Price
750 1977 32 19 3s.
793 1975 37 21 6d.
838 1982 5 18 ;
856 1975 31 21 75.
895 1982 5 17 ;
917 1973 87 26 Family
1021 1973 91 25 Bottles,
1126 1971 139 26 (containing

703 2003 50 20 four
762 2001 82 26 small,)
853 2002 43 20 10s.
908 2000 43 26 6d.,
963 2000 43 21 and
1017 1999 81 21 double
1111 1998 47 21 that
1168 1998 43 21 size
1218 1999 46 20 21s.

703 2028 128 28 per'bottle.

779 2079 40 20 To
839 2078 172 25 Proprietors
1028 2075 27 22 of
1069 2076 92 21 Stock.

678 2112 51 48 A
753 2109 199 23 GENTLEMAN
974 2108 47 22 who
1040 2108 40 21 has
1101 2107 59 21 been
1180 2106 87 22 several

757 2144 64 20 years
828 2137 23 20 in
862 2136 80 26 charge
953 2135 26 21 of
990 2135 64 21 stock
1063 2135 24 21 in
1098 2133 112 28 England,
1221 2133 47 21 and

678 2165 49 21 who
742 2164 41 21 has
792 2164 58 21 been
871 2170 61 14 more
953 2161 54 22 than
1027 2161 77 21 twelve
1125 2160 96 22 months'
1242 2160 23 21 hi

678 2192 81 26 charge
770 2191 25 22 of
814 2197 41 14 one
873 2189 25 22 of
917 2189 37 21 the
972 2189 83 26 largest
1073 2187 82 22 dairies
1169 2187 24 21 in
1214 2187 54 21 Port

678 2218 131 26 Nicholson,
819 2217 42 21 has
871 2215 139 23 determined
1020 2218 21 18 to
1053 2214 105 22 establish
1171 2222 13 13 a
1199 2213 69 28 sheep

678 2246 43 21 and
732 2245 67 22 cattle
810 2243 87 26 station,
908 2243 100 21 between
1019 2241 249 26 PoriruaandWanga-

678 2280 13 13 n
695 2272 30 27 ui,
747 2271 53 22 with
814 2271 38 21 the
869 2269 111 22 intention
998 2269 26 21 of
1040 2268 78 27 taking
1136 2268 67 27 sheep
1222 2267 47 21 and

680 2299 66 22 cattle
756 2305 30 15 on
795 2297 83 26 shares,
890 2304 25 14 or
921 2295 124 26 otherwise,
1057 2302 23 14 as
1087 2302 53 24 may
1148 2295 29 21 be
1185 2294 84 27 agreed

678 2333 68 19 upon.
774 2324 49 23 The
838 2331 49 14 new
899 2323 73 22 North
981 2323 73 24 Road,
1064 2329 51 15 now
1124 2328 25 15 in
1158 2325 109 24 progress,

679 2352 45 22 will
734 2352 51 27 give
796 2351 38 21 the
844 2354 59 17 most
911 2350 86 27 perfect
1007 2349 85 26 facility
1108 2348 26 22 of
1146 2348 123 22 communi-

679 2380 75 25 cating
763 2378 30 28 by
803 2377 55 22 land
867 2377 51 21 with
931 2377 37 21 the
983 2376 91 27 grazing
1087 2375 97 21 districts
1196 2375 25 21 in
1229 2375 39 21 the

679 2407 71 21 above
773 2405 114 22 indicated
911 2403 114 22 direction.
1072 2399 45 25 For
1138 2401 131 28 particulars

680 2433 67 27 apply
754 2437 22 16 to
787 2432 37 21 the
838 2432 85 19 Gazette
934 2431 71 20 office.

726 2475 272 23 ROWLAND'S
1027 2474 194 24 ODONTO,

961 2515 36 18 on,

812 2542 104 23 PEARL
940 2540 199 26 DENTIFRICE,

662 2580 51 48 A
750 2579 103 20 WHITE
869 2577 134 24 POWDER,
1016 2575 27 26 of
1057 2575 96 21 Oriental
1160 2575 70 20 Herbs
1248 2574 26 21 of

761 2606 37 21 the
819 2608 59 19 most
887 2604 113 25 delightful
1002 2603 126 26 fragrance.
1130 2613 27 4 —
1159 2601 22 22 It
1199 2600 72 23 eradi-

681 2637 60 18 cates
753 2634 78 19 Tartar
841 2631 44 22 and
897 2631 98 27 decayed
1006 2631 65 26 Spots
1080 2629 59 21 from
1149 2628 38 22 the
1198 2629 71 26 Teeth,

681 2667 114 20 preserves
804 2660 38 21 the
852 2659 94 25 Enamel,
958 2657 43 22 and
1011 2657 55 21 fixes
1077 2655 38 23 the
1125 2657 63 19 Teeth
1198 2655 73 27 firmly

681 2688 23 21 in
713 2687 57 22 their
779 2686 94 26 sockets,
880 2685 122 25 rendering
1008 2683 61 22 them
1077 2684 108 25 delicately
1194 2684 76 20 White.

683 2714 73 26 Being
779 2721 29 13 an
833 2711 190 26 Anti-Scorbutic,
1048 2711 17 21 it
1088 2711 122 21 eradicates
1234 2710 38 21 the

683 2741 85 27 Scurvy
779 2744 59 17 trom
854 2739 38 22 the
904 2740 70 24 Gums,
988 2739 137 26 strengthens,
1140 2739 75 25 braces,
1228 2737 45 22 and

683 2768 91 21 renders
784 2766 61 22 them
862 2766 26 21 of
899 2773 14 14 a
920 2765 92 27 healthy
1022 2765 50 22 red;
1087 2765 18 21 it
1114 2772 102 14 removes
1229 2771 43 15 un-

684 2794 102 26 pleasant
803 2796 68 18 tastes
885 2792 58 22 from
963 2792 37 21 the
1015 2791 86 27 mouth,
1119 2791 73 22 which
1212 2791 61 21 often

683 2821 87 21 remain
781 2820 58 22 after
854 2819 80 27 fevers,
947 2819 77 26 taking
1040 2819 118 26 medicine,
1170 2819 47 26 &c,
1229 2818 46 21 and

684 2848 93 27 imparts
787 2855 13 14 a
810 2847 113 26 delightful
928 2846 119 27 fragrance
1059 2848 21 19 to
1090 2845 38 22 the
1137 2845 87 22 breath.

754 2882 65 22 Price
829 2883 31 20 2s.
872 2881 36 21 9d.
918 2888 40 20 per
967 2881 52 26 box,
1031 2879 56 28 duty
1095 2878 115 23 included.

685 2918 51 22 C@*
754 2916 98 21 Notidte
854 2926 28 4 —
883 2915 46 22 The
947 2915 72 22 Name
1030 2914 45 21 and
1089 2913 102 22 Address
1201 2913 25 22 of
1236 2913 39 22 the

910 2942 143 26 Proprietors,

685 2975 28 22 A.
734 2975 154 21 ROWLAND
905 2974 17 24 8f
939 2975 64 23 SON,
1020 2975 34 25 20,
1073 2974 86 20 Hatton
1184 2972 90 27 Garden,

937 3002 94 20 London.

686 3042 39 15 are
735 3034 114 27 engraved
859 3041 28 14 on
897 3033 37 22 the
947 3033 151 22 Government
1108 3033 83 26 Stamp,
1202 3031 74 22 which

685 3061 20 22 is
714 3061 79 27 pasted
805 3069 28 14 on
844 3060 39 22 the
916 3060 115 21 Kalydoii
1062 3059 45 21 and
1147 3059 96 21 Odonto

687 3088 47 22 also
739 3088 95 27 printed,
847 3087 25 22 in
887 3088 43 26 red,
942 3094 30 14 on
988 3087 37 20 the
1040 3086 109 27 Wrapper
1163 3085 25 22 in
1205 3085 73 22 which

687 3115 38 22 the
737 3115 102 27 Kalydor
848 3114 19 22 is
877 3113 111 24 enclosed.

714 3149 112 22 Beware
845 3148 31 21 of
888 3146 185 24 Counterfeits
1081 3146 20 23 !!
1118 3146 118 27 composed
1252 3146 29 21 of

688 3175 38 22 the
737 3180 58 17 most
803 3175 125 27 pernicious
939 3173 46 22 and
994 3173 74 27 trashy
1078 3173 144 27 ingredients,
1233 3173 45 25 ai\d

688 3202 75 22 which
772 3209 40 14 are
826 3201 127 28 frequently
961 3200 93 27 pressed
1067 3207 63 20 upon
1139 3200 37 21 the
1186 3207 92 20 unwary

688 3229 74 22 under
770 3228 40 22 the
820 3228 48 22 lure
879 3227 26 23 of
911 3229 58 24 being
979 3228 71 26 cheap.

711 3263 33 22 Be
754 3269 49 15 sure
814 3265 23 18 to
848 3262 39 21 ask
897 3262 35 21 for
962 3261 160 22 Rowland's
1131 3261 13 14 ''
1156 3260 104 23 Articles.

690 3297 54 24 Sold
751 3297 30 27 by
787 3304 68 20 exery
864 3297 129 21 Perfumer
998 3295 45 22 and
1053 3295 121 22 Medicine
1180 3295 100 23 Vender

796 3323 136 28 throughout
942 3323 38 21 the
989 3322 103 22 civilized
1101 3322 78 22 world.

732 3370 252 22 ROWLAND'S
1020 3369 218 24 KALYDOR,

692 3403 52 48 A
758 3401 227 23 PREPARATION
995 3401 63 21 fronf
1062 3401 95 21 Oriental
1161 3402 93 26 Exotica,
1262 3402 18 22 is

746 3436 52 14 now.
803 3427 138 28 universally
947 3427 83 22 known
1040 3434 23 15 as
1074 3428 37 21 the
1121 3429 47 25 only
1179 3429 45 21 safe
1235 3429 46 21 and

692 3456 100 22 efficient
796 3457 112 24 protector
916 3455 46 21 and
972 3455 108 26 beaulifi'er
1090 3455 26 21 of
1122 3455 40 23 the
1170 3455 56 22 SkiN
1236 3455 46 23 and

693 3483 161 21 Complexion.
883 3482 33 22 Its
934 3481 84 23 virtues
1036 3489 37 15 are
1094 3482 127 27 commonly
1237 3482 34 22 dis

691 3509 84 28 played
791 3509 26 22 in
836 3509 136 27 thoroughly
988 3509 137 26 eradicating
1143 3509 31 21 all
1185 3511 95 24 pimples,

692 3539 48 24 spot
739 3543 18 20 8,
768 3537 90 26 redness,
869 3539 45 21 tan,
923 3537 103 25 freckles,
1038 3536 44 22 and
1092 3536 64 22 other
1167 3536 115 29 unsightly

693 3566 112 18 cutaneous
822 3565 86 26 defects,
927 3564 25 21 in
970 3563 89 27 healing
1078 3563 115 27 chilblains,
1210 3565 70 26 chapt,

693 3591 47 21 and
753 3591 26 21 in
795 3591 120 27 rendering
930 3591 40 21 the
979 3593 58 19 most
1050 3590 73 27 rough
1133 3590 46 22 and
1191 3598 91 16 uneven

694 3617 57 26 skin,
762 3617 125 28 pleasantly
896 3617 45 22 soft
950 3617 44 22 and
1013 3617 96 22 smooth.
1137 3617 34 22 To
1181 3617 37 22 the
1228 3624 55 15 com-

676 3664 1 3 ,
690 3645 94 30 plexion,
794 3644 20 22 it
822 3645 92 26 imparts
928 3652 15 14 a
954 3643 101 28 juvenile
1069 3646 88 20 roseate
1174 3643 52 28 hue,
1236 3645 47 23 and

695 3676 23 18 to
729 3671 38 22 the
776 3672 58 26 neck,
845 3671 64 27 hand,
920 3673 47 20 and
976 3677 53 20 arm,
1041 3678 17 14 a
1066 3670 102 28 delicacy
1177 3671 44 22 and
1230 3672 53 22 fair-

695 3705 52 15 ness
756 3697 132 23 unrivalled.

724 3730 23 21 It
755 3729 20 22 is
784 3728 128 23 invaluable
918 3736 24 15 as
948 3736 14 15 a
967 3728 135 28 renovating
1106 3728 47 23 and
1160 3730 124 28 refreshing

696 3756 77 26 Wash,
791 3756 83 29 during
894 3756 125 27 travelling,
1039 3763 25 14 or
1064 3773 12 8 lv
1076 3757 115 27 ,expbsure
1210 3760 21 19 to
1246 3758 38 22 the

696 3791 51 19 sun,
758 3783 59 27 dust,
828 3789 25 16 or
867 3782 155 28 harsh-winds,
1033 3782 43 23 and
1086 3782 58 23 after
1153 3782 38 23 the
1201 3783 84 24 heated

696 3810 141 28 atmosphere
854 3809 27 22 of
894 3809 114 22 crowded'
1012 3808 136 24 assemblies.
1148 3821 28 5 —
1179 3810 106 24 Gentle-

697 3844 56 18 men,
761 3836 45 22 will
814 3836 52 22 lind
871 3836 18 21 it
897 3835 122 29 peculiarly
1026 3836 162 28 grateftilrafter
1193 3838 93 28 shaving

695 3864 26 25 iin
732 3863 101 28 allaying
841 3863 39 22 the
888 3863 118 22 irritation.
1092 3864 3 4 '
1109 3869 24 16 <r

697 3895 66 23 Price
768 3897 32 20 4s:
807 3895 36 22 6d.
852 3895 83 22 an&Bs.
939 3894 39 29 J6d.
984 3902 41 21 per
1030 3894 76 29 bottle,
1113 3895 55 28 duty
1173 3895 114 24 included.

698 3933 178 35 /^(HARTE^;
885 3938 176 28 PA-RTIESjfor
1063 3937 53 25 -sale
1126 3942 23 19 at
1154 3941 133 23 ttiQ.Gazttte

755 3965 81 23 Office.
858 3967 3 7 '
902 3962 7 7 '

236 150 92 21 House
344 151 29 18 to
388 144 57 20 Let.

49 185 51 48 A
130 184 87 22 GOOD
238 183 130 22 substantial
387 183 73 26 house,
476 181 54 23 with
542 181 91 21 kitchen
644 194 1 7 ,

129 211 43 21 and
182 210 134 27 out-houses,
328 214 23 18 to
361 211 32 21 let
400 211 24 21 in
440 209 192 23 Manners-street.

49 237 44 21 For
108 238 137 25 particulars,
256 238 65 27 apply
333 240 23 19 to
368 238 44 21 Mr.
423 235 120 24 Brewer's
554 235 78 21 Office.

48 288 87 25 Land,
146 290 54 20 and
215 290 159 21 unselected
388 289 76 21 Land
480 289 97 21 Orders
591 288 43 21 for

118 320 3 6 '
154 333 5 4 .
172 316 69 25 Sale,
259 322 35 15 on
309 316 95 21 liberal
420 318 91 18 terms.

50 348 68 49 TO
133 349 39 22 BE
187 350 88 26 SOLD,
292 351 29 27 by
335 351 85 27 private
438 352 106 24 contract,
565 349 69 26 single

111 376 95 21 sections
215 383 28 14 on
255 377 37 21 the
302 376 106 28 principal
415 377 55 20 lines
479 376 23 21 in
512 376 37 21 the
559 376 76 22 vallies

49 401 26 21 of
87 401 38 22 the
137 402 59 22 Hutt
204 404 44 21 and
259 404 36 21 the
312 403 122 26 Horokiwi,
446 402 45 21 and
507 410 28 14 on
544 402 38 23 the
593 403 42 22 Po-

48 428 61 21 rirua
118 429 65 22 Road
191 438 5 18 ;
213 431 46 20 also
274 430 77 21 blocks
368 430 25 21 of
403 431 61 27 land,
483 430 26 21 of
521 433 41 18 two
577 430 59 21 hun-

49 454 56 22 dred
124 456 46 21 and
188 456 62 21 three
269 456 103 22 hundred
391 465 62 14 acres
471 457 62 26 each,
553 457 23 21 in
598 456 38 21 the

48 480 127 24 immediate
186 484 93 26 vicinity
289 484 24 21 of
326 484 37 21 the
373 484 68 22 Town
453 485 26 20 of
490 483 145 27 Wellington.

48 508 63 27 Also,
125 510 74 21 orders
214 511 34 21 for
266 515 93 23 country
369 511 53 21 land
439 510 43 22 still
497 509 137 26 unselected,

48 535 71 22 either
129 537 72 27 singly
213 545 24 13 or
247 538 24 21 in
281 538 48 26 lots,
342 538 45 21 and
396 538 54 21 with
459 545 25 14 or
495 536 94 23 without
598 535 38 22 the

46 562 70 22 Town
126 564 77 25 Acres,
216 567 22 18 to
247 565 45 20 suit
302 564 137 27 purchasers.

76 589 75 27 Apply
156 593 26 18 -to
193 590 39 22 Dr.
245 591 84 27 Evans,
342 591 111 22 Lambton
464 591 72 26 Quay.

49 620 22 22 A
80 620 79 23 liberal
170 621 71 22 credit
249 622 67 26 given
328 627 21 17 to
359 622 137 27 respectable
507 621 131 28 purchasers

138 648 116 27 intending
265 652 22 18 to
298 649 65 21 settle
373 656 58 21 upon
443 649 37 21 the
490 648 59 22 land.

262 700 164 27 Wanganui.

50 733 68 48 TO
135 734 64 26 LET,
216 741 13 14 a
245 734 151 21 commodious
415 733 114 22 residence
545 733 25 21 of
585 732 50 21 four

125 767 79 20 rooms,
216 760 75 27 facing
301 761 38 21 the
349 760 70 27 river;
434 760 129 27 plate-glass
573 759 63 21 doors

50 785 45 22 and
105 787 110 26 windows,
228 787 53 22 with
297 787 73 27 cellar,
382 787 43 22 and
440 794 14 14 a
467 787 101 26 spacious
584 786 56 21 floor

50 813 78 21 above.
168 813 91 22 Garden
278 814 21 21 in
318 813 43 22 full
379 814 137 21 cultivation.
550 813 87 26 Terms,

48 839 49 22 a£3o
107 847 40 19 per
156 847 93 14 annum.

78 866 54 21 Also
142 874 14 14 a
166 867 90 26 similar,
267 867 40 21 but
315 867 74 26 larger
396 865 125 22 residence.
551 865 85 24 Terms,

50 892 49 23 £40
107 900 41 20 per
157 900 90 15 annum.
278 893 73 28 Apply
362 897 22 18 to

481 919 46 22 Dr.
543 919 69 22 Rees.

80 947 65 26 April
157 948 33 25 18,
203 948 62 20 1843.

50 996 40 20 To
107 997 164 20 Gentlemen
285 996 147 27 intending
446 997 28 19 to
490 997 76 19 enter
580 996 60 21 into

77 1024 45 20 the
151 1024 145 25 profitable
323 1023 109 26 pursuit
462 1023 30 21 of
520 1023 121 26 Grazing

74 1050 60 20 <and
154 1051 137 26 Breeding
310 1051 92 23 Stock,
424 1049 43 22 for
487 1050 88 20 which
596 1051 44 19 the

78 1076 90 22 fertile
187 1077 111 20 Islands
320 1077 31 21 of
368 1077 68 21 New
455 1077 121 21 Zealand
596 1082 44 15 are

78 1109 31 15 so
125 1103 153 26 peculiarly
292 1101 125 29 adapted.

52 1138 92 21 riIHE
155 1138 153 26 undersigned
317 1138 44 26 beg
371 1141 22 18 to
401 1138 82 21 inform
493 1138 59 21 their
556 1137 85 22 friends

59 1159 29 26 JL
122 1164 46 22 and
184 1164 38 21 the
236 1165 75 32 public
328 1165 123 27 generally,
467 1164 50 22 that
534 1164 52 27 they
596 1164 45 22 will

52 1194 100 19 contract
176 1192 36 21 for
229 1190 39 23 the
293 1192 100 27 delivery
418 1192 26 21 of
464 1192 39 21 the
528 1191 114 27 following

51 1217 136 28 description
201 1218 25 21 of
233 1218 74 28 Stock,
314 1219 26 21 in
348 1225 44 21 any
403 1219 54 21 Port
466 1218 26 22 of
506 1218 36 21 the
553 1218 89 22 Islands

52 1245 26 20 of
85 1244 56 23 New
152 1245 101 22 Zealand
261 1253 5 13 :
267 1256 29 4 —

78 1276 98 22 •Horned
192 1277 67 22 cattle
278 1277 125 28 (improved
417 1277 89 26 breeds)
522 1277 25 21 of
560 1277 29 21 all
605 1277 38 21 de-

53 1304 126 27 scriptions,

81 1329 92 28 Horses,
196 1331 57 22 from
276 1331 36 22 the
335 1331 52 22 best
405 1331 93 27 English
520 1330 45 22 and
581 1330 62 22 Arab

53 1357 71 27 studs,
142 1358 94 22 suitable
252 1358 36 22 for
306 1359 85 26 racing,
406 1357 83 28 saddle,
502 1365 24 14 or
538 1357 103 27 harness;

53 1384 46 22 and
107 1384 109 28 breeding
226 1392 81 19 mares,

82 1411 58 21 Pure
151 1412 74 21 Saxon
236 1412 46 21 and
291 1412 87 22 merino
389 1418 64 20 ewes,

81 1438 122 22 Half-bred
219 1439 114 21 Leicester
347 1438 46 22 and
408 1438 86 22 merino
515 1445 62 18 ewes,
594 1445 50 20 par-

53 1465 105 27 ticularly
168 1465 97 27 adapted
278 1465 34 21 for
321 1465 45 22 this
377 1469 100 22 country,
488 1472 25 14 as
522 1465 53 26 they
581 1465 62 21 unite

54 1491 83 28 weight
147 1492 26 21 of
179 1499 87 15 carcass
278 1492 51 22 with
339 1493 97 21 fineness
447 1491 26 21 of
479 1491 63 22 wool.

81 1518 49 22 The
154 1519 151 27 undersigned
328 1526 42 14 can
398 1518 167 22 accommodate
593 1525 51 20 pur-

55 1545 90 23 chasers
160 1546 26 21 of
199 1545 59 22 their
268 1545 67 22 Stock
353 1545 52 21 with
423 1545 114 21 extensive
552 1545 93 27 grazing

53 1580 63 16 runs,
127 1572 77 23 within
215 1574 40 20 100
266 1573 64 21 miles
340 1573 26 21 of
372 1572 43 21 this
426 1571 60 22 Port.

316 1606 37 21 W.
369 1605 25 22 B.
410 1606 97 21 Rhodes
521 1605 43 21 and
579 1606 38 20 Co.

192 1657 88 20 Town
297 1656 30 21 of
339 1656 170 21 Manewatu.

58 1691 93 49 THE
172 1689 215 23 PROPRIETORS
412 1689 25 21 of
461 1689 39 21 the
521 1689 61 21 three
598 1689 48 21 first

145 1717 89 21 choices
250 1720 24 18 at
283 1717 36 21 the
337 1716 45 22 last
396 1716 106 22 selection
514 1716 25 21 of
553 1720 92 23 country

55 1744 71 26 lands,
140 1744 84 27 having
243 1743 139 22 determined
396 1750 61 19 upon
474 1743 38 21 the
529 1743 39 21 site
584 1743 33 21 for
633 1750 13 14 a

68 1778 95 22 TOWN
179 1778 43 21 ON
236 1778 66 21 THE
318 1776 189 23 MANEWATU
523 1776 106 27 RIVER,

56 1811 58 24 after
118 1811 79 19 several
205 1811 60 19 visits
275 1813 21 17 to
306 1809 37 21 the
353 1809 186 27 neighboui'oood,
551 1808 46 22 and
608 1807 37 23 the

57 1840 58 19 most
133 1837 86 22 careful
238 1836 45 22 and
300 1836 85 22 minute
404 1836 150 21 examination
570 1836 26 21 of
609 1836 36 21 the

58 1869 72 17 entire
145 1865 93 26 district,
253 1863 66 22 aided
335 1863 31 27 by
375 1863 37 21 the
427 1862 145 28 professional
587 1862 56 27 skill,

55 1891 141 27 knowledge,
215 1890 45 22 and
275 1890 130 27 experience
420 1890 26 20 of
457 1890 38 20 the
513 1892 58 18 most
586 1897 61 13 com-

55 1921 80 24 petent
142 1917 88 28 judges,
246 1924 94 21 propose
356 1919 23 19 to
394 1916 55 22 offer
459 1916 33 21 for
511 1916 101 27 disposal,
624 1920 23 17 at

208 1944 37 22 the
260 1947 89 24 present
358 1943 60 27 time,
430 1943 68 21 about

58 1975 221 23 TWENTY-FIVE
312 1975 107 25 ACRES,
459 1975 35 21 IN
533 1974 114 22 ALLOT-

59 2003 114 26 MENTS,
189 2002 85 22 EACH
296 2001 39 21 OF
360 2001 63 21 ONE
444 2000 149 24 QUARTER
608 2000 39 22 OF

277 2028 44 22 AN
337 2027 90 22 ACRE.

85 2065 48 22 The
142 2067 50 26 spot
200 2065 52 21 thus
261 2062 97 23 selected
369 2069 111 21 possesses
490 2060 37 22 the
537 2065 57 18 most
610 2069 38 14 ex-

58 2093 87 23 tensive
158 2092 102 26 frontage
274 2093 23 18 to
314 2090 56 26 deep
383 2091 68 20 water
466 2088 26 21 of
504 2095 43 24 any
563 2095 28 14 on
611 2088 36 21 the

58 2120 66 21 river.
154 2119 21 21 It
192 2118 20 22 is
230 2116 97 23 situated
342 2116 47 27 just
401 2117 24 20 at
441 2115 50 22 that
509 2116 63 26 point
590 2116 57 21 from

122 2145 73 23 ■which
205 2152 14 14 a
227 2144 55 22 road
293 2142 72 23 would
375 2142 84 22 branch
470 2141 34 22 off
511 2145 21 18 to
542 2142 38 21 the

60 2185 95 15 •WOODED
179 2184 45 15 AND
246 2182 98 15 FERTILE
365 2182 116 14 DISTRICTS
504 2182 75 14 ALONG
603 2182 45 14 THE

231 2210 56 15 BASE
301 2210 27 14 OF
343 2209 46 14 THE
404 2209 75 18 HILLS,

60 2239 43 23 and
116 2239 70 22 above
197 2237 74 22 which
281 2236 35 22 the
332 2236 128 26 navigation
475 2235 35 21 for
520 2234 81 22 vessels
610 2234 38 22 be-

60 2273 75 16 comes
145 2266 86 24 tedious,
241 2264 25 26 if
271 2266 36 18 not
316 2264 87 25 difficult
441 2262 22 21 Tt
470 2262 18 21 is
494 2262 109 21 therefore
611 2262 37 21 the

260 2291 61 27 point
330 2290 73 22 whovo
415 2288 37 22 the

62 2327 89 22 LAND
165 2326 69 22 AND
249 2324 114 22 WATER
378 2322 162 25 CARRIAGE
555 2322 92 22 MEET,

62 2359 45 21 and
117 2359 72 21 where
199 2365 14 14 a
221 2358 71 20 Town
309 2363 59 15 must
384 2363 28 14 be
427 2362 91 15 formed
535 2354 65 21 when
611 2354 38 21 the

62 2385 86 23 district
162 2385 20 21 is
191 2384 88 22 settled.
309 2383 21 21 It
339 2390 45 14 was
394 2381 97 22 selected
507 2381 30 27 by
547 2381 37 21 the
598 2382 52 21 Sur-

62 2412 82 27 veying
153 2411 59 22 Staff
223 2418 24 14 as
259 2410 36 21 the
305 2409 138 22 rendezvous
452 2408 36 21 for
502 2407 58 22 their
573 2408 60 26 body
643 2416 5 18 ;

64 2439 42 21 and
116 2439 40 21 has
165 2439 58 21 been
233 2445 51 14 now
297 2435 78 28 found,
386 2436 57 21 after
453 2434 86 22 several
555 2435 94 21 months'

61 2465 106 27 location,
178 2467 22 19 to
214 2465 28 21 be
252 2464 37 21 the
299 2466 59 19 most
372 2462 165 27 advantageous
546 2461 102 27 position,

62 2493 58 21 from
137 2493 28 21 its
179 2491 99 28 peculiar
299 2490 84 27 facility
399 2489 27 22 of
436 2488 113 29 approach
558 2488 54 23 both
620 2488 30 28 by

62 2519 55 22 land
126 2518 46 22 and
180 2521 75 19 water.

93 2552 28 21 In
132 2551 153 22 confirmation
296 2549 25 22 of
327 2549 38 22 the
375 2547 131 28 superiority
516 2547 26 22 of
550 2547 43 21 this
603 2550 49 25 spot

64 2585 53 15 over
126 2585 46 20 any
181 2578 63 21 other
252 2580 39 25 yet
299 2577 89 25 known,
400 2575 38 21 the
449 2575 90 21 Messrs.
548 2574 102 27 Kebbell,

65 2606 58 21 after
140 2605 38 22 the
198 2603 151 25 examination
365 2603 26 21 of
406 2602 38 21 the
462 2601 61 22 river
537 2601 57 21 from
614 2601 37 21 the

66 2632 90 23 Paneiri
165 2631 47 24 Pah
222 2635 23 18 to
254 2631 29 22 its
292 2629 86 27 mouth,
389 2628 141 23 determined
543 2635 29 15 on
582 2632 70 18 erect-

304 2657 39 26 ing
355 2657 58 21 their

65 2693 67 23 SAW
147 2692 79 22 MILL
248 2688 230 25 IMMEDIATELY
493 2688 159 22 OPPOSITE.

65 2725 48 22 The
131 2724 72 23 works
220 2723 26 21 of
261 2723 49 21 that
328 2720 170 22 establishment
516 2727 37 14 are
572 2724 23 17 at
611 2720 42 22 this

67 2754 101 20 moment
185 2751 24 21 in
223 2749 65 28 rapid
302 2755 108 21 progress,
427 2747 44 21 and
491 2747 37 21 the
546 2747 108 27 proposed

67 2779 70 22 Town
146 2777 46 22 will
200 2775 133 26 necessarily
339 2774 92 28 partake
438 2774 26 21 of
469 2773 44 22 this
523 2773 131 27 advantage.

94 2810 50 22 The
162 2808 93 23 nucleus
271 2807 25 22 of
311 2814 14 13 a
342 2806 69 22 Town
427 2806 26 26 is,
463 2805 23 22 in
501 2805 52 27 fact,
565 2805 90 28 already

69 2836 96 25 created,
174 2836 31 26 by
215 2835 37 22 the
263 2833 164 22 concentration
444 2832 25 21 of
483 2832 38 21 the
532 2833 123 26 Surveying

70 2864 58 22 Staff
135 2870 29 15 on
173 2862 49 22 that
231 2864 56 24 spot,
298 2867 23 15 as
331 2860 37 21 the
379 2862 74 19 centre
469 2859 26 21 of
506 2859 150 22 communica-

70 2891 47 21 tion
126 2893 25 18 to
160 2889 38 22 the
207 2886 149 28 surrounding
365 2886 96 27 district;
479 2886 37 21 the
528 2886 96 21 erection
634 2886 25 21 of

72 2918 89 21 Messrs.
173 2915 116 23 Kebbell's
304 2914 49 22 Saw
369 2913 62 22 Mills
449 2913 97 27 opposite
554 2921 5 19 ;
575 2913 31 27 by
619 2913 36 22 the

70 2949 164 22 arrangements
248 2942 35 21 for
298 2948 27 15 an
344 2940 113 22 extensive
469 2939 97 22 General
579 2940 62 21 Store
649 2948 6 19 ;

70 2971 46 22 and
124 2971 30 27 by
161 2970 38 22 the
209 2970 43 21 late
262 2968 133 28 application
401 2968 34 21 for
445 2974 13 14 a
464 2966 109 23 Licensed
580 2966 76 22 House

70 3005 28 14 on
107 2998 38 21 the
154 3000 49 24 part
213 2996 26 22 of
250 3003 30 14 an
288 2994 124 23 individual
425 2994 50 21 who
490 2994 47 26 has,
549 2994 60 21 since
620 2994 37 21 the

69 3025 118 21 formation
205 3023 26 22 of
246 3022 38 22 the
300 3022 91 26 Colony,
406 3020 98 28 pursued
520 3028 14 14 a
552 3020 105 23 lucrative

71 3052 63 21 trade
144 3050 53 22 with
206 3050 38 21 the
253 3048 94 26 natives,
359 3047 45 22 and
415 3048 72 21 whose
498 3047 131 27 knowledge
636 3048 25 21 of

71 3078 38 22 the
119 3078 136 25 advantages
266 3076 25 21 of
297 3075 38 21 the
344 3074 101 28 position,
453 3074 117 28 prompted
579 3074 48 22 him
636 3077 23 19 at

72 3112 57 15 once
139 3109 23 16 to
170 3104 73 26 prefer
253 3102 49 21 that
312 3101 143 27 application.

99 3137 49 22 The
157 3135 94 23 Natives
265 3134 30 27 by
304 3133 73 22 whom
392 3133 44 21 this
445 3133 55 22 land
511 3140 44 14 ■was
565 3133 94 22 claimed

72 3170 38 15 are
121 3163 60 27 quite
191 3161 108 28 prepared
308 3163 22 19 to
339 3161 50 26 give
396 3167 30 20 up
433 3161 130 26 possession,
572 3160 44 22 and
622 3168 37 14 are

72 3189 147 26 exceedingly
228 3188 93 21 anxious
334 3191 23 17 to
372 3187 57 21 have
439 3194 14 14 a
462 3187 119 28 European
590 3194 69 21 popu-i

71 3217 70 23 lation
152 3221 80 20 among
243 3214 67 26 them,
321 3214 83 27 having
422 3214 56 21 been
486 3220 61 21 upon
558 3214 36 21 the
604 3217 56 19 most

72 3243 98 27 friendly
176 3242 86 25 footing
273 3240 52 22 with
333 3241 38 21 the
383 3241 125 26 Surveying
519 3240 56 22 Staff
581 3240 80 27 during

69 3271 40 23 the
119 3270 51 21 four
179 3276 24 14 or
212 3268 43 22 five
265 3267 89 22 months
362 3267 54 27 they
435 3267 58 21 have
508 3267 56 21 been
574 3267 87 22 located

70 3297 72 23 there.

100 3329 33 22 As
144 3328 36 22 the
189 3326 140 30 Proprietors,
335 3333 93 20 purpose
437 3330 23 17 to
471 3326 87 27 dispose
568 3326 28 27 of,
600 3327 40 21 but
649 3334 12 13 a

70 3355 88 24 limited
173 3353 89 29 portion
279 3353 25 21 of
314 3353 39 21 the
367 3353 69 21 Town
452 3356 23 18 at
492 3356 102 25 present,,
609 3353 51 27 they

70 3382 82 29 pledge
161 3380 134 23 themselves
302 3379 56 26 that,
369 3383 22 17 at
399 3386 30 15 no
448 3380 73 21 future
532 3380 62 27 sales,
607 3380 53 22 shall

73 3410 39 22 the
123 3409 127 22 allotments
259 3407 29 21 be
297 3409 39 24 put
342 3414 31 19 up
382 3409 23 18 at
415 3414 12 13 a
438 3403 45 25 less
493 3414 49 14 sum
550 3407 56 21 than
613 3414 49 15 now

74 3436 91 23 offered.
186 3441 4 4 •
221 3444 6 3 -

102 3469 23 23 A
144 3468 132 26 Prospectus
295 3464 46 23 and
359 3464 56 22 Plan
435 3464 26 22 of
475 3464 38 22 the
532 3465 68 22 Town
611 3466 51 21 .will

74 3495 87 27 shortly
170 3494 28 22 be
205 3492 71 27 ready
285 3492 33 21 for
328 3491 124 27 inspection
467 3494 23 19 at
502 3492 37 21 the
551 3492 81 22 Offices
641 3493 26 25 qf

75 3523 91 24 Messrs.
179 3519 69 22 Waitt
257 3518 45 22 and
311 3518 76 27 Tyser,
398 3518 31 21 Te
439 3515 55 24 Arb.

102 3554 147 27 Wellington.
261 3551 65 23 Aoril
335 3553 35 22 22,
380 3552 61 20 1842.

248 3603 66 20 Just
324 3614 3 7 .
333 3601 160 25 Published,

78 3639 92 49 THE
194 3634 212 25 WELLINGTON
431 3635 182 23 ALMANACK
630 3635 41 24 for-

153 3666 67 22 1843:

311 3695 123 16 CONTENTS.

105 3718 108 23 Weather
235 3716 77 27 Table,
334 3715 78 28 Cycles
433 3714 45 23 and
502 3715 165 23 Astronomical

78 3746 120 26 Numbersj
212 3744 117 26 Calendar,
346 3742 137 23 Gardener's
499 3742 43 21 and
558 3742 109 23 Farmer's

78 3772 117 27 Calendar,
206 3769 184 28 Meteorological
402 3768 70 23 Table
481 3768 36 22 for
533 3770 60 26 1840,
605 3771 61 26 1841,

78 3800 45 21 and
133 3800 61 26 1842,
206 3798 100 27 Eclipses
314 3798 26 21 of
347 3796 39 22 the
396 3796 47 21 Sun
453 3795 47 22 and
516 3796 78 27 Moon,
611 3796 57 23 New

78 3825 101 28 Zealand
195 3826 121 26 Company,
328 3823 55 22 Post
397 3822 72 23 Office
480 3822 146 28 Regulations
634 3824 35 21 for

79 3852 59 23 New
147 3850 108 28 Zealand,
267 3850 56 23 Civil
339 3849 187 27 Establishment,
539 3850 55 22 Fees
605 3850 62 23 Land

81 3878 91 23 Claims'
197 3878 78 26 Office,
299 3878 60 21 Post.
377 3876 71 22 Office
448 3887 29 5 —
478 3876 101 22 Colonial
607 3876 60 28 Law,

80 3906 76 23 Police
182 3904 71 22 Office
253 3915 28 4 —
283 3904 66 26 Petty
373 3904 108 27 Sessions,
513 3903 109 28 Holidays
646 3908 23 18 at

81 3931 84 31 Pttblif
170 3931 89 28 Offices,
266 3930 115 25 Discuuul
391 3930 73 28 D.ays.,
477 3946 2 7 .
507 3951 2 5 ,

1278 128 299 27 holloVavs
1605 131 258 22 ointment.

1384 159 233 32 HOtLOWAY'S
1639 164 114 26 PILLS.

1433 195 46 27 4t2r

1279 221 312 22 EXTRAORDINARY
1602 220 92 22 CURE
1710 219 31 21 of
1749 225 16 15 a
1776 219 87 21 CASE

1453 246 229 26 ABANDONED,

1280 282 33 22 By
1325 281 96 27 GUY'S,
1433 288 45 15 the
1489 273 375 32 METROPOLITAN^KING'S

1330 308 149 26 COLLEGE,
1496 315 45 14 and

1483 333 180 22 HOSPITALS.

1280 367 53 23 This
1349 367 54 22 Fact
1417 374 45 15 was
1478 367 111 22 SWORN
1607 366 42 22 TO
1664 365 44 21 this
1727 364 38 22 Bth
1784 364 44 28 day
1843 365 25 21 of

1308 394 86 26 March,
1403 395 59 23 1842,
1472 394 77 21 hefore
1561 393 36 22 the
1607 392 70 27 Right
1687 391 132 22 Honorable
1827 391 38 22 the

1309 420 60 22 Lord
1378 423 89 24 Mayor,
1478 423 23 19 at
1509 420 37 22 the
1562 418 194 24 Mansion-house.

1398 454 141 25 Summary
1561 453 31 20 of
1609 451 137 22 Affidavit.

1274 484 108 50 WM.
1398 485 135 27 BROOKE,
1549 485 140 25 Messenger,
1708 482 27 21 of
1744 484 21 24 2,
1782 481 85 22 Union-

1376 514 74 24 street,
1459 511 136 25 Southwark,
1603 510 103 24 London,
1715 508 94 22 maketh
1815 508 52 22 oath

1283 538 44 22 and
1337 538 65 26 satth,
1419 538 47 21 that
1480 538 29 22 he
1520 538 53 27 (this
1584 536 120 28 deponent)
1716 542 45 15 was
1771 535 97 22 afflicted

1284 565 51 22 with
1339 566 77 25 fifteen
1425 566 90 25 running
1523 566 69 19 ulcers
1606 571 29 14 on
1653 562 34 23 his
1701 562 42 21 left
1756 569 56 19 arm,
1823 562 45 21 and

1284 592 112 21 ulcerated
1410 599 59 14 sores
1484 592 45 21 and
1546 591 92 22 wounds
1656 596 29 15 on
1701 588 53 22 both
1764 588 58 27 legs,
1833 588 35 21 for

1284 618 72 22 which
1377 618 110 28 deponent
1509 626 44 14 was
1577 616 109 23 admitted
1708 622 31 15 an
1762 613 106 23 out-door

1285 645 84 27 patient
1378 648 24 18 at
1410 645 37 21 the
1462 644 161 28 Metropolitan
1638 642 111 28 Hospital,
1760 642 24 21 in
1795 641 72 27 April,

1285 673 60 23 1841,
1357 671 71 22 which
1438 672 28 21 he
1476 672 117 21 continued
1599 671 35 21 for
1643 670 77 26 nearly
1730 668 49 22 four
1786 668 82 22 weeks.

1285 698 87 24 Unable
1388 701 23 18 to
1426 698 87 22 receive
1528 705 13 14 a
1556 705 51 14 cure
1623 697 68 26 there,
1704 695 37 22 the
1756 695 113 27 deponent

1285 725 79 26 sought
1372 724 67 23 relief
1445 729 23 18 at
1477 725 38 22 the
1525 725 63 21 three
1596 723 114 26 following
1720 721 105 27 hospitals
1833 729 36 14 :—

1287 751 78 27 King's
1375 752 89 26 College
1475 752 104 25 Hospital
1588 752 24 21 in
1620 750 61 27 May,
1692 750 36 20 for
1728 750 45 25 five
1784 748 70 22 weeks
1861 756 5 19 ;

1287 778 71 26 Guy's
1367 778 104 27 Hospital
1486 779 24 20 in
1520 778 62 27 July,
1593 778 35 21 for
1642 778 33 19 six
1691 776 72 21 weeks
1770 783 6 19 ;
1792 775 44 22 and
1847 778 23 19 at

1286 804 96 28 Charing
1394 805 62 21 Cross
1473 804 101 28 Hospital
1590 807 24 19 at
1626 804 38 21 the
1675 802 44 23 end
1734 802 26 21 of
1772 802 96 27 August,

1285 831 35 22 for
1335 838 61 15 some
1412 831 73 22 weeks
1501 839 73 19 more;
1596 830 73 22 which
1689 829 114 27 deponent
1820 828 48 26 left,

1286 857 67 27 being
1362 858 22 21 in
1395 865 13 14 a
1416 858 34 21 far
1458 865 69 14 worse
1533 858 114 21 condition
1652 856 54 22 than
1714 855 65 22 when
1788 855 28 22 he
1824 855 46 22 had

1287 884 85 28 quitted
1382 884 77 27 Guy's,
1471 884 74 22 where
1561 884 34 21 Sir
1610 884 101 25 Bransby
1722 883 92 26 Cooper,
1824 881 46 22 and

1287 911 63 21 other
1358 911 94 22 medical
1468 911 86 22 officers
1564 910 27 22 of
1599 910 38 21 the
1648 908 169 23 establishment
1825 908 45 21 had

1287 937 46 22 told
1343 937 111 27 deponent
1464 938 47 21 that
1520 937 37 22 the
1568 936 53 27 only
1631 936 85 21 chance
1729 936 24 21 of
1758 937 72 24 saving
1838 936 34 19 his

1287 965 38 25 life
1338 971 41 14 was
1395 966 20 19 to
1424 966 41 19 lose
1480 965 32 20 his
1521 971 45 13 arm
1573 966 10 18 1
1610 962 49 23 The
1675 962 113 25 deponent
1798 962 73 21 there-

1287 999 59 19 upon
1355 992 71 21 called
1436 999 60 19 upon
1506 991 40 21 Dr.
1556 989 87 28 Bright,
1656 989 60 22 chief
1722 988 116 28 physician
1849 989 26 21 of

1288 1019 77 26 Guy's,
1382 1018 57 26 who,
1450 1025 30 14 on
1497 1017 95 26 viewing
1607 1016 129 26 deponent's
1750 1015 120 27 condition,

1287 1045 78 27 kindly
1374 1045 44 21 and
1428 1044 101 27 liberally
1539 1044 54 26 said,
1689 1044 80 24 utterly
1779 1044 24 19 at
1812 1049 12 13 a
1831 1044 41 19 loss

1287 1073 56 20 what
1353 1074 19 18 to
1382 1073 27 19 do
1415 1072 41 25 for
1466 1077 40 19 you
1512 1074 9 18 t
1534 1072 38 19 but
1582 1072 48 19 here
1642 1071 18 19 is
1671 1070 186 25 ha{f-a-sovereign
1864 1079 8 11 :

1286 1106 25 20 go
1323 1101 20 19 to
1353 1100 43 20 Mr.
1407 1100 115 25 Holloway,
1534 1099 42 20 and
1583 1100 35 24 try
1628 1098 55 20 what
1699 1098 61 24 effect
1775 1098 33 20 his
1817 1098 56 20 Pills

1287 1127 42 20 and
1340 1128 103 19 Ointment
1459 1128 45 19 will
1513 1128 56 24 have,
1581 1132 22 14 as
1612 1126 17 20 I
1635 1126 50 20 have
1687 1126 125 25 frequently
1824 1126 49 19 wit-

1287 1155 71 20 nessed
1366 1155 34 20 the
1409 1154 116 25 wonderful
1532 1154 71 25 effects
1616 1154 48 24 they
1673 1154 51 19 have
1734 1154 21 19 in
1765 1153 106 25 desperate

1288 1188 62 14 cases.
1379 1183 45 19 You
1434 1188 38 14 can
1483 1183 28 19 let
1520 1188 32 13 me
1560 1188 33 13 see
1600 1187 42 19 you
1766 1180 55 21 This
1830 1187 43 14 un-

1288 1208 128 28 prejudiced
1424 1208 77 22 advice
1510 1216 43 14 was
1560 1208 104 21 followed
1673 1208 28 26 by
1708 1207 39 21 the
1754 1206 117 28 deponent,

1288 1236 46 20 and
1343 1242 13 14 a
1364 1235 85 28 perfect
1465 1242 52 14 cure
1528 1235 92 22 effected
1635 1234 24 21 in
1674 1234 62 21 three
1747 1234 80 24 weeks,
1843 1234 29 26 by

1289 1262 37 22 the
1335 1269 38 14 use
1380 1262 65 21 alone
1455 1263 26 20 of
1489 1262 137 27 Holioway's
1633 1261 52 21 Pills
1696 1260 44 22 and
1747 1260 125 26 Ointment,

1288 1289 57 21 after
1354 1289 49 21 four
1421 1288 110 27 Hospitals
1547 1288 44 22 had
1607 1288 66 21 failed
1686 1288 4 22 !
1699 1288 5 21 !
1713 1288 6 20 !
1750 1287 73 21 When
1833 1287 40 20 Dr.

1289 1315 78 27 Bright
1377 1322 44 14 was
1436 1315 75 22 shown
1525 1315 30 27 by
1567 1315 36 21 the
1621 1315 118 27 deponent,
1751 1314 39 21 the
1805 1313 70 22 result

1290 1342 25 22 of
1322 1342 33 21 his
1365 1342 78 22 advice
1457 1342 46 22 and
1513 1342 91 27 charity,
1616 1342 29 21 he
1660 1341 54 26 said,
1755 1342 55 19 Jam
1825 1341 50 19 both

1288 1370 113 20 astounded
1415 1370 42 20 and
1471 1369 103 26 delighted
1581 1371 10 18 I
1597 1369 44 25 for
1649 1369 16 20 I
1675 1369 94 25 thought,
1775 1369 46 19 that
1830 1368 24 24 if
1860 1368 16 20 I

1289 1404 46 14 ever
1343 1404 41 13 saw
1393 1403 41 19 you
1443 1398 67 25 again,
1518 1398 59 23 alive,
1587 1397 18 19 it
1614 1397 69 19 would
1692 1397 23 19 be
1724 1396 90 20 without
1820 1401 55 19 your

1289 1431 53 14 arm.
1361 1425 14 20 I
1381 1431 39 13 can
1429 1425 47 25 only
1483 1430 95 20 compare
1585 1425 43 19 this
1635 1430 48 14 cure
1693 1425 21 18 to
1724 1429 13 14 a
1746 1423 73 20 charm

1317 1460 74 21 Sworn
1402 1463 23 17 at
1431 1459 37 21 the
1477 1458 194 23 Mansion-housed

1344 1486 25 21 of
1375 1486 39 21 the
1421 1486 45 26 city
1475 1486 25 21 of
1507 1485 101 25 London,
1616 1484 44 21 this
1668 1481 8 24 L
1685 1485 52 20 Wm.
1748 1485 127 21 BROOKE.

1344 1513 38 22 Bth
1393 1512 43 28 day
1445 1513 26 20 of
1478 1512 86 26 March,
1576 1512 60 21 1842.
1662 1506 10 37 J

1344 1550 77 25 Before
1427 1556 38 20 me,
1522 1549 85 21 JOHN
1624 1548 92 27 PIRIE,
1734 1548 95 22 Mayor.

1291 1584 38 22 IN
1340 1583 63 23 ALL
1417 1583 102 23 Diseases
1530 1583 25 21 of
1567 1582 37 22 the
1621 1582 61 27 Skin,
1694 1582 49 21 Bad
1755 1582 64 27 Legs,
1833 1582 45 21 Old

1291 1611 107 26 Wounds,
1408 1610 42 22 and
1460 1611 85 25 Ulcers,
1553 1609 48 21 Bad
1608 1609 96 26 Breasts,
1713 1610 54 20 Sore
1776 1609 99 27 Nipples,

1292 1637 134 28 Stoneyand
1436 1637 119 21 Ulcerated
1562 1637 102 25 Cancers,
1673 1636 118 26 Tumours,
1800 1636 76 21 Swell-

1290 1665 57 27 ings,
1366 1665 67 25 Gout,
1447 1664 162 25 Rheumatism,
1627 1663 43 21 and
1685 1663 124 26 Lumbago,
1821 1662 55 22 like-

1292 1693 50 20 wise
1351 1691 23 21 in
1385 1698 61 14 cases
1457 1691 25 21 of
1490 1691 72 26 Piles;
1572 1689 37 25 the
1621 1689 64 27 Pills,,
1689 1689 23 22 in
1724 1689 31 21 all
1762 1689 38 21 the
1807 1689 70 21 above

1293 1726 66 19 cases,
1370 1718 70 27 ought
1454 1722 22 16 to
1492 1718 26 20 be
1529 1717 55 21 used
1599 1717 54 21 with
1668 1717 36 21 the
1718 1717 124 25 Ointment,
1854 1723 24 14 as

1292 1745 28 27 by
1340 1745 42 21 this
1402 1752 78 14 means
1499 1752 63 14 cures
1581 1742 45 24 will
1647 1743 25 21 be
1688 1743 94 21 effected
1798 1743 52 21 with
1865 1750 13 14 a

1294 1772 65 22 much
1372 1775 87 24 greater
1476 1771 115 26 certainty,
1609 1770 45 21 and
1668 1770 24 21 in
1708 1770 50 21 half
1770 1770 39 21 the
1824 1770 53 21 time

1294 1798 46 22 that
1356 1799 17 21 it
1389 1799 72 21 would
1480 1798 85 27 require
1583 1798 28 26 by
1625 1797 64 26 using
1705 1797 37 21 the
1760 1797 118 21 Ointment

1293 1825 70 22 alone.
1391 1825 49 21 The
1449 1825 117 21 Ointment
1576 1824 18 21 is
1603 1824 83 26 proved
1697 1823 61 22 to-be
1768 1830 15 15 a
1793 1823 84 22 certain

1293 1852 89 27 remedy
1393 1852 34 21 for
1437 1851 36 22 the
1484 1852 45 21 bite
1539 1852 26 20 of
1572 1850 155 22 moschettoes.

1320 1886 78 27 Burns,
1419 1885 84 27 Scalds,
1520 1884 130 26 Chilblains-,
1671 1883 106 27 Chapped
1797 1884 80 21 Hands

1294 1913 45 21 and
1349 1913 59 26 Lips,
1419 1912 47 22 also
1477 1912 99 21 Bunions
1591 1911 44 21 and
1651 1910 46 23 Soft
1708 1911 76 25 Corns,
1796 1910 44 21 will
1850 1911 28 21 be

1294 1939 149 27 immediately
1454 1938 67 23 cured
1531 1939 29 26 by
1570 1938 37 21 the
1619 1945 39 14 use
1668 1937 25 21 of
1704 1938 37 20 the
1753 1937 124 22 Ointment

1321 1975 69 19 THE
1405 1974 98 19 PII/LS
1513 1980 37 13 are
1560 1976 39 17 not
1609 1971 54 26 only
1670 1971 36 21 the
1712 1971 67 21 finest
1786 1971 93 27 remedy

1294 2001 80 21 known
1383 1999 64 22 when
1456 1999 57 21 used
1522 1998 54 22 with
1588 1997 38 22 the
1643 1997 123 27 Ointment,
1777 1997 41 21 but
1828 2004 23 14 as
1866 2005 13 13 a

1295 2026 98 22 General
1413 2026 112 23 Medicine
1544 2024 62 22 there
1623 2025 19 21 is
1660 2024 94 25 nothing
1773 2024 66 27 equal
1855 2027 22 17 to

1295 2054 67 21 them.
1392 2053 27 21 In
1431 2059 93 15 nervous
1531 2051 116 22 affections
1657 2051 52 26 they
1718 2050 42 21 will
1770 2050 30 21 be
1810 2050 70 22 found

1295 2082 28 20 of
1328 2080 36 22 the
1374 2083 95 23 greatest
1480 2079 89 21 service.
1597 2077 74 22 These
1687 2076 54 22 Pills
1755 2084 45 20 are,
1817 2077 64 21 with-

1296 2111 38 17 out
1344 2106 124 27 exception,
1479 2106 37 21 the
1532 2105 67 21 finest
1609 2104 93 22 Purifier
1716 2103 25 21 of
1754 2104 38 20 the
1809 2104 77 21 Blood-

1295 2141 53 15 ever
1357 2133 135 25 discovered,
1504 2132 44 22 and
1565 2131 111 22 OUGHT
1690 2130 40 22 TO
1745 2130 40 22 BE
1800 2131 80 21 USED

1296 2161 40 21 BY
1352 2161 61 21 ALL
1428 2159 153 23 FEMALES.

1315 2194 80 22 Orders
1404 2194 103 21 received
1515 2197 22 18 at
1548 2192 37 22 the
1621 2193 109 22 Gazette
1768 2192 94 22 Office.

1546 2244 90 21 Seeds.

1298 2281 71 49 ON
1379 2280 85 27 SALE,
1476 2282 23 19 at
1508 2279 37 22 the
1555 2280 87 19 Gazette
1648 2278 76 27 Office,
1734 2278 20 21 in
1762 2278 121 27 quantities

1374 2311 22 17 to
1404 2307 44 21 suit
1457 2306 137 27 purchasers,
1605 2305 38 22 the
1653 2305 113 26 following
1776 2304 64 22 seeds
1848 2312 4 14 :
1855 2316 28 3 —

1325 2341 74 22 Sword
1409 2340 107 28 long-pod
1525 2340 65 26 bean,

1325 2373 118 27 Long-pod
1452 2373 65 26 bean,

1326 2406 107 29 Speckled
1443 2406 72 21 dwarf
1522 2405 84 28 kidney
1616 2405 64 27 bean,

1325 2434 73 23 Broad
1407 2434 66 26 bean,

1325 2461 75 22 Horse
1408 2461 67 25 bean,

1326 2488 83 22 Scarlet
1417 2493 92 20 runner,

1326 2515 67 27 Early
1402 2512 110 24 Warwick
1520 2521 49 20 pea,

1326 2542 67 27 Early
1403 2541 115 22 Mazarine
1527 2548 49 20 pea,
1680 2542 3 9 '

1327 2568 102 23 Prussian
1441 2568 50 21 blue
1501 2575 48 19 pea,

1326 2595 107 23 Nonsuch
1443 2602 49 21 pea,

1327 2623 54 21 Blue
1391 2622 99 28 imperial
1501 2629 49 20 pea,

1328 2650 91 27 Spanish
1428 2649 72 21 dwarf
1507 2656 48 20 pea,

1327 2678 70 24 Large
1408 2676 96 27 cabbage
1515 2676 88 26 lettuce,

1327 2703 130 22 Drumhead
1468 2702 96 28 cabbage
1574 2703 92 27 lettuce,

1328 2731 101 26 Cabbage
1440 2730 89 26 lettuce,

1328 2758 74 21 White
1413 2757 77 22 selesia
1499 2757 88 27 lettuce,

1329 2785 80 21 Brown
1416 2784 45 21 and
1471 2784 65 21 white
1545 2791 51 20 goss
1605 2784 89 27 lettuce,

1329 2812 113 21 Battersea
1452 2811 106 27 cabbage,

1330 2838 127 22 Drumhead
1468 2838 106 28 cabbage,

1330 2865 47 21 Red
1386 2864 76 22 Dutch
1473 2864 106 28 cabbage,

1330 2892 92 21 Puller's
1430 2892 60 27 early
1501 2892 104 27 cabbage,

1332 2918 70 22 Vanal
1412 2919 104 27 cabbage,

1331 2946 104 21 Prussian
1444 2946 67 21 white
1520 2946 81 27 turnip,

1331 2972 84 22 Yellow
1424 2972 77 22 Swede
1511 2973 82 27 turnip,

1332 2999 78 32 Purple
1418 3002 37 25 top
1467 3000 76 21 Swede
1553 3000 81 27 turnip,

1332 3026 73 21 White
1414 3029 63 19 stone
1487 3027 82 26 turnip,

1332 3053 73 21 White
1414 3053 57 21 horn
1480 3053 82 27 turnip,

1333 3080 69 22 Silver
1411 3079 78 22 leaved
1499 3080 57 26 beet,

1333 3106 48 23 Red
1389 3106 58 26 beet,

1333 3133 73 21 White
1415 3133 65 27 beet,.

1334 3160 106 26 Mangold
1449 3159 97 27 wurtzel,

1334 3186 139 27 Altringham
1483 3189 79 24 carrot,

1334 3214 67 27 Early
1409 3214 55 21 horn
1475 3215 78 25 carrot,

1334 3241 63 26 Long
1407 3247 80 19 orange
1498 3242 79 25 carrot,

1334 3267 74 22 White
1417 3266 106 28 mustard,

1335 3293 80 24 Curled
1424 3300 65 20 cress,

1335 3322 63 26 Long
1407 3320 80 22 scarlet
1496 3320 81 27 radish,

1335 3349 72 21 White
1417 3347 74 28 turnip
1500 3347 81 27 radish,

1335 3375 47 23 Red
1391 3374 75 24 turnip
1475 3374 81 27 radish,

1336 3402 131 25 Strasburgn
1477 3401 74 26 onion,
1563 3427 4 6 _

1336 3430 78 22 Brown
1425 3427 97 28 Spanish
1531 3427 73 28 onion,

1336 3456 97 27 Parsnip,
1442 3478 1 5 ,

1336 3482 81 24 Curled
1426 3481 94 28 parsley,

1337 3511 73 21 Green
1421 3508 76 22 curled
1511 3508 78 22 endiye

1337 3536 106 24 Batavian
1453 3534 87 29 endive,

1337 3563 68 27 Leek,

1337 3592 141 26 Asparagus,.

1339 3619 40 21 Sea
1388 3617 54 26 kail,

1299 3662 5 6 ,
1339 3644 71 23 Globe
1421 3650 86 21 savoys.

1341 3671 79 23 Curled
1429 3669 91 28 brocoli,

1339 3698 49 23 Red
1396 3697 57 23 solid
1462 3696 75 29 celery
1546 3697 47 23 and
1601 3697 67 23 white
1679 3697 82 29 celery,

1341 3727 101 21 Summer
1450 3731 87 21 savory,

1300 3754 1 30 j
1341 3752 85 22 Winter
1435 3758 85 21 savory,

1301 3779 1 19 i
1341 3780 63 26 Sage,
1434 3782 6 13 -'
1670 3800 2 5 ,
1702 3796 2 6 

1341 3805 102 28 Thyme,.
1484 3802 13 10 X

1342 3832 100 23 Brussels
1450 3834 93 26 sprouts,

1341 3859 103 27 Borage,,

1342 3885 117 28 Angelica,

1343 3909 92 32 Salsafy,

1344 3965 122 28 Lavender,
