2569 4029
88 17 2429 65 THE

88 82 365 167 NEW
574 82 850 167 ZEALAND
1545 82 972 167 GAZETTE.

600 316 46 45 /
659 328 130 32 PORT
813 330 285 39 NICHOLSON,
1121 313 258 56 SATURDAY
1399 333 241 41 MORNING,
1663 337 127 32 JULY
1812 343 30 33 4,
1866 342 89 30 1840.

904 383 4 5 '
920 381 9 6 **
1026 381 3 4 '
1314 377 11 18 X

2357 345 97 39 [Vol.
2473 346 26 32 I.

93 328 65 32 No.
184 329 63 38 13.]

82 421 84 21 NEW
183 421 170 21 ZEALAND
370 421 98 21 LAND
475 415 5 11 ;
485 421 184 21 COMPANY.

83 473 94 28 Capital,
191 471 118 30 £100,000,
325 474 24 22 in
358 475 56 22 4000
424 474 80 23 Shares
513 475 25 21 of
549 474 47 22 £25
607 474 62 27 each,

306 501 31 22 all
347 501 53 28 paid
408 508 37 21 up.

40 555 15 20 k
164 554 129 22 Governor:
308 554 48 22 The
367 554 66 22 Earl
443 554 150 33 oj^Durham.

62 581 14 12 v
126 586 91 28 Deputy
227 587 118 21 Governor
351 595 5 14 :
373 587 86 22 Joseph
572 588 52 28 Esq.

313 619 115 22 Directors
436 627 5 14 :

135 644 62 23 Lord
207 645 72 28 Petre,

135 671 63 23 Hon.
209 673 92 21 Francis
309 673 92 26 Baring,
412 673 69 27 M.P.,

134 698 62 24 John
207 699 101 23 Ellorker
317 699 111 27 Boulcott,
444 699 60 28 Esq.,

134 725 62 23 John
207 726 99 22 William
315 725 93 28 Buckle,
419 727 60 28 Esq.,

135 753 88 23 Russell
233 753 77 28 Ellice,
321 753 60 28 Esq.,

135 779 77 23 James
221 780 81 22 Brodie
313 780 100 29 Gordon,
426 781 59 29 Esq.,

134 806 97 23 Thomas
241 807 66 22 Alers
318 807 105 28 Hankey,
434 809 61 27 Esq.,

134 833 99 22 William
244 833 60 23 Hutt
320 834 62 27 Esq.,
393 835 69 26 M.P.,

134 860 95 22 Stewart
238 860 162 27 Majoribanks,
412 861 60 27 Esq.,

134 887 36 21 Sir
179 886 99 22 William
287 886 152 27 Molesworth,
450 887 68 27 Bart.,
528 887 70 27 M.P.,

134 913 132 22 Alexander
274 912 79 27 Nairn,
365 913 61 27 Esq.,

134 939 62 22 John
206 939 65 27 Pirie,
281 939 61 27 Esq.,
354 939 130 27 Alderman,

134 966 35 22 Sir
180 966 88 26 George
278 965 100 27 Sinclair,
389 966 70 27 Bart.,
470 967 69 27 M.P.,

134 992 61 22 John
207 992 59 22 Abel
274 992 79 27 Smith,
365 992 61 29 Esq.,
437 993 68 27 M.P.,

132 1019 61 22 Win.
203 1019 136 27 Thompson,
350 1019 62 28 Esq.,
424 1019 129 28 Alderman,
566 1020 69 28 M.P.,

98 1058 9 5 -
134 1047 35 21 Sir
179 1046 80 26 Henry
271 1046 75 27 Webb,
358 1046 70 27 Bart.,

134 1073 85 21 Arthur
228 1072 79 27 Willis,
319 1072 61 28 Esq.,

133 1100 88 26 George
231 1099 119 22 Frederick
357 1095 92 33 Young,
461 1098 52 31 Esq.

191 1134 116 26 Secretary
315 1141 5 14 :
336 1134 63 22 John
410 1134 82 28 Ward,
504 1135 52 28 Esq.

76 1193 93 49 THE
178 1193 60 22 main
248 1194 97 22 features
354 1195 27 21 of
385 1194 39 22 the
431 1199 82 23 system
521 1195 28 22 of
555 1196 111 22 coloniza-

151 1221 49 21 tion
210 1221 96 27 adopted
316 1221 28 26 by
355 1221 38 22 the
406 1222 122 27 Company,
545 1230 44 19 are,
592 1235 31 4 —
625 1224 38 26 Ist,

75 1247 39 22 the
125 1247 46 22 sale
180 1247 27 22 of
215 1247 72 27 lands,
302 1251 23 17 at
339 1255 28 14 an
382 1248 99 22 uniform
495 1249 45 22 and
555 1249 111 23 sufficient

75 1275 73 26 price;
167 1274 44 22 and
224 1273 77 28 2ndly,
318 1273 38 23 the
371 1274 152 28 employment
538 1276 27 21 of
577 1283 14 14 a
605 1276 60 27 large

74 1301 89 27 portion
174 1301 26 21 of
205 1300 38 22 the
252 1300 209 29 purchase-money,
473 1309 24 15 as
507 1310 28 14 an
546 1303 118 26 Immigra-

75 1328 51 24 tion,
132 1327 73 23 Fund.
234 1327 28 21 In
273 1327 62 21 these
344 1331 104 24 respects,
466 1329 37 21 the
512 1329 121 28 principles
643 1331 25 21 of

74 1354 71 22 South
158 1353 115 23 Australia
286 1353 57 23 have
359 1354 58 22 been
431 1355 104 22 followed
549 1363 24 14 as
586 1357 78 27 nearly

74 1388 24 15 as
118 1381 171 21 circumstances
304 1381 81 28 would,
406 1381 23 22 in
444 1381 37 23 the
499 1386 92 24 present
607 1390 55 21 case,

73 1408 90 27 permit.

100 1441 49 22 The
164 1441 72 27 grand
251 1441 74 27 object
339 1441 26 22 of
380 1441 40 22 the
433 1449 56 20 new,
503 1449 25 15 or
539 1442 123 29 improved,

74 1471 85 24 system
169 1468 26 21 of
205 1467 38 22 the
254 1468 97 27 disposal
364 1468 27 22 of
407 1468 96 23 colonial
516 1470 73 26 lands,
606 1471 20 21 is
642 1474 21 19 to

72 1494 102 28 regulate
189 1494 37 21 the
241 1494 80 28 supply
336 1495 26 22 of
378 1503 51 14 new
443 1495 60 27 land,
519 1496 31 32 by
566 1497 37 22 the
617 1498 46 21 real

73 1524 71 19 wants
157 1521 25 22 of
196 1520 38 23 the
250 1521 117 27 Colonists,
384 1529 24 14 so
423 1522 48 22 that
486 1522 37 23 the
535 1517 58 28 land
608 1524 56 22 shall

73 1555 69 14 never
160 1548 27 21 be
207 1547 70 22 either
296 1548 189 28 superabundant,
506 1557 26 14 or
551 1550 110 28 deficient,

61 1575 83 22 'either
161 1578 36 18 too
214 1574 76 27 cheap,
309 1581 25 16 or
353 1578 37 19 too
409 1575 59 22 dear.
506 1576 24 22 It
547 1576 41 22 has
606 1578 57 22 been

72 1601 78 22 shown
160 1601 48 22 that
217 1601 39 22 the
266 1601 43 22 due
322 1602 128 28 proportion
466 1603 102 22 between
583 1604 79 28 people

73 1628 46 23 and
126 1628 54 22 land
186 1635 52 21 may
243 1628 28 22 be
278 1629 130 27 constantly
413 1630 91 21 secured
510 1630 32 26 by
548 1630 114 23 abandon-

71 1656 42 26 ing
121 1656 39 21 the
170 1655 37 22 old
216 1658 85 24 system
311 1654 26 23 of
348 1663 96 19 grants,
455 1657 45 21 and
508 1657 118 27 requiring
634 1665 28 15 an

73 1682 99 25 uniform
182 1682 60 27 price
252 1689 40 21 per
300 1689 56 20 acre,
373 1682 36 22 for
417 1683 31 22 all
456 1690 49 15 new
514 1683 73 27 lands,
600 1684 62 22 with-

74 1713 40 18 out
123 1709 125 27 exception.
257 1712 5 4 '
277 1708 26 23 If
313 1708 38 23 the
360 1709 62 28 price
432 1710 27 21 be
475 1713 39 19 not
528 1713 38 19 too
579 1711 50 26 low,
645 1712 18 21 it

73 1736 74 21 deters
301 1736 58 21 from
375 1736 116 28 obtaining
503 1736 63 28 land,
581 1738 55 22 with
650 1746 13 15 a

73 1762 57 23 view
139 1765 24 19 to
172 1763 90 26 leaving
271 1762 57 22 their
337 1767 108 23 property
451 1764 23 21 in
485 1771 14 14 a
508 1764 76 22 desert
598 1768 63 24 state,

73 1789 46 22 and
133 1788 51 23 thus
197 1792 105 24 prevents
311 1790 110 26 injurious
431 1790 123 28 dispersion
561 1799 5 19 ;
581 1792 19 21 it
608 1792 53 27 also,

73 1816 29 27 by
114 1816 136 28 compelling
257 1822 66 21 every
329 1816 105 23 labourer
441 1820 23 19 to
471 1818 61 21 work
540 1818 35 21 for
582 1825 79 21 wages,

73 1842 57 23 until
140 1842 29 22 he
178 1842 41 22 has
228 1842 69 23 saved
310 1842 38 22 the
358 1844 54 27 only
422 1851 77 15 means
509 1844 27 22 of
548 1845 115 27 obtaining

72 1870 62 26 land,
143 1870 87 21 insures
246 1877 13 14 a
273 1870 80 27 supply
368 1870 27 21 of
405 1871 78 22 labour
497 1871 35 22 for
547 1871 55 22 hire.
633 1872 26 27 If,

72 1903 30 15 on
113 1896 38 21 the
161 1896 63 21 other
233 1896 69 26 hand,
312 1896 42 23 .the
365 1898 61 25 price
435 1898 27 21 be
473 1901 40 18 not
522 1901 38 18 too
569 1898 62 28 high,
645 1899 18 22 it

73 1923 87 22 neither
169 1922 100 22 confines
279 1922 38 23 the
327 1922 88 23 settlers
429 1924 75 23 within
520 1932 14 14 a
548 1933 66 19 space
629 1926 33 21 in-

73 1949 160 28 conveniently
249 1957 93 20 narrow,
359 1957 43 15 nor
415 1947 85 26 does'it
516 1955 96 23 prevent
625 1952 37 23 the

73 1976 79 28 thrifty
166 1976 103 22 labourer
283 1976 58 22 from
355 1977 120 27 becoming
488 1986 13 14 a
513 1978 147 28 land-owner,

73 2003 59 22 after
141 2003 101 26 working
251 2010 61 15 some
323 2004 53 20 time
386 2004 36 21 for
431 2011 78 19 wages.

104 2030 20 20 A
140 2029 118 27 sufficient,
275 2030 42 21 but
335 2033 40 18 not
393 2037 62 14 more
549 2031 112 22 sufficient

71 2056 62 26 price
145 2056 34 21 for
191 2055 30 22 all
234 2063 49 14 new
297 2055 61 27 land,
374 2056 20 21 is
409 2056 37 22 the
461 2057 61 22 main
538 2058 86 21 feature
640 2058 24 21 of

74 2082 37 22 the
130 2089 49 15 new
194 2085 82 29 system
292 2082 26 22 of
334 2083 156 22 colonization.
523 2084 24 22 It
562 2084 99 23 obviates

72 2116 68 19 every
152 2116 84 20 species
251 2109 25 22 of
289 2109 115 27 bondage;
422 2110 32 28 by
468 2111 121 27 providing
603 2119 59 14 com-

71 2136 90 21 binable
170 2136 85 26 labour,
266 2135 18 22 it
293 2136 91 22 renders
393 2137 102 28 industry
502 2145 56 21 very
567 2138 94 27 produc-

72 2162 52 27 tive,
136 2162 44 23 and
189 2162 121 23 maintains
319 2163 55 22 both
384 2163 54 27 high
441 2169 91 23 -'wages,
549 2164 46 22 and
609 2165 53 27 high

71 2189 78 28 profits
156 2198 4 18 ;
168 2210 5 5 .
182 2190 18 21 it
215 2190 77 21 makes
312 2189 37 22 the
368 2191 80 27 colony
465 2198 23 15 as
505 2192 117 21 attractive
639 2199 23 14 as

71 2216 103 27 possible,
190 2216 55 21 both
260 2219 22 18 to
298 2217 121 27 capitalists
436 2217 45 22 and
495 2221 23 18 to
533 2215 114 25 labourers
655 2227 6 19 ;
670 2223 1 4 '

71 2243 46 21 and
127 2247 40 18 not
176 2242 85 28 merely
270 2247 22 17 to
303 2242 68 28 these,
386 2244 40 22 but
436 2244 52 28 also,
499 2244 31 28 by
539 2245 125 26 bestowing

71 2277 29 14 on
116 2270 38 21 the
165 2270 89 27 colony;
269 2270 39 21 the
318 2270 74 22 better
406 2271 116 22 attributes
539 2272 26 21 of
581 2279 29 14 an
627 2272 39 21 old.

71 2296 90 28 society,
174 2299 22 19 to
204 2296 63 22 those
275 2296 50 22 who
332 2296 58 23 have
398 2305 13 14 a
418 2297 91 22 distaste
516 2298 36 21 for
558 2298 61 22 what
624 2298 39 23 has

71 2323 125 22 heretofore
205 2324 58 21 been
274 2323 39 22 the
326 2324 112 27 primitive
449 2324 116 23 condition
575 2326 27 21 of
612 2333 49 14 new

72 2350 106 22 colonies.
186 2357 3 5 ■

97 2377 49 22 The
154 2380 64 24 great
227 2377 74 27 object
311 2377 25 21 of
347 2377 38 22 the
395 2378 60 27 price
464 2378 19 23 is
494 2382 24 19 to
534 2386 77 15 secure
626 2378 36 23 the

69 2408 60 18 most
139 2403 108 22 desirable
255 2404 143 28 proportions
407 2405 100 22 between
521 2406 81 27 people
617 2406 44 21 and

69 2430 55 22 land
130 2439 5 18 ;
152 2431 40 22 but
201 2430 39 22 the
250 2430 52 28 plan
313 2431 40 21 has
363 2431 38 22 the
408 2431 84 23 further
500 2432 72 22 result
579 2432 26 22 of
611 2440 50 20 pro-

70 2458 84 26 ducing
164 2465 13 14 a
186 2465 106 19 revenue,
309 2458 72 21 which
397 2458 44 21 will
456 2462 40 19 not
512 2460 54 26 only
581 2460 79 27 supply

69 2484 38 22 the
119 2484 106 28 requisite
240 2484 66 28 profit
320 2488 22 18 to
358 2484 38 23 the
411 2485 155 23 shareholders
581 2486 26 21 of
623 2486 36 22 the

69 2512 123 31 Company,
217 2511 40 22 but
280 2511 113 23 furnishes
415 2512 37 23 the
475 2520 79 15 means
572 2513 35 22 for
631 2520 27 15 an

70 2537 156 27 Immigration
238 2538 71 27 Fund,
311 2550 30 5 —
342 2546 14 13 a
363 2538 56 23 fund
428 2540 127 27 constantly
563 2540 96 28 applica-

69 2564 37 22 ble
122 2568 23 18 to
161 2564 37 22 the
215 2572 95 20 purpose
327 2565 26 22 of
365 2566 106 27 bringing
485 2566 80 23 labour
582 2570 23 18 to
622 2567 37 22 the

68 2592 83 26 colony
151 2604 30 4 —
182 2591 50 22 that
245 2592 25 26 is,
288 2592 23 21 in
330 2592 92 27 causing
438 2594 38 21 the
491 2594 53 21 best
561 2601 57 14 sort
636 2594 26 21 of

69 2618 148 22 colonization
229 2621 22 19 to
261 2618 96 32 proceed
367 2622 24 18 at
401 2621 37 20 the
451 2623 99 23 greatest
561 2620 96 27 possible

67 2648 55 19 rate.
151 2644 56 23 And
214 2644 43 23 tins
264 2644 19 22 is
290 2645 38 22 the
335 2646 84 21 second
428 2646 85 22 feature
525 2646 26 22 of
562 2646 39 23 the
609 2654 49 15 new

68 2675 34 23 83'
102 2675 58 23 stem.

95 2698 48 22 The
153 2698 154 28 employment
316 2698 26 21 of
356 2698 38 22 the
408 2699 211 27 purchase-money,
635 2707 24 14 or

67 2724 38 23 the
114 2725 111 27 principal
234 2728 50 24 part
293 2725 26 21 of
328 2726 25 24 it,
364 2726 24 21 in
399 2726 126 28 conveying
534 2726 87 23 settlers
634 2730 23 18 to

67 2752 37 21 the
116 2752 87 27 colony,
214 2751 41 22 has
264 2751 39 22 the
312 2752 115 28 following
437 2753 83 22 effects.
550 2753 23 22 It
581 2754 77 21 makes

67 2778 37 22 the
119 2778 132 28 purchasers
267 2779 27 22 of
308 2778 55 23 land
377 2787 37 14 see
428 2780 92 28 plainly,
537 2780 50 22 that
602 2780 57 22 their

67 2813 82 20 money
160 2806 43 21 will
214 2806 27 21 be
250 2805 108 22 returned
368 2806 24 22 in
405 2806 38 22 the
457 2807 68 28 shape
539 2808 27 21 of
579 2807 80 22 labour

67 2832 45 22 and
121 2832 136 28 population.
288 2832 22 22 It
321 2832 71 28 tends,
407 2833 24 22 in
440 2834 52 27 fact,
509 2837 23 18 to
542 2834 69 22 lower
621 2834 36 21 the

67 2866 118 25 necessary
203 2859 106 22 standard
328 2860 27 21 of
371 2860 67 27 price,
454 2861 102 27 because,
576 2860 53 23 with
645 2869 12 13 a

66 2889 104 19 constant
178 2886 72 22 influx
261 2886 27 21 of
299 2886 79 28 people
389 2890 28 24 to,
421 2886 38 23 the
468 2888 88 27 colony,
566 2888 39 21 the
615 2888 42 21 due

66 2913 127 27 proportion
199 2913 102 22 between
308 2913 80 28 people
395 2914 45 23 and
447 2914 54 22 land
508 2922 53 20 may
567 2914 29 22 be
603 2914 54 28 kept

67 2947 28 20 up
104 2940 31 26 by
145 2948 14 13 a
167 2940 69 21 lower
243 2940 68 27 price,
325 2940 55 22 than
389 2940 20 22 if
421 2940 60 23 there
493 2949 58 14 were
561 2948 31 15 no
601 2941 54 22 such

66 2966 151 27 immigration
223 2982 6 5 .
248 2968 23 20 It
280 2966 112 23 therefore
398 2967 130 22 diminishes
536 2968 38 21 the
581 2968 76 27 period

66 2992 81 28 during
157 2993 73 22 which
239 2992 37 23 the
285 2994 106 21 labourer
403 2997 61 21 must
475 2994 63 22 work
552 2994 36 22 for
600 2994 55 27 hire,

67 3019 44 22 and
120 3020 31 26 by
212 3020 64 26 rapid
290 3027 106 19 progress,
407 3020 72 24 which
494 3021 18 21 it
526 3021 93 27 imparts
633 3024 23 18 to

66 3046 38 22 the
112 3046 51 23 best
171 3049 47 19 sort
227 3046 195 33 of^olonization,,
434 3047 21 21 it
462 3046 109 28 -explains
586 3050 24 18 to
619 3047 36 21 the

67 3073 116 27 labouring
193 3073 60 22 class'
260 3073 26 21 of
291 3072 147 28 immigrants,
450 3073 49 22 that
508 3081 68 20 every
584 3081 41 14 one
634 3073 26 22 of

67 3099 60 22 them
140 3099 49 22 who
205 3100 21 21 is
240 3099 148 22 industrious'
394 3100 46 22 and
456 3100 86 28 thrifty,
560 3107 53 16 may
627 3100 28 22 be

65 3133 49 15 sure
125 3130 22 17 to
157 3126 99 22 become-
262 3126 140 28 not^rrierely
417 3134 29 15 an
462 3135 77 14 owner
553 3127 27 22 of
595 3126 59 27 land,

66 3152 40 22 but
121 3152 46 23 also
183 3153 24 22 in
227 3152 34 23 his
267 3164 4 3 •
281 3156 59 23 turn,
361 3161 30 14 an
412 3154 116 28 employer
546 3154 28 21 of
593 3154 63 22 hired

65 3178 119 30 labourers,
196 3187 14 14 a
220 3182 81 19 master
312 3180 27 21 of
348 3184 108 18 servants.

92 3206 68 21 From
169 3206 62 22 these
241 3206 183 28 considerations,
440 3206 36 23 the
488 3207 118 27 Company
615 3207 40 22 has

66 3232 95 28 adopted
180 3232 39 23 the
234 3239 62 16 same
314 3236 82 24 system
414 3233 26 22 of
455 3233 115 28 disposing
586 3233 26 22 of
626 3234 29 21 its

66 3263 66 18 waste
143 3259 73 27 lands,
232 3267 24 14 as
271 3259 42 22 has
327 3259 91 27 already
431 3260 86 27 proved
531 3260 79 27 highly
622 3260 34 22 fa-

65 3286 142 24 vourable.to
222 3286 38 21 the
274 3286 183 28 productiveness
471 3286 26 22 of
513 3286 104 26 industry
631 3286 24 22 in

64 3312 71 22 South
145 3312 121 23 Australia.
295 3312 29 22 In
334 3319 14 14 a
359 3319 49 15 new
419 3312 88 32 colony,
521 3313 96 32 planted
630 3313 25 22 in

64 3346 14 14 a
87 3339 72 22 fertile
168 3340 47 21 and
230 3339 114 22 extensive
360 3339 109 32 territory,
486 3340 20 21 it
519 3347 20 14 is
555 3340 99 27 obvious,

64 3365 48 22 that
132 3366 36 21 the
185 3365 171 22 establishment
370 3366 26 21 of
412 3366 54 22 such
481 3373 14 14 a
510 3370 84 24 system
609 3366 19 21 is
642 3374 14 13 a

64 3396 81 18 matter
161 3392 27 21 of
205 3392 37 21 the
260 3392 91 28 deepest
368 3396 101 19 moment
486 3395 23 19 to
527 3392 38 22 the
582 3393 73 21 future

164 3419 27 22 of
203 3419 92 28 society.
429 3419 18 22 it
462 3419 38 22 the
514 3419 52 22 best
581 3419 74 23 effects

40 3441 76 32 *^Siay
126 3445 56 28 with,
188 3445 131 23 confidence
328 3446 29 22 be
367 3446 136 28 anticipated
510 3453 5 14 :
532 3453 13 15 a
553 3450 103 18 constant

64 3472 44 21 <md
118 3472 89 27 regular
216 3473 79 27 supply
306 3473 26 21 of
343 3480 50 15 new
402 3472 55 23 land
465 3474 25 21 in
506 3472 43 23 due
563 3480 92 22 propor-

60 3499 47 22 tion
118 3502 22 19 to
151 3499 38 22 the
208 3502 71 19 wants
288 3500 26 21 of
325 3507 13 14 a
346 3500 129 28 population
488 3500 128 27 increasing
626 3500 31 28 by

60 3525 72 22 births
142 3526 45 21 and
200 3526 152 28 immigration
358 3535 6 19 ;
383 3526 31 23 all
428 3527 37 22 the
481 3526 137 28 advantages
631 3530 24 18 to

62 3552 73 22 which
144 3552 102 23 facilities
255 3554 27 21 of
292 3556 114 26 transport
412 3554 45 21 and
464 3554 189 22 communication

62 3580 152 21 are.essential
221 3587 5 19 ;
243 3582 111 31 certainty
368 3581 25 21 of
403 3580 76 28 limits,
496 3580 46 22 and
558 3580 96 28 security

63 3605 26 21 of
100 3605 48 22 title
158 3608 22 19 to
189 3610 105 23 property
304 3606 24 22 in
341 3607 55 22 land
403 3615 4 19 ;
423 3607 38 22 the
470 3610 100 24 greatest
582 3607 71 22 facili-

113 3638 29 15 on
152 3633 115 26 acquiring
327 3633 43 21 due
380 3634 114 26 quantity;
509 3634 39 21 the
558 3636 98 24 greatest

60 3661 191 24 encouragement
264 3662 23 17 to
294 3659 153 27 immigration
458 3660 46 21 and
514 3660 128 21 settlement
648 3667 6 19 ;

61 3684 46 22 and
121 3684 37 22 the
174 3688 58 18 most
245 3685 63 28 rapid
323 3693 103 21 progress
430 3686 36 21 -of
473 3686 47 22 .the
535 3686 84 28 people,
628 3686 24 22 in

60 3711 104 22 material,
172 3711 95 22 comfort
276 3712 46 22 and
331 3713 69 22 social

87 3745 48 22 The
146 3744 66 22 Land
221 3745 70 22 Office
307 3747 35 21 for
360 3746 61 22 Sales
437 3746 44 21 and
499 3745 116 22 Transfers
633 3744 19 22 is

60 3779 51 15 now
121 3779 58 21 open
190 3774 24 19 at
227 3772 54 21 Port
297 3772 131 28 Nicholson,
445 3772 46 22 and
509 3772 37 22 the
563 3772 54 21 land
632 3771 20 22 is

59 3798 49 23 sold
116 3799 23 21 in
147 3799 96 21 sections
249 3799 27 21 of
286 3801 41 20 100
334 3806 61 15 acres
403 3799 60 27 each,
474 3802 23 18 at
503 3798 32 23 £1
546 3806 39 20 per
593 3806 55 14 acre.

57 3826 49 22 The
121 3826 125 26 advantage
261 3825 26 22 of
301 3826 135 27 purchasing
450 3826 78 21 before
548 3826 39 22 the
603 3833 48 14 sur-

58 3859 55 21 veys
123 3860 36 14 are
168 3853 25 21 in
205 3860 14 14 a
231 3852 137 28 sufficiently
377 3852 94 22 forward
481 3855 58 19 stale
552 3855 23 19 to
586 3851 64 23 allow

58 3880 27 20 of
97 3879 129 23 immediate
240 3880 114 26 selection,
370 3880 26 26 is,
412 3879 49 22 that
475 3878 38 22 the
522 3879 93 27 priority
625 3878 27 22 of

57 3906 77 23 choice
152 3907 19 21 is
189 3906 94 22 secured
297 3906 23 22 in
338 3909 38 19 tne
396 3906 63 22 order
478 3905 24 22 in
518 3905 73 23 which
610 3905 37 22 the

57 3933 139 27 registration
209 3933 24 22 of
245 3933 37 22 the
293 3933 108 27 purchase
411 3932 19 22 is
439 3932 74 22 made.

87 3960 50 21 Port
149 3960 129 22 Nicholson.
294 3960 62 27 April
368 3961 25 20 l-l
394 3975 7 14 r
411 3961 60 21 1810.
660 3954 6 23 J

740 423 114 21 UNION
868 424 99 20 BANK
982 424 43 21 OF
1040 425 220 21 AUSTRALIA.

702 454 96 23 London
817 456 91 27 Office,
925 456 43 22 No.
984 458 35 26 38,
1038 458 49 21 Old
1104 458 182 22 Buoad-street.

756 509 93 27 Capital,
860 509 121 28 £500,000;
1001 510 53 28 paid
1063 518 37 21 up,
1116 511 117 27 ;£300,000.
1296 504 2 36 ]

930 563 115 22 Directors
1051 571 5 14 :

756 588 87 28 George
855 589 47 22 Fife
913 589 84 28 Angas,
1009 590 60 28 Esq.,

755 614 86 23 Robert
850 615 91 28 Brooks,
953 616 60 28 Esq.,

755 642 76 21 James
842 642 60 22 John
913 643 122 27 Cummins,
1047 643 59 28 Esq..

754 667 86 23 Robert
849 668 121 29 Gardener,
981 670 61 28 Esq.,
1054 670 150 28 Manchester,

754 694 61 23 John
827 695 67 27 Gore,
906 696 59 28 Esq.,

754 720 91 23 Charles
855 722 107 28 Hindley,
973 722 60 28 Esq.,
1046 722 68 28 M.P.,

753 748 120 27 Benjamin
883 748 117 28 E.Lmdo,
1007 750 61 27 Esq.,

754 774 92 22 Charles'
855 775 94 22 Edward
958 776 116 27 Mangles,.
1080 776 60 28 Esq.,

753 801 144 28 Christopher
905 802 104 27 Rawson,
1020 802 60 28 Esq.,
1092 802 99 27 Halifax,

753 827 97 22 Thomas
861 828 76 26 Sands,
949 828 61 28 Esq.,
1022 828 124 28 Liverpool,
1250 843 9 8 •

753 854 76 21 James
840 854 69 26 Bogle
920 854 78 26 Smith,
1007 854 61 28 Esq.,
1252 857 10 8 •

753 879 77 22 James
839 879 98 22 Ruddell
944 880 71 27 Todd,
1026 880 53 28 Esq.
1225 884 5 3 '
1276 881 21 30 -^

697 912 118 22 Trustees:
840 913 96 22 George
955 914 64 21 Carr
1043 915 75 26 Glyn,
1140 914 60 27 Esq.,
1223 913 62 23 John
1296 914 2 22 I

735 938 74 28 Gore,
820 939 60 28 Esq.,
897 940 45 21 and
950 939 76 23 James
1036 939 22 23 J.
1070 941 116 26 Cummins,
1197 941 52 27 Esq.
1296 938 2 33 j

697 971 103 23 Bankers
808 980 4 13 :
826 991 5 11 ,
836 972 91 23 Messrs.
953 973 75 27 Glyn,
1050 974 131 27 Hallifax,
1201 974 84 27 Mills,
1296 977 2 22 |

944 1000 45 22 and
1002 1001 40 21 Co.

782 1034 116 27 Secretary
906 1042 5 14 :
927 1035 94 21 Samuel
1032 1035 109 27 Jackson,
1152 1035 52 28 Esq.

735 1066 100 23 Colonial
846 1068 115 27 Inspector
969 1076 5 13 :
991 1068 21 22 J.
1024 1069 23 22 C.
1059 1069 124 27 M'Laren,
1197 1069 52 27 Esq.

821 1122 68 20 New
907 1122 122 21 Zealand
1047 1123 115 20 Branch.

698 1153 68 23 Local
777 1154 113 22 Directors
898 1163 4 13 :
920 1155 56 22 Geo.
989 1157 21 20 S.
1022 1156 84 27 Evans,
1120 1156 61 28 Esq.,
1193 1157 91 26 D.C.L.,

734 1202 3 4 .
762 1181 146 23 Edw.-'Betts
918 1181 104 29 Hopper,
1034 1183 60 28 Esq.,
1108 1183 45 22 and
1163 1183 58 22 Geo.
1296 1178 2 38 |

907 1209 109 27 Hunter,
1027 1209 53 28 Esq.
1296 1217 2 22 ;

697 1241 111 27 Manager
816 1249 5 14 :
837 1242 63 21 John
911 1242 82 27 Smith,
1005 1242 60 28 Esq.,
1080 1242 45 23 late
1136 1243 26 22 of
1173 1242 37 23 the
1221 1244 64 21 Com-
1296 1246 2 19 '.

746 1268 92 22 mercial
848 1268 65 22 Bank
923 1269 25 21 of
960 1269 111 28 England,
1083 1269 152 22 Manchester.

807 1302 113 22 Branches
930 1306 24 18 at
969 1303 97 28 Sydney,

970 1329 89 23 Hobart
1067 1330 76 27 Town,

971 1356 149 27 Launceston,
1132 1357 45 22 and

969 1383 55 22 Port
1034 1383 79 28 Philip.
1296 1391 2 17 ;

695 1415 54 22 Port
758 1415 131 27 Nicholson,
900 1416 81 21 March
990 1418 34 24 24,
1036 1418 61 20 1840.

696 1468 92 48 THE
804 1468 114 23 Directors
935 1469 25 22 of
977 1469 39 22 the
1032 1469 57 22 New
1105 1470 99 22 Zealand

771 1496 116 27 Company
902 1496 83 26 hereby
1002 1496 50 26 give
1069 1497 81 26 notice,
1168 1496 48 23 that
1231 1498 53 26 they

694 1521 58 22 have
760 1529 112 15 EFFECTED
883 1530 28 14 AN
923 1530 172 14 ARRANGEMENT
1104 1523 52 21 With
1163 1523 37 21 the
1209 1523 74 22 Ullioil

694 1548 65 22 Bank
775 1549 25 21 of
816 1549 120 27 Australia,
953 1549 44 22 No.
1014 1550 34 26 38,
1064 1549 44 22 Old
1124 1549 158 26 Broad-street,

694 1574 103 28 London,
809 1576 34 22 for
853 1575 36 22 the
902 1576 169 21 establishment
1085 1576 25 21 of
1123 1583 14 14 a
1153 1576 131 22 BRANCH

694 1601 90 22 BANK
798 1602 35 21 IN
848 1602 71 21 NEW
1106 1602 96 28 through
1212 1602 72 23 which

694 1628 38 21 the
741 1628 102 22 business
856 1629 27 21 of
895 1629 37 22 the
950 1628 58 23 New
1024 1628 100 23 Zealand
1137 1629 65 22 Land
1220 1630 65 21 Com-

693 1661 61 21 pany
763 1655 44 22 will
816 1656 29 21 be
856 1655 132 22 transacted.
1017 1655 48 22 The
1080 1656 115 22 Directors
1210 1656 74 22 there-

693 1682 48 21 fore
751 1682 145 21 recommend
904 1686 23 17 to
944 1682 110 22 Colonists
1071 1682 37 22 the
1127 1682 75 23 Union
1219 1683 64 22 Bank

694 1708 26 21 of
739 1708 115 22 Australia
871 1716 23 15 as
913 1717 28 14 an
967 1709 170 22 establishment
1159 1710 137 27 possessing,

694 1734 57 23 their
768 1736 70 21 entire
861 1736 137 26 confidence,
1019 1736 45 21 and
1083 1736 49 22 able
1151 1740 23 18 to
1191 1736 99 27 provide^

694 1762 126 28 effectually
836 1762 35 22 for
886 1763 42 21 the*
937 1763 106 21 financial
1059 1766 70 19 wants
1146 1764 26 21 of
1183 1763 37 22 the
1237 1764 48 21 first
1290 1771 6 11 i

693 1788 135 23 settlement.
1294 1795 2 6 '

863 1816 34 27 By
908 1816 65 21 order
983 1816 26 21 of
1019 1816 37 22 the
1066 1816 80 27 Board,
1291 1823 6 10 *

941 1850 85 22 JOHN
1040 1850 104 27 WARD,
1161 1851 135 30 Secretary.;

694 1882 56 22 New
760 1882 99 23 Zealand
870 1883 64 22 Land
943 1884 136 26 Company's
1090 1884 78 28 Office,

720 1911 21 25 1,
752 1910 158 26 Adam-street,
923 1910 104 28 Adelphi,
1038 1911 54 22 27th
1102 1911 67 27 Aug.,
1181 1913 61 20 1839.
1290 1920 7 10 «

826 1964 153 21 WEEKLY
993 1966 162 20 MARKET.

694 1997 92 47 MR.
802 1997 22 21 J.
839 1997 143 22 TELFORD
998 1998 40 21 has
1053 1999 110 27 arranged
1171 2002 22 19 to
1203 1999 58 22 have
1272 2008 13 13 a
1289 2018 8 9 s

758 2039 3 3 .
786 2031 93 14 WEEKLY
902 2032 95 13 MARKET
1024 2032 29 14 Oil
1077 2025 142 21 MONDAY-
1240 2027 44 20 aild
1283 2033 14 5 -

693 2049 171 22 SATURDAY
878 2050 167 27 EVENINGS,
1062 2055 23 17 at
1094 2051 34 22 his
1138 2052 144 27 Warehouse,

693 2075 60 22 from
762 2077 15 21 4
786 2080 22 18 to
819 2077 12 21 7
843 2076 91 28 o'clock,
946 2077 70 28 being
1028 2077 109 22 intended
1154 2078 81 27 chiefly
1250 2079 34 21 for

694 2102 36 22 the
753 2103 192 22 accommodation
966 2105 27 20 of
1010 2104 142 22 Workmen's
1172 2105 110 22 Families.

687 2129 68 23 .The-
760 2129 54 23 folio
817 2131 58 26 wing
893 2131 88 21 articles
1000 2131 44 21 will
1063 2131 27 22 be
1109 2132 50 21 sold
1176 2132 23 22 in
1219 2132 64 22 small

693 2157 128 26 quantities,
832 2160 23 18 at
866 2157 129 22 reasonable
1005 2158 71 27 prices
1083 2166 6 13 :
1091 2170 30 5 —

720 2183 76 27 Flour;
817 2184 103 27 oatmeal,
939 2191 75 20 sugar,
1035 2188 42 24 tea,
1102 2185 76 26 coffee,
1202 2185 80 28 butter,

694 2209 86 28 cheese,
792 2211 97 27 candles,
901 2218 61 20 soap,
974 2212 40 21 &c.
1026 2211 40 22 &c.

722 2236 53 22 Port
784 2237 130 27 Nicholson,
925 2238 60 21 June
996 2239 33 26 15,
1040 2239 61 21 1840.

858 2293 97 20 LAND
974 2293 145 21 ORDERS.

699 2325 28 28 Q
735 2325 126 22 EVERAL
868 2326 42 21 lots
918 2326 25 21 of
948 2326 71 22 Town
1026 2326 46 22 and
1078 2326 99 28 Country
1184 2327 99 22 Sections

696 2347 34 27 O
760 2353 35 20 for
805 2352 57 27 Sale,
875 2352 30 28 by
922 2353 88 22 Private
1027 2353 111 22 Contract.
1168 2354 75 27 Apply
1261 2357 22 18 to

694 2378 71 23 R&R.
783 2380 99 26 Strang,
902 2380 61 27 Esq.,
982 2380 107 27 Solicitor,
1106 2380 44 22 No.
1163 2382 21 26 4,
1204 2381 79 30 Clyde-

694 2408 92 24 terrace,
799 2413 24 14 or
833 2410 22 17 to
866 2406 44 22 Mr.
922 2406 20 21 J.
953 2406 99 23 Telford.
1083 2407 89 22 Several
1183 2407 27 21 of
1221 2406 61 23 these

694 2439 62 15 acres
767 2432 43 22 will
819 2433 28 21 be
859 2433 148 27 sub-divided,
1018 2437 23 18 to
1052 2434 44 21 suit
1104 2434 139 26 purchasers.

720 2460 54 21 Port
784 2459 129 28 Nicholson,
925 2460 66 28 April
1000 2462 33 25 24,
1046 2462 59 20 1840.

908 2516 48 20 ON
970 2516 96 20 SALE.

692 2549 92 48 MR.
800 2549 21 22 J.
837 2549 143 22 TELFORD
996 2550 54 26 begs
1066 2552 22 18 to
1103 2549 109 28 intimate,
1233 2549 49 22 that

783 2576 29 22 he
822 2576 40 22 has
873 2583 28 14 on
912 2576 57 27 Sale,
982 2580 23 18 at
1013 2577 35 20 his
1059 2576 85 27 House,
1153 2579 23 18 at
1186 2577 37 21 the
1234 2580 47 18 east

691 2603 44 20 end
755 2603 26 20 of
800 2603 38 22 the
857 2604 134 26 Company's
1010 2603 153 27 Warehouses,
1190 2610 29 15 on
1242 2603 38 22 the

690 2629 83 28 Beach,
784 2637 28 14 an
824 2633 134 18 assortment
968 2630 27 21 of

718 2656 124 23 Hardware
852 2657 26 21 of
889 2657 37 21 the
936 2657 50 22 first
995 2657 92 27 quality,

718 2683 68 22 Flour
795 2684 45 21 and
851 2683 103 27 oatmeal,

718 2710 77 27 Sugar,
808 2714 42 23 tea,
857 2710 49 21 .and
916 2710 77 27 coffee,

718 2737 91 27 Cheese,
819 2737 82 27 butter,
913 2737 44 22 and
966 2737 89 22 various
1066 2737 63 22 other
1139 2737 94 22 articles.

719 2764 106 26 Superior
838 2764 94 27 Brandy
943 2764 46 22 and
998 2765 66 21 Rum.

690 2790 91 23 N.B.—
782 2790 53 23 OIL
851 2792 45 21 and
909 2791 90 22 LAMP
1013 2791 107 27 WICKS,
1135 2791 145 24 atanoderate

677 2824 2 25 |
920 2825 5 6 *
944 2818 79 28 prices.

719 2844 54 22 Port
783 2844 130 27 Nicholson,
925 2844 60 23 June
996 2847 33 25 18,
1041 2846 61 21 1840.

904 2901 48 20 ON
969 2900 95 21 SALE.

690 2935 92 33 ■j\/TR.
798 2934 143 22 TELFORD
959 2933 41 22 has
1018 2941 29 14 on
1067 2933 53 28 sale,
1139 2933 139 22 Marmalade

690 2956 62 26 JL.YX
782 2961 46 22 and
842 2961 94 21 Pickles.

678 3006 2 2 .
716 2988 57 21 N.B.
774 3000 32 3 —
807 2987 38 22 An
861 2987 116 22 increased
997 2987 81 27 supply
1101 2987 27 21 of
1146 2987 68 21 Boots
1234 2986 46 22 and

688 3013 77 27 Shoes,
775 3014 47 21 and
829 3013 124 22 Warren's
1123 3013 127 22 Blacking.

715 3041 55 21 Port
779 3040 131 27 Nicholson,
921 3039 62 23 June
991 3041 35 25 18,
1038 3041 60 24 1840,

896 3094 179 21 REGATTA.

690 3128 92 49 MR.
798 3128 22 22 J.
838 3128 143 23 TELFORD
991 3127 40 23 has
1042 3135 29 14 on
1081 3127 52 28 sale,
1144 3128 78 22 ladies'
1233 3128 45 22 and

781 3155 148 27 gentlemen's
939 3155 61 22 dress
1009 3154 65 23 boots
1083 3155 46 21 and
1138 3155 65 22 shoes
1210 3163 6 19 ;
1234 3154 46 23 and

688 3189 14 14 a
711 3182 61 26 large
782 3185 134 19 assortment
925 3182 26 21 of
962 3184 87 24 regatta
1059 3181 101 27 shirting.

715 3215 66 23 N.B.
792 3228 32 4 —
833 3216 22 22 A
883 3215 173 23 SELECTION
1087 3215 38 22 OF
1153 3215 134 28 LADIES'*

688 3242 108 22 STRAW
806 3243 143 22 BONNETS
960 3243 63 21 HAS
1033 3243 87 21 COME
1127 3242 39 22 TO
1176 3241 107 28 HAND?

688 3269 46 22 and
744 3276 14 14 a
765 3269 62 27 large
835 3270 103 27 quantity
949 3270 26 21 of
986 3269 97 22 PLAIN
1099 3269 118 22 PRINTS.

689 3323 111 48 GH.
815 3323 136 26 COGLAN,
961 3323 112 22 Waterloo
1085 3323 80 26 Stores,
1178 3325 46 20 east
1235 3322 43 22 end

748 3351 13 20 •'
770 3350 25 21 of
803 3350 37 22 the
847 3349 77 27 beach,
934 3350 124 27 Britannia,
1067 3350 24 22 in
1099 3350 100 22 addition
1210 3352 22 19 to
1242 3349 34 22 his

688 3377 116 21 extensive
819 3376 63 22 stock
896 3377 25 21 of
934 3377 94 26 brandy,
1045 3377 42 26 ale,
1104 3380 82 24 porter,
1203 3383 72 20 sugar,

687 3403 53 26 rice,
753 3403 64 26 flour,
835 3403 47 26 salt,
899 3403 46 22 and
961 3403 91 27 general
1071 3403 132 27 provisions,
1217 3403 61 21 iron-

687 3436 109 21 mongery
812 3430 45 22 and
871 3429 118 23 Britannia
999 3429 69 23 metal
1083 3430 75 27 goods,
1176 3430 40 22 has
1231 3430 47 27 just

687 3457 90 27 landed,
789 3464 29 14 ex
828 3456 37 22 the

716 3484 55 22 Fine
782 3483 102 23 Jamaica
892 3491 57 20 rum,
962 3483 109 23 Schedani
1082 3483 45 22 and
1136 3483 99 22 Geneva.

716 3511 80 28 Hyson
807 3511 50 22 skin
868 3513 35 20 tea
911 3511 25 22 in
946 3511 73 22 chests
1030 3509 44 23 and
1083 3510 51 22 half
1145 3510 36 21 do.

715 3538 100 28 English,
828 3538 128 27 American,
963 3536 3 3 '
973 3537 44 23 and
1028 3537 102 22 Colonial
1144 3544 54 20 soap
1209 3537 22 21 in
1242 3536 33 27 15,

687 3565 47 22 and
743 3565 57 28 2511},
812 3566 75 26 boxes,
899 3565 46 22 and
955 3565 44 22 fine
1009 3564 60 22 seed'
1071 3566 110 25 potatoes.
1184 3575 5 2 -

713 3593 14 20 2
738 3599 61 15 cases
809 3593 26 20 of
844 3592 62 27 large
915 3592 52 21 bole
981 3591 174 28 pipes^window
1165 3589 59 28 glass
1237 3590 40 24 10£

685 3618 31 28 by
726 3620 25 23 8J
762 3619 46 21 and
816 3620 13 19 8
832 3620 10 19 J
851 3619 31 26 by
889 3620 33 24 6J.

713 3645 33 21 To
759 3645 74 21 which
849 3645 28 21 he
894 3643 143 29 respectfully
1052 3643 83 22 solicits
1150 3643 75 28 public
1240 3642 36 22 in-

685 3671 108 28 spection.

683 3725 117 48 VERY
819 3725 154 22 SUPERIOR
988 3723 202 24 CHAMPAGNE
1207 3723 67 22 AND

764 3751 129 22 CLARET.

1033 3777 85 23 JOHN
1128 3777 118 22 PIERCE.

711 3805 118 22 Britannia
838 3805 68 22 Hotel
917 3805 46 22 and
973 3805 82 22 Stores.

894 3860 165 25 WANTED,

683 3894 164 50 SEVERAL
871 3893 155 23 SAWYERS.
1063 3890 77 30 Apply
1156 3894 23 19 to
1195 3891 24 22 T.
1237 3890 34 22 M.

748 3921 134 22 Partridge
892 3921 45 21 and
948 3921 37 21 Co.

702 3955 69 28 •April
786 3956 29 26 11,
829 3956 60 21 1810.

1311 414 87 43 {new
1423 429 207 21 zealandic
1654 431 248 21 vocabulary,

1560 456 44 21 &C.
1616 456 43 21 &C.
1718 452 6 4 *
1762 461 3 5 '

1312 491 10 11 '•
1345 487 124 21 Dedicated
1482 487 30 28 by
1521 489 132 26 permission
1666 493 23 18 to
1704 490 93 21 Colonel
1806 490 95 22 William

1311 511 138 29 rWakefield,
1459 513 113 29 Principal
1580 515 105 27 Agentto
1692 516 38 22 the
1740 517 58 21 New
1805 517 98 21 Zealand

1315 538 65 23 'Land
1395 540 124 27 Company.
1548 541 35 27 By
1651 543 54 21 Rev.
1722 543 20 21 J.
1758 543 29 22 G.
1802 543 99 28 Butler,

1310 564 86 29 jNative
1412 566 122 28 Guardian,
1551 568 46 21 and
1611 568 137 29 Interpreter
1761 572 23 19 to
1800 569 36 22 the
1847 569 55 23 New

1311 591 105 29 /Zealand
1427 593 67 23 Land
1503 594 124 28 Company.

1318 628 90 35 rpHE
1418 630 203 22 SUBSCRIBERS
1631 632 23 20 to
1664 631 38 22 the
1712 631 70 22 above
1788 631 69 23 Work
1866 640 37 14 are

1390 656 126 28 informed,,
1524 656 49 22 that
1581 657 19 21 it
1609 657 41 22 has
1657 658 59 21 been
1727 658 137 23 determined
1879 663 23 18 to

1317 681 57 22 issue
1383 682 19 21 it
1410 683 24 22 in
1445 683 104 27 monthly
1558 686 61 25 parts
1629 684 25 21 of
1664 685 28 20 24
1701 691 68 21 pages
1778 685 67 28 demy
1853 687 48 21 Bvo.

1313 708 65 23 ieach.

1344 743 52 22 This
1405 745 54 27 plan
1473 745 40 22 has
1526 746 58 21 been
1593 746 104 28 adopted,
1712 747 24 21 in
1746 746 65 23 order
1825 751 22 18 to
1863 752 40 23 put

1317 769 38 23 the
1365 771 110 22 Colonists
1484 772 23 21 in
1517 772 125 27 possession
1652 773 25 22 of
1687 773 37 22 the
1732 774 103 22 material
1844 778 59 24 parts

1317 796 26 22 of
1353 797 36 22 the
1400 797 121 28 Language
1536 805 24 15 as
1569 799 62 27 early
1641 807 23 14 as
1673 800 96 27 possible
1774 808 7 19 ;
1797 800 45 22 and
1850 800 52 28 they

1317 823 43 22 will
1377 823 51 22 thus
1443 824 63 32 Jhaye
1525 832 31 15 an
1574 826 144 27 opportunity
1736 827 27 21 of
1781 827 90 27 gaining
1889 835 14 14 a

1455 851 27 22 of
1486 852 18 21 it
1513 852 169 27 progressively.

1344 885 22 21 It
1379 885 19 22 is
1413 886 76 28 hoped
1506 887 49 22 that
1570 888 44 22 this
1629 892 149 23 arangement
1790 889 45 23 will
1852 890 49 26 give

1304 912 147 24 (..^satisfaction
1468 916 23 19 to
1501 913 38 23 the
1553 918 92 23 present
1658 915 144 28 subscribers,'
1816 917 45 22 and
1874 917 27 21 be

1304 938 49 35 [jthe
1365 946 77 15 means
1452 940 27 22 of
1489 939 92 28 gaining
1596 948 29 15 an
1642 941 113 23 accession
1765 943 59 21 from
1840 943 61 23 those

1304 964 60 35 jftwho
1377 973 54 20 may
1440 970 41 18 not
1489 967 43 22 feel
1548 968 101 27 justified
1664 976 25 14 or
1706 972 84 19 cannot
1804 976 97 16 conven-

1311 992 73 29 iently
1393 1000 49 20 pay,
1449 993 37 22 the
1494 993 71 23 whole
1576 999 97 18 amount,
1678 999 23 17 at
1711 1002 42 15 one
1763 996 83 27 period.

1313 1042 9 12 ;.
1342 1028 46 23 The
1407 1030 62 22 work
1487 1030 45 22 will
1550 1031 27 21 be
1593 1031 125 28 completed
1726 1032 25 21 in
1769 1034 14 20 6
1800 1032 102 29 monthly

1313 1058 68 25 ,parts.
1410 1056 48 22 The
1468 1058 61 26 price
1539 1057 26 22 of
1572 1058 54 22 each
1637 1061 49 25 part
1696 1058 49 22 will'
1749 1059 36 27 be,

1313 1103 6 21 ;•
1395 1092 32 22 To
1438 1093 139 23 Subscribers
1796 1095 50 23 10d.

1304 1117 23 25 X
1395 1119 33 22 To
1438 1120 53 22 Non
1501 1118 140 25 Subscribers
1798 1124 32 21 Is.
1845 1134 4 3 •

1342 1155 46 22 The
1398 1156 48 22 first
1456 1157 44 21 will
1513 1157 29 21 be
1557 1157 74 22 issued
1641 1165 29 14 on
1684 1158 37 21 the
1732 1160 33 20 Ist
1774 1159 24 22 of
1806 1160 94 26 August,

1310 1181 50 22 -and
1373 1183 28 21 be
1416 1183 122 23 continued
1553 1185 112 27 regularly
1675 1192 29 14 on
1718 1185 39 22 the
1767 1186 32 21 Ist
1810 1185 25 22 of
1848 1186 55 22 each

1304 1209 95 33 ;|;nionth,
1410 1210 58 22 until
1478 1211 133 27 completed.

1304 1256 232 30 Stationery
1564 1264 61 22 for
1655 1265 84 27 sale,
1769 1265 42 22 at
1837 1266 64 21 the

1310 1282 41 30 £3
1583 1291 155 22 office:—

1307 1315 9 11 \
1340 1325 4 3 .

1307 1338 10 12 C
1455 1331 136 16 WHOLESALE
1607 1333 45 14 AND
1668 1333 90 15 RETAIL.

1307 1352 10 30 I
1324 1374 6 5 .
1343 1357 53 21 Fine
1405 1357 47 21 laid
1741 1353 24 27 ''?'

1304 1387 15 21 !»
1342 1383 54 22 Fine
1405 1383 63 22 thick
1477 1391 62 15 wove
1550 1388 78 24 quarto
1638 1388 55 25 post,

1304 1406 15 38 :Jj
1341 1409 61 23 Ditto
1459 1411 55 21 ditto
1548 1415 79 18 octavo
1637 1411 44 28 do.,

1304 1433 14 28 J
1341 1437 116 27 Superfine
1466 1445 63 15 wove
1539 1441 78 24 quarto
1628 1439 57 21 satin
1694 1442 57 25 post,

1304 1460 14 34 pf
1341 1463 62 22 Ditto
1459 1464 55 22 ditto
1543 1468 78 18 octavo
1633 1465 61 28 ditto,

1304 1490 14 34 j£
1340 1489 62 23 Ditto
1413 1489 48 23 thin
1471 1491 46 21 laid
1527 1494 79 24 quarto
1616 1491 62 28 ditto,

1304 1515 12 29 !'»
1341 1516 62 22 Ditto
1460 1517 55 22 ditto
1527 1521 78 19 octavo
1615 1519 61 26 ditto,

1304 1544 11 22 J
1342 1543 114 27 Superfine
1469 1544 62 27 large
1544 1545 49 21 thin
1606 1545 52 22 blue
1675 1552 62 15 wove
1751 1548 79 25 quarto
1843 1548 55 25 post,

1303 1575 2 16 l
1317 1571 104 26 stamped,

1313 1603 2 17 \
1343 1597 113 27 Superfine
1466 1597 45 23 laid
1520 1598 108 28 foolscap,

1342 1623 70 27 Large
1423 1625 48 21 thin
1482 1628 78 25 quarto
1569 1628 58 25 post,

1341 1649 57 23 Note
1408 1658 74 20 paper,

1341 1677 79 21 Brown
1430 1685 74 21 paper,
1513 1679 102 28 imperial
1626 1686 55 21 cap.,

1342 1703 46 28 Bag
1397 1704 63 27 ditto,

1304 1729 15 19 #
1343 1730 60 22 Kent
1412 1731 63 27 ditto,

1304 1764 13 17 r
1342 1757 68 28 Royal
1422 1758 68 27 hand,

1342 1783 97 23 Lumber
1449 1785 62 27 ditto,

1342 1811 54 22 Blue
1406 1811 73 28 demy,

1341 1837 73 28 Demy
1421 1839 97 27 blotting
1525 1846 76 21 paper,

1342 1864 86 22 Double
1437 1872 81 21 crown,
1896 1881 10 8 *

1343 1891 66 22 Small
1418 1891 68 28 hand,

1343 1918 84 27 Crown,

1320 1959 2 5 .
1341 1945 73 21 Blank
1424 1945 70 27 cards,

1317 1989 2 5 ,
1341 1971 149 23 Memoranda
1497 1972 78 27 books,

1312 2019 12 10 r
1341 1999 45 21 Pen
1397 1998 95 27 holders,
1504 1999 68 21 wafer
1583 2002 90 25 stamps,
1682 2000 52 22 lead
1742 2001 91 27 pencils,
1844 2001 55 22 slate

1315 2025 59 26 (fttto,
1392 2025 67 21 India
1477 2025 87 27 rubber,
1585 2026 85 27 sealing
1689 2034 56 19 wax,
1765 2027 62 22 office
1845 2035 55 20 pen-

1315 2051 82 27 knives,
1409 2052 40 22 &c.
1461 2052 39 21 &c.
1513 2053 39 21 &c.

1516 2107 68 20 FOR
1599 2107 97 24 SALE,

1331 2139 15 20 A
1374 2138 146 23 COUNTRY
1535 2139 136 27 SECTION,
1692 2140 73 21 under
1781 2140 51 27 700;
1853 2141 47 21 and

1314 2157 49 29 J\.
1392 2165 47 22 also
1455 2173 13 14 a
1484 2166 92 21 TOWN
1591 2166 68 21 AND
1675 2166 144 23 COUNTRY
1833 2168 65 21 SEC-

1303 2189 2 29 |
1314 2191 81 28 TION,
1412 2192 70 21 about
1495 2194 48 19 960.
1572 2193 76 26 Apply
1668 2197 23 18 at
1708 2193 38 22 the
1786 2194 92 22 Gazette

1315 2218 76 22 Office.

1552 2274 106 20 LAND.

1313 2307 184 48 WANTED,
1515 2308 101 21 Sections
1629 2307 54 22 with
1694 2309 70 21 Town
1774 2309 75 26 Acres,
1860 2310 41 21 be-

1409 2337 72 19 tween
1505 2334 54 22 Nos.
1584 2336 40 20 200
1649 2335 45 22 and
1715 2337 49 20 300.
1804 2335 96 23 Address

1314 2361 28 21 X.
1353 2360 28 22 Y.
1392 2361 33 26 Z.,
1438 2364 23 18 at
1470 2361 38 22 the
1545 2361 95 22 Gazette
1676 2362 78 22 Office.

1338 2395 66 27 April
1413 2397 20 23 9,
1445 2397 61 20 1840.
1531 2403 8 3 -

1553 2451 106 21 LAND.

1313 2484 174 48 WANTED
1498 2488 22 18 to
1531 2484 114 28 purchase,
1654 2485 143 23 SEVERAL
1807 2486 91 23 TOWN

1407 2512 106 21 ACRES.
1542 2511 69 27 Early
1624 2512 89 22 choices
1727 2513 75 22 would
1811 2514 26 21 be
1848 2521 51 20 pre-

1311 2537 79 23 ferred.
1419 2538 76 28 Apply
1506 2542 22 18 to
1535 2538 44 22 Mr.
1590 2538 90 28 Dudley
1689 2540 101 21 Sinclair.

1311 2592 162 26 T)ICKLES,
1489 2593 90 26 Sauces,
1593 2593 111 27 Mustard,
1720 2594 90 22 Bottled
1825 2594 73 23 Fruits

1311 2615 27 25 X
1379 2619 51 22 .and
1439 2619 125 27 Preserves,
1576 2620 45 21 and
1631 2620 54 22 Pine
1696 2621 92 22 Cheese.

1487 2646 54 21 And
1552 2648 49 25 just
1609 2647 109 27 received,

1437 2674 76 26 30,000
1533 2673 125 22 American
1678 2674 92 22 Cigars.

1511 2728 4 5 v
1527 2707 24 21 T.
1564 2707 34 21 M.
1609 2707 182 22 PARTRIDGE
1800 2707 42 23 and
1851 2708 45 22 CO.

1334 2761 130 21 JOINER
1477 2762 75 20 AND
1563 2762 157 21 CABINET
1732 2762 136 21 MAKER.

1310 2794 94 49 JH.
1419 2795 165 22 JOHNSTON
1600 2796 145 28 respectfully
1753 2796 91 22 informs
1858 2796 38 22 the

1348 2832 12 11 •
1391 2822 86 27 Public,
1493 2822 48 22 that
1550 2822 29 22 he
1588 2822 40 22 has
1640 2823 145 21 commenced
1797 2823 99 22 business

1310 2848 21 21 in
1341 2848 38 22 the
1390 2849 71 22 above
1470 2849 54 27 line,
1540 2853 24 18 at
1572 2849 44 22 No.
1627 2851 19 24 1,
1659 2849 171 28 Clyde-terrace,
1841 2853 57 19 next

1310 2874 67 23 house
1388 2878 22 19 to
1421 2875 38 22 the
1472 2876 57 22 Rev.
1539 2876 45 22 Mr.
1596 2876 138 22 M'Farlane.

1336 2908 22 22 It
1376 2909 45 22 will
1440 2910 27 21 be
1486 2910 38 21 the
1548 2910 38 21 the
1607 2912 104 19 constant
1730 2910 126 22 endeavour
1873 2911 27 21 of

1310 2935 19 22 J.
1341 2935 30 23 H.
1383 2936 29 27 J.,
1428 2936 30 28 by
1468 2937 110 22 attention
1593 2940 23 18 to
1626 2937 110 26 business,
1751 2940 23 18 to
1783 2937 66 22 merit
1858 2937 38 22 the

1308 2965 121 26 patronage
1445 2964 26 21 of
1487 2964 63 21 those
1567 2964 119 27 favouring
1703 2963 48 22 him
1767 2963 52 22 with
1838 2963 59 22 their

1310 2989 80 22 orders.

1334 3023 54 21 Port
1397 3024 130 27 Nicholson,
1539 3024 61 22 June
1610 3025 34 26 13,
1655 3025 61 21 1840.

1310 3078 89 34 rpHE
1414 3078 228 22 UNDERSIGNED
1652 3078 55 22 offer
1713 3078 35 22 for
1755 3078 56 28 Sale,
1820 3086 29 14 on
1857 3079 39 21 the

1316 3100 28 26 X
1383 3105 44 21 Lot
1436 3105 71 22 above
1518 3105 46 21 Col.
1575 3104 151 28 Wakefield's,

1333 3140 41 20 300
1384 3138 73 22 dozen
1464 3138 130 28 Hodgson's
1603 3138 49 28 pale
1663 3138 41 28 ale,

1334 3166 28 20 50
1370 3165 52 22 best
1431 3165 139 27 Westphalia
1577 3165 72 27 hams,

1303 3203 2 5 -
1332 3192 43 21 200
1383 3194 64 20 2-cut
1456 3192 80 27 yellow
1546 3192 68 28 deals,

1334 3218 100 28 Battens,

1334 3246 27 20 30
1372 3246 70 21 dozen
1452 3246 60 27 good
1522 3245 83 29 sherry,

1332 3272 16 21 4
1355 3272 66 22 hhds.
1433 3273 99 27 superior
1541 3272 99 28 Brandy,

1334 3299 26 22 30
1372 3300 63 21 casks
1444 3299 66 27 nails,
1522 3300 110 21 assorted.'
1659 3312 4 3 -

1510 3335 25 23 T.
1551 3335 34 23 M.
1600 3335 184 23 PARTRIDGE
1794 3336 44 22 and
1847 3337 48 21 CO.

1497 3370 55 22 Bills
1562 3377 31 15 on
1602 3370 98 28 Sydney.

1334 3404 54 22 Port
1396 3404 131 28 Nicholson,
1539 3404 38 22 Bth
1588 3404 72 28 April,
1672 3405 60 21 1840.

1309 3459 152 27 /CLARET,
1477 3459 23 22 in
1515 3466 62 15 caseu
1591 3459 27 21 of
1631 3466 42 15 one
1688 3459 70 22 dozen
1773 3459 60 26 each,
1846 3459 50 27 just

1309 3486 39 21 V>
1377 3486 85 22 landed
1470 3486 58 22 from
1537 3485 39 22 the

1386 3518 18 28 ;'
1477 3519 26 22 T.
1520 3519 33 22 M.
1570 3519 237 23 PARTRIDGE.and
1816 3519 45 22 CO.

1308 3577 70 49 ON
1389 3577 77 22 SALE
1478 3584 13 14 a
1499 3577 63 26 large
1571 3576 103 29 quantity
1684 3576 26 21 of
1715 3575 59 28 good
1784 3575 34 22 Oil
1825 3584 6 19 ;
1847 3575 47 22 also

1384 3603 70 28 cheap
1471 3606 77 24 strong
1564 3603 54 21 cord
1632 3606 97 18 trousers
1743 3601 44 23 arid
1799 3602 93 27 jackets,

1306 3632 77 27 prints,
1405 3631 101 26 calicoes,
1531 3630 97 27 hosiery,
1651 3629 45 22 and
1714 3629 76 28 shoes;
1811 3629 81 28 paints,

1306 3659 98 26 vinegar,
1416 3657 44 22 and
1470 3657 55 27 shag
1534 3657 102 22 tobacco.
1665 3667 5 4 -
1784 3666 2 5 ■
1805 3667 4 4 •

1651 3689 83 23 JOHN
1746 3688 119 23 PIERCE.

1330 3725 119 22 Britannia
1457 3724 70 22 Hotel
1537 3724 47 22 and
1593 3724 81 22 Stores.

1501 3779 198 21 CHARCOAL.

1305 3813 159 49 MESSRS.
1475 3812 108 22 CLARK
1596 3812 47 22 and
1654 3811 153 22 BATTRASS
1817 3812 45 26 beg
1869 3814 22 19 to

1395 3840 82 22 inform
1493 3839 37 22 the
1547 3839 75 28 public
1632 3839 48 21 that
1696 3838 52 27 they
1758 3838 55 21 have
1831 3845 60 14 com-

1304 3867 93 21 menced
1409 3866 106 22 Charcoal
1525 3866 110 26 Burning,
1647 3864 45 23 and
1701 3864 48 23 that
1764 3864 36 22 the
1810 3864 81 28 .public

1304 3901 39 14 can
1353 3890 52 26 iiow
1414 3893 57 22 have
1479 3900 14 14 a
1501 3892 89 28 regular
1599 3891 87 29 sxipply,
1698 3895 24 18 at
1732 3891 44 22 Mr.
1786 3890 102 28 Pierces,

1304 3921 34 21 the
1348 3920 116 22 Britannia
1471 3920 82 21 Stores.
1582 3919 83 25 Terms,
1675 3920 31 19 2s.
1712 3918 34 22 6d.
1756 3925 38 20 per
1800 3917 87 23 bushel.

1329 3947 57 22 June
1398 3949 33 24 26,
1443 3948 60 20 1810.

1935 435 68 21 FOR
2026 435 96 20 JAVA
2146 436 75 20 AND
2244 436 111 22 CHINA
2378 438 133 26 DIRECT,

1969 472 3 3 •
2010 467 116 15 TOUCHING
2143 468 28 15 AT
2185 469 45 15 THE
2245 470 44 14 BAY
2303 470 25 19 OF,
2343 470 101 21 ISLANDS,

1970 496 70 25 *£CXj.
2049 491 92 22 HHHE
2176 492 45 23 fine
2247 493 44 22 fast
2324 494 80 27 sailing
2433 496 77 25 barque

1950 512 93 41 Jffig^
2056 512 29 27 X
2110 518 131 28 BOLTON,
2251 521 40 21 540
2300 523 55 25 tons;
2364 521 26 22 J;
2400 522 112 22 P.Robin-

1937 543 159 28 KNEssSisson,
2108 546 150 22 commander.
2286 547 44 22 For
2338 548 82 26 freight
2430 556 23 15 or
2465 555 47 21 pas-

1935 576 58 21 sage,
2004 571 67 27 apply
2082 578 28 15 on
2119 572 76 22 board.

1962 602 59 23 June
2032 605 33 26 19,
2077 605 61 21 1840.

2110 659 69 21 FOR
2192 660 149 22 SYDNEY.
2443 659 15 25 I
2488 659 31 24 ..:

1968 692 71 33 *S3g-
2047 689 93 23 HPHE
2153 690 44 22 fine
2211 691 44 22 fast
2267 692 79 27 sailing
2359 692 59 28 ship-
2426 692 85 29 HOPE,

2054 714 30 23 X
2094 717 42 21 400
2141 720 55 23 tons,
2204 717 49 22 J.S.
2259 718 100 28 Coombs,
2367 720 145 22 commander.

1936 741 160 23 •sSSaSaHas
2105 743 99 28 superior
2213 745 191 22 accommodation
2413 746 33 21 for
2453 746 59 23 cabin

1934 767 45 21 and
1986 770 99 25 steerage
2092 776 136 20 passengers.
2254 771 43 22 For
2300 771 83 27 freight
2390 779 23 14 or
2418 779 92 21 passage,

1934 793 66 27 apply
2010 796 22 19 to
2042 795 38 21 the
2091 796 87 27 captain
2187 803 29 15 on
2226 797 76 22 board.
2343 800 5 4 '
2454 811 2 7 .
2482 805 4 8 >

2023 848 156 22 WANTED
2193 851 45 21 TO
2253 852 175 21 CHARTER.

1967 888 72 28 iggj.
2063 883 18 22 A
2108 882 113 23 VESSEL
2235 884 50 22 able
2295 887 22 19 to
2326 892 64 20 carry
2400 885 61 23 about
2470 887 42 21 100

1948 906 150 38 ogj§£&-^Ju
2111 908 67 28 Tons,
2189 913 23 18 to
2222 910 95 28 proceed
2327 914 21 19 to
2359 911 85 25 Queen-
2448 912 64 22 Ghar-

1934 935 167 25 «gSs3E£*lotte
2110 936 76 22 Sound
2197 937 35 21 for
2241 937 58 28 Logs
2308 941 22 18 to
2338 938 29 21 be
2377 938 105 23 delivered
2486 939 25 22 in

1934 963 55 21 Port
1997 962 132 22 Nicholson.

2122 988 26 23 T.
2159 989 33 22 M.
2203 990 180 23 PARTRIDGE
2393 992 44 22 and
2446 992 39 22 CO.

2138 1044 68 21 FOR
2220 1045 95 25 SALE,

1968 1075 171 35 *i|Xg.nnHE
2164 1079 72 19 cutter
2262 1077 167 28 HARRIETT,
2454 1086 59 15 com-

1948 1099 93 35 Ogj§gj#
2054 1099 30 24 X
2120 1102 66 27 plete,
2199 1103 45 22 and
2252 1104 68 27 ready
2329 1105 35 21 for
2374 1112 44 14 sea.

1934 1126 111 25 «sskSs»»
2074 1128 76 28 Apply
2161 1133 20 18 to

2298 1157 25 22 R.
2339 1157 143 23 BARRETT.
2496 1175 4 3 .

1959 1180 130 29 Tliorndon,
2103 1182 60 22 June
2172 1184 21 20 5.

2108 1237 112 21 LOCAL
2237 1239 103 20 BANK.

1935 1268 89 49 THE
2044 1270 214 23 PROVISIONAL
2278 1272 176 23 COMMITTEE
2460 1291 5 2 .
2472 1280 40 15 an-

2007 1303 88 15 nounce
2113 1297 48 22 that
2174 1297 44 22 this
2316 1299 42 21 will
2371 1300 37 21 T)'e.
2415 1300 62 27 ready
2488 1303 24 19 to

1931 1329 29 19 go
1969 1322 46 21 into
2026 1324 115 26 operation
2152 1331 22 14 as
2187 1331 54 15 soon
2255 1325 56 22 after
2324 1325 38 23 the
2380 1326 92 28 delivery
2488 1327 29 22 of

1932 1348 37 22 the
1978 1348 68 23 Town
2058 1349 76 23 Lands
2143 1357 24 16 as
2175 1351 104 27 possible.

1960 1375 59 22 June
2030 1377 33 26 19,
2079 1378 60 21 1840.

1995 1430 129 21 PUBLIC
2147 1429 92 23 BALL
2261 1432 73 21 AND
2357 1433 92 21 FETE,

2154 1472 141 15 COMMITTEE.

2079 1498 34 17 Mr.
2125 1499 16 16 J.
2150 1498 120 21 IM«Mtt¥,^

2080 1519 57 21 Major
2148 1519 21 17 D.
2182 1519 17 17 S.
2211 1520 82 20 DUKIE,

2079 1540 34 16 Mr.
2125 1540 77 17 JAMES
2213 1540 74 20 WATT,

2079 1560 34 17 Mr.
2126 1560 97 18 GEORGE
2235 1561 82 19 DUPPA,

2079 1581 34 16 Mr.
2126 1581 19 17 F.
2157 1582 20 16 A.
2190 1581 175 21 MOLESWORTH,

2078 1602 35 16 Mr.
2125 1602 98 18 ROBERT
2234 1602 22 17 R.
2268 1603 102 20 STRANG,

2079 1622 34 17 Mr.
2126 1623 99 17 GEORGE
2236 1623 86 21 WHITE,'

2079 1642 35 18 Mr.
2126 1644 22 16 R.
2160 1644 120 19 BARRETT,
2290 1654 3 4 •

2079 1664 31 17 Dr.
2122 1664 131 20 JOHNSTON,
2266 1665 52 19 M.D.,

2079 1684 57 21 Major
2148 1685 88 19 BAKER,

2080 1705 34 17 Mr.
2126 1705 64 17 JOHN
2202 1706 75 20 WADE,

2079 1726 34 16 Mr.
2126 1726 106 20 DODERY,

2079 1747 74 21 Captain
2164 1747 129 19 CHAFFERS,
2301 1761 5 3 .

2079 1768 34 16 Mr.
2125 1768 64 16 JOHN
2200 1768 136 17 THOMPSON.

2005 1795 35 16 Mr.
2053 1795 17 16 J.
2083 1794 99 20 DORSET,
2195 1795 91 21 Secretary
2296 1796 35 17 and
2343 1797 97 17 Treasurer,

1958 1821 46 22 The
2021 1822 56 22 Fete
2094 1823 45 21 will
2156 1822 51 27 take,
2222 1823 63 28 place
2298 1831 22 14 as
2338 1831 54 15 soon
2408 1825 52 22 after
2476 1825 39 23 the

1931 1849 163 28 appropriation
2106 1849 26 21 of
2139 1849 37 22 the
2184 1849 69 23 Town
2264 1851 100 21 Sections
2374 1858 24 15 as
2407 1851 33 23 tho
2439 1872 4 6 r
2446 1852 68 22 Com-

1931 1875 76 22 mittee
2017 1875 124 23 determine
2153 1876 44 22 will
2209 1877 44 21 suit
2269 1877 74 27 public
2360 1878 153 23 convenience.

1958 1901 47 22 The
2022 1902 116 28 following
2152 1903 37 21 list
2205 1903 26 23 of
2247 1903 122 23 diversions
2389 1904 51 22 have
2456 1905 59 23 been

1931 1928 140 22 determined
2080 1936 67 21 upon,
2155 1929 45 22 and
2211 1930 36 22 the
2253 1931 110 21 member's
2372 1931 25 22 of
2407 1932 33 21 the
2446 1933 79 22 Com,-'

1931 1955 76 22 mittee
2017 1956 83 22 named
2110 1964 36 14 are
2155 1959 21 19 to
2186 1957 29 21 be
2225 1956 118 23 addressed
2348 1958 120 28 respecting
2475 1958 38 23 the
2522 1967 4 13 :

1930 1986 176 23 arrangements.

1958 2009 21 21 A
1993 2009 97 21 Rowing
2101 2009 94 28 Match,
2207 2010 120 27 consisting
2338 2011 27 22 of
2376 2011 63 22 whale
2446 2012 65 22 boats
2522 2029 5 3 .

1931 2035 79 22 owned
2019 2036 30 27 by
2059 2036 37 21 the
2106 2036 109 22 residents
2225 2037 26 21 of
2262 2037 51 21 Port
2322 2037 125 22 Nicholson.
2478 2041 35 19 Ist

1930 2062 68 26 prize,
2010 2062 48 22 £20
2065 2070 5 19 ;
2084 2063 52 26 2nd,
2146 2063 47 21 £10
2200 2070 6 19 ;
2221 2063 47 27 3rd,
2275 2063 38 22 £5.
2343 2064 37 21 No
2388 2064 126 22 raceunless

1931 2088 43 21 five
1985 2089 64 21 boats
2060 2092 61 18 start.
2150 2089 113 23 Entrance
2279 2089 40 28 fee,
2338 2090 41 22 £2'
2387 2091 48 21 eacli
2453 2092 59 22 boat.
2522 2106 4 4 •

1932 2114 54 22 And
2004 2122 13 14 a
2036 2115 95 23 Sailing
2151 2116 93 27 Match,
2265 2116 29 27 by
2312 2119 64 20 boats
2392 2118 72 22 owned,
2482 2119 31 27 by

1931 2141 115 23 residents.
2076 2144 34 20 Ist
2119 2142 66 29 prize,
2195 2143 23 27 i€
2218 2143 35 27 10;
2268 2143 51 26 2nd,
2328 2144 41 22 £5.
2397 2144 115 28 Entrance,

1930 2168 32 22 £1
1969 2176 5 18 ;
1976 2181 31 4 —
2008 2170 123 27 managing
2139 2170 107 27 member,
2259 2170 60 27 Capf.
2331 2170 101 24 Chaffers,

1958 2195 22 22 A
1988 2195 79 23 Canoe
2074 2195 71 28 Race,
2152 2197 31 26 by
2189 2196 98 27 Natives,
2296 2197 47 22 jCIO
2351 2201 22 18 to
2380 2197 27 22 be
2416 2199 100 21 awarded

1932 2229 24 14 as
1976 2229 13 14 a
2006 2223 69 27 prize,
2095 2223 44 21 and
2157 2230 14 14 a
2188 2223 60 21 War
2266 2223 82 22 Dance
2358 2232 6 19 ;
2366 2236 30 5 —
2397 2226 117 27 maaaging

1931 2249 108 27 member,
2051 2246 43 25 Mr.
2106 2249 27 22 R.
2145 2249 94 23 Barrett.

1960 2276 21 20 A
1991 2276 100 21 Hurdle
2106 2276 71 22 Race.
2207 2279 34 19 Ist
2257 2276 71 28 horse,
2346 2278 46 22 dSIS
2400 2286 6 19 ;
2428 2277 42 23 2nd
2489 2281 24 19 to

1931 2309 52 15 save
1993 2302 35 22 his
2038 2303 81 21 stakes.
2147 2303 113 22 Entrance
2268 2304 42 27 fee,
2326 2305 34 21 £3
2374 2304 51 22 each
2437 2304 75 23 horse.
2522 2307 4 5 '

1931 2328 72 22 Three
2012 2329 77 22 horses
2099 2333 22 18 to
2137 2333 60 24 start,
2216 2338 24 14 or
2256 2338 29 14 no
2299 2338 53 15 race
2358 2340 6 19 ;
2366 2343 29 5 —
2396 2332 117 27 managing

1931 2356 108 27 member,
2051 2357 45 21 Mr.
2107 2356 76 23 James
2194 2357 67 21 Watt.

1958 2382 22 22 A
1990 2382 73 23 Rifle
2073 2383 94 22 Matcu.
2195 2385 35 20 Ist
2238 2384 65 28 prize,
2313 2384 54 28 £25,
2376 2387 23 19 to
2407 2385 107 28 purchase

1932 2416 13 14 a
1955 2409 47 21 rifle
2010 2418 6 18 ;
2032 2410 51 27 2nd,
2095 2410 53 27 £10,
2159 2414 23 18 to
2192 2411 106 26 purchase
2308 2418 14 14 a
2336 2411 88 28 fowling
2433 2413 66 26 piece
2506 2420 7 19 ;

1930 2436 48 27 3rd,
1988 2436 40 27 £5,
2041 2439 23 19 to
2069 2437 108 27 purchase
2185 2444 13 14 a
2204 2437 65 22 brace
2277 2438 24 21 of
2306 2438 84 27 pistols.
2405 2439 110 22 Entrance
2523 2449 2 4 1

1931 2462 41 28 fee,
1983 2463 32 22 £l
2025 2471 5 19 ;
2032 2476 31 3 —
2065 2464 121 27 managing
2197 2464 115 27 members,
2329 2465 90 23 Messrs.
2428 2465 87 23 Moles-
2522 2484 4 2 .

1931 2490 70 21 worth
2011 2490 46 22 and
2066 2490 87 27 Duppa.

1958 2516 142 23 Wrestling
2115 2519 94 26 Match,
2228 2517 114 23 Climbing
2359 2518 73 28 Poles,
2444 2519 69 23 .Foot
2522 2531 5 8 ■

1931 2543 82 28 Races,
2037 2544 39 22 &c.
2115 2544 46 22 £20
2180 2544 102 22 awarded
2301 2545 37 21 for
2355 2545 37 22 the
2410 2553 55 15 same
2472 2554 7 19 ;
2480 2558 33 5 —

1929 2570 123 27 managing
2079 2571 117 27 members,
2226 2571 89 22 Messrs.
2350 2572 83 28 Dodeiy
2466 2573 47 22 and
2522 2579 3 4 '

1930 2596 95 22 Barrett.

2139 2623 65 23 THE
2218 2623 87 23 BALL.

1955 2649 63 22 Each
2027 2650 124 22 subscriber
2161 2651 26 21 of
2199 2651 33 22 £2
2241 2652 18 20 is
2269 2651 93 23 allowed
2369 2655 22 19 to
2399 2652 111 23 introduce
2522 2661 2 8 '

1929 2675 37 22 the
1983 2676 71 22 ladies
2080 2677 26 22 of
2130 2677 34 22 his
2187 2678 160 27 acquaintance
2355 2687 5 19 ;
2362 2691 31 4 —
2394 2679 116 27 managing

1929 2703 117 27 members,
2058 2704 74 27 Major
2139 2704 73 22 Baker
2221 2704 45 22 and
2275 2705 91 23 Messrs.
2376 2705 76 23 Dorset
2462 2706 46 22 and

1929 2729 26 22 R.
1968 2730 88 27 Strang.

1954 2756 40 22 All
2000 2757 112 22 members
2118 2757 25 21 of
2149 2757 38 22 the
2196 2758 131 22 Committee
2333 2766 37 15 are
2378 2759 133 28 empowered

1928 2785 24 19 to
1960 2784 89 21 receive
2059 2784 171 27 subscriptions.-

1928 2838 152 21 MISLAID
2095 2839 46 20 OR
2162 2839 140 25 STOLEN,
2323 2841 95 20 FROM
2439 2841 74 21 THE

2021 2865 119 21 BEACH
2155 2866 49 20 AT
2218 2866 205 22 BRITANNIA.

1928 2898 51 49 A
1993 2898 84 23 PACK
2079 2899 64 22 AGE
2154 2899 25 22 of
2185 2899 105 28 Building
2300 2900 113 23 Materials
2418 2901 95 22 marked
2520 2921 4 7 t

2007 2924 23 22 N
2040 2925 18 22 Z
2068 2926 85 22 outside
2164 2926 133 28 a.diamona,
2309 2927 46 22 and
2364 2927 18 22 L
2392 2927 20 22 N
2418 2927 45 22 and
2472 2928 39 22 the
2521 2948 6 6 r

1927 2952 96 21 number
2036 2952 79 27 inside,
2131 2953 19 21 if
2162 2953 89 22 mislaid
2260 2961 13 14 a
2284 2954 85 21 reward
2380 2954 26 22 of
2413 2956 41 21 20s.
2466 2955 44 22 will
2520 2965 6 5 -

1927 2978 28 22 be
1964 2978 54 28 paid
2026 2986 28 15 on
2064 2986 108 21 recovery
2181 2980 92 27 thereof,
2284 2988 24 14 or
2317 2980 21 22 if
2349 2981 71 27 stolen,
2432 2981 33 23 £2
2480 2989 31 14 on

1927 3011 108 22 recovery
2045 3006 46 22 and
2101 3006 125 22 conviction
2237 3006 26 22 of
2317 3007 60 22 thief.

2222 3032 83 23 LUKE
2320 3034 162 23 NATTIIASS.

1953 3058 131 28 Thorndon,
2096 3059 55 27 May
2160 3061 35 26 24,
2206 3061 59 20 1840.

2099 3112 71 22 OIL!
2185 3113 71 21 OIL!
2271 3113 70 22 OIL!

1927 3146 225 49 WELSDON
2163 3146 97 23 'informs
2274 3146 33 22 his
2324 3147 82 23 friends
2414 3147 46 23 and
2470 3148 40 22 the

1999 3185 11 10 •
2042 3173 74 25 public
2131 3173 48 22 that
2196 3173 27 21 he
2238 3173 39 22 has
2287 3181 14 14 a
2317 3174 60 27 large
2393 3175 74 28 supply
2485 3175 29 22 of

1927 3199 80 23 Whale
2019 3200 43 27 On,
2075 3207 29 15 on
2114 3207 55 20 very
2177 3199 112 23 moderate
2297 3204 76 18 terms.

1954 3227 61 21 June
2026 3228 32 26 13,

1953 3295 4 6 ,
2027 3282 119 20 SHOES!
2163 3281 116 21 SHOES!
2296 3283 113 22 SHOES!

1934 3314 87 23 XUST
2028 3314 107 27 received,
2145 3322 28 14 ex
2183 3314 37 21 the

1927 3337 26 27 O
1990 3345 65 18 ment
2064 3342 26 21 of
2097 3342 62 21 boots
2169 3341 45 22 and
2223 3340 70 23 shoes.
2463 3361 4 5 ,
2482 3352 3 4 •

2237 3367 144 24 WILLIAM
2392 3369 94 23 LYONV

1954 3395 55 22 East
2018 3395 45 22 end
2072 3394 69 22 of.the
2152 3394 132 28 Company's
2293 3395 149 29 Warehouses,

1981 3422 61 21 June
2051 3423 34 25 27,
2096 3422 60 21 1840.

1926 3469 186 49 WANTED,'
2126 3476 13 14 a
2155 3476 52 15 man
2225 3469 44 23 and
2286 3470 101 22 his'wife
2401 3478 20 14 as
2436 3471 72 22 house

2023 3499 106 18 servants.
2170 3496 76 27 Apply
2268 3500 22 18 at
2309 3497 37 21 the
2396 3497 90 22 Gazette
2520 3495 4 11 :

1925 3522 78 22 Office.

1954 3549 54 21 Port
2017 3548 125 22 Nicholson
2153 3549 60 21 June
2222 3549 33 26 27,
2268 3551 67 21 1840.-

2148 3597 136 20 NOTICE.

1924 3622 201 51 WHEREAS,
2134 3630 69 20 many
2210 3631 91 19 persons
2308 3631 37 14 are
2352 3632 47 14 now
2406 3625 105 27 engaged
2519 3637 4 4 •

2005 3652 4 3 ■
2020 3650 24 22 in
2055 3650 90 27 cutting*
2151 3650 65 21 down
2226 3653 55 19 trees
2292 3657 30 15 on
2333 3651 36 22 the
2381 3651 51 23 JNew
2447 3652 58 22 Zea-
2521 3670 5 3 .

1923 3676 55 22 land
1983 3676 66 23 Land
2054 3677 136 27 Company's
2199 3676 59 28 land,
2268 3677 24 22 in
2302 3678 44 21 this
2357 3677 84 28 district,
2453 3678 54 22 with

1924 3711 12 14 a
1946 3704 56 21 view
2012 3707 23 18 to
2044 3711 90 14 remove
2145 3711 24 14 or
2179 3711 37 14 use
2229 3703 58 22 them
2295 3707 24 18 at
2324 3712 14 13 a
2342 3704 65 22 future
2417 3705 88 27 period:

1924 3730 80 21 Notice
2014 3730 18 22 is
2041 3730 84 27 hereby
2131 3731 74 25 given,
2215 3730 47 21 that
2268 3737 30 14 no
2305 3733 57 18 trees
2370 3737 23 15 so
2397 3735 35 18 cut
2439 3731 65 22 down

1924 3763 41 15 can
1975 3756 29 22 be
2014 3756 95 22 claimed
2119 3758 57 20 after
2186 3756 37 21 the
2232 3756 116 22 allotment
2362 3757 26 21 of
2397 3757 33 22 the
2444 3758 65 24 land,

1924 3790 25 14 or
1957 3783 108 22 removed
2074 3783 93 22 without
2177 3782 37 22 the
2225 3787 92 18 consent
2326 3783 24 21 of
2362 3784 34 21 the
2401 3783 106 23 choosers

1924 3810 26 21 of
1969 3810 38 21 the
2026 3810 122 28 respective
2165 3809 101 28 sections,
2284 3817 62 20 upon
2365 3810 67 22 which
2450 3810 56 23 such

1924 3837 80 21 timber
2013 3843 53 21 may
2077 3837 27 20 be
2115 3836 71 27 lying.
2283 3834 5 5 *
2518 3842 6 5 ~

1954 3863 35 27 By
1999 3864 65 21 order
2075 3863 25 22 of
2107 3862 41 24 .the
2159 3862 133 28 Company's
2304 3862 103 28 Principal
2418 3863 85 27 Agent,
2514 3883 4 5 .

1929 3904 2 5 ,
2138 3892 7 5 *
2223 3888 82 23 JOHN
2322 3889 97 27 LEWIS,
2503 3900 19 6 -

2091 3926 4 4 •
2123 3915 67 23 Chief
2201 3915 64 24 Clerk
2273 3916 26 23 of
2310 3916 37 22 the
2357 3916 59 23 Land
2425 3916 80 24 Office.

1951 3944 59 22 June
2020 3945 19 25 3,
2051 3944 26 21 IS
2084 3944 28 20 10.
