2569 4029
241 1210 113 18 LATEST
367 1210 106 18 DATES.

62 1240 97 21 London
381 1240 119 26 February
514 1240 39 24 15,
566 1240 63 19 1840,

62 1272 92 30 Sydney
380 1270 58 30 May
450 1271 41 26 22,
506 1270 74 22 1840.

62 1305 91 22 Hobart
166 1304 72 23 Town
382 1303 85 23 March
479 1304 22 23 6,
517 1304 75 21 1840.

717 513 30 24 In
759 522 42 15 our
810 513 46 24 last
867 515 95 22 number
969 522 33 15 we
1015 515 66 23 made
1093 523 62 16 some
1166 516 105 23 remarks

682 564 63 24 upon
762 556 39 23 the
825 558 155 30 appointment
999 557 26 24 of
1041 565 14 15 a
1075 558 154 23 Commission
1247 560 24 22 in

682 598 106 29 London,
806 603 24 18 to
844 607 96 23 manage
959 600 38 23 the
1015 604 71 19 waste
1103 600 66 23 lands
1188 601 25 22 in
1232 601 38 23 the

684 640 115 24 Colonies.
835 641 68 23 Since
914 641 56 23 then
980 649 35 15 we
1032 641 59 24 have
1104 642 55 23 read
1171 642 65 24 Lord
1247 643 22 23 J.

683 682 115 24 Russell's
808 682 67 24 letter
882 683 26 23 of
917 683 148 24 instructions
1077 688 22 20 to
1111 684 38 24 the
1161 684 78 24 Board
1249 685 25 24 of

684 724 197 24 Commissioners.
918 725 31 23 In
964 733 42 15 our
1018 730 56 19 next
1085 734 32 15 we
1129 726 46 23 will
1187 727 83 24 endea-

681 774 57 16 vour
755 771 23 19 to
790 767 47 24 find
856 775 66 23 space
933 768 36 23 for
990 776 63 15 some
1074 773 98 20 extracts
1185 777 30 16 on
1232 770 38 23 the

682 809 96 32 subject.
814 810 30 23 In
855 810 38 23 the
905 811 122 23 meantime
1036 818 34 15 we
1081 811 75 24 would
1168 816 57 19 state
1236 812 41 24 for.

681 852 40 23 the
743 853 139 23 satisfaction
900 853 25 23 of
941 853 37 23 the
997 853 124 30 Colonists,
1142 854 48 22 that
1213 854 64 23 New;

682 895 102 23 Zealand
794 896 19 22 is
827 896 122 29 especially
959 896 94 30 pointed
1065 901 40 18 out
1114 904 24 15 as
1147 904 13 15 a
1167 896 104 23 valuable

681 937 54 23 field
742 937 36 23 for
790 937 147 30 emigration;
952 937 45 23 and
1008 937 38 23 the
1055 937 74 23 South
1136 937 136 25 Australian

680 980 119 31 principle,
818 980 72 23 under
900 980 76 23 which
995 979 46 23 this
1055 980 88 30 Colony
1153 981 42 22 has
1213 981 59 24 been

681 1023 145 29 established,
839 1024 20 22 is
868 1023 138 31 particulary
1015 1023 172 23 recommended
1199 1028 23 19 to
1234 1024 37 23 the

681 1067 111 22 attention
804 1066 26 23 of
838 1066 37 23 the
889 1066 200 23 Commissioners.

714 1109 43 23 We
769 1109 58 23 have
844 1109 71 23 heard
926 1109 48 23 that
987 1108 47 24 His
1047 1108 142 32 Excellency
1203 1109 77 31 Capt.,

682 1151 99 25 Hobson
806 1151 166 32 contemplated
990 1151 85 32 selling
1090 1152 66 23 lands
1171 1153 25 22 in
1213 1153 59 23 New

680 1195 103 23 Zealand
799 1198 23 19 at
841 1195 79 22 twelve
936 1194 106 31 shillings
1062 1202 28 15 an
1108 1202 59 21 acre,
1185 1195 43 23 but
1247 1203 25 16 as

681 1238 48 24 Mr.
749 1238 123 23 Shortland
886 1237 47 24 will
950 1237 57 23 have
1019 1237 126 24 forwarded
1161 1238 111 25 informa-

681 1282 47 22 tion
740 1281 30 30 by
782 1280 49 24 the*
943 1280 75 23 which
1036 1280 72 23 sailed
1118 1281 35 22 for
1171 1280 38 24 the
1222 1282 50 31 Bay

681 1324 25 22 of
712 1324 99 28 Islands,
820 1322 57 34 a^er
884 1323 38 23 the
928 1323 83 23 arrival
1016 1323 25 23 of
1046 1323 38 23 the

681 1358 24 21 in
727 1362 112 25 courtesy,
836 1357 168 23 '^instructions
1023 1357 59 22 from
1102 1357 38 23 the
1152 1357 78 23 Board
1251 1358 25 23 of

682 1390 190 23 Commissioners
891 1390 47 22 will
957 1389 27 23 be
1003 1390 104 22 awaited.
1131 1404 5 3 -
1151 1390 44 23 We
1214 1390 59 24 have

681 1423 57 23 little
757 1423 71 23 doubt
846 1423 37 23 the
902 1423 98 22 London
1020 1423 77 22 Board
1109 1423 45 23 will
1173 1422 99 24 advance

680 1456 39 23 the
730 1457 62 30 price
804 1457 25 22 of
844 1456 54 23 land
909 1456 24 22 in
947 1456 56 22 New
1022 1455 102 24 Zealand
1142 1461 23 18 to
1177 1457 38 23 £2
1234 1456 38 23 the

681 1497 50 15 acre
742 1499 5 19 ;
772 1494 25 19 at
815 1489 50 23 that
882 1490 63 30 price
962 1489 56 22 each
1043 1491 48 21 100
1110 1497 63 15 acres
1197 1489 77 23 would

680 1523 62 30 yield
752 1524 80 22 £200.
860 1522 24 23 If
895 1522 38 23 the
942 1522 72 22 whole
1022 1530 52 14 sum
1086 1530 45 15 was
1143 1522 96 24 devoted
1250 1527 22 18 to

681 1557 141 30 emigration,
842 1560 23 19 at
878 1557 54 22 £20
945 1563 40 23 per
994 1555 59 23 head
1063 1555 35 23 for
1111 1555 56 23 each
1180 1564 91 22 person,

684 1591 29 21 10
725 1597 95 24 persons
831 1589 35 23 for
878 1596 68 23 every
961 1591 47 21 100
1020 1596 64 15 acres
1097 1589 50 23 sold
1158 1588 75 31 might
1246 1589 26 23 be

680 1623 133 23 introduced
825 1627 23 18 to
861 1622 57 23 New
930 1622 109 23 Zealand.
1077 1622 35 23 Of
1121 1622 45 23 this
1176 1622 96 23 number

680 1655 49 23 half
745 1656 74 23 would
837 1656 28 22 be
875 1655 103 29 females,
999 1654 45 24 aftd
1063 1654 26 24 of
1103 1655 39 23 the
1159 1654 72 23 males
1250 1660 23 18 at

679 1689 59 24 least
754 1694 43 18 two
816 1694 40 18 out
874 1689 26 22 of
916 1689 55 22 each
989 1689 45 22 five
1055 1689 74 22 would
1146 1688 48 23 find
1213 1692 59 19 town

679 1724 153 29 occupations,
858 1722 73 23 which
957 1722 75 23 would
1058 1721 63 23 leave
1145 1721 40 23 but
1208 1721 64 24 three

679 1757 71 22 males
763 1761 23 18 to
799 1764 67 22 every
880 1758 48 21 100
941 1763 71 20 acres,
1025 1762 26 15 as
1071 1754 199 31 agriculturalists,

679 1789 74 23 which
777 1790 73 22 would
875 1789 29 23 be
927 1789 53 30 only
1004 1796 14 15 a
1039 1788 117 23 moderate
1179 1788 91 31 supply.

679 1823 48 23 But
739 1831 25 15 as
776 1824 91 22 various
879 1822 134 23 deductions
1023 1829 40 15 are
1076 1829 52 15 sure
1140 1825 23 19 to
1169 1821 29 23 be
1205 1821 66 24 made

677 1856 60 23 from
750 1856 38 23 the
800 1856 154 31 immigration
971 1854 65 29 fund,
1058 1862 57 16 even
1133 1859 23 19 at
1175 1855 38 23 £2
1231 1862 41 23 per

679 1898 59 21 acre,
754 1889 63 24 there
832 1890 19 22 is
869 1889 59 23 little
947 1892 107 27 prospect
1072 1888 24 22 of
1118 1888 38 23 the
1176 1892 96 27 country

677 1923 72 30 being
761 1922 139 31 sufficiently
914 1922 104 31 supplied
1029 1921 57 23 with
1096 1921 88 24 labour.

1329 768 44 25 We
1384 769 93 31 publish
1489 769 56 24 with
1556 769 103 31 pleasure
1672 769 39 24 the
1721 769 118 31 following
1846 777 42 15 ex-

1291 816 75 28 tracts
1375 812 62 23 from
1448 820 14 15 a
1478 811 105 32 dispatch
1599 812 59 23 from
1676 812 39 23 the
1728 812 122 28 Secretary
1867 811 24 24 of

1289 855 55 23 ahe-
1354 854 58 23 New
1434 854 103 24 Zealand
1559 855 67 23 Land
1649 855 128 30 Company.
1820 854 68 31 They

1375 896 50 23 that
1443 896 38 23 the
1500 897 119 31 Company
1636 897 59 23 have
1712 901 40 19 not
1768 897 59 23 been
1843 904 45 16 un-

1297 939 98 23 mindful
1411 939 26 23 of
1452 939 65 24 their,
1528 941 111 29 promises
1663 940 46 23 and
1726 948 40 15 our
1784 940 102 23 interest.

1298 982 50 23 The
1361 982 80 29 colony
1453 983 19 20 is
1484 990 53 15 now
1548 990 78 15 secure
1641 983 27 22 in
1680 991 14 14 a
1700 983 59 30 good
1771 982 83 30 supply
1866 981 25 24 of

1296 1024 128 32 provisions
1442 1024 35 23 for
1488 1025 56 22 nine
1561 1025 90 22 months
1660 1034 6 18 ;
1686 1024 90 30 th»ugh
1792 1024 98 23 without

1298 1067 44 23 this
1350 1066 91 31 supply,
1455 1074 32 15 we
1500 1075 38 15 are
1550 1066 122 24 convinced
1681 1066 63 24 there
1751 1066 74 23 would
1831 1066 58 23 have

1291 1110 61 33 jbeen
1371 1117 30 15 no
1418 1113 108 26 prospect
1544 1110 24 23 of
1582 1113 66 24 want,
1669 1113 40 26 yet
1771 1109 119 31 Company

1298 1160 36 16 are
1352 1156 41 19 not
1409 1151 39 24 the
1465 1151 45 24 less
1530 1152 94 24 entitled
1640 1156 24 19 to
1683 1160 41 15 our
1742 1152 148 31 approbation

1297 1194 34 23 for
1342 1194 145 31 dispatching
1500 1195 38 23 the
1744 1202 25 15 as
1782 1195 54 29 they
1851 1194 39 23 did

1298 1245 61 23 upon
1370 1237 38 23 the
1420 1238 85 31 receipt
1524 1238 25 23 of
1563 1237 163 24 unfavourable
1744 1237 146 31 intelligence

1298 1279 58 24 from
1368 1280 59 23 New
1438 1280 75 23 South
1525 1280 88 23 Wales.

1332 1322 51 24 The
1396 1323 52 31 ship
1658 1324 32 30 by
1702 1323 74 23 which
1787 1322 14 24 I
1813 1327 77 19 trans-

1299 1357 41 22 mit
1352 1360 22 19 to
1387 1364 46 22 you
1444 1357 46 22 this
1503 1357 46 23 and
1555 1357 63 23 other
1630 1357 138 31 dispatches,
1781 1356 41 23 has
1831 1356 59 23 been

1300 1389 117 23 chartered
1429 1390 29 29 by
1471 1390 38 23 the
1524 1390 124 31 Company,
1662 1390 37 23 for
1711 1390 38 22 the
1760 1397 100 24 purpose
1867 1389 25 23 of

1297 1423 128 29 conveying
1437 1430 13 15 a
1460 1423 83 31 supply
1552 1424 24 22 of
1580 1424 128 30 provisions
1716 1427 22 19 to
1747 1423 36 22 the
1792 1423 96 29 Colony,

1299 1454 36 23 the
1349 1455 83 23 arrival
1444 1455 24 23 of
1477 1456 75 22 which
1564 1457 18 22 it
1596 1457 19 21 is
1632 1456 76 30 hoped
1724 1464 53 21 may
1794 1455 56 23 tend
1867 1459 23 19 to

1299 1493 131 17 counteract
1442 1496 43 22 any
1497 1496 56 23 very
1564 1492 64 27 great
1639 1489 47 22 rise
1699 1488 25 23 of
1735 1489 61 30 price
1815 1489 24 22 in
1851 1488 39 23 the

1298 1520 51 23 first
1357 1522 141 22 necessaries
1511 1522 27 22 of
1545 1522 47 28 life,
1606 1521 44 24 and
1662 1525 24 19 at
1698 1521 32 23 all
1741 1525 77 19 events
1836 1529 54 23 pre-

1298 1557 54 19 vent
1361 1553 38 23 the
1410 1555 131 30 possibility
1553 1555 25 23 of
1587 1563 25 15 so
1624 1555 88 23 serious
1724 1563 14 15 a
1749 1554 106 31 calamity
1865 1562 25 16 as

1299 1594 29 15 an
1344 1586 105 24 absolute
1472 1589 98 30 scarcity
1587 1588 26 23 of
1626 1588 61 23 food.
1730 1588 49 23 The
1803 1588 86 23 intelli-

1298 1627 71 23 gence
1380 1619 75 24 which
1470 1620 42 24 has
1531 1621 70 31 lately
1617 1621 97 23 reached
1732 1621 116 31 England,
1867 1621 25 23 of

1299 1653 37 22 the
1349 1653 116 24 advanced
1475 1655 63 30 price
1562 1654 25 24 of
1608 1655 58 22 flour
1686 1655 25 22 in
1734 1654 57 24 New
1815 1654 74 23 South

1298 1686 87 29 Wales,
1404 1686 42 24 has
1462 1687 99 24 induced
1571 1687 39 24 the
1621 1687 121 24 Directors
1753 1692 22 19 to
1785 1687 105 31 dispatch

1299 1719 64 24 these
1374 1721 129 30 provisions
1516 1721 55 23 with
1584 1721 37 23 the
1632 1721 61 26 leas.t
1711 1721 65 31 delay
1787 1721 51 23 that
1845 1722 44 22 cir-

1300 1758 143 18 cumstances
1455 1754 76 23 would
1542 1755 91 29 permit.

1332 1786 51 23 The
1396 1786 120 24 Directors
1530 1788 91 23 commit
1638 1786 66 24 these
1721 1788 129 30 provisions
1867 1792 23 18 to

1298 1827 56 23 your
1366 1819 91 32 charge,
1481 1820 52 24 first
1544 1825 22 19 to
1579 1820 79 24 enable
1681 1828 45 23 you
1750 1825 22 19 to
1795 1819 94 32 provide

1298 1853 141 24 subsistence
1451 1854 35 22 for
1497 1854 67 23 those
1577 1854 124 30 emigrants
1714 1854 24 23 of
1747 1853 38 24 the
1796 1854 94 23 labour-

1298 1887 40 30 ing
1350 1886 68 29 class,
1442 1886 75 24 whom
1533 1887 37 23 the
1584 1887 119 30 Company
1724 1887 42 23 has
1788 1887 102 30 publicly

1298 1920 97 30 pledged
1406 1920 65 23 itself
1479 1925 40 18 not
1532 1925 22 18 to
1566 1920 66 23 allow
1643 1925 24 18 to
1679 1920 41 23 fall
1731 1921 47 22 into
1793 1920 97 23 destitu-

1298 1953 54 28 tion,
1366 1952 45 24 and
1423 1953 110 31 secondly
1544 1954 35 23 for
1590 1953 38 23 the
1643 1961 102 24 purpose
1763 1953 24 24 of
1803 1953 47 24 sale
1868 1958 22 18 to

1299 1986 36 23 the
1348 1986 98 23 Settlers
1463 1991 23 18 at
1497 1987 40 23 the
1549 1987 51 24 best
1617 1988 74 30 prices
1710 1986 48 24 that
1775 1995 45 21 you
1838 1995 52 23 may

1299 2019 27 23 be
1337 2019 52 22 able
1401 2023 22 19 to
1437 2019 77 23 obtain
1525 2019 36 23 for
1572 2020 38 22 the
1622 2027 73 15 same.

1331 2086 52 24 Our
1394 2086 87 24 friends
1493 2088 24 22 in
1531 2087 98 24 London
1647 2088 48 23 will
1712 2088 28 23 be
1758 2087 93 32 pleased
1869 2091 22 19 to

1298 2129 47 24 find
1364 2129 49 24 that
1431 2129 38 24 the
1488 2131 149 23 instructions
1657 2131 46 23 and
1721 2130 170 23 recommenda-

1300 2173 58 23 tions
1371 2173 119 23 contained
1502 2174 25 23 in
1540 2173 37 24 the
1592 2173 117 31 following
1729 2177 87 19 extract
1834 2173 58 24 from

1299 2224 40 15 one
1373 2216 26 23 of
1432 2216 38 23 the
1500 2216 130 32 dispatches
1660 2216 105 24 received
1794 2216 31 31 by
1854 2216 38 23 the

1498 2260 58 22 have
1568 2264 23 18 to
1606 2268 13 14 a
1635 2260 88 22 certain
1740 2263 78 19 extent
1834 2259 58 23 been

1299 2302 145 30 anticipated.

1331 2345 32 24 In
1382 2353 52 16 case
1454 2345 100 32 Captain
1571 2346 100 23 Hobson
1688 2346 82 23 should
1781 2345 74 23 desire
1867 2345 25 30 it,

1299 2387 44 23 you
1355 2379 48 23 will
1413 2378 93 33 provide
1519 2380 46 22 him
1588 2379 54 23 with
1660 2387 15 15 a
1694 2387 82 24 proper
1797 2380 44 22 site
1858 2378 36 24 for

1296 2413 38 24 ;his
1359 2413 159 23 Government
1540 2413 89 28 House,
1653 2417 24 18 at
1697 2413 38 23 the
1755 2413 139 30 Company's

1298 2446 113 33 principal
1434 2446 138 29 settlement,
1600 2446 44 23 and
1673 2446 73 23 afford
1773 2446 48 22 him
1851 2453 43 23 any

1296 2480 129 23 -assistance
1437 2480 25 22 in
1472 2479 106 31 building
1589 2480 18 23 it
1622 2487 39 23 up,
1682 2480 46 23 and
1745 2479 96 31 making
1853 2480 18 22 it
1883 2487 11 15 a

1295 2533 2 3 ,
1301 2513 147 23 comfortable
1462 2514 127 22 residence.

1334 2547 31 23 In
1377 2554 52 15 case
1440 2546 29 23 he
1481 2547 84 23 should
1576 2547 90 31 require
1678 2547 26 28 it,
1723 2554 46 24 you
1787 2546 46 23 will
1847 2546 47 23 also

1296 2580 89 31 .supply
1402 2580 37 23 his
1457 2585 67 26 party
1547 2580 54 24 with
1621 2581 130 30 provisions
1773 2580 61 23 from
1857 2579 37 23 the

1302 2613 141 31 Company's
1457 2618 82 19 stores.

1300 2668 3 4 .
1335 2647 32 23 So
1378 2647 36 23 far
1425 2646 39 24 the
1476 2646 121 24 Directors
1615 2654 37 16 are
1666 2646 95 24 enabled
1773 2646 122 31 positively

1302 2684 22 19 to
1346 2681 101 22 instruct
1470 2680 39 24 the
1534 2685 102 19 servants
1660 2681 31 23 of.
1708 2681 38 22 the
1767 2681 128 30 Company.

1302 2714 66 23 With
1379 2717 91 29 respect
1481 2718 23 19 to
1526 2714 38 23 the
1585 2714 97 24 Settlers
1701 2713 123 32 generally,
1845 2721 53 16 over

1303 2747 74 24 whom
1390 2747 54 31 they
1455 2747 98 31 pretend
1563 2752 41 19 not
1615 2752 21 19 to
1651 2748 103 23 exercise
1774 2755 44 23 any
1834 2747 64 24 other

1304 2781 112 23 influence
1428 2780 56 24 than
1496 2781 50 23 that
1557 2781 74 23 which
1646 2781 56 30 they
1720 2785 60 19 trust
1798 2788 54 23 may
1869 2780 29 24 be

1305 2814 42 24 due
1360 2819 23 18 to
1396 2814 59 23 their
1467 2814 132 32 increasing
1610 2814 74 24 desire
1697 2818 22 19 to
1737 2818 103 28 promote
1859 2814 39 24 the

1305 2848 125 31 advantage
1448 2848 24 23 of
1488 2848 31 23 all
1537 2848 50 23 who
1605 2848 59 23 have
1683 2848 124 31 emigrated
1826 2848 72 23 under

1305 2882 58 23 their
1373 2881 121 31 guidance,
1505 2881 59 32 -they
1575 2886 59 19 trust
1644 2881 53 24 that
1707 2881 39 24 the
1757 2882 57 22 view
1825 2881 74 24 which

1305 2915 54 31 they
1377 2915 59 23 have
1454 2915 81 28 taken,
1544 2915 24 23 of
1588 2915 45 24 this
1651 2915 97 31 subject,
1768 2922 52 23 may
1839 2919 61 20 meet

1305 2949 54 23 with
1377 2948 94 32 general
1490 2948 117 32 approval.
1650 2948 69 32 They
1739 2956 38 16 are
1796 2948 104 24 satisfied

1306 2983 48 28 th.at
1373 2983 39 23 the
1430 2983 98 23 interest
1547 2983 25 23 of
1594 2990 67 23 every
1681 2982 77 24 settler
1778 2983 19 22 is
1819 2982 81 31 deeply

1306 3016 126 24 concerned
1443 3016 24 23 in
1478 3016 40 23 the
1537 3020 61 20 most
1615 3016 113 31 complete
1746 3015 45 24 and
1808 3016 92 24 earliest

1305 3058 92 16 success
1410 3050 27 23 of
1453 3049 99 32 Captain
1564 3049 120 24 Hobson's
1697 3050 102 28 mission,
1819 3049 46 23 and
1883 3049 18 25 it

1306 3084 19 23 is
1336 3083 72 31 really
1420 3083 35 23 for
1467 3083 38 24 the
1519 3083 56 24 sake
1588 3083 25 23 of
1621 3083 38 23 the
1668 3083 99 28 settlers,
1777 3082 36 24 for
1819 3083 78 23 whose

1306 3117 45 23 fate
1363 3116 56 31 they
1431 3121 83 19 cannot
1526 3117 48 23 buf
1578 3116 45 23 feel
1635 3115 39 24 the
1686 3119 100 27 greatest
1798 3116 102 30 anxiety,

1307 3150 49 23 that
1366 3150 55 31 they
1432 3149 48 24 hail
1490 3149 57 24 with
1559 3157 25 16 so
1596 3149 69 23 much,
1683 3149 142 23 satisfaction
1837 3149 64 24 Lord

1307 3183 59 23 John
1380 3182 117 24 Russell's
1515 3183 128 28 invitation,
1663 3182 21 23 it
1700 3190 52 23 may
1771 3182 84 23 almost
1872 3182 29 24 be

1307 3216 94 29 termed,
1414 3220 23 19 to
1450 3215 38 24 the
1501 3216 121 31 Company
1637 3215 46 24 and
1701 3215 39 24 the
1759 3215 99 29 settlers,
1878 3219 23 20 to

1308 3249 35 25 aid
1354 3250 26 22 in
1389 3249 132 32 promoting
1535 3249 38 24 the
1586 3249 75 32 object
1672 3249 27 23 of
1714 3248 52 25 Her
1778 3248 123 33 Majesty's

1309 3283 164 24 Government.
1547 3300 14 7 v

1342 3343 52 25 The
1618 3343 73 24 sailed
1712 3343 59 24 from
1794 3342 106 31 London,

1309 3378 33 24 for
1363 3377 94 31 Sydney
1476 3377 47 24 and
1541 3378 58 23 Port
1620 3376 137 30 Nicholson,
1780 3376 39 24 the
1844 3376 58 25 11th

1309 3411 137 25 December.
1482 3411 49 24 She
1557 3411 20 23 is
1600 3411 107 31 reported
1728 3415 22 19 to
1773 3410 58 24 have
1855 3415 47 19 met

1309 3445 53 24 with
1371 3444 96 32 damage
1479 3445 25 23 in
1516 3444 40 24 the
1568 3444 113 29 Channel,
1698 3444 46 23 and
1754 3444 96 27 tq,have
1860 3449 42 26 put

1309 3480 46 23 into
1366 3478 40 24 the
1420 3478 61 24 Cove
1494 3478 27 24 of
1531 3478 63 24 Cork
1606 3483 22 18 to
1639 3478 85 31 repair.
1761 3477 47 23 She
1817 3477 43 23 has
1873 3485 29 16 on

1309 3512 70 24 board
1389 3512 36 23 for
1437 3512 46 23 this
1494 3512 73 31 place,
1592 3511 63 32 eight
1679 3511 66 24 cabin
1764 3518 138 24 passengers

1310 3546 43 24 and
1364 3545 124 31 thirty-six
1498 3547 26 22 in
1536 3545 39 24 the
1588 3549 112 27 steerage,
1717 3544 91 24 besides
1820 3552 15 15 a
1847 3551 54 16 con-

1310 3579 110 25 siderable
1432 3580 106 31 quantity
1546 3579 25 34 gf
1582 3578 80 32 goods.

1519 3646 177 24 MARRIED.

1947 224 24 24 A
1982 224 78 31 public
2072 225 101 30 meeting
2185 224 26 23 of
2225 224 38 23 the
2275 223 141 24 inhabitants
2425 225 26 22 of
2465 225 38 23 the

1914 257 99 23 District
2036 257 27 23 of
2085 257 57 23 Port
2164 257 128 24 Nicholson
2314 257 55 23 took
2389 257 65 30 place
2475 265 28 15 on

1914 290 146 30 Wednesday
2070 290 51 28 last,
2141 290 55 30 July
2211 292 42 26 Ist,
2274 297 32 15 on
2316 289 38 23 the
2366 289 136 31 Exchange,

1911 322 37 23 for
1959 322 39 24 the
2016 330 98 24 purpose
2134 322 25 23 of
2181 323 108 30 agreeing
2307 327 23 19 to
2349 330 16 15 a
2381 321 61 32 loyal
2460 321 43 24 and

1915 355 83 23 dutiful
2009 355 100 29 address,
2122 359 23 19 to
2155 355 31 23 be
2204 355 121 31 presented
2343 359 23 19 to
2387 355 46 23 His
2453 355 50 23 Ex-

1915 388 100 29 cellency
2028 388 98 30 Captain
2137 388 108 27 Hobson,
2258 388 77 28 R.N.,
2354 388 39 23 the
2412 388 91 23 Lieut.-

1916 419 119 23 Governor
2046 421 25 21 of
2086 419 58 23 New
2157 419 110 23 Zealand.

1949 451 92 23 Twelve
2055 451 87 23 o'clock
2152 459 47 15 was
2212 451 37 23 the
2260 452 58 23 hour
2330 453 83 23 named
2420 453 35 23 for
2464 453 39 23 the

1916 487 193 19 commencement
2121 483 25 23 of
2154 483 40 23 the
2201 483 156 31 proceedings,
2366 485 45 23 and
2418 485 86 30 shortly

1916 515 57 23 after
1985 516 51 22 that
2047 516 53 23 time
2114 516 63 23 there
2189 523 47 16 was
2248 524 14 15 a
2274 523 123 17 numerous
2416 518 88 23 attend-

1916 556 55 15 ance
1984 548 26 23 of
2024 548 39 23 the
2077 548 124 23 Colonists.

1950 581 39 23 On
2012 581 39 23 the
2073 582 86 23 motion
2182 581 27 23 of
2234 581 44 22 Dr.
2301 581 93 24 Samuel
2417 582 87 30 Evans,

1918 613 48 23 Col.
1991 614 104 23 William
2120 613 130 24 Wakefield
2274 621 45 15 was
2346 615 159 31 unanimously

1915 646 67 23 voted
1994 651 23 18 to
2029 647 39 22 the
2081 647 68 22 chair.

1950 679 50 23 The
2012 680 87 30 gallant
2111 680 97 23 Colonel
2222 678 49 24 said
2281 678 49 24 that
2341 679 29 23 he
2382 680 74 23 would
2466 685 39 19 not

1917 711 75 24 detain
2003 712 38 24 the
2054 713 100 30 meeting
2165 713 31 29 by
2215 720 44 22 any
2272 712 89 23 tedious
2379 713 127 29 profession

1917 744 25 23 of
1956 744 85 23 thanks
2054 745 34 23 for
2098 745 39 23 the
2150 745 74 23 honor
2237 745 54 30 they
2308 744 46 24 had
2373 744 58 24 done
2450 745 54 30 him,

1916 777 30 30 by
1958 777 83 31 calling
2052 777 48 23 him
2111 782 22 18 to
2145 777 91 32 preside
2248 784 30 16 on
2289 777 39 24 the
2340 779 113 28 occasion,
2464 779 42 23 but

1916 810 75 23 would
2008 810 97 32 proceed
2121 814 24 19 at
2161 818 56 15 once
2236 814 22 19 to
2276 814 58 19 state
2354 811 39 23 the
2413 819 93 16 reasons

1917 843 74 23 which
2001 843 47 24 had
2058 843 37 23 led
2106 847 22 19 to
2141 843 39 23 the
2193 843 126 31 convening
2337 843 26 23 of
2379 843 37 24 the
2434 849 72 19 meet-

1917 876 39 30 ing
1967 876 46 23 and
2023 878 32 22 its
2067 876 93 32 objects.
2198 876 66 31 They
2273 883 58 16 were
2344 884 73 15 aware
2429 877 26 23 of
2468 876 38 24 the

1916 909 101 30 peculiar
2023 910 176 23 circumstances
2206 909 72 24 under
2285 909 74 23 which
2366 909 46 24 this
2419 909 88 32 Colony

1915 942 46 23 .had
1971 943 60 22 been
2041 943 106 28 founded,
2158 943 47 23 ami
2217 943 24 23 of
2255 942 38 23 the
2304 943 45 23 fact
2361 942 49 24 that
2420 951 14 14 a
2445 943 62 31 large

1918 975 43 22 and
1984 976 128 22 influential
2132 976 64 30 body
2219 976 24 22 of
2273 976 91 22 settlers
2393 976 47 22 had
2466 976 42 23 left

1917 1007 109 30 England
2037 1009 36 22 for
2085 1009 37 22 the
2139 1016 101 23 purpose
2252 1008 26 23 of
2291 1009 100 29 forming
2403 1017 14 14 a
2428 1009 79 23 settle-

1917 1044 62 19 ment
1991 1041 22 22 in
2027 1040 58 24 New
2096 1041 110 28 Zealand,
2220 1041 94 23 without
2330 1041 39 23 the
2382 1041 125 31 advantage

1918 1073 24 22 of
1968 1072 40 23 the
2031 1077 154 19 countenance
2216 1074 44 23 and
2287 1075 105 22 sanction
2415 1075 24 22 of
2468 1075 38 22 the

1919 1104 165 25 Government.
2119 1106 69 30 They
2198 1114 59 15 were
2271 1106 47 24 also
2337 1115 73 15 aware
2429 1108 26 22 of
2469 1107 39 23 the

1917 1137 60 31 body
1989 1138 74 24 called
2074 1138 103 31 together
2188 1139 32 30 by
2233 1139 38 23 the
2290 1140 129 29 signatures
2431 1140 25 22 of
2470 1140 39 23 the

1918 1171 106 31 majority
2043 1171 27 24 of
2091 1171 37 23 the
2149 1171 116 24 Colonists
2284 1172 24 23 in
2329 1171 118 31 England,
2466 1172 45 24 and

1918 1203 84 25 known
2025 1212 26 16 as
2076 1204 36 24 the
2358 1205 45 23 and
2429 1205 80 23 subse-

1919 1238 101 31 quently,
2021 1250 36 4 —
2057 1238 70 23 under
2139 1238 38 23 the
2190 1238 136 23 ratification
2337 1238 47 23 and
2391 1238 120 23 extension

1919 1271 25 23 of
1956 1279 89 23 powers
2058 1271 94 31 granted
2165 1276 22 18 to
2201 1271 61 23 them
2278 1271 31 32 by
2326 1271 40 23 the
2386 1271 125 31 Sovereign

1919 1304 79 23 Chiefs
2018 1304 25 23 of
2065 1304 37 23 the
2123 1304 101 29 Islands,
2225 1317 33 3 —
2259 1312 25 15 as
2302 1304 38 23 the
2391 1304 97 24 Council

1919 1337 25 23 of
1964 1337 39 23 the
2024 1337 123 24 Colonists.
2192 1337 62 24 That
2271 1337 60 32 body
2349 1337 45 24 had
2413 1337 96 24 entitled

1919 1371 63 22 itself
2002 1375 23 18 to
2045 1371 39 23 the
2102 1371 148 31 approbation
2271 1371 24 22 of
2316 1371 39 23 the
2375 1371 98 28 settlers,
2493 1371 21 24 if

1918 1403 53 30 they
1982 1404 108 23 reflected
2101 1404 50 23 that
2170 1404 83 30 during
2272 1403 38 23 the
2328 1404 80 31 period
2427 1404 26 22 of
2466 1404 45 23 five

1918 1437 99 27 months,
2038 1437 93 22 without
2144 1437 38 22 the
2194 1437 38 22 aid
2243 1436 24 23 of
2283 1436 90 23 British
2385 1436 122 31 authority,

1921 1468 35 24 the
1975 1477 70 23 peace
2065 1470 44 23 and
2126 1470 67 22 order
2213 1470 25 22 of
2259 1469 37 23 the
2318 1470 132 23 settlement
2466 1470 46 23 had.

1918 1502 68 23 been'
1999 1503 148 23 maintained.
2192 1503 31 23 In
2241 1503 39 22 the
2299 1510 107 24 progress
2426 1503 26 22 of
2473 1503 38 23 the

1919 1534 73 24 duties
2005 1536 26 23 of
2045 1536 39 23 the
2096 1536 106 29 Council,
2222 1543 28 16 an
2269 1543 134 24 emergency
2415 1536 45 23 had
2472 1544 39 15 oc-

1919 1569 87 29 curred,
2018 1569 75 24 which
2104 1569 45 23 had
2160 1569 60 23 been
2237 1569 38 23 the
2293 1569 92 31 subject
2402 1569 26 24 of
2442 1570 70 22 much

1918 1602 127 24 discussion
2055 1612 5 19 ;
2082 1603 36 23 the
2130 1610 52 16 case
2196 1603 26 23 of
2237 1602 66 31 Capt.
2321 1602 104 24 Pearson
2436 1602 77 24 would

1918 1635 26 23 be
1956 1636 25 22 in
1991 1636 38 23 the
2041 1636 146 23 recollection
2202 1637 25 22 of
2242 1635 38 24 all.
2323 1635 52 24 The
2394 1636 117 23 Colonists

1918 1668 74 23 would
2003 1670 127 22 remember
2144 1670 49 22 that
2205 1669 38 23 the
2256 1669 97 23 Council
2372 1669 55 23 took
2445 1670 66 30 pains

1918 1701 116 32 distinctly
2046 1707 24 18 to
2083 1706 58 19 state
2152 1703 24 22 in
2189 1702 58 23 their
2260 1702 102 28 address,
2375 1703 50 22 that
2425 1715 35 3 —

1940 1739 118 28 Although
2083 1740 85 27 willing
2194 1744 23 18 to
2239 1740 70 22 admit
2332 1744 23 18 to
2375 1741 39 21 the
2436 1740 77 22 fullest

1920 1769 76 19 extent
2015 1767 38 21 the
2075 1774 74 21 power
2170 1767 47 21 and
2233 1767 60 27 right
2314 1767 26 21 of
2361 1767 36 22 the
2418 1767 95 27 English

1920 1793 157 23 Government
2086 1797 21 18 to
2118 1794 100 22 exercise
2231 1795 147 26 Sovereignty
2388 1794 77 22 within
2475 1794 38 21 the

1920 1819 95 27 Islands,
2027 1821 119 21 whenever
2155 1821 18 21 it
2183 1828 53 20 may
2245 1821 74 27 please
2330 1821 38 21 the
2385 1821 128 26 legislature

1919 1847 26 20 of
1956 1847 107 27 England
2074 1851 20 17 to
2104 1851 71 18 assert
2185 1848 49 20 that
2243 1847 65 27 right,
2326 1851 40 24 yet
2375 1848 18 21 it
2401 1847 113 28 appeared

1952 1873 37 22 the
1999 1874 100 27 Council,
2116 1874 49 22 that
2173 1874 73 22 under
2256 1875 36 21 the-

1920 1899 57 23 tions
1988 1901 25 21 of
2027 1901 37 21 the
2075 1901 117 21 Governor
2201 1901 26 21 of
2237 1901 55 21 New
2304 1901 71 22 South
2387 1901 79 26 Wales,
2475 1901 38 21 the

1921 1927 92 26 English
2031 1927 156 22 Government
2205 1927 44 22 had
2264 1927 106 28 formally
2386 1927 129 23 disclaimed

1921 1953 36 22 the
1968 1955 115 21 existence
2093 1955 25 21 of
2130 1962 45 18 any
2185 1955 60 26 right
2252 1955 26 21 of
2290 1955 146 26 Sovereignty
2444 1955 23 21 in
2476 1954 38 22 the

1921 1980 77 22 Crown
2017 1981 27 21 of
2063 1981 110 27 England,
2198 1981 45 21 and
2259 1981 45 23 had
2319 1981 25 22 in
2362 1981 37 22 the
2419 1981 95 28 amplest

1920 2014 94 14 manner
2024 2008 130 27 recognised
2165 2008 37 21 the
2212 2008 153 27 independent
2372 2009 142 25 sovereignty

1921 2033 24 21 of
1960 2033 38 22 the
2015 2035 75 21 native
2107 2034 70 22 chiefs
2195 2035 26 21 of
2237 2034 37 22 the
2289 2034 97 22 Islands.
2415 2035 34 21 As
2465 2034 49 22 that

1920 2060 163 26 proclamation
2090 2061 103 21 contains
2199 2069 14 14 a
2219 2061 113 22 reference
2342 2065 22 18 to
2373 2061 37 21 the
2419 2061 96 27 acquisi-

1921 2087 46 21 tion
1978 2087 30 28 by
2018 2088 108 24 purchase
2137 2089 27 20 of
2175 2088 38 22 the
2226 2089 116 26 sovereign
2358 2088 71 27 rights
2440 2088 26 21 of
2476 2087 38 22 the

1922 2113 80 28 Chiefs,
2015 2112 38 25 the
2064 2115 90 21 Council
2166 2115 86 21 believe
2267 2115 45 21 and
2328 2115 66 28 hope,
2413 2115 49 21 that
2478 2122 36 14 ere

1921 2139 58 28 long,
1992 2141 38 22 the
2041 2141 111 28 authority
2170 2142 26 21 of
2208 2142 37 21 the
2262 2142 94 27 English
2376 2143 79 21 Crown
2471 2141 45 22 will

1922 2167 26 21 be
1959 2168 138 22 established
2105 2169 24 21 in
2140 2169 45 21 this

1923 2202 61 24 That
1995 2208 100 19 moment
2107 2204 45 23 had
2165 2212 52 15 now
2233 2204 95 29 arrived,
2349 2204 45 24 and
2413 2204 29 23 he
2460 2212 55 15 con-

1921 2237 130 29 gratulated
2067 2237 37 23 the
2123 2237 118 24 Colonists
2260 2246 61 22 upon
2339 2239 26 22 it.
2401 2237 25 24 A
2446 2242 67 19 state-

1922 2274 63 19 ment
1996 2270 54 30 had,
2059 2270 111 30 however,
2179 2271 60 23 been
2248 2271 73 29 made,
2334 2272 132 30 respecting
2477 2271 39 22 the

1922 2303 125 24 intentions
2060 2304 25 23 of
2100 2304 39 23 the
2151 2305 98 28 s-ttlers,
2262 2308 23 19 to
2307 2305 47 23 His
2375 2304 141 30 Excellency

1924 2336 96 31 Captain
2028 2337 106 29 Hobson,
2144 2338 76 22 which
2227 2338 126 23 demanded
2361 2338 153 31 explanation.

1924 2369 51 24 One
1989 2370 24 23 of
2029 2371 59 23 their
2100 2379 50 15 own
2161 2371 63 31 body
2234 2371 45 23 had
2290 2371 104 24 asserted
2403 2371 50 23 that
2463 2371 54 30 they

1923 2411 57 16 were
1998 2404 112 32 prepared
2130 2409 23 18 to
2173 2406 70 22 resist
2263 2404 38 24 the
2321 2404 155 24 introduction
2495 2404 25 23 of

1923 2437 89 23 British
2032 2437 58 29 law;
2118 2437 50 24 that
2191 2446 31 15 an
2241 2439 124 29 organized
2387 2438 62 23 force
2471 2446 47 15 was

1924 2470 140 24 established
2074 2471 53 23 here
2140 2475 23 19 to
2170 2472 76 28 resist,
2287 2479 57 16 even
2352 2476 23 18 to
2383 2471 38 23 the

1923 2517 33 3 —
1958 2501 68 33 (that,
2035 2505 30 22 he
2076 2505 111 29 believed,
2199 2513 45 15 was
2257 2505 37 24 the
2307 2506 135 30 expression
2453 2505 66 22 made

1925 2545 39 15 use
1984 2536 43 33 of,)
2029 2551 33 3 —
2064 2538 36 23 the
2119 2538 117 31 authority
2253 2538 26 24 of
2299 2538 44 24 the.
2357 2538 89 24 British
2463 2538 55 30 flag.

1926 2571 38 23 He
1982 2569 66 32 (Col.
2061 2571 143 32 Wakefield)
2223 2572 37 23 did
2274 2576 40 19 not
2332 2571 69 24 think
2422 2571 60 31 that;
2490 2571 31 23 he-

1925 2604 83 23 should
2018 2606 117 22 mis-state
2147 2605 62 23 their
2216 2606 142 28 sentiments,
2366 2605 21 23 if
2401 2605 29 23 he
2443 2604 76 31 desig-

1925 2637 68 24 nated
2009 2638 67 23 those
2094 2640 147 29 expressions
2256 2647 25 15 as
2292 2647 15 15 a
2318 2646 67 24 gross
2396 2639 122 30 misrepre-

1925 2672 115 22 sentation
2066 2672 24 23 of
2116 2672 60 23 their
2204 2672 97 31 feelings
2302 2686 33 3 —
2337 2670 75 33 (hear,
2443 2670 76 32 hear.)

1926 2705 51 24 The
1989 2705 89 31 gallant
2090 2705 95 24 Colonel
2198 2705 54 24 then
2263 2706 72 23 called
2343 2706 58 23 their
2409 2705 112 23 attention

1926 2742 23 19 to
1960 2738 39 24 the
2012 2739 130 23 immediate
2154 2739 77 31 object
2242 2740 25 22 of
2283 2740 37 23 the
2336 2740 110 29 meeting,
2466 2740 54 27 viz.,

1926 2772 39 23 the
1975 2773 157 30 presentation
2145 2773 25 23 of
2186 2781 30 15 an
2227 2773 92 24 address
2337 2777 24 18 to
2375 2772 47 23 His
2434 2772 87 24 Excel-

1926 2806 66 31 lency
2013 2806 68 31 Capt.
2101 2806 109 29 Hobson,
2231 2806 136 31 expressive'
2380 2806 25 23 of
2420 2805 39 23 the
2477 2813 44 15 un-

1926 2839 83 24 abated
2024 2839 86 31 loyalty
2130 2840 45 23 and
2194 2840 146 23 attachment'
2351 2839 26 24 of
2398 2839 39 24 the
2455 2839 66 23 inha-

1926 2873 86 23 bitants
2036 2873 28 23 of
2088 2873 58 24 Port
2172 2873 129 24 Nicholson
2323 2877 24 19 to
2371 2873 39 23 the
2433 2872 89 24 British

1929 2906 165 25 Government.
2147 2907 40 23 He
2217 2912 56 18 next
2302 2906 101 25 referred
2484 2906 38 23 the

1928 2939 136 32 despatches
2086 2940 106 24 received
2270 2940 38 24 the

1928 2974 45 23 and
1985 2978 23 19 to
2019 2973 40 24 the
2071 2973 52 30 fact,
2137 2974 51 23 that
2199 2974 39 23 the
2247 2974 128 32 Company,
2384 2981 52 16 ever
2448 2973 74 24 mind-

1928 3007 33 23 ful
1978 3008 27 22 of
2026 3007 40 24 the
2082 3009 108 22 interests
2210 3008 24 23 of
2248 3008 42 34 the^
2304 3008 99 28 settlers,
2416 3007 45 23 had
2473 3011 52 19 sent

1929 3045 39 19 out
1979 3049 15 15 a
2003 3041 65 32 large
2081 3042 105 30 quantity
2198 3041 26 24 of
2238 3041 137 31 provisions,
2394 3045 25 19 to
2431 3041 29 23 be
2475 3040 49 23 sold

1929 3079 23 19 at
1963 3075 134 23 reasonable
2104 3075 83 31 prices,
2199 3076 25 22 in
2231 3075 66 23 order
2304 3075 50 23 that
2361 3074 38 24 the
2409 3074 114 23 Colonists

1928 3108 75 30 might
2013 3112 42 19 not
2065 3109 28 22 be
2105 3108 80 23 driven
2205 3112 22 19 to
2242 3115 46 24 pay
2295 3108 142 23 'exorbitant
2453 3111 69 20 rates.

1930 3140 39 24 He
1981 3149 47 15 was
2041 3141 47 24 also
2099 3141 130 23 instructed
2239 3145 23 19 to
2274 3140 82 24 render
2366 3149 68 23 every
2445 3141 80 23 assist-

1929 3182 56 15 ance
1996 3175 26 22 in
2034 3175 39 23 the
2086 3175 100 24 erection
2199 3175 26 23 of
2239 3175 39 22 the
2290 3174 143 24 Governor's
2448 3173 76 24 dwell-

1929 3208 40 31 ing
1980 3208 82 28 house,
2076 3208 82 24 should
2172 3208 49 24 His
2239 3208 143 31 Excellency
2401 3208 124 23 determine

1930 3245 22 20 to
1964 3241 70 24 make
2046 3241 46 24 this
2103 3241 41 24 the
2163 3246 50 19 seat
2232 3241 25 24 of
2272 3241 167 25 Government.
2475 3241 50 24 The

1930 3275 88 31 gallant
2037 3275 96 24 Colonel
2153 3275 59 24 then
2233 3279 60 20 went
2312 3283 28 17 on
2359 3279 25 19 to
2405 3282 48 24 say,
2478 3274 48 24 that

1931 3309 127 24 thousands
2081 3309 24 23 in
2128 3309 112 31 England
2266 3317 59 16 were
2353 3310 27 22 in
2404 3308 41 24 the
2466 3312 60 19 most

1931 3343 98 23 anxious
2041 3343 151 31 expectation-
2199 3343 26 24 of
2238 3350 62 17 news
2311 3343 61 23 from
2390 3342 60 24 New
2466 3342 59 23 Zea-

1930 3376 55 23 land
1992 3385 6 21 ;
2019 3376 46 25 and
2077 3376 27 23 he
2116 3384 47 16 was
2171 3376 103 24 satisfied
2282 3376 60 25 from
2352 3376 60 23 their
2421 3383 105 24 possess-

1930 3410 41 31 ing
1982 3418 26 16 so
2019 3411 48 23 fine
2079 3418 13 16 a
2102 3410 103 24 harbour
2215 3410 35 23 for
2260 3409 65 32 ships
2343 3409 27 24 of
2385 3408 38 24 the
2441 3409 85 30 largest

1930 3448 108 28 tonnage,
2052 3444 49 23 that
2112 3443 63 32 they*
2179 3443 77 24 would
2271 3443 88 32 shortly
2371 3442 58 23 have
2441 3449 30 16 an
2481 3443 44 22 im-

1930 3485 80 16 mense
2028 3478 75 24 influx
2121 3477 26 23 of
2164 3477 125 30 emigrants
2309 3477 25 23 of
2357 3476 32 24 all
2407 3475 85 24 classes
2495 3488 31 4 —

1930 3510 59 24 from
2001 3511 40 24 the
2057 3510 113 32 capitalist
2189 3515 24 18 to
2232 3510 37 23 the
2288 3509 115 24 labourer.
2441 3509 30 24 In
2487 3509 38 24 the

1930 3543 88 32 history
2031 3544 27 24 of
2074 3544 108 24 Colonies
2194 3551 30 15 no
2241 3543 104 23 instance
2356 3542 47 24 had
2415 3542 109 24 occurred

1931 3577 25 24 of
1971 3585 14 16 a
1996 3578 132 24 settlement
2140 3577 134 31 presenting
2292 3576 39 25 the
2349 3576 117 24 favorable
2485 3584 40 24 ap-

1931 3619 112 24 pearance
2065 3611 55 24 Port
2151 3610 129 24 Nicholson
2302 3618 52 16 now
2379 3610 40 24 did
2419 3623 32 4 —
2452 3608 72 33 (hear,

1932 3644 76 33 hear.)
2045 3644 66 32 They
2118 3644 47 24 had
2172 3644 126 32 capitalists
2305 3644 88 31 willing
2403 3648 23 19 to
2438 3643 88 32 expend

1932 3678 59 24 their
2004 3678 83 32 capital
2095 3688 6 19 ;
2121 3678 55 31 they
2187 3678 47 24 had
2245 3686 30 15 an
2289 3677 161 25 intermediate
2469 3677 57 23 class

1933 3714 103 30 engaged
2048 3713 24 22 in
2083 3712 129 23 successful
2222 3711 63 24 trade
2293 3721 7 20 ;
2319 3711 58 32 they
2389 3711 45 24 had
2452 3710 73 24 native

1931 3746 100 31 produce
2044 3745 44 25 and
2098 3745 78 23 native
2187 3745 88 29 labour,
2286 3745 77 23 which
2381 3744 45 24 had
2445 3742 81 33 proved

1932 3784 69 19 most*
2010 3779 106 24 valuable
2125 3788 7 20 ;
2159 3778 54 30 and,
2236 3778 87 32 finally,
2343 3778 55 32 they
2421 3777 45 24 had
2488 3777 37 23 the

1932 3813 123 31 labouring
2075 3812 67 29 class,
2162 3812 32 24 all
2212 3813 25 23 in
2256 3812 37 24 the
2314 3813 89 31 receipt
2423 3811 26 24 of
2468 3809 58 32 good

1931 3855 77 23 wages
2009 3860 34 3 —
2044 3844 143 34 (applause.)
2314 3846 47 24 had
2380 3846 146 24 surmounted

1931 3881 39 23 the
1982 3884 103 28 greatest
2104 3880 140 29 difficulties,
2264 3880 45 24 and
2326 3884 59 20 next
2401 3879 78 23 winter
2497 3877 28 23 he

1931 3914 76 32 hoped
2018 3919 24 19 to
2055 3922 37 16 see
2104 3914 64 23 them
2184 3914 31 23 all
2232 3914 110 31 provided
2352 3912 55 25 with
2420 3910 105 25 comfort-

1933 3948 49 24 able
1994 3948 94 25 houses.
2125 3947 74 24 Little
2212 3947 37 23 did
2267 3947 47 24 Mr,
2336 3945 107 28 Sinclair,
2462 3944 63 23 when

1312 3728 5 5 .
1342 3710 59 23 June
1423 3710 46 27 Ist,
1487 3708 34 32 by
1535 3708 38 24 the
1585 3708 59 23 Rev.
1660 3707 23 24 J.
1698 3707 32 26 G.
1744 3707 89 29 Butler,
1853 3707 49 24 Mr.

1311 3742 96 24 Charles
1430 3742 105 23 William
1555 3741 62 31 Key,
1637 3741 48 23 late
1707 3741 26 23 of
1754 3740 106 29 London,
1880 3745 23 19 to

1310 3776 84 28 Maria,
1407 3775 113 31 daughter
1532 3775 25 23 of
1569 3774 48 25 Mr.
1627 3774 78 29 Hunt,
1714 3774 25 23 of
1747 3774 155 30 Eastbourne,

1310 3810 97 22 Sussex.

1342 3849 40 23 On
1395 3848 102 32 Sunday,
1513 3849 60 23 June
1586 3848 65 29 28th,
1669 3848 31 31 by
1712 3847 37 24 the
1762 3848 60 24 Rev.
1836 3848 22 24 J.
1874 3848 28 24 F.

1310 3883 112 29 Churton,
1436 3887 23 19 at
1469 3882 37 25 his
1523 3882 124 29 residence,
1669 3882 48 23 Mr.
1731 3881 77 24 James
1820 3881 83 31 Tame,

1310 3917 23 24 of
1349 3916 106 29 London,
1476 3921 22 19 to
1511 3916 62 24 Miss
1587 3914 155 37 Leocadia^de
1754 3914 111 31 Oliveira,
1882 3916 24 24 of

1310 3949 126 31 For.tuga!*,
1695 3944 16 8 **

260 1424 7 13 .1
279 1424 41 16 -W,
340 1417 20 19 .Ii
371 1424 27 13 LV
412 1416 20 24 4,
452 1416 57 20 ISiO.

59 1362 89 41 New
177 1362 207 41 Zealand
414 1362 236 41 Gazette.

94 1477 28 22 \\\
136 1477 91 21 a:K>tli2i
243 1479 50 25 pjrt
306 1474 24 22 of
346 1481 39 15 our
398 1480 70 23 paper
486 1479 31 15 we
538 1470 57 23 have
615 1471 36 22 in-

59 1519 75 23 serts!
149 1525 37 16 rue
205 1518 148 30 proceedings
373 1516 25 22 of
414 1524 14 14 a
445 1514 77 31 public
541 1513 109 30 meeting,

58 1562 73 22 called
153 1566 21 17 to
192 1560 122 23 determine
340 1566 61 23 upon
427 1557 38 23 the
491 1556 117 31 propriety
630 1555 24 23 of

58 1605 135 30 pic-tuting
216 1611 28 14 an
269 1602 92 23 address
385 1607 21 17 to
433 1600 47 23 His
509 1598 144 31 Excellency

60 1648 67 28 Capt.
143 1645 106 23 Hob^on.
264 1643 65 24 R.N.

93 1689 47 22 Mr.
152 1688 97 23 Sinclair
260 1687 19 23 is
293 1685 97 32 charged
401 1685 53 23 with
466 1684 96 31 making
574 1688 76 19 extra-

58 1732 107 30 ordinary
178 1731 44 22 and
237 1730 151 23 mischievous
407 1732 134 20 statements
561 1732 22 18 to
604 1726 46 24 His

57 1775 150 30 Excellency,
227 1774 130 30 respecting
369 1772 38 24 the
420 1772 85 32 objects
517 1771 45 23 and
574 1772 76 21 inten-

56 1819 61 23 tions
140 1819 24 22 of
188 1818 37 22 the
244 1817 116 23 Colonists
383 1816 26 23 of
430 1816 59 22 Port
512 1814 137 24 Nicholson.

57 1861 90 24 Should
159 1861 29 23 he
200 1866 39 18 not
252 1861 25 22 be
297 1859 50 24 able
366 1864 23 18 to
408 1863 121 19 exonerate
548 1857 101 28 himself,

56 1905 36 23 his
106 1904 97 23 conduct
214 1903 45 23 will
271 1903 58 24 have
340 1903 59 23 been
411 1902 37 23 the
462 1909 64 16 more
544 1900 106 24 remark-

56 1949 65 28 able,,
134 1957 26 14 as
179 1949 18 22 it
209 1948 19 23 is
244 1947 50 23 well
312 1946 85 24 known
415 1946 28 23 he
463 1945 38 23 did
520 1944 31 23 all
569 1945 26 22 in
613 1943 36 23 his

54 2000 84 24 power,
157 1996 24 19 at
199 1991 37 24 the
254 1991 56 23 time
329 1989 96 31 sending
444 1997 13 14 a
475 1988 134 31 deputation
627 1990 22 19 to

56 2036 48 23 His
116 2034 142 30 Excellency
271 2040 46 16 was
338 2031 173 32 contemplated,
531 2034 23 19 to
574 2029 76 23 defeat

54 2079 51 23 that
115 2085 108 25 purpose,
242 2076 45 24 and
298 2080 40 19 not
348 2075 96 23 without
455 2081 101 17 success.
594 2072 24 24 It
628 2072 21 23 is

54 2121 93 32 equally
158 2120 51 24 well
220 2120 85 23 known
316 2119 50 23 that
382 2119 38 22 his
437 2124 82 17 reason
538 2116 36 23 for
592 2123 57 23 pur-

54 2166 70 29 suing
134 2164 52 23 that
195 2164 47 23 line
254 2162 25 24 of
295 2162 104 28 conduct,
407 2169 46 15 was
466 2168 13 15 a
490 2160 48 23 fear
550 2159 51 23 that
611 2158 38 23 the

54 2209 134 31 deputation
204 2206 73 31 might
296 2206 59 24 from
372 2206 30 22 its
418 2211 80 16 course
516 2203 65 23 deter
600 2202 48 23 His

54 2252 143 30 Excellency
218 2251 58 22 from
300 2249 96 31 making
421 2248 46 23 this
491 2247 37 23 the
552 2250 50 20 seat
626 2245 24 23 of

54 2295 168 24 Government.
259 2293 107 29 Further,
385 2293 37 22 his
435 2291 86 24 motive
532 2289 77 24 would
619 2289 29 23 be

53 2347 64 15 more
130 2338 97 23 difficult
239 2341 22 19 to
274 2338 109 26 discover,
402 2336 35 23 for
450 2334 148 32 disparaging
610 2332 38 23 the

56 2382 118 24 Colonists
187 2381 24 24 of
226 2381 45 23 this
282 2381 73 31 place,
367 2379 67 23 when
445 2385 34 16 we
490 2378 56 22 bear
552 2377 26 22 in
584 2375 65 24 mind

53 2426 52 24 that
122 2425 30 24 he
171 2425 19 23 is
209 2433 14 15 a
240 2424 63 31 large
320 2423 127 32 proprietor
465 2421 63 28 here,
548 2419 46 24 and
611 2418 38 24 his

53 2470 109 24 relatives
174 2477 37 15 are
224 2468 80 31 deeply
315 2466 124 25 interested
455 2466 25 22 in
498 2464 39 23 the
556 2470 93 16 success

54 2514 26 24 of
96 2514 59 23 Port
166 2512 135 24 Nicholson.
337 2510 44 24 We
399 2510 67 23 await
475 2508 38 23 his
525 2511 88 23 return,
625 2507 24 22 in

53 2557 40 24 the
104 2557 61 31 hope
177 2556 49 24 that
237 2555 30 23 he
277 2555 47 24 will
335 2555 28 23 be
378 2553 50 24 able
439 2557 24 19 to
475 2551 94 32 explain
580 2550 69 23 satis-

53 2601 108 29 factorily
174 2608 25 15 or
213 2599 83 31 justify
308 2599 37 22 the
366 2605 78 16 course
462 2596 31 24 he
512 2595 21 23 is
552 2593 98 25 accused

54 2644 27 24 of
97 2644 88 30 having
195 2643 100 31 pursued
307 2647 24 19 to
343 2649 40 16 our
392 2641 129 23 detriment.

90 2687 80 25 These
183 2691 140 24 statements,
336 2687 19 22 it
370 2686 21 22 is
409 2685 58 29 said,
484 2691 60 16 were
561 2682 90 25 backed

54 2731 32 31 by
99 2738 63 16 more
175 2729 25 25 of
216 2729 37 23 the
266 2734 61 19 most
337 2728 148 25 unfavorable
503 2727 66 29 kind,
583 2726 68 24 made

54 2775 32 31 by
105 2774 39 23 the
163 2774 116 23 notorious
300 2773 67 31 Capt.
390 2773 104 23 Pearson
517 2771 47 23 and
586 2770 65 24 other

54 2825 139 24 passengers
205 2818 25 23 in
240 2816 36 24 his
289 2816 74 25 vessel
376 2815 91 24 besides
479 2814 49 24 Mr.
542 2813 108 24 Sinclair.

54 2861 46 24 We
112 2860 81 33 couple
385 2859 55 24 with
449 2859 67 31 Capt.
527 2858 124 23 Pearson's

54 2912 77 21 name,
143 2905 99 23 because
253 2911 33 16 we
296 2903 58 24 have
361 2902 71 24 heard
437 2908 126 17 numerous
571 2901 81 31 singu-

54 2948 35 24 lar
101 2952 91 28 reports
203 2948 138 30 concerning
352 2947 39 24 the
408 2946 73 24 broils
498 2945 30 24 he
546 2945 43 24 has
607 2944 45 24 had

54 2992 26 22 in
93 2991 65 24 other
169 2995 72 27 ports.
277 2990 25 24 It
313 2990 75 24 would
401 2989 82 24 almost
501 2996 84 24 appear
603 2988 50 23 that

53 3034 31 24 he
98 3035 102 30 quarrels
211 3034 56 23 with
277 3034 36 24 his
324 3041 137 25 passengers
479 3040 68 23 every
565 3039 87 24 voyage

54 3079 31 24 he
103 3079 90 29 makes,
218 3087 25 15 or
262 3082 58 28 gets'
337 3077 95 25 himself
453 3078 48 22 into
521 3076 131 24 difficulties

54 3123 57 24 with
123 3123 40 24 the
175 3122 134 25 authorities
327 3122 25 24 of
367 3122 39 23 the
423 3121 66 32 place
501 3126 23 19 to
536 3120 77 24 which
623 3119 30 24 he

54 3166 120 33 proceeds.
212 3166 47 24 His
279 3166 98 24 conduct
396 3173 29 16 on
446 3165 84 24 arrival
548 3165 56 24 here
625 3171 28 16 on

55 3209 41 24 the
107 3210 45 23 last
164 3211 105 23 occasion
280 3218 47 16 was
340 3217 25 16 so
378 3209 118 28 offensive,
511 3216 26 15 as
549 3212 24 19 to
583 3208 70 24 make

55 3256 20 22 it
87 3262 122 25 necessary
220 3254 36 23 for
268 3255 48 23 Mr.
338 3253 132 28 Shortland,
489 3253 39 23 the
548 3252 105 25 Colonial

56 3289 131 30 Secretary,
200 3293 23 19 to
236 3289 104 23 abandon
351 3288 37 24 his
400 3287 75 24 vessel
497 3287 84 23 almost
599 3290 24 19 at
641 3295 12 15 a

55 3322 125 24 moment's
192 3323 82 23 notice.

91 3356 31 25 In
133 3364 156 23 consequence
302 3357 25 23 of
347 3356 65 24 these
426 3359 100 28 reports,
541 3355 47 23 His
601 3354 52 24 Ex-

56 3390 104 31 cellency
178 3390 119 24 chartered
314 3390 40 23 the
545 3388 45 25 and
609 3389 44 23 im-

55 3423 126 32 mediately
193 3423 133 32 dispatched
336 3424 41 23 her
389 3423 55 23 with
456 3423 49 24 Mr.
518 3422 134 29 Shortland,

56 3457 40 24 the
109 3458 106 23 Colonial
227 3458 121 31 Secretary
361 3457 44 24 and
421 3457 23 24 J.
458 3457 39 29 P.,
506 3456 46 24 and
575 3460 78 28 troops

56 3491 47 25 and
113 3500 31 15 an
168 3491 74 32 ample
265 3492 82 31 supply
371 3491 26 23 of
416 3491 160 25 ammunition.
615 3490 38 24 On

56 3526 93 29 arrival,
160 3533 14 16 a
186 3530 60 19 most
260 3525 137 32 unpleasant
407 3526 101 30 meeting
515 3531 48 16 was
571 3524 82 23 antici-

55 3559 78 31 pated,
147 3559 46 24 and
203 3567 34 15 we
249 3559 58 23 need
318 3559 82 31 hardly
412 3566 41 23 say
464 3558 54 31 they
528 3564 60 17 were
594 3562 59 18 most

57 3593 124 31 agreeably
199 3592 167 31 disappointed,
390 3592 30 31 by
444 3592 39 23 the
502 3591 151 24 enthusiastic

56 3634 98 16 manner
166 3627 24 22 in
201 3625 75 24 which
287 3626 55 30 they
355 3633 58 16 were

93 3659 25 24 It
128 3660 22 23 is
162 3659 51 24 said
223 3659 49 24 that
282 3667 62 24 upon
357 3660 85 30 receipt
454 3658 26 23 of
490 3658 64 23 these
566 3657 89 24 wicked

57 3698 145 24 statements,
216 3693 47 23 His
275 3693 143 30 Excellency
428 3696 53 19 sent
494 3700 13 14 a
515 3691 106 32 dispatch
632 3695 22 19 to

57 3726 40 24 the
107 3727 105 23 Colonial
220 3726 74 24 Office
303 3726 89 32 greatly
399 3731 22 18 to
430 3733 42 16 our
477 3724 163 31 disadvantage
648 3733 5 21 ;

56 3760 44 24 but
111 3761 48 23 this
166 3768 33 16 we
208 3760 28 24 do
244 3764 40 20 not
292 3761 79 28 credit,
380 3761 62 22 since
451 3759 135 30 experience
594 3763 61 19 must

56 3793 59 24 have
135 3794 126 31 suggested
277 3798 24 20 to
321 3794 48 23 His
388 3791 141 31 Excellency
541 3791 39 24 the
601 3799 54 23 pro-

55 3827 76 32 priety
144 3828 27 23 of
180 3828 106 31 awaiting
293 3827 146 24 information
445 3825 59 23 from
514 3825 48 23 Mr.
572 3825 82 23 Short-

56 3862 57 25 land
124 3862 133 31 previously
275 3866 24 19 to
323 3860 194 30 communicating
540 3858 56 23 with
617 3858 38 23 the

58 3895 80 25 Home
152 3894 159 28 Government
321 3902 64 24 upon.
384 3909 8 13 ;
393 3893 41 26 ,the
443 3892 102 32 .subject.

94 3930 25 24 It
129 3937 49 15 was
194 3928 125 24 rumoured
340 3929 56 23 here
418 3926 51 25 that
491 3924 164 25 unfavourable

57 3968 91 29 reports
161 3963 26 24 of
196 3963 39 24 the
247 3962 57 24 kind
322 3961 46 25 had
380 3959 97 26 reached
500 3959 38 26 the
563 3957 50 32 Bay
634 3957 23 24 of

713 1986 127 32 Subjoined
863 1994 37 15 are
915 1993 63 16 some
994 1989 101 19 extracts
1112 1985 60 24 from
1190 1993 14 15 a
1224 1985 46 24 dis-

678 2030 76 31 patch,
783 2029 66 23 dated
873 2028 106 28 London,
1009 2027 58 24 10th
1087 2028 67 28 Feb.,
1173 2028 31 30 by
1232 2028 38 23 the

889 2071 61 24 from
969 2071 41 23 the
1037 2071 121 31 Secretary
1232 2070 38 24 the

677 2116 59 24 New
754 2115 102 24 Zealand
870 2114 128 31 Company,
1018 2113 75 24 which
1105 2114 112 24 entertain
1230 2122 40 15 ex-

676 2160 128 32 pectations
816 2159 87 23 similar
915 2162 23 19 to
953 2157 66 24 those
1037 2165 35 15 we
1091 2157 125 31 expressed
1233 2166 37 15 re-

677 2203 77 31 cently
766 2211 29 14 on
807 2202 39 23 the
858 2209 63 16 same
933 2200 96 32 subject.

711 2246 13 24 I
736 2246 106 23 transmit
853 2249 23 19 to
883 2252 45 23 you
940 2243 109 24 herewith
1062 2248 43 19 two
1119 2245 75 30 copies
1203 2245 26 23 of
1233 2245 37 23 the

677 2279 75 32 Royal
762 2279 153 24 Commission
928 2277 43 24 and
979 2278 150 23 instructions
1136 2279 135 31 appointing

676 2322 13 15 a
701 2313 79 24 Board
792 2312 24 24 of
827 2312 191 24 Commissioners
1025 2311 37 23 for
1074 2311 104 25 Colonial
1189 2312 81 24 Lands

677 2346 45 25 and
733 2346 153 31 Emigration.

710 2380 54 24 You
777 2387 37 16 are
827 2387 72 15 aware
914 2378 48 24 that
977 2386 15 15 a
1001 2385 106 17 measure
1119 2379 26 23 of
1161 2378 45 24 this
1230 2379 42 24 de-

677 2414 110 30 scription
798 2413 42 23 has
851 2413 35 22 for
898 2420 63 15 some
972 2419 67 23 years
1051 2416 59 26 past,
1128 2412 57 24 been
1204 2414 68 22 anxi-

678 2448 65 30 ously
755 2446 89 24 desired
861 2446 31 31 by
903 2453 96 24 persons
1012 2445 76 23 whose
1103 2446 116 31 authority
1229 2446 43 24 has

677 2482 40 23 the
727 2484 101 28 greatest
840 2480 86 30 weight
933 2478 55 23 with
999 2478 38 23 the
1049 2479 79 30 public
1139 2480 25 22 in
1176 2480 97 23 colonial

677 2515 85 28 affairs,
776 2514 45 24 and
832 2513 49 23 that
895 2514 19 22 it
924 2520 47 15 was
983 2512 105 31 strongly
1099 2513 173 23 recommended

677 2549 31 31 by
721 2557 13 15 a
745 2548 70 23 select
828 2547 136 26 Committee
976 2546 26 23 of
1017 2545 39 24 the
1071 2547 83 22 House
1166 2547 25 22 of
1203 2547 70 23 Com-

677 2590 66 16 mons
755 2582 26 22 in
794 2581 74 24 1836.

713 2615 13 24 I
742 2614 76 24 would
835 2613 148 32 particularly
997 2613 73 23 direct
1086 2621 59 23 your
1163 2614 112 23 attention

678 2654 23 19 to
714 2649 65 24 those
790 2652 63 28 parts
866 2647 25 23 of
901 2646 64 24 Lord
976 2646 62 24 John
1051 2646 115 24 Russell's
1174 2647 100 23 instruc-

679 2684 61 22 tions
750 2681 76 24 which
835 2681 67 31 point
912 2684 23 19 to
952 2680 59 23 New
1022 2679 103 25 Zealand
1136 2688 25 15 as
1173 2688 30 15 an
1216 2681 58 22 emi-

679 2717 90 30 gration
781 2715 61 23 field.
879 2714 48 24 His
944 2713 117 31 Lordship
1074 2714 74 31 truely
1161 2714 115 23 describes

680 2750 58 24 New
750 2748 102 25 Zealand
867 2755 24 16 as
903 2747 112 31 probably
1029 2747 133 31 containing
1175 2747 101 24 districts

679 2783 75 25 which
774 2783 19 23 it
809 2783 20 22 is
848 2785 41 19 not
906 2780 100 32 possible
1026 2784 23 19 to
1063 2780 105 29 exhaust,
1187 2781 33 31 by
1232 2789 45 23 any

679 2816 99 25 rational
801 2815 90 24 scheme
913 2814 25 23 of
959 2814 160 29 colonization,
1138 2814 36 23 for
1190 2822 14 15 a
1222 2814 56 32 long

681 2858 80 16 course
774 2849 31 24 of-
813 2856 75 24 years.
925 2847 25 24 It
961 2848 20 22 is
994 2848 48 24 also
1055 2847 125 32 important
1196 2852 24 19 to
1233 2849 41 23 ob-

681 2892 73 21 serve,
775 2883 50 23 that
843 2881 111 31 although
971 2881 40 23 the
1030 2886 86 27 system
1129 2881 25 24 of
1169 2881 60 25 sales
1247 2882 30 31 by

681 2918 92 23 auction
784 2921 62 19 must
856 2914 153 33 unavoidably
1020 2915 29 23 be
1062 2915 123 23 continued
1190 2915 37 23 for
1239 2915 38 24 the

680 2955 94 28 present
790 2951 24 22 in
833 2950 58 23 New
910 2948 75 24 South
996 2948 89 29 Wales,
1103 2948 37 24 his
1162 2948 115 32 Lordship

681 2985 119 31 expressly
818 2983 84 24 directs
920 2982 39 24 the
977 2982 109 31 adoption
1105 2982 25 23 of
1146 2982 38 24 the
1204 2982 75 24 South

680 3018 136 24 Australian
832 3016 120 32 principle,
969 3016 26 23 in
1013 3015 58 24 such
1088 3016 142 23 settlements
1253 3025 24 15 as

681 3060 52 23 may
745 3052 29 23 be
788 3050 87 25 formed
892 3050 25 23 in
935 3050 58 23 New
1005 3049 110 24 Zealand.
1152 3049 37 24 No
1208 3049 71 24 doubt

681 3086 113 23 therefore
804 3084 101 24 remains
922 3083 50 24 that
982 3084 26 22 in
1018 3082 38 25 the
1069 3082 100 33 disposal
1182 3083 26 24 of
1222 3084 57 23 such

681 3124 69 19 waste
767 3118 66 24 lands
844 3119 25 22 in
880 3117 60 30 Ngw
958 3116 102 24 Zealand
1079 3124 24 16 as
1115 3125 54 23 may
1179 3117 96 23 become

681 3152 81 24 vested
772 3153 25 22 in
807 3151 39 24 the
860 3151 90 27 Crown,
966 3149 52 24 Her
1033 3149 124 32 Majesty's
1170 3150 108 24 Govern-

681 3190 64 19 ment
758 3185 48 23 will
822 3183 88 32 uphold
928 3183 39 23 the
986 3187 88 26 system
1086 3183 24 23 of
1128 3183 47 23 sale
1194 3188 24 18 at
1237 3192 42 15 one

681 3219 101 23 uniform
794 3217 45 24 and
846 3217 115 24 sufficient
971 3216 71 32 price,
1056 3216 110 32 applying
1178 3216 38 24 the
1225 3225 54 23 pro-

682 3252 67 24 ceeds
761 3256 24 20 to
798 3251 39 24 the
848 3251 64 23 main
924 3249 74 32 object
1011 3249 25 24 of
1052 3250 135 31 emigration
1199 3255 23 19 to
1241 3250 39 24 the

682 3286 152 24 settlements.
865 3284 66 24 Thus
939 3291 44 23 you
992 3282 47 24 will
1047 3290 39 16 see
1093 3283 48 23 that
1149 3283 38 24 the
1197 3284 82 23 Crown

682 3319 47 24 will
737 3320 105 23 continue
855 3322 23 19 to
886 3321 37 20 act
937 3324 62 24 upon
1007 3316 39 24 the
1057 3324 55 23 very
1124 3317 126 32 principles
1258 3317 24 24 of

683 3353 159 28 colonization,
855 3350 75 25 which
941 3350 58 24 have
1011 3350 60 23 been
1083 3350 99 23 adhered
1193 3354 24 19 to
1230 3358 25 15 as
1268 3359 13 15 a

682 3385 158 25 fundamental
860 3385 49 23 rule
927 3385 26 22 in
970 3383 40 24 the
1029 3383 151 32 proceedings
1192 3384 26 23 of
1234 3384 46 24 this

684 3420 127 31 Company.

718 3453 124 30 Referring
864 3456 24 19 to
912 3451 101 31 Captain.
1030 3450 121 24 Hobson's
1179 3451 101 24 instruc-

682 3488 68 28 tions,
764 3495 30 15 an
806 3490 87 19 extract
904 3484 59 24 from
976 3484 75 23 which
1062 3484 43 24 has
1119 3484 92 31 already
1222 3485 59 23 been

682 3525 53 19 sent
745 3528 54 24 you,
811 3519 39 24 the
860 3519 120 24 Directors
993 3526 38 15 ate
1039 3517 26 24 of
1075 3518 93 31 opinion
1180 3518 50 24 that
1243 3518 38 24 the

682 3554 150 24 constitution
849 3552 26 24 of
890 3552 39 23 the
941 3559 51 18 new.
1002 3552 155 23 Commission
1168 3559 64 24 upon
1243 3552 38 23 the

682 3588 124 32 principles
823 3585 120 25 described
956 3586 24 23 in
998 3585 66 24 Lord
1084 3585 61 24 John
1164 3585 117 25 Russell's

684 3622 157 28 instructions,
858 3621 21 22 is
891 3627 30 16 an
933 3623 68 21 event
1018 3618 81 32 highly
1110 3619 133 23 favourable
1256 3623 25 20 to

684 3655 39 24 the
742 3656 107 22 interests
862 3653 24 23 of
903 3653 39 23 the
958 3652 140 31 Company's
1121 3652 158 24 Settlements.

686 3689 23 23 It
726 3692 64 20 must
808 3686 129 30 effectually
946 3690 44 26 .put
1006 3693 30 15 an
1049 3684 45 25 end
1112 3690 23 18 to
1147 3686 67 23 those
1233 3685 48 24 dis-

683 3721 104 32 graceful
802 3726 220 18 land-sharking
1034 3719 161 28 transactions,
1207 3718 75 24 which

684 3756 20 22 if
715 3754 122 24 continued
844 3757 62 20 must
917 3752 29 23 be
954 3752 38 23 the
1004 3752 59 24 bane
1072 3752 25 23 of
1107 3760 43 23 any
1159 3752 66 31 thing
1234 3752 47 24 like

684 3788 138 24 economical
837 3786 129 32 prosperity
978 3793 85 23 among
1075 3785 39 24 the
1131 3785 91 24 British
1234 3790 47 19 set-

684 3822 63 29 tlers,
756 3821 45 23 and
809 3820 45 24 will
862 3818 110 33 probably
982 3819 27 23 be
1017 3818 39 24 the
1063 3827 79 16 means
1150 3819 27 23 of
1185 3823 96 20 attract-

684 3856 40 30 ing
735 3854 90 25 British
843 3852 83 32 capital
943 3852 46 24 and
1004 3852 82 24 labour
1103 3857 23 19 to
1138 3860 14 16 a
1163 3857 65 26 great
1240 3860 41 16 ex-

684 3893 57 19 tent.
778 3887 52 25 The
841 3887 158 32 appointment
1013 3886 24 25 of
1046 3885 40 29 th.c
1094 3886 156 23 Commission
1261 3887 20 23 is

684 3930 26 15 so
718 3926 84 24 recent,
820 3921 50 23 that
882 3920 13 24 I
908 3928 38 15 am
964 3919 83 24 unable
1065 3923 23 19 to
1100 3919 71 24 admit
1188 3920 93 31 specifi-

684 3954 59 31 cally
752 3959 23 19 to
788 3956 28 22 its
828 3954 75 31 plans,
915 3953 42 23 but
964 3953 18 22 it
994 3953 20 23 in
1027 3957 39 19 not
1079 3952 140 33 improbable
1232 3952 49 25 that

766 48 126 30 THE
935 47 142 31 NEW
1119 49 310 32 ZEALAND
1475 50 322 31 GAZETTE.

1913 133 162 24 ADDRESS
2101 132 46 23 TO
2179 131 60 24 HIS
2269 131 234 26 EXCELLENCY

2004 164 153 24 CAPTAIN
2176 164 149 29 HOBSON,
2345 164 67 24 R.N.

682 130 104 28 Islands;
810 137 34 15 we
863 129 44 24 and
926 137 40 15 our
983 130 77 23 fellow
1075 130 114 24 Colonists
1204 131 63 24 how-

682 170 51 16 ever
745 163 51 30 give
808 161 37 24 the
856 169 105 16 rumours
972 170 30 14 no
1015 162 73 24 credit
1094 172 6 19 ;
1119 163 42 23 but
1168 165 100 30 recently

681 194 57 23 such
750 195 155 23 confirmation
916 202 46 15 was
973 195 104 23 received
1092 203 25 16 as
1140 196 66 23 could
1228 202 40 18 not

680 227 29 23 be
722 227 152 30 disregarded,
886 227 75 23 which
969 227 38 23 led
1019 228 153 31 immediately
1180 232 22 19 to
1213 229 55 23 call-

681 261 41 29 ing
733 268 13 15 a
756 260 77 30 public
844 261 107 29 meeting,
963 260 39 23 the
1009 261 148 31 proceedings
1166 261 24 24 of
1194 261 74 24 which

682 292 46 22 will
739 297 41 18 not
791 293 40 22 fail
842 297 23 19 to
874 301 69 22 prove
954 293 52 23 how
1017 293 69 23 much
1095 294 38 22 the
1152 294 116 23 Colonists

681 325 27 22 of
717 325 45 22 this
773 325 64 29 place
848 325 57 23 have
915 326 59 22 been
988 325 128 25 slandered.

717 356 51 23 The
780 356 91 23 address
882 358 20 21 is
915 357 117 30 deposited
1043 362 24 18 at
1076 359 38 22 the
1124 359 18 11 X(

682 388 65 23 office
757 389 37 22 for
805 389 123 30 signature,
943 389 43 23 and
997 390 19 22 it
1037 389 21 23 is
1076 389 76 32 hoped
1171 390 30 24 all
1223 391 47 23 will

682 421 81 22 hasten
775 425 23 18 to
809 422 53 30 sign
872 422 25 28 it,
910 429 25 16 as
949 421 38 24 the
999 429 83 16 sooner
1093 423 19 22 it
1122 424 20 22 is
1161 427 50 19 sent
1222 424 48 23 for-

682 454 61 22 ward
755 453 39 23 the
804 453 82 23 better.

126 458 169 23 SHIPPING
314 457 274 24 INTELLIGENCE.

72 527 3 3 .
98 509 38 24 No
155 509 87 23 vessels
265 509 56 23 have
334 509 89 23 arrived
441 516 26 15 or
487 507 72 24 sailed
571 507 83 31 during

63 542 41 23 the
115 546 53 26 past
178 542 71 23 week.

1293 132 44 24 this
1352 132 119 30 Company
1482 139 55 23 may
1547 132 113 22 hereafter
1672 132 66 23 effect
1754 132 63 31 large
1829 141 57 23 pur-

1294 165 79 23 chases
1391 163 100 31 through
1512 165 40 22 the
1565 165 179 22 Commissioner
1748 174 16 20 i,
1777 165 50 24 who
1840 166 47 23 will

1295 196 163 31 consequently
1466 196 27 23 be
1505 197 74 23 under
1591 205 29 15 an
1634 197 124 31 obligation
1768 202 23 19 to
1803 199 83 30 supply

1295 230 37 23 the
1352 229 116 23 Colonists
1484 229 58 23 with
1554 238 12 14 a
1578 231 168 30 proportionate
1758 235 93 19 amount
1864 231 25 23 of

1295 262 88 23 British
1404 261 88 24 labour.
1530 261 72 32 Upon
1619 262 46 23 this
1677 262 69 23 latter
1757 263 75 30 object
1848 263 38 23 the

1296 295 110 22 attention
1414 294 25 23 of
1450 294 36 23 the
1498 294 120 24 Directors
1625 295 47 23 will
1682 295 29 23 be
1722 295 57 31 kept
1789 295 97 31 steadily

1295 327 70 22 fixed.

1329 359 53 23 You
1394 359 47 23 will
1451 364 40 18 not
1502 360 42 23 fail
1555 364 22 19 to
1587 361 42 22 call
1640 360 39 24 the
1691 361 111 23 attention
1813 360 26 24 of
1848 360 38 24 the

1297 391 97 23 Settlers
1405 395 23 19 to
1441 391 37 23 the
1495 397 66 25 great
1571 394 166 29 improvement
1747 394 24 21 in
1784 393 103 23 Colonial

1296 424 192 23 Administration
1499 424 75 23 which
1587 424 61 23 Lord
1662 425 62 23 John
1738 424 95 24 Russell
1844 425 43 22 has

1296 457 25 23 in
1331 456 46 23 this
1385 457 101 21 instance
1499 457 58 22 been
1568 457 39 22 the
1614 464 79 16 means
1702 457 24 23 of
1735 456 151 31 introducing.

1298 489 45 24 His
1356 488 115 30 Lordship
1483 488 42 23 has
1538 490 24 21 in
1572 488 46 24 this
1632 488 46 23 and
1689 489 64 22 other
1763 489 123 29 instances,

1297 523 67 30 given
1382 521 39 23 the
1441 525 116 26 strongest
1577 522 76 30 proofs
1674 522 26 22 of
1717 522 37 22 his
1773 521 73 23 desire
1865 525 22 19 to

1297 558 102 28 promote
1423 553 39 23 the
1484 553 53 24 best
1566 555 94 22 interest
1684 555 25 22 of
1738 554 38 23 the
1798 553 90 24 British

1298 587 107 23 Colonies
1414 595 6 14 :
1441 586 44 23 and
1500 586 39 23 the
1552 587 94 23 Settlers
1665 595 54 22 may
1730 594 50 16 now
1797 586 56 23 look
1865 591 23 18 to

1297 620 36 23 the
1354 619 105 23 Colonial
1477 619 110 24 Minister
1604 619 54 23 with
1677 628 14 14 a
1702 619 50 23 well
1770 619 118 30 grounded

1298 652 136 28 confidence,
1446 651 75 24 which
1528 656 24 19 at
1563 659 62 16 some
1634 652 85 23 former
1731 652 89 30 periods
1832 652 55 30 they

1298 684 65 24 could
1381 684 101 31 scarcely
1492 684 60 24 have
1568 685 59 23 been
1645 684 110 31 expected
1772 689 22 18 to
1811 689 76 19 enter-

1298 718 54 23 tain.

292 593 34 15 IN
343 593 83 15 PORT.

97 618 93 31 Barque
359 617 127 29 Robinson,
504 617 36 23 for
562 616 51 31 Bay
632 615 25 24 of

61 650 103 25 Islands.

99 684 82 23 Cutter

98 716 58 32 Ship
308 716 119 28 Coombes,
441 715 102 31 Sydney.

96 749 135 32 Brigantine
419 749 97 23 Barker.

97 783 118 22 Schotner
258 782 109 28 Hannah,
383 782 97 23 Lavien.

97 816 92 29 Barque
407 813 141 25 Kettlewell.

234 882 246 15 THERMOMETER.

128 915 67 19 Week
211 915 83 20 ending
308 915 88 20 Friday,
417 915 54 20 July
488 915 20 20 3,
524 915 58 17 1840.

171 957 57 16 Morn.

279 957 57 16 Even.

380 957 60 16 Wind.
456 962 2 8 <

510 956 91 15 Weather.

60 999 31 16 Sat

60 1020 44 16 Sun.
125 1031 17 5 ...

60 1041 51 15 Man.
124 1052 18 4 ...

60 1062 54 15 Tues.
125 1073 18 5 ...

60 1081 50 16 Wed.
125 1093 17 5 ...

60 1103 81 16 Ihurs...

60 1123 29 16 Fii

190 999 20 16 48

190 1020 19 15 52

190 1041 19 14 55

190 1062 19 14 53

190 1082 20 15 50

190 1103 20 14 50

191 1124 19 15 48

295 999 22 16 54

296 1021 19 15 sli

296 1041 19 15 58

296 1062 19 15 5G

296 1082 21 16 54

296 1103 20 15 52

296 1123 19 15 51

392 998 50 16 N.W.
471 997 53 21 Light
545 997 35 16 and
589 997 41 16 fine.

392 1019 50 17 N.W.
470 1018 54 20 Light
557 1018 15 15 &
587 1018 43 15 fine.

391 1040 51 16 N.W.
471 1039 65 20 Strong
556 1038 15 16 &
585 1040 42 14 wet.

392 1060 50 16 N.W.
471 1059 49 17 Calm
554 1059 16 16 &
583 1060 41 14 wet.

392 1081 39 16 S.K.
472 1081 66 20 Strong
558 1080 15 15 &
588 1079 42 17 fine.

392 1102 39 15 S.E.
472 1101 42 16 Gale
557 1100 15 16 &
589 1101 41 15 wet.

388 1123 42 18 ,S.E.
470 1122 66 20 Strong
556 1121 16 15 &
592 1121 42 16 fine.

81 1164 53 16 Mean
140 1177 4 4 .

187 1165 54 16 50.85.
249 1164 4 21 |

293 1164 54 16 54.43.

109 129 126 20 PUBLIC
250 130 91 19 BALL
355 129 74 20 AND
444 128 172 21 CONCERT.

66 161 74 48 ON
157 161 143 22 MONDAY.
312 161 54 28 July
376 161 56 26 13th,
444 168 14 14 a
465 160 78 22 Public
552 160 50 22 Ball
609 160 46 22 and

116 204 4 3 .
145 189 96 21 Concert
256 187 44 22 will
317 188 27 21 be
361 188 64 26 given
445 191 24 17 at
486 187 43 21 Mr.
550 187 103 21 Elsdon's

65 214 149 22 Commercial
231 214 50 26 Inn,
300 214 36 21 for
350 214 37 20 the
397 213 84 21 benefit
491 213 24 21 of
527 213 92 21 Messrs.
631 214 22 20 S.

65 240 132 21 Marshall
208 238 111 23 and'G-EO.
332 240 121 21 Andrews.

92 266 89 21 Tickets
189 266 25 21 of
216 266 120 21 admission
342 274 4 13 :
348 278 30 4 —
380 266 81 26 Single,
468 267 32 20 2s.
505 265 36 22 6d.
547 273 5 19 ;
565 265 87 26 double,

65 292 130 27 (admitting
205 300 13 13 a
227 292 52 27 lady
289 292 45 22 and
343 292 146 28 gentleman,)
503 293 31 20 4s.
564 291 90 22 Tickets

62 326 53 20 may
126 319 28 20 be
165 318 44 22 had
220 326 27 13 on
259 319 133 27 application
403 322 22 18 to
435 318 44 22 Mr.
491 318 93 21 Elsdon.

62 370 186 48 WANTED,
270 377 12 15 a
305 371 96 21 number
422 370 26 21 of
467 370 186 21 Brick-makers.

162 397 75 27 Apply
247 400 23 18 at
279 397 38 22 the
488 396 79 21 Office.
