2569 4029
96 219 51 24 The
156 219 137 31 disposition
305 223 22 18 to
338 219 101 30 promote
452 216 38 25 the
497 214 159 38 colonization^

60 252 28 23 of
97 252 57 23 New
167 250 100 25 Zealand
283 251 20 22 is
313 246 75 33 'really
400 248 128 30 something
545 245 111 25 extrkor-^

61 284 87 31 dinary.
185 284 24 24 It
226 283 115 33 proceeds,
354 282 116 22 doubtless
483 280 58 23 from
559 287 13 16 a
583 279 64 23 well-

59 317 101 23 founded
169 316 126 25 conviction
306 316 26 23 of
341 315 37 23 the
390 313 148 24 suitableness
551 312 25 23 of
589 311 58 24 New

59 350 104 23 Zealand
172 357 25 15 as
209 358 30 14 an
250 348 133 30 emigration
393 346 61 23 field.
490 345 128 27 Moreover,
629 344 18 22 it

59 382 21 23 is
91 386 41 19 not
144 381 103 24 confined
259 386 21 19 to
293 381 39 22 the
342 378 138 31 metropolis,
497 377 41 23 but
550 377 24 22 in
586 377 60 22 vari-

59 422 42 15 ous
113 419 62 26 parts
188 414 24 23 of
228 414 38 23 the
279 412 88 24 United
383 410 118 32 Kingdom
519 409 43 24 has
579 409 68 31 given

58 447 63 23 birth
133 451 23 19 to
167 448 91 22 various
269 446 112 27 societies,
395 442 136 25 established
542 446 41 19 not
592 441 56 25 with

59 488 15 15 a
84 480 57 23 view
160 484 23 19 to
199 480 76 31 profit,
294 479 43 24 but
354 477 83 31 simply
449 480 23 19 to
489 478 102 28 promote
609 474 38 23 the

59 513 151 23 colonization
229 513 25 23 of
269 512 59 24 New
348 510 101 24 Zealand
468 517 28 15 on
513 508 73 24 sound
604 506 45 24 and

58 546 109 31 practical
173 546 132 30 principles.
335 544 43 23 We
389 543 59 23 shall
458 543 52 22 here
519 544 129 20 enumerate

59 577 58 25 such
125 579 25 23 of
233 577 128 31 companies
369 576 45 23 and
421 575 146 23 associations
571 580 3 5 1
578 581 26 16 as
615 581 33 16 we

59 611 58 22 have
129 612 74 21 notice
216 610 37 23 of:
256 623 33 4 —

94 643 21 24 I.
130 644 56 23 The
211 643 147 23 Plymouth
378 642 128 23 Company
528 647 31 17 of
583 639 65 24 New

59 677 135 22 Zealand.
197 689 35 3 —
232 675 25 24 A
268 683 110 23 company
392 673 73 24 under
477 672 46 24 this
540 672 50 24 title
607 671 41 23 has

58 709 60 23 been
130 708 86 24 formed
227 708 35 24 for
273 708 39 24 the
325 708 101 23 counties
439 706 26 23 of
473 704 114 25 Cornwall
605 704 44 23 and

58 741 92 30 Devon,
167 742 75 23 which
258 741 52 24 bids
328 740 43 24 fair
389 744 23 19 to
430 740 30 22 be
476 738 133 32 productive
626 737 24 23 of

59 775 60 30 good
125 774 93 24 results.
242 774 45 24 We
296 781 40 23 say
342 774 55 28 this,
409 773 96 23 because
514 770 133 31 Plymouth,

58 807 72 24 taken
148 816 24 15 as
185 807 38 23 the
241 807 177 31 representative
430 805 26 23 of
473 804 115 24 Cornwall
605 802 43 24 and

59 840 91 30 Devon,
162 842 20 21 is
193 841 52 23 well
257 840 83 24 known
352 840 22 23 in
383 839 38 23 the
433 838 87 30 history
527 837 27 24 of
562 837 86 23 coloni-

59 875 84 22 zation.
180 873 23 24 It
221 875 21 22 is
258 873 81 23 indeed
357 872 38 24 the
413 870 139 31 birth-place
570 870 25 23 of
611 870 38 22 the

59 906 129 31 colonizing
207 907 66 31 spirit
273 918 33 4 —
308 915 13 14 a
339 906 66 30 spirit
414 903 75 25 which
505 903 40 23 the
561 902 88 30 worthy

58 939 81 32 peeple
152 939 25 23 of
191 939 66 23 those
276 939 101 23 counties
396 944 62 16 seem
470 935 140 23 determined
625 939 23 18 to

58 979 70 24 prove
139 976 23 19 to
180 972 28 23 be
219 976 42 19 not
278 976 39 26 yet
329 968 165 32 extinguished.
530 967 62 24 Who
608 967 40 23 has

59 1009 41 19 not
111 1005 70 23 heard
188 1005 26 23 of
223 1005 38 23 the
274 1004 126 31 Plymouth
407 1002 109 31 Pilgrims
524 1001 5 23 !
531 1013 34 4 —
567 1001 25 23 of
601 1000 48 23 that

58 1038 79 30 manly
149 1038 42 23 and
211 1038 115 30 energetic
346 1035 61 24 band
419 1035 50 24 who
487 1033 107 24 achieved
611 1033 38 23 the

85 1078 94 16 heroic
191 1078 78 16 work
301 1070 26 23 of
334 1070 105 31 planting
452 1077 13 14 a
475 1067 57 24 New
541 1066 109 32 England

58 1104 26 23 in
95 1104 39 23 the
147 1103 74 24 desert
229 1105 9 22 ?
275 1103 52 24 The
346 1106 93 27 present
457 1108 50 17 race
519 1108 76 16 seems
610 1100 39 23 de-

58 1136 113 24 termined
181 1141 42 18 not
232 1141 22 19 to
262 1136 41 23 fall
309 1136 72 22 below
389 1135 39 23 the
441 1135 89 23 ancient
542 1134 74 30 spirit,
625 1141 24 15 as

59 1178 42 15 our
113 1169 139 31 advertising
262 1169 102 23 columns
371 1168 48 24 will
431 1168 69 23 show.
531 1167 52 24 The
591 1166 58 31 Ply-

58 1203 89 29 mouth,
160 1203 46 23 will
218 1207 131 26 co-operate
360 1202 57 23 with
429 1201 37 24 the
479 1200 57 24 New
549 1199 101 24 Zealand

60 1236 126 31 Company,
201 1236 45 23 and
256 1244 34 15 we
298 1236 73 23 doubf
379 1239 40 19 not
432 1234 57 23 their
499 1233 150 31 proceedings

58 1268 47 24 will
117 1270 29 22 be
157 1269 168 31 advantageous
338 1273 22 19 to
372 1267 136 24 themselves
520 1266 46 23 and
578 1266 71 23 bene-

59 1302 61 23 ficial
138 1307 22 18 to
179 1302 39 23 the
230 1302 87 31 public.
352 1301 45 23 We
417 1300 65 28 shall,
501 1303 61 19 most
576 1299 73 30 likely

58 1334 58 24 have
127 1335 88 24 further
230 1334 134 32 particulars
381 1334 24 23 in
417 1334 55 23 time
483 1332 35 24 for
536 1340 42 15 our
595 1336 55 19 next

56 1368 105 23 number.

92 1401 37 24 11.
149 1402 58 23 The
216 1402 66 23 New
291 1402 126 23 Zealand
432 1400 155 23 Committee
600 1406 49 15 for

59 1442 51 16 the
124 1435 76 23 West
212 1442 32 16 of
258 1435 145 28 Scotland,
421 1437 57 19 next
489 1432 110 24 demands
609 1440 41 15 our

57 1469 84 23 notice.
178 1468 111 23 Scotland
303 1468 40 23 has
356 1466 38 24 the
406 1466 129 31 reputation
547 1465 25 23 of
581 1465 69 31 being

58 1500 52 24 able
129 1505 22 19 to
171 1501 90 23 furnish
279 1509 14 15 a
305 1501 59 23 class
384 1499 25 23 of
426 1500 122 29 emigrants
568 1498 82 24 almost

58 1534 153 31 unexampled
222 1534 35 23 for
272 1533 125 24 steadiness
411 1532 43 24 and
472 1532 176 28 laboriousness,

59 1575 25 15 as
96 1575 50 15 new
158 1572 95 26 country
266 1567 98 23 settlers.
400 1566 45 23 We
459 1564 115 24 ourselves
593 1565 56 23 have

58 1608 55 15 seen
131 1601 62 23 them
212 1602 25 21 in
248 1608 64 16 some
324 1600 24 23 of
365 1607 41 16 our
426 1599 106 28 colonies,
551 1597 46 24 and
608 1606 43 15 can

57 1633 56 24 bear
136 1635 122 30 testimony
279 1638 22 19 to
325 1633 59 23 their
407 1632 96 31 sterling
521 1631 130 30 colonizing

58 1667 174 31 qualifications.
277 1666 81 23 Under
381 1665 65 24 these
465 1665 183 28 circumstances,

58 1708 33 15 we
103 1700 82 31 rejoice
203 1701 24 22 in
240 1700 38 24 the
291 1700 157 31 co-operation
459 1698 24 23 of
498 1698 40 23 the
548 1698 68 23 West
628 1698 23 22 of

58 1733 110 24 Scotland
180 1734 144 26 Committee,
338 1733 38 23 the
387 1740 64 15 more
462 1731 122 31 especially
596 1739 25 15 as
632 1732 19 22 it

58 1767 103 23 contains
168 1774 79 16 names
254 1766 75 24 which
338 1773 38 17 are
384 1774 13 15 a
404 1766 113 23 sufficient
526 1769 123 26 guarantee

56 1800 36 23 for
104 1801 30 22 its
151 1800 98 31 honesty
261 1808 25 15 as
305 1799 50 24 well
367 1807 25 16 as
411 1800 79 29 vigour
502 1797 25 24 of
541 1806 106 23 purpose.

57 1833 53 24 The
129 1834 120 31 Secretary
259 1834 21 22 is
299 1833 47 23 Mr.
367 1832 62 24 John
447 1831 124 29 Crawford,
591 1831 59 23 from

57 1867 77 24 whose
156 1867 87 23 lecture
262 1875 14 15 a
296 1866 64 23 short
378 1869 88 20 extract
487 1865 21 23 is
534 1865 68 31 given
625 1865 24 22 in

58 1900 95 24 another
164 1901 73 30 place.
274 1900 45 24 We
335 1903 77 27 regret
423 1899 49 23 that
483 1898 39 24 the
535 1902 78 27 report
628 1898 21 23 is

57 1938 41 19 not
110 1941 61 16 more
183 1934 51 23 full.

92 1967 51 23 111.
163 1967 24 23 A
194 1967 116 23 Paisley
320 1967 63 23 New
393 1966 127 23 Zealand
529 1965 118 23 Emigra-

58 2007 61 17 tion
133 2001 111 23 Society
256 2001 43 22 has
310 2001 58 22 been
376 1999 138 24 established
523 1999 31 31 by
562 1998 85 23 several

56 2042 95 23 persons
165 2034 25 22 of
196 2032 170 33 respectability
379 2032 44 23 and
440 2032 120 22 influence.
598 2031 49 23 The

57 2067 89 23 officers
327 2070 23 19 to
362 2066 73 23 frame
447 2064 139 29 memorials,
605 2064 42 23 and

56 2100 119 24 otherwise
186 2104 103 27 promote
302 2100 37 22 the
352 2099 87 31 objects
447 2098 25 23 of
480 2098 39 23 the

57 2141 39 16 are
105 2134 67 23 Peter
186 2133 76 29 More,
276 2133 68 31 Esq.,
359 2132 128 29 President,
501 2131 77 24 James
590 2131 57 29 Rae,

57 2167 69 31 Esq.,
145 2168 129 30 Secretary,
294 2166 51 24 who
364 2166 103 31 together
486 2165 55 23 with
560 2164 87 24 Walter

57 2200 106 24 Peacock
176 2201 45 22 and
238 2200 62 23 John
313 2199 114 29 Crombie,
442 2199 120 31 Esquires,
581 2198 66 23 make

55 2242 32 22 up
99 2234 39 24 the
151 2234 145 23 Committee.

89 2267 48 24 VI.
171 2268 25 23 A
219 2267 86 24 Scots'
329 2266 66 24 New
419 2265 128 24 Zealand
571 2265 76 24 Land

58 2301 131 24 Company
212 2301 43 23 has
282 2300 58 24 been
363 2299 135 24 announced
520 2303 23 19 at
567 2298 79 24 Perth.

57 2335 94 24 Several
162 2335 114 30 meetings
287 2334 58 23 have
356 2333 59 24 been
426 2333 60 28 held,
499 2332 52 29 and,
562 2340 34 15 we
607 2333 40 22 be-

55 2369 72 28 lieve,'
142 2368 38 24 the
193 2368 121 23 Directors
326 2366 132 24 nominated
465 2375 6 20 ;
491 2366 43 23 but
552 2374 43 15 our
611 2366 36 22 in-

54 2402 123 23 formation
187 2402 72 30 being
270 2400 142 32 inadequate,
426 2408 33 15 we
472 2408 42 15 can
527 2399 54 31 only
591 2403 57 19 state

55 2435 51 23 that
118 2434 96 25 Patrick
228 2434 118 29 Matthew,
366 2434 68 31 Esq,,
448 2433 24 23 of
482 2428 165 34 Gourdie-hilf,

54 2469 32 31 by
98 2468 77 30 Errol,
195 2467 143 29 Perthshire,
357 2467 46 23 and
418 2467 47 23 Mr.
477 2466 64 24 Wm.
557 2467 90 28 Gorrie,

54 2502 169 31 Atholl-place,
235 2501 80 29 Perth,
329 2509 38 15 are
379 2500 131 24 authorised
527 2504 22 19 to
560 2500 89 23 receive

54 2535 120 33 post-paid
185 2535 212 24 communications.

90 2569 32 25 V.
148 2569 59 23 The
226 2568 68 24 New
306 2568 129 24 Zealand
448 2567 156 24 Committee
617 2575 30 15 of

56 2603 130 24 Ireland.
187 2615 34 3 —
224 2602 33 23 At
264 2601 97 29 Dublin,
374 2609 13 15 a
397 2601 78 31 public
481 2601 110 31 meeting,
604 2608 45 16 was

54 2636 56 24 held
122 2644 29 16 on
161 2636 41 23 the
213 2636 50 23 2nd
274 2635 25 23 of
313 2635 139 28 November,
463 2634 76 23 which
550 2642 47 15 was
614 2638 35 19 at-

57 2670 82 23 tended
151 2669 30 31 by
190 2677 14 15 a
213 2669 65 31 large
285 2669 96 23 number
390 2668 25 23 of
423 2675 52 16 men
483 2667 167 32 distinguished

57 2703 62 24 alike
140 2703 36 23 for
204 2703 60 23 their
287 2702 103 31 superior
411 2701 153 31 intelligence,
592 2701 58 23 their

58 2737 123 29 character,
202 2735 45 24 and
265 2735 59 24 their
342 2735 121 24 influence.
465 2747 35 5 —
501 2735 66 23 New
583 2735 67 23 Zea-

57 2778 72 16 land
141 2770 131 27 Journal,
285 2769 63 24 Feb.
364 2771 23 22 8.

842 1902 261 24 REGULATIONS.

715 1940 23 22 1.
740 1950 34 4 —
775 1937 50 23 The
835 1937 91 31 Capital
937 1936 26 24 of
978 1936 37 23 the
1025 1936 119 31 Company
1151 1940 22 19 to
1185 1936 87 23 consist

680 1971 25 24 of
720 1971 123 29 £50.000,
855 1971 26 23 in
894 1972 75 22 2.500
983 1969 85 24 Shares
1080 1969 25 23 of
1121 1970 53 24 £20
1188 1969 65 23 each.

713 2006 60 22 2.—
774 2004 52 23 One
837 2002 79 33 pound
926 2011 41 23 per
980 2002 66 24 share
1059 2006 21 19 to
1098 2002 29 24 be
1145 2002 56 32 paid
1218 2010 53 23 pre-

677 2038 66 22 vious
755 2042 22 18 to
789 2037 39 23 the
840 2037 98 23 election
949 2037 26 23 of
989 2036 127 29 Directors,
1129 2037 26 22 of
1169 2035 75 23 which
1259 2044 13 15 a

677 2070 85 24 week's
773 2070 76 31 public
863 2070 75 23 notice
954 2069 46 24 will
1018 2069 28 23 be
1066 2070 83 30 given;
1169 2068 47 24 and
1233 2069 36 24 £l

678 2103 124 25 additional
820 2108 24 18 at
863 2102 39 24 the
921 2103 128 31 expiration
1068 2102 26 24 of
1115 2102 56 24 each
1190 2102 78 23 month

677 2138 61 23 from
749 2137 49 23 that
809 2136 87 32 period,
914 2136 60 23 until
990 2136 36 24 £5
1041 2136 42 23 lias
1094 2135 58 24 been
1164 2135 55 31 paid
1230 2143 39 23 up.

713 2173 23 22 3.
738 2183 35 4 —
773 2169 101 25 Further
887 2169 90 24 calls^to
990 2169 29 23 be
1037 2169 66 23 made
1122 2173 24 19 at
1164 2169 40 23 the
1223 2168 48 24 dis-

679 2204 87 24 cretion
780 2204 25 23 of
818 2203 40 24 the
877 2203 119 24 Directors
1006 2211 5 21 ;
1032 2202 45 23 and
1089 2202 63 23 three
1169 2202 101 23 months'

677 2238 107 31 previous
802 2237 77 23 notice
898 2237 24 22 of
938 2236 55 24 each
1011 2235 45 24 call
1074 2240 22 19 to
1114 2236 29 23 be
1162 2236 70 31 given
1248 2237 24 22 in

678 2272 39 23 the
760 2270 56 25 New
829 2270 103 23 Zealand

712 2307 25 21 4.
739 2317 34 4 —
773 2303 37 25 No
821 2311 86 24 person
919 2307 22 20 to
953 2303 28 23 be
997 2303 96 23 allowed
1110 2307 23 19 to
1152 2302 120 24 subscribe

677 2338 36 24 for
724 2345 62 16 more
799 2337 57 24 than
868 2339 32 22 50
913 2336 93 24 Shares.

713 2374 23 21 5.
738 2384 35 3 —
774 2371 50 23 The
837 2370 99 24 Officers
949 2370 25 23 of
988 2369 39 24 the
1040 2369 119 32 Company
1173 2373 24 20 to
1217 2377 55 16 con-

678 2406 43 22 sist
740 2405 25 23 of
784 2405 55 22 nine
857 2404 121 23 Directors
995 2403 46 24 and
1060 2411 14 16 a
1093 2402 104 30 Cashier,
1216 2403 57 24 with

678 2438 59 24 such
755 2439 124 23 assistance
898 2445 24 15 as
940 2437 39 23 the
995 2437 122 23 Directors
1134 2444 54 23 may
1208 2436 72 24 deem*

679 2479 128 23 necessary.

713 2507 25 23 (3.
740 2518 33 4 —
773 2505 52 23 The
842 2504 122 24 Directors
981 2507 23 21 to
1022 2503 31 25 be
1072 2503 87 24 elected
1175 2502 38 25 for
1230 2511 42 16 one

677 2547 64 23 year,
752 2538 30 31 by
793 2538 39 23 the
844 2537 166 25 Shareholders
1020 2546 5 20 ;
1047 2541 23 20 at
1086 2536 38 25 the
1144 2537 129 31 expiration
1279 2533 2 26 i

679 2572 26 24 of
719 2573 50 23 that
785 2571 88 32 period,
894 2578 42 16 one
954 2571 62 23 third
1034 2571 27 23 of
1074 2569 40 25 the
1129 2570 106 29 number,
1249 2574 23 20 to

677 2606 29 24 be
719 2605 141 24 determined
870 2605 32 31 by
915 2604 40 29 lot,
975 2604 60 23 shall
1053 2604 76 28 retire,
1148 2603 47 23 and
1213 2603 60 24 their

678 2639 65 32 place
760 2639 29 24 be
806 2638 65 24 filled
887 2638 32 31 by
935 2637 64 24 fresh
1013 2637 105 29 election,
1119 2649 35 4 —
1154 2636 40 24 the
1205 2637 68 23 retir-

679 2674 42 29 ing
731 2672 120 24 Directors
863 2676 24 19 to
897 2671 29 24 be
938 2670 93 32 capable
1044 2670 25 23 of
1083 2670 145 23 re-election.

715 2707 25 25 7.
741 2719 34 4 —
776 2705 50 24 The
846 2704 97 25 Cashier
960 2709 24 19 to
995 2704 32 27 .be
1046 2703 134 32 appointed^
1185 2703 32 32 by
1235 2703 39 24 the

680 2740 127 28 Directors,
821 2738 46 24 and
878 2737 129 24 removable
1020 2741 24 20 at
1054 2736 60 24 their
1124 2736 115 32 pleasure.

715 2775 25 22 8.
741 2786 33 4 —
776 2772 166 26 Qualification
951 2770 34 32 xof
1006 2770 120 24 Directors
1145 2775 23 19 to
1189 2771 29 23 be
1244 2773 29 22 15

680 2807 94 24 Shares.

715 2843 24 22 9.
741 2853 33 3 —
775 2839 30 24 In
816 2839 31 23 all
860 2839 112 30 meetings
984 2837 26 24 of
1025 2837 174 30 Shareholders,
1214 2837 61 25 Pro-

680 2875 97 31 prietors
795 2877 23 19 to
834 2872 60 24 have
906 2879 42 17 one
961 2876 50 19 vote
1021 2871 37 24 for
1070 2879 69 23 every
1150 2873 15 22 5
1180 2871 94 24 Shares.

717 2910 40 21 10.
759 2920 33 4 —
792 2906 39 24 No
839 2906 50 24 Bill
900 2909 22 20 to
933 2905 30 24 be
971 2904 135 24 discounted
1113 2909 82 27 except
1202 2905 72 24 under

680 2941 40 24 the
733 2941 102 23 sanction
853 2940 26 23 of
893 2938 64 24 three
976 2938 26 23 of
1016 2938 39 23 the
1074 2938 121 24 Directors
1204 2948 6 20 ;
1232 2946 43 16 nor

680 2975 21 23 if
711 2973 103 33 objected
825 2977 23 20 to
859 2973 32 31 by
903 2980 43 16 one
958 2971 25 25 of
990 2971 66 25 three
1068 2971 25 24 of
1103 2972 38 23 the
1153 2971 121 25 Directors

679 3011 102 29 present.

718 3043 38 22 11.
757 3054 35 4 —
793 3041 118 29 Meetings
922 3043 25 19 to
958 3039 27 24 be
1002 3039 55 23 held
1074 3038 147 32 half-yearly,
1240 3039 35 24 for

681 3075 39 23 the
731 3082 98 24 purpose
841 3074 27 23 of
870 3081 4 4 ■
883 3072 116 32 declaring
1011 3072 136 30 Dividends,
1161 3073 44 24 &c.

718 3110 38 23 12.
759 3121 34 4 —
793 3108 24 24 A
840 3111 124 20 statement
985 3106 26 24 of
1032 3106 40 24 the
1093 3105 78 25 affairs
1191 3106 25 24 of
1237 3106 38 24 the

681 3142 71 24 Bank
762 3146 23 19 to
800 3142 30 22 be
848 3140 48 24 laid
907 3140 83 24 -before
1009 3139 40 24 the
1068 3140 169 23 Shareholders,
1254 3144 22 19 at

682 3175 57 24 each
761 3175 57 23 such
841 3173 140 31 half-yearly
1004 3174 110 29 meeting,
1137 3173 47 23 and
1206 3173 69 23 after-

681 3208 74 24 wards
782 3206 125 33 published
933 3207 26 23 in
985 3206 39 24 the
1087 3206 58 24 New
1174 3206 103 24 Zealand

670 3269 2 12 i
940 3282 83 6 _____

715 3302 25 24 A
751 3302 67 24 Deed
830 3302 26 23 of
872 3300 144 28 Settlement,
1034 3304 23 20 to
1068 3300 30 23 be
1110 3299 83 32 signed
1202 3299 32 32 by
1246 3300 31 23 all

682 3336 40 24 the
742 3335 174 29 Shareholders,
936 3333 138 32 embodying
1083 3346 4 4 •
1094 3333 65 24 these
1178 3333 46 23 and
1247 3333 33 24 all'

682 3370 66 24 other
764 3377 124 22 necessary
898 3368 149 31 regulations,
1065 3367 46 24 will
1124 3366 30 24 be
1164 3367 114 31 prepared

682 3411 26 16 as
720 3402 107 32 speedily'
833 3410 27 16 as
871 3401 108 32 possible.

700 3462 260 25 PROPOSITIONS
973 3469 33 16 at
1019 3468 52 17 the
1084 3460 175 25 MEETING.

719 3499 22 22 1.
743 3509 35 5 —
778 3496 63 24 That
848 3496 39 23 the
893 3496 140 31 Prospectus
1040 3502 51 17 now
1098 3495 56 24 read
1159 3495 30 23 be
1197 3495 80 31 adopt-

683 3531 29 24 ed
724 3530 44 24 and
778 3530 101 32 printed.

717 3567 24 22 2.
743 3577 34 4 —
778 3564 63 24 That
865 3563 98 32 Captain
986 3562 103 24 Edward
1114 3562 97 24 Daniell
1233 3563 42 23 and

682 3599 99 23 Messrs.
795 3597 131 31 Partridge,
941 3596 73 29 Watt,
1028 3596 87 29 Millar,
1129 3596 46 23 and
1188 3596 87 29 Pierce,

682 3632 29 23 do
728 3632 58 23 form
805 3639 14 16 a
837 3630 146 25 Provisional
995 3629 138 25 Connuttee
1145 3634 24 19 to
1183 3637 65 23 carry
1260 3631 15 22 it

682 3666 50 22 into
743 3665 75 23 effect..

1935 3878 94 22 Printed
2046 3878 46 22 and
2110 3877 120 29 published
2252 3881 25 18 at
2296 3876 37 23 the
2352 3876 73 23 Office
2444 3874 28 23 of
2490 3873 36 22 the

2061 3912 102 22 Zealand
2326 3911 54 22 Port
2397 3908 129 27 Nicholson,

1963 3947 56 23 New
2029 3946 108 23 Zealand.

760 46 126 30 THE
931 45 137 31 NEW
1112 42 310 34 ZEALAND
1467 42 323 32 GAZETTE.

89 136 81 24 NEW
180 132 165 27 ZEALAND
358 130 298 27 COLONIZATION

260 165 190 29 SOCIETIES.

726 128 99 21 BANK
839 128 43 20 OF
896 128 92 20 PORT
1001 128 208 18 NICHOLSON.

676 161 132 23 CAPITAL
824 161 104 23 £50.000,
947 161 35 19 IN
1000 161 62 19 2.500
1080 161 120 19 SHARES
1220 161 36 20 OF

886 186 48 22 £20
948 184 98 27 EACH;

676 221 31 22 To
716 221 29 21 be
754 219 116 23 increased
879 222 24 18 at
913 218 37 22 the
959 217 118 23 discretion
1093 217 27 23 of
1130 217 37 21 the
1181 217 75 23 Direc-

702 251 53 23 tors;
764 247 29 27 by
802 245 38 23 the
847 246 61 22 issue
918 245 25 22 of
954 244 81 23 £1.000
1042 243 123 23 additional
1173 243 83 28 Shares,

702 276 24 16 to
735 274 29 18 be
774 273 47 19 sold
829 273 35 19 for
872 272 40 20 the
920 271 85 21 benefit
1014 270 25 22 of
1049 270 39 22 the
1096 269 73 23 Bank.

710 327 52 23 The
773 327 137 29 advantages
920 325 114 33 produced
1042 325 32 31 by
1085 334 13 14 a
1105 324 72 24 Local
1184 325 77 28 Bank,

675 360 56 23 both
752 367 26 16 as
795 367 13 14 a
829 359 119 30 profitable
970 359 138 22 investment
1126 356 24 24 of
1171 358 90 30 capital,

675 392 46 23 and
739 399 25 15 as
783 399 13 15 a
813 398 78 16 means
916 391 25 22 of
962 389 193 24 accommodation
1176 393 24 19 to
1224 390 38 24 the

676 424 147 30 community,
832 431 38 16 are
880 427 39 19 too
931 422 52 24 well
994 421 139 24 established
1139 425 23 20 to
1173 423 89 30 require

675 465 45 23 any
728 464 6 4 '
740 459 112 21 comment
869 459 24 19 at
915 459 99 27 present.
1051 454 76 24 There
1148 455 21 23 is
1192 459 42 19 not
1251 464 12 14 a

675 490 75 30 single
762 489 87 24 British
862 488 90 31 Colony
964 488 25 23 of
997 496 45 22 any
1049 488 139 30 importance
1195 488 68 23 with-

677 527 40 19 out
727 527 25 19 at
761 522 59 23 least
830 529 42 15 one
884 521 58 23 such
953 520 76 29 Bank,
1049 521 45 22 and
1105 521 24 22 in
1147 528 69 23 every
1227 521 36 23 in-

676 560 79 19 stance
766 555 63 23 these
839 555 143 22 institutions
991 561 36 16 are
1035 561 30 16 no
1074 553 47 24 less
1133 561 13 15 a
1154 560 80 17 source
1242 555 23 22 of

675 589 70 31 profit
756 592 23 19 to
790 588 38 22 the
840 586 165 24 Shareholders
1022 586 57 23 than
1096 585 26 23 of
1137 586 86 23 benefit
1242 591 22 19 to

675 621 40 23 the
734 621 146 29 community.
924 619 29 25 In
971 620 52 28 fact,
1040 619 68 23 while
1126 618 38 24 the
1182 619 82 24 Banks

675 654 77 23 which
773 654 57 23 have
856 653 60 23 been
943 652 139 24 established
1106 652 32 31 by
1164 651 101 32 English

677 686 83 32 capital
772 687 23 23 in
806 686 38 24 the
856 685 161 24 Australasian
1030 685 107 23 Colonies
1156 684 76 24 divide
1242 690 24 19 at

676 720 40 23 the
727 723 86 20 utmost
823 719 60 22 from
896 719 14 25 7
923 723 23 18 to
960 720 30 21 10
1002 725 40 24 per
1054 722 70 24 cent.,
1141 717 39 24 the
1197 719 69 30 profit

677 753 26 23 of
717 752 40 24 the
769 751 71 25 Local
851 751 82 24 Banks
950 758 94 23 average
1061 751 60 23 from
1141 752 30 22 15
1190 755 24 19 to
1234 754 31 21 20

675 793 42 23 per
730 790 59 19 cent.
825 784 59 24 This
896 784 120 23 difference
1027 784 20 22 is
1142 784 124 23 accounted

677 818 35 24 for
722 827 5 15 :
754 826 67 23 every
839 817 125 23 individual
982 817 24 23 in
1023 824 14 15 a
1052 816 88 31 Colony
1151 817 115 31 naturally

676 851 88 31 prefers
786 859 14 15 a
821 850 70 24 Bank
909 851 55 22 with
983 850 76 23 whose
1079 849 125 31 Managers
1223 851 43 22 and

678 884 144 32 Proprietors
833 884 30 22 he
882 884 21 22 is
922 883 140 30 acquainted,
1083 882 45 24 and
1145 883 24 22 in
1192 882 74 23 which

677 917 29 23 he
718 917 95 23 himself
826 924 54 22 may
891 916 58 23 have
962 924 14 15 a
987 916 71 23 direct
1072 916 102 28 interest,
1187 918 24 20 to
1225 923 41 16 one

678 949 125 23 conducted
813 949 31 30 by
862 953 125 26 strangers.
996 961 3 4 •
1022 948 31 23 In
1067 948 66 23 order
1147 951 22 20 to
1188 955 78 16 secure

677 986 24 19 to
713 981 39 24 the
763 981 112 32 proposed
889 981 70 23 Bank
976 981 45 23 this
1041 981 126 30 advantage
1185 981 26 23 in
1228 981 38 23 the

677 1014 80 24 fullest
769 1015 87 30 degree,
873 1014 40 23 the
926 1014 77 23 shares
1014 1014 58 23 have
1089 1014 59 23 been
1166 1014 63 23 fixed
1245 1019 21 18 at

678 1047 58 24 such
747 1056 30 15 an
788 1051 101 25 amount,
902 1054 25 16 as
939 1051 22 19 to
974 1047 65 23 allow
1051 1054 45 24 any
1108 1046 123 31 Capitalist
1243 1048 23 22 in

677 1081 39 24 the
732 1081 88 31 Colony
830 1085 24 19 to
865 1080 94 23 become
971 1088 14 15 a
992 1079 160 24 Shareholder.
1188 1079 78 33 Every

679 1122 50 21 one,
741 1113 119 29 therefore,
881 1113 47 23 will
945 1113 58 23 have
1020 1121 30 15 an
1068 1113 96 23 interest
1185 1113 25 23 in
1229 1114 37 23 the

677 1148 128 31 prosperity
816 1146 44 24 and
871 1146 102 31 stability
985 1146 25 23 of
1024 1146 39 23 the
1076 1145 76 29 Bank,
1166 1146 44 23 and
1222 1147 44 23 will

678 1181 51 30 give
741 1181 19 23 it
772 1188 13 16 a
794 1179 133 32 preference
937 1179 57 23 both
1010 1179 25 23 in
1053 1179 96 30 making
1166 1179 100 32 deposits

679 1214 45 23 and
736 1213 132 30 circulating
880 1214 31 22 its
922 1216 73 20 notes.

713 1247 51 23 The
777 1246 90 32 Capital
879 1246 26 24 of
919 1245 38 24 the
969 1245 69 24 Bank
1048 1245 43 23 has
1102 1245 59 23 been
1171 1245 63 24 fixed
1246 1250 23 19 at

679 1281 122 28 £50.000,
804 1287 7 10 f
815 1288 13 15 a
839 1287 52 16 sum
903 1279 73 23 which
988 1279 18 22 it
1016 1279 21 22 is
1049 1278 108 23 assumed
1173 1279 48 22 will
1238 1279 29 23 be

679 1313 113 23 sufficient
809 1313 37 23 for
863 1313 40 23 the
914 1316 92 27 present
1015 1316 73 18 wants
1108 1312 25 22 of
1147 1312 38 22 the
1205 1320 63 15 com-

678 1348 98 28 munity.
813 1345 58 24 This
885 1345 90 31 Capital
987 1352 48 21 can,
1055 1345 112 28 however,
1185 1345 31 23 be
1232 1346 37 22 in-

679 1379 94 23 creased
785 1383 23 19 at
819 1378 38 24 the
869 1378 123 24 discretion
1004 1378 24 23 of
1042 1378 39 23 the
1096 1378 129 28 Directors,
1237 1378 33 31 by

679 1413 38 23 the
729 1414 61 21 issue
807 1412 25 23 of
849 1414 75 21 1.000
944 1411 123 23 additional
1085 1411 93 28 Shares,
1199 1415 24 19 to
1240 1411 30 23 be

679 1446 107 30 disposed
808 1445 24 23 of
858 1445 36 23 for
917 1444 38 24 the
977 1445 85 22 benefit
1080 1444 26 23 of
1125 1444 38 23 the
1182 1444 87 23 Share-

678 1479 92 23 holders
780 1488 5 20 ;
805 1478 45 23 and
860 1479 19 22 it
893 1479 20 22 is
931 1477 112 32 proposed
1056 1477 51 23 that
1117 1477 39 23 the
1167 1477 69 23 Deed
1248 1477 23 23 of

679 1512 137 24 Settlement
826 1511 61 23 shall
899 1511 91 23 contain
1001 1519 12 15 a
1024 1511 124 30 provision,
1166 1510 105 23 author^

679 1546 53 30 sing
743 1545 38 23 the
792 1545 107 31 majority
911 1544 25 23 of
950 1544 38 23 the
1007 1543 166 23 Shareholders
1190 1547 25 19 to
1233 1544 37 22 in-

679 1586 78 16 crease
774 1578 39 23 the
832 1577 92 31 Capital
936 1581 23 19 to
972 1576 56 24 such
1038 1576 89 24 further
1139 1581 95 18 amount
1245 1580 26 19 as'

678 1620 55 22 may
743 1612 25 23 in
779 1611 58 23 their
849 1611 94 31 opinion
952 1609 30 24 be
997 1609 104 32 justified
1118 1609 32 31 by
1161 1609 39 23 the
1212 1616 57 24 aug-

677 1645 94 23 mented
781 1644 110 24 demands
903 1644 26 23 of
942 1642 39 24 the
994 1642 96 31 Colony.

713 1678 52 23 The
776 1678 106 25 business
895 1677 25 23 of
934 1676 39 24 the
985 1676 69 24 Bank
1068 1675 47 25 will
1133 1675 28 24 be
1180 1675 89 31 strictly

678 1712 51 23 that
748 1712 25 22 of
793 1719 14 15 a
830 1711 70 23 Bank
919 1710 23 23 of
945 1719 3 3 -
966 1710 114 23 Discount
1098 1708 45 24 and
1161 1708 107 32 Deposit.

679 1745 52 24 The
743 1749 47 19 rate
803 1745 25 22 of
841 1744 106 23 discount
958 1747 23 19 to
992 1743 29 23 be
1035 1745 32 22 10
1075 1750 42 23 per
1129 1746 58 20 cent.
1199 1752 6 19 ;
1225 1742 44 24 and

678 1781 15 21 5
706 1786 42 23 per
757 1782 57 19 cent,
823 1777 48 23 will
881 1778 30 22 be
922 1776 94 24 allowed
1027 1783 63 24 upon
1101 1775 101 31 deposits
1214 1776 35 23 for
1258 1783 11 16 a

677 1811 83 31 longer
770 1811 79 31 period
860 1810 57 23 than
929 1818 13 15 a
952 1809 87 29 month,
1040 1821 35 5 —
1075 1813 41 19 not
1126 1813 24 19 to
1161 1809 29 23 be
1202 1809 67 23 with-

679 1845 78 23 drawn
767 1844 73 24 under
853 1846 33 21 10
898 1844 62 29 days'
973 1843 83 23 notice.

1415 123 236 23 —PROSPECTUS
1666 124 40 21 OF
1729 114 17 14 *

1296 158 73 21 THE
1393 157 84 22 NEW
1501 157 171 21 ZEALAND
1695 158 173 26 JOURNAL,

1288 191 32 22 To
1329 190 28 22 be
1368 190 118 27 published
1495 190 26 22 in
1531 189 96 23 London
1638 196 69 19 every
1722 191 64 21 other
1801 191 78 22 Satur-

1316 217 50 27 day,
1385 216 46 22 and
1444 219 24 19 to
1484 217 28 21 be
1532 216 137 27 exclusively
1688 216 94 23 devoted
1797 221 24 19 to
1841 217 38 23 the

1317 243 87 27 Colony
1413 243 26 21 of
1449 243 58 21 New
1517 242 107 22 Zealand.

1286 276 106 48 NEW
1406 276 151 22 ZEALAND
1572 276 41 22 has
1627 283 51 15 now
1692 277 68 22 taken
1776 277 29 22 its
1815 278 64 26 place

1369 303 128 27 amongthe
1505 303 139 27 Emigration
1651 303 64 22 fields
1722 303 27 22 of
1754 303 36 22 the
1796 304 84 23 British

1289 329 98 27 Empire,
1396 329 45 22 and
1449 329 29 22 its
1486 330 155 21 Colonization
1651 330 18 21 is
1676 330 135 27 proceeding
1818 337 62 21 upon

1290 355 62 22 those
1362 356 76 22 sound
1443 356 120 28 principles
1578 356 71 22 under
1658 355 74 23 which
1742 357 69 22 South
1820 358 61 21 Aus-

1290 381 64 22 tralia
1362 381 41 22 has
1413 390 24 13 so
1449 382 89 28 rapidly
1551 383 123 26 advanced,
1691 383 45 21 and
1754 383 72 22 which
1842 391 38 15 are

1291 407 63 22 alone
1365 408 124 22 calculated
1498 411 23 19 to
1531 412 99 24 promote
1646 409 39 21 the
1703 409 86 21 welfare
1805 410 27 21 of
1842 410 39 23 the

1290 433 74 32 newty
1373 434 134 22 established
1517 435 146 26 community,
1679 442 24 14 as
1712 435 51 21 well
1771 442 23 15 as
1805 435 27 22 of
1842 436 39 22 the

1291 460 127 27 colonizing
1428 464 102 23 country.

1317 487 23 21 A
1350 487 146 26 community,
1512 486 66 22 small
1587 487 40 21 but
1637 486 111 27 complete
1756 487 24 21 in
1789 487 29 22 its
1829 494 53 16 con-

1292 513 93 21 stituent
1395 513 115 26 elements,
1521 513 41 22 has
1577 512 90 27 already
1684 513 155 27 transplanted
1854 515 28 21 it-

1292 539 44 21 self
1347 542 22 18 to
1381 538 56 22 New
1446 539 108 22 Zealand.
1569 539 23 22 A
1601 539 61 27 large
1669 539 61 27 body
1737 539 27 21 of
1769 541 113 26 energetic

1293 572 50 15 men
1354 572 38 14 are
1397 566 120 27 preparing
1523 569 24 19 to
1554 567 106 26 emigrate
1667 565 89 27 thither,
1765 567 54 21 with
1825 567 58 21 their

1291 591 104 26 families,,
1405 592 46 21 and
1465 595 111 25 property,
1593 593 24 21 in
1634 592 38 22 the
1687 592 95 27 ensuing
1797 594 84 27 spring.

1293 619 28 21 So
1330 617 55 27 that,
1402 618 59 22 from
1476 619 43 21 this
1536 619 54 21 time
1599 619 101 26 forward,
1717 619 62 22 those
1796 621 88 21 mutual

1293 645 40 21 ties
1343 647 46 19 and
1395 645 103 22 interests
1505 645 75 22 which
1586 648 60 18 must
1655 652 54 14 ever
1716 646 57 21 exist
1781 646 103 23 between

1293 678 14 14 a
1315 670 87 27 Colony
1418 671 135 22 established
1568 678 29 14 on
1615 671 72 22 sound
1703 672 120 27 principals
1839 674 46 21 and

1293 697 36 22 the
1341 697 89 22 mother
1440 701 102 24 country,
1557 697 46 22 will
1611 697 28 22 be
1653 697 61 27 daily
1724 699 160 27 strengthened

1294 724 173 22 andextended.
1498 733 5 3 -

1320 750 22 22 It
1350 750 42 22 has
1404 751 59 21 been
1472 751 61 27 truly
1543 750 54 27 said,
1611 750 50 22 that
1670 750 38 22 the
1717 751 92 22 ancient
1822 753 64 26 spirit

1294 776 25 22 of
1326 777 154 21 Colonization
1487 777 41 22 has
1536 777 57 22 been
1601 777 101 27 recently
1708 777 91 23 revived
1808 778 25 22 in
1841 779 43 22 this

1294 804 106 27 Country.
1428 803 33 22 To
1481 804 69 22 foster
1569 804 45 21 and
1629 804 72 21 direct
1716 804 49 22 that
1780 805 64 27 spirit
1861 809 24 19 to

1293 830 109 22 benefical
1413 830 61 27 ends,
1486 830 46 22 and
1542 834 22 18 to
1577 831 82 27 impart
1669 834 22 18 to
1704 831 18 21 it
1738 831 38 21 the
1790 832 96 29 guiding

1284 856 66 28 ,light
1360 857 27 21 of
1392 857 73 21 sound
1472 858 121 27 principals
1594 870 29 4 —
1625 861 23 17 to
1658 858 73 21 watch
1741 865 51 15 over
1802 858 38 23 the
1849 859 36 22 in-

1284 885 88 29 terests
1381 884 26 20 of
1413 884 38 21 the
1461 884 105 22 Colonies
1575 884 122 27 generally,
1713 884 45 22 and
1772 887 22 19 to
1805 885 80 23 diffuse

1293 909 144 22 information
1453 910 127 27 respecting
1596 911 68 26 them,
1682 910 38 22 the
1730 911 75 27 public
1820 912 42 22 has
1872 920 14 14 a

1289 939 63 18 •most
1370 936 98 22 efficient
1493 938 136 21 instrument
1653 938 25 20 in
1697 937 38 22 the
1782 938 104 23 Colonial

1441 964 45 21 But
1504 971 14 14 a
1536 964 137 27 Newspaper
1695 963 95 23 devoted
1813 969 23 18 to
1855 966 31 22 all

1295 996 39 14 our
1344 988 110 27 Colonies,
1463 990 105 22 however
1578 990 51 27 ably
1637 990 132 26 conducted,
1780 998 44 15 can
1832 993 54 26 only

1294 1015 49 27 give
1355 1023 13 13 a
1378 1015 90 22 divided
1479 1018 141 26 attention,—
1624 1023 50 15 -can
1684 1017 55 27 only
1749 1018 53 21 allot
1812 1025 13 13 a
1834 1025 53 20 por-

1295 1042 46 21 tion
1350 1042 26 21 of
1381 1042 28 21 its
1419 1049 66 20 space
1495 1045 24 19 to
1529 1043 55 22 each
1592 1051 5 19 ;
1608 1043 45 22 and
1660 1043 19 21 it
1687 1043 18 20 is
1705 1045 4 7 1
1713 1044 38 20 the
1759 1044 127 22 conviction

1296 1068 169 27 (strengthened
1471 1070 32 26 by
1510 1067 38 23 the
1556 1073 63 23 great
1625 1076 89 15 success
1721 1069 25 21 of
1749 1069 36 22 the
1816 1071 72 21 South

1295 1095 129 22 Australian
1552 1103 14 14 a
1571 1103 68 20 paper
1646 1095 136 29 exclusively
1790 1097 98 22 devoted

1295 1124 22 18 to
1327 1121 70 22 South
1406 1122 130 21 Australian
1552 1123 91 26 affairs,)
1660 1122 49 21 that
1718 1130 14 13 a
1742 1130 48 15 new
1801 1124 87 28 Colony

1294 1148 98 27 requires
1400 1155 14 14 a
1420 1148 83 28 special
1511 1155 76 20 organ,
1589 1161 30 4 —
1620 1148 75 23 which
1700 1149 19 22 is
1728 1149 67 22 about
1804 1153 23 18 to
1837 1151 51 26 give

1295 1174 59 22 birth
1364 1178 23 18 to
1397 1174 38 23 the
1445 1174 57 23 New
1512 1175 110 22 Zealand
1633 1175 115 22 Journal.
1776 1176 65 22 With
1850 1178 38 21 the

1321 1202 101 21 Colonial
1442 1202 95 21 Gazette
1581 1202 23 22 in
1624 1202 38 21 the
1685 1202 60 27 field,
1764 1210 13 14 a
1796 1204 93 26 general

1296 1228 96 22 colonial
1401 1235 131 21 newspaper
1540 1229 75 22 would
1622 1232 48 24 not,
1679 1229 83 22 indeed
1770 1230 71 27 ought
1849 1235 41 18 not

1296 1258 21 17 to
1327 1255 101 21 succeed.
1458 1256 46 21 But
1516 1256 100 21 between
1627 1263 14 14 a
1648 1256 92 26 general
1752 1256 138 29 Newspaper

1296 1281 96 22 devoted
1408 1285 22 18 to
1445 1289 43 14 all
1508 1282 38 21 the
1557 1282 103 23 Colonies
1678 1282 46 22 and
1740 1291 12 14 a
1768 1286 122 24 particular

1296 1308 136 28 Newspaper
1446 1308 97 23 devoted
1556 1312 24 19 to
1590 1317 51 19 one,
1656 1309 60 22 their
1729 1310 19 21 is
1761 1310 97 28 nothing
1867 1312 26 21 of

1296 1334 90 28 rivalry,
1388 1347 30 5 —
1428 1335 63 22 there
1502 1336 19 21 is
1531 1336 80 28 simply
1622 1336 160 28 co-operation.

1322 1362 33 21 To
1368 1362 35 21 the
1418 1363 143 25 prosecution
1571 1364 26 20 of
1608 1370 41 15 our
1660 1363 78 27 design
1748 1364 36 21 the
1799 1369 90 23 present

1296 1393 102 17 moment
1402 1388 20 21 is
1429 1389 124 27 peculiarly
1559 1390 137 26 favourable,
1704 1390 55 21 both
1767 1398 23 14 as
1798 1392 91 26 regards

1296 1414 37 22 the
1343 1415 120 27 principals
1472 1416 73 21 which
1558 1417 119 22 constitute
1688 1416 38 23 the
1741 1417 55 22 New
1806 1418 84 22 British

1297 1441 88 22 System
1395 1443 23 20 of
1428 1442 164 27 Colonization,
1604 1443 45 22 and
1659 1443 37 22 the
1707 1444 120 27 particular
1837 1446 53 21 field

1298 1468 24 21 of
1328 1467 59 22 their
1401 1468 135 28 application
1537 1482 31 4 —
1568 1469 56 22 New
1635 1470 107 21 Zealand.
1771 1471 67 22 After
1851 1475 38 19 ten

1296 1501 65 19 years
1369 1495 26 21 of
1401 1495 147 22 deliberation
1557 1503 29 14 on
1592 1496 37 21 the
1635 1499 52 24 part
1693 1497 26 20 of
1727 1496 161 30 Government,

1298 1520 87 28 (dating
1395 1521 58 22 from
1463 1522 38 21 the
1511 1522 49 22 first
1568 1522 166 28 promulgation
1745 1524 24 21 of
1780 1525 39 21 the
1829 1526 61 29 prin-

1298 1546 68 29 ciples
1379 1548 23 21 in
1418 1549 104 27 question
1536 1549 31 27 by
1577 1550 57 21 their
1649 1549 87 25 author,
1752 1551 45 22 Mr.
1809 1552 82 22 Wake-

1297 1574 71 28 field,)
1380 1574 61 23 Lord
1453 1575 62 22 John
1530 1576 88 22 Russell
1632 1576 40 22 has
1687 1577 48 26 just
1749 1578 105 22 declared
1867 1580 23 21 in

1296 1600 81 23 favour
1385 1602 28 21 of
1422 1602 59 22 their
1494 1602 135 28 application
1643 1606 24 19 to
1677 1604 30 22 all
1722 1611 40 15 our
1771 1606 106 22 Colonies
1884 1615 5 19 ;

1297 1627 46 22 and
1352 1628 31 27 by
1392 1628 38 22 the
1440 1629 54 22 time
1504 1637 41 14 our
1559 1630 48 22 first
1615 1631 97 21 number
1725 1638 51 20 goes
1787 1635 24 18 to
1820 1640 69 21 press,

1297 1653 127 29 dispatches
1433 1655 46 22 will
1492 1656 25 22 in
1528 1656 31 22 all
1571 1657 136 27 probability
1716 1658 56 22 have
1787 1659 58 22 been
1856 1668 35 14 re-

1297 1681 79 22 ceived
1384 1682 58 22 from
1458 1682 39 22 the
1515 1684 134 26 Company's
1659 1684 48 22 first
1722 1686 130 26 expedition
1868 1691 23 17 to

1297 1707 57 22 New
1364 1708 107 28 Zealand,
1482 1710 60 21 from
1552 1710 72 22 which
1638 1710 55 22 time
1703 1712 96 22 forward
1809 1713 38 23 the
1856 1722 35 14 re-

1297 1735 60 27 ceipt
1366 1736 26 21 of
1398 1743 60 14 news
1467 1736 60 22 from
1536 1737 81 22 thence
1628 1737 45 22 will
1683 1738 27 21 be
1721 1742 111 19 constant.

1323 1760 50 23 The
1378 1762 68 23 -chief
1452 1764 92 26 objects,
1556 1764 60 26 then,
1628 1764 74 22 which
1710 1765 37 22 the
1757 1766 134 23 conductors

1297 1788 27 21 of
1328 1788 38 22 the
1376 1789 58 22 New
1442 1790 112 22 Zealand
1568 1790 107 23 Journal
1686 1792 44 21 will
1740 1792 57 28 keep
1803 1793 24 21 in
1836 1795 56 21 view

1297 1822 53 20 may
1359 1816 28 21 be
1397 1816 73 23 stated
1481 1824 23 14 as
1514 1817 86 22 follows
1608 1825 5 14 :
1615 1829 31 4 —

1325 1842 19 21 I.
1360 1842 32 22 To
1403 1844 91 22 enforce
1506 1844 46 21 and
1564 1844 110 21 illustrate
1685 1844 38 22 the
1733 1850 63 22 great
1809 1847 84 27 princi-

1297 1875 48 21 ples
1357 1870 71 22 which
1443 1870 135 28 distinguish
1593 1871 36 21 the
1639 1871 57 22 New
1706 1872 83 22 British
1804 1875 88 26 System

1298 1896 26 21 of
1330 1896 163 28 Colonization,
1505 1898 46 21 and
1559 1898 118 27 especially
1686 1901 21 18 to
1715 1900 72 21 watch
1795 1900 37 22 the
1842 1908 51 20 pro-

1298 1922 105 28 ceedings
1418 1924 26 21 of
1456 1925 40 20 the
1513 1931 49 15 new
1580 1925 148 22 Commission
1736 1934 6 18 ;
1761 1929 23 19 to
1801 1932 93 24 support

1298 1950 62 21 them
1369 1950 73 23 where
1452 1950 60 23 their
1521 1958 105 21 purposes
1635 1959 39 15 are
1682 1952 65 31 good,
1759 1955 41 22 but
1813 1959 21 18 to
1846 1962 47 14 cor-

1298 1980 48 18 rect
1355 1977 46 22 and
1409 1981 150 19 remonstrate
1568 1980 53 21 with
1630 1979 70 27 them,
1712 1987 24 14 as
1746 1982 50 22 well
1806 1990 25 13 as
1840 1983 53 21 with

1298 2004 38 21 the
1352 2004 163 28 Government;
1533 2005 72 22 where
1622 2007 55 27 they
1689 2013 37 15 are
1740 2009 112 21 mistaken
1870 2017 24 13 or

1298 2030 160 23 misinformed.

1325 2057 33 22 11.
1374 2058 33 21 To
1418 2058 81 22 collect
1514 2066 67 21 every
1589 2060 46 22 fact
1645 2060 74 22 which
1733 2068 52 21 may
1794 2069 65 15 serve
1872 2065 21 19 to

1299 2084 86 22 exhibit
1392 2084 37 23 the
1437 2085 116 22 condition
1561 2087 45 21 and
1611 2094 104 20 progress
1724 2088 25 21 of
1756 2088 37 22 the
1804 2089 88 28 colony,

1298 2111 45 22 and
1359 2114 22 19 to
1392 2112 70 21 afford
1475 2113 147 23 information
1639 2117 23 19 to
1679 2122 91 19 persons
1788 2115 69 23 about
1872 2120 21 18 to

1298 2139 108 27 emigrate
1417 2139 90 28 thither,
1519 2147 24 14 as
1554 2141 48 21 well
1618 2148 24 14 as
1654 2145 22 18 to
1688 2142 78 22 record
1778 2150 69 19 every
1858 2150 36 14 oc-

1299 2173 107 15 currence
1419 2167 24 21 in
1460 2166 113 28 England,
1591 2168 46 21 and
1647 2168 37 22 the
1700 2173 46 17 rest
1756 2169 26 21 of
1796 2169 96 28 Europe,

1298 2193 73 21 which
1387 2201 53 19 may
1449 2194 69 22 affect
1527 2202 25 14 or
1569 2202 96 15 concern
1683 2195 39 22 the
1739 2204 50 14 new
1799 2197 94 27 Colony.

1300 2220 26 22 In
1347 2220 68 27 short,
1437 2224 21 18 to
1476 2228 40 14 use
1535 2221 38 22 the
1590 2221 72 23 words
1680 2223 26 21 of
1721 2223 35 21 the
1792 2223 102 23 Colonial

1502 2249 66 21 make
1579 2249 81 21 known
1677 2249 25 21 in
1719 2249 111 28 England,
1851 2250 44 22 and

1299 2274 38 21 the
1348 2274 93 28 Colony,
1451 2275 154 28 reciprocally,
1622 2276 114 22 whatever
1744 2277 17 21 it
1771 2282 60 17 most
1842 2285 53 14 con-

1298 2308 66 14 cerns
1374 2305 55 18 each
1439 2305 23 17 to
1473 2301 63 24 learn
1547 2303 30 21 of
1581 2303 36 21 the

1326 2327 46 22 111.
1387 2328 34 22 To
1435 2329 73 21 insert
1517 2329 94 28 original
1624 2331 203 21 communications
1836 2331 59 22 from

1298 2362 93 20 persons
1405 2355 24 22 in
1444 2355 38 22 the
1494 2356 94 27 Colony,
1599 2364 25 14 or
1634 2357 124 23 connected
1769 2358 124 27 therewith,

1298 2382 35 22 for
1342 2382 74 22 which
1423 2382 65 22 other
1495 2390 80 21 papers
1583 2383 26 22 of
1614 2392 14 14 a
1635 2391 63 14 more
1703 2385 91 26 general
1803 2385 92 21 charac-

1300 2411 33 19 ter
1343 2413 84 18 cannot
1436 2409 72 23 afford
1518 2417 73 20 space.

1325 2435 48 22 The
1383 2435 58 23 New
1446 2436 112 23 Zealand
1566 2437 115 27 Journal,
1692 2437 45 23 will
1743 2439 28 21 be
1776 2438 120 28 published

1300 2470 68 21 every
1375 2463 64 22 other
1448 2463 119 28 Saturday.
1591 2464 23 22 It
1623 2464 46 22 will
1679 2465 28 21 be
1717 2465 25 22 of
1749 2465 37 22 the
1796 2465 99 29 foolscap

1298 2489 66 28 form,
1379 2490 86 22 similar
1478 2494 24 18 to
1513 2491 37 21 the
1729 2491 45 23 and
1785 2492 37 22 the
1855 2493 41 21 Co-

1284 2515 4 26 |
1298 2515 71 23 lonial
1505 2518 45 22 and
1555 2518 46 22 will
1608 2519 84 21 consist
1699 2519 25 21 of
1731 2519 79 22 twelve
1820 2527 74 20 pages,

1299 2543 62 28 price
1369 2544 36 21 6d.
1411 2552 25 14 or
1442 2545 45 21 13s.
1495 2552 40 21 per
1545 2552 92 20 annum,
1647 2545 94 28 payable
1750 2546 25 22 in
1785 2546 108 28 advance,

1300 2571 109 27 stamped.
1438 2571 49 22 The
1505 2572 47 22 first
1569 2572 96 22 number
1674 2580 45 14 was
1735 2573 122 28 published
1867 2581 28 15 on

1300 2597 118 28 Saturday,
1430 2598 38 22 the
1479 2599 39 21 Bth
1528 2599 26 21 of
1560 2598 103 28 Febuary
1672 2599 50 22 last.

1327 2624 79 27 Agent
1414 2625 34 21 for
1457 2625 58 23 New
1529 2625 108 28 Zealand,
1817 2627 77 28 Office,

1300 2651 56 22 Port
1364 2651 132 28 Nicholson,
1509 2652 73 23 where
1595 2653 39 22 the
1644 2653 48 22 first
1702 2654 95 22 number
1806 2661 55 19 may
1869 2655 26 22 be

1300 2678 55 22 had.

1400 2728 142 21 MESSRS.
1557 2728 142 21 HOPPER
1714 2728 20 21 &
1749 2729 51 21 CO.

1301 2761 94 50 BEG
1416 2764 23 19 to
1461 2768 121 15 announce
1600 2761 51 22 that
1674 2762 57 21 their
1749 2762 100 28 Factory
1865 2763 33 22 for

1380 2788 92 23 Smith's
1481 2788 64 22 work
1553 2789 25 21 in
1586 2789 93 26 general
1688 2789 20 22 is
1717 2796 51 15 now
1779 2797 65 20 open,
1860 2790 37 22 ad-

1298 2815 91 29 joining
1399 2815 58 22 their
1473 2815 71 28 Store,
1562 2818 55 19 next
1632 2815 39 22 the
1686 2816 75 21 native
1776 2816 55 27 Pah,
1850 2817 47 22 Bri-

1301 2843 86 27 tannia,
1406 2843 75 21 where
1496 2842 50 28 ship
1556 2842 45 21 and
1616 2843 56 21 boat
1679 2843 120 27 ironwork,
1816 2846 79 25 stoves,

1301 2873 82 24 grates,
1400 2877 77 19 ovens,
1493 2870 49 26 &c,
1554 2876 36 15 are
1601 2869 67 22 made
1678 2870 46 21 and
1733 2870 104 28 repaired
1846 2870 52 22 with

1302 2896 110 29 dispatch.
1895 2905 3 7 >

1582 2931 64 20 ALSO,

1330 2950 155 28 Engineering
1494 2950 46 23 and
1545 2951 150 27 Millwright's
1703 2952 60 23 work
1773 2951 127 22 conducted

1301 2978 32 28 by
1344 2978 44 22 Mr.
1400 2978 31 21 H.
1442 2978 98 28 Boyton.

1330 3004 48 23 The
1385 3005 117 28 following
1507 3005 88 22 articles
1603 3013 54 20 may
1663 3006 28 22 be
1697 3006 45 21 had
1749 3010 24 17 at
1784 3006 37 22 the
1829 3006 70 21 above

1303 3032 70 27 Store,
1395 3039 25 14 or
1436 3036 24 18 at
1478 3032 58 22 their
1555 3033 63 22 Store
1638 3032 31 29 by
1688 3033 38 22 the
1743 3033 72 22 River
1832 3032 60 23 Hutt
1893 3049 11 11 r

1301 3058 120 23 wholesale
1433 3067 25 14 or
1471 3060 65 21 retail
1542 3068 5 13 :
1549 3072 30 4 —
1581 3067 13 14 a
1604 3060 64 27 large
1678 3063 136 19 assortment
1823 3060 27 21 of
1861 3060 39 22 sail

1301 3093 96 15 canvass
1421 3086 46 22 and
1488 3087 66 27 duck,
1580 3087 111 27 blankets,
1718 3094 59 20 rugs,
1796 3086 102 28 flannels,

1301 3113 54 22 blue
1370 3114 60 21 cloth
1444 3113 90 27 jackets
1548 3114 45 22 and
1608 3117 105 23 trousers,
1729 3113 112 27 superfine
1857 3114 41 26 do.,

1303 3140 89 28 Tweed,
1413 3140 137 22 Whamcliff
1565 3140 44 22 and
1630 3140 54 22 cord
1689 3145 6 5 '
1702 3144 105 22 trousers,
1828 3143 71 24 gents.

1300 3167 78 27 Tiding
1388 3171 68 23 coats,
1472 3167 53 22 blue
1540 3167 55 28 pilot
1606 3171 67 23 coats,
1685 3167 98 22 worsted
1797 3168 47 21 and
1855 3170 45 19 cot-

1294 3192 61 28 ton,
1359 3194 75 22 socks-
1441 3194 47 21 and
1505 3194 120 28 stockings,
1642 3194 101 28 superior
1760 3197 80 24 strong
1857 3194 45 21 and

1303 3220 58 28 light
1379 3221 73 22 men's
1472 3220 74 27 shoes,
1563 3221 61 27 plain
1642 3221 45 22 and
1704 3220 90 28 printed
1811 3220 88 28 calicos,

1304 3248 84 27 striped
1397 3247 67 22 shirts
1475 3247 46 22 and
1531 3247 102 28 shirting.

1331 3275 67 22 Tools
1403 3274 46 23 and
1455 3275 94 27 cutlery,
1555 3273 56 29 pift§,
1620 3274 99 28 needles,
1725 3274 123 28 fishhooks,
1855 3282 45 20 gun

1304 3302 68 27 flints,
1383 3302 99 28 powder,
1495 3302 69 31 and^a
1572 3302 87 23 variety
1669 3302 27 21 of
1703 3302 84 22 combs.

1333 3329 134 23 Provisions.
1468 3340 33 5 —
1502 3328 74 28 Flour,
1584 3329 90 27 biscuit,
1682 3330 53 26 rice,
1745 3330 89 26 raisins,
1851 3330 51 21 but-

1305 3360 40 24 ter,
1352 3359 42 24 tea,
1400 3356 77 27 coffee,
1482 3363 75 20 sugar,
1564 3363 61 21 soap,
1632 3356 78 28 spices,
1717 3364 85 19 sauces,
1808 3356 92 28 pickles,

1305 3384 70 26 hams,
1390 3387 104 23 tongues,
1505 3383 106 27 mustard,
1629 3384 43 21 salt
1681 3384 45 21 and
1736 3384 81 22 starch.
1848 3384 54 22 And

1305 3418 14 15 a
1328 3411 87 27 variety
1425 3410 25 22 of
1456 3410 91 22 articles
1555 3413 38 19 too
1602 3417 123 16 numerous
1735 3414 22 18 to
1768 3411 110 21 mention.

1333 3438 55 27 July
1397 3439 20 26 3,
1430 3438 62 22 1840.

1514 3494 69 20 FOR
1599 3493 96 21 SALE.

1305 3526 105 51 NOW
1420 3526 107 28 Landing
1533 3527 59 22 from
1598 3527 39 22 the
1833 3528 13 21 1
1853 3535 49 14 case

1388 3554 26 22 of
1420 3554 101 23 muskets
1536 3554 44 22 and
1590 3556 11 19 1
1613 3561 50 15 case
1675 3554 27 22 of
1713 3554 105 21 Oxonian
1830 3554 70 22 shoes.

1490 3582 26 21 T.
1529 3581 33 23 M.
1573 3580 185 23 PARTRIDGE
1769 3581 46 22 and
1827 3581 45 22 CO.

1333 3609 55 29 July
1397 3610 21 26 3,
1430 3610 63 21 1840.
1542 3605 25 24 '#

1527 3662 47 21 ON
1585 3661 97 21 SALE.

1307 3697 70 49 BY
1387 3696 38 23 the
1442 3695 166 28 Undersigned,
1621 3698 23 19 at
1655 3695 38 23 the
1703 3698 54 20 west
1771 3695 46 23 end
1827 3695 26 22 of
1866 3695 37 23 the

1373 3723 85 26 Beach,
1468 3723 119 21 wholesale
1592 3723 62 27 only,
1665 3730 14 14 a
1687 3723 103 28 quantity
1799 3723 26 22 of
1832 3723 72 28 spirits

1307 3754 22 19 at
1338 3758 54 18 very
1401 3749 43 23 low
1453 3750 82 26 prices.
1874 3747 7 11 '

1684 3776 26 22 T.
1726 3776 150 23 ROSKELL.

1334 3805 54 21 Port
1397 3803 134 27 Nicholson,
1543 3803 60 22 June
1613 3804 36 26 30,
1660 3805 62 20 1840.

1459 3859 162 20 COPYING
1639 3859 114 20 PRESS.

1309 3895 88 49 FOR
1416 3894 87 27 SALE,
1524 3902 14 14 a
1551 3893 83 23 Patent
1648 3894 102 28 Copying
1764 3894 73 27 Press,
1851 3895 56 22 hav-

1380 3922 40 28 ing
1434 3921 64 23 lever
1514 3928 81 21 power,
1613 3920 56 23 with
1685 3929 13 14 a
1711 3921 62 26 large
1788 3922 81 28 supply
1884 3930 14 14 o

1308 3956 68 21 paper
1386 3949 44 23 and
1446 3948 46 23 ink.
1524 3948 98 29 Enquire
1633 3951 23 19 at
1670 3947 39 23 the
1718 3948 97 22 Gazette
1826 3948 74 24 Office

77 2829 114 20 UNION
207 2827 153 21 BENEFIT
376 2826 80 21 SICK
472 2827 159 20 SOCIETY.

58 2862 88 22 HELD
160 2861 43 22 AT
218 2861 54 22 MR.
284 2860 131 23 ALLEN'S
426 2860 80 22 PORT
519 2860 133 22 NICHOL-

153 2888 61 22 SON
225 2887 104 23 HOTEL
340 2887 69 22 AND
419 2886 137 23 TAVERN.

58 2923 92 31 rjIHE
160 2921 112 23 Stewards
280 2921 26 22 of
315 2921 37 21 the
362 2921 70 22 above
443 2921 88 32 Society
541 2921 45 28 beg
592 2924 61 19 most

75 2945 11 23 I
133 2949 145 28 respectfully
285 2951 22 19 to
317 2948 82 22 inform
411 2948 37 22 the
457 2947 103 28 ■vvorkirig
570 2948 82 22 classes

57 2977 46 22 and
109 2977 81 26 others,
203 2976 49 21 that
257 2973 53 30 they
315 2975 58 22 have
379 2975 47 22 had
430 2975 57 21 their
492 2975 49 22 first
547 2975 105 28 monthly

56 3003 107 27 meeting,
176 3003 46 22 and
230 3002 82 28 passed
320 3002 61 22 rules
391 3002 49 21 that
449 3001 45 22 will
512 3002 28 21 be
551 3003 27 21 of
588 3006 65 24 great

56 3030 85 23 benefit
150 3034 23 18 to
184 3037 46 20 any
240 3029 50 22 who
299 3037 52 20 may
357 3029 94 22 become
459 3029 113 22 members
581 3030 26 21 of
613 3029 38 23 the

57 3065 69 14 same.
156 3058 33 21 At
203 3057 54 27 they
267 3063 60 15 same
338 3056 62 27 time,
417 3055 52 28 they
479 3057 45 26 beg
535 3059 24 18 to
568 3057 84 22 inform

56 3085 61 22 their
124 3084 87 23 friends
224 3083 54 28 they
287 3083 58 22 have
360 3083 110 27 arranged
479 3083 37 22 for
529 3083 59 22 their
597 3087 56 18 next

56 3111 104 28 monthly
179 3111 100 27 meeting
301 3113 21 19 to
341 3110 53 21 take
414 3110 62 28 place
495 3117 30 15 on
550 3110 103 29 Monday

57 3139 103 27 evening,
175 3138 55 27 July
240 3139 33 26 13,
291 3137 66 22 when
374 3144 68 20 every
451 3137 102 22 member
562 3137 46 22 will
623 3138 29 22 be

56 3166 117 22 furnished
182 3165 54 22 with
246 3173 13 14 a
270 3172 55 20 copy
336 3164 26 22 of
369 3164 38 21 the
417 3164 65 23 rules.

85 3193 57 22 N.B.
157 3193 56 27 Any
221 3199 82 21 person
313 3190 96 28 wishing
418 3190 146 23 information
575 3199 28 14 on
614 3191 38 22 the

56 3220 71 21 above
145 3220 93 26 subject,
257 3226 42 14 can
315 3225 38 16 see
369 3218 39 22 the
425 3218 88 22 articles
529 3218 31 28 by
571 3218 82 28 calling

56 3254 61 20 upon
127 3246 47 22 M.r
183 3246 90 22 Allen.

84 3302 92 21 PORT
196 3301 202 21 NICHOLSON
417 3300 116 21 HOTEL
548 3301 77 20 AND

278 3328 158 21 TAVERN.

57 3356 36 48 J
122 3355 108 22 ALLEN
246 3355 55 27 begs
317 3358 22 18 to
355 3354 84 23 inform
454 3354 36 22 his
505 3354 87 22 friends
607 3354 46 23 and

98 3394 11 10 •
141 3382 38 22 the
197 3382 81 26 public,
295 3382 48 22 that
359 3382 29 22 he
399 3382 40 21 has
449 3381 88 28 opened
546 3381 36 22 his
596 3382 57 21 New

59 3410 86 27 House,
164 3409 47 22 and
219 3409 19 22 is
247 3409 75 27 happy
339 3412 23 19 to
372 3411 57 20 state
440 3409 47 22 that
501 3406 81 25 he'Tias
594 3409 60 27 good

57 3436 66 28 Beds,
135 3436 46 22 and
191 3443 68 21 every
268 3436 197 22 accommodation
474 3443 62 22 upjtm
546 3436 39 21 the
595 3439 59 19 most

55 3464 133 22 reasonable
204 3466 77 19 terms.
315 3463 49 22 The
379 3463 54 22 boat
453 3460 135 31 Ejiterprize
607 3463 49 22 will'

57 3493 56 19 start
119 3491 59 21 from
186 3490 35 22 his
230 3490 78 22 House
317 3497 68 20 every
391 3490 105 28 morning
501 3493 24 19 at
533 3491 13 20 9
558 3490 93 28 o'clock,

56 3518 36 22 for
101 3517 131 27 Thorndon,
242 3517 35 21 for
286 3516 37 22 the
333 3524 144 16 conveyance
485 3517 27 22 of
518 3517 135 28 Passengers

58 3545 45 22 and
112 3545 94 27 parcels,
217 3544 45 22 and
273 3546 77 20 return
359 3544 24 21 in
395 3546 37 20 the
442 3544 104 27 evening.

85 3572 57 22 N.JB.
159 3572 28 21 In
198 3571 128 22 connexion
336 3571 56 21 with
400 3571 38 21 the
447 3571 79 27 above,
538 3571 22 22 J.
572 3571 29 23 A.
612 3571 41 23 has

56 3598 36 22 his
102 3599 132 21 Butcher's
246 3599 69 26 Shop,
327 3598 119 27 Grocery,
462 3598 135 27 Provision,
607 3599 47 21 and

59 3625 113 22 Drapery
184 3625 94 26 Stores,
291 3625 74 21 where
375 3624 39 22 the
423 3624 76 28 public
510 3632 42 15 can
563 3625 28 21 be
601 3633 53 20 sup-

57 3652 61 27 plied
133 3652 54 22 with
204 3658 68 21 every
282 3652 77 22 article
371 3652 24 21 in
405 3652 38 21 the
452 3652 72 22 above
534 3652 118 28 branches,

58 3679 46 22 and
113 3678 53 22 with
176 3678 60 28 good
246 3678 46 22 and
301 3678 71 28 cheap
383 3679 36 26 oil,
431 3681 82 24 cotton,
526 3679 41 21 &c.
578 3679 40 22 &c.

214 3732 64 22 MR.
296 3733 202 21 THORNTON.

58 3761 52 47 A
201 3759 84 22 named
297 3759 100 22 Thomas
407 3759 70 28 Curry
488 3762 69 20 states
568 3759 48 23 that
624 3760 30 22 he

138 3786 18 22 is
164 3787 95 27 nephew
267 3789 23 19 to
296 3785 38 23 Mr
341 3786 124 26 Thornton,
476 3787 102 27 recently
585 3787 25 21 of
616 3787 44 23 the'

58 3813 50 27 B.ay
113 3813 26 21 of
145 3813 97 28 Islands,
252 3813 45 22 and
306 3813 50 21 that
364 3812 29 22 he
402 3812 108 28 expected
521 3817 23 17 to
552 3813 47 23 find
606 3813 49 23 that

57 3839 131 27 gentleman
197 3840 62 22 here.
289 3839 22 23 It
324 3839 19 21 is
353 3843 40 18 not
407 3839 82 22 known
499 3839 100 23 whether
608 3841 46 22 Mr.

57 3866 118 22 Thornton
190 3866 19 22 is
218 3870 24 18 at
251 3867 54 21 Port
318 3866 133 28 Nicholson,
466 3866 42 22 but
517 3867 100 22 whether
625 3867 29 22 he

57 3893 20 22 is
87 3900 25 14 or
121 3896 47 19 not.
179 3893 21 21 if
207 3893 28 22 he
244 3893 19 23 is
270 3893 100 22 desirous
376 3893 28 22 of
407 3893 99 27 meeting
512 3893 34 22 his
553 3894 100 28 nephew,

58 3920 31 27 by
105 3919 107 29 applying
221 3923 24 19 at
254 3920 44 22 this
308 3919 73 23 Office
390 3920 29 22 he
430 3927 41 16 can
482 3920 30 23 do
523 3928 32 15 so.

87 3953 60 23 June
157 3953 34 27 27,
204 3955 61 21 1810.

1936 121 239 22 COMMERCIAL
2189 121 67 20 INN
2269 121 22 19 &
2307 121 158 20 TAVERN.

1907 162 92 48 MR.
2010 160 36 22 W.
2056 153 184 33 ELSD'ONb'egs
2245 162 23 18 to
2275 158 85 22 inform
2366 158 34 21 his
2409 158 86 22 friends

1979 187 47 22 and
2032 187 38 22 the
2077 186 80 28 public,
2166 185 50 22 that
2220 186 37 21 the
2264 185 72 22 above
2342 184 69 22 house
2418 185 19 21 is
2444 191 52 16 now

1907 221 64 21 open,
1983 214 46 21 and
2034 213 81 27 parties
2119 212 103 26 favoring
2227 212 48 21 him
2280 210 58 23 with,'
2342 210 58 22 their
2404 213 92 25 patron-

1907 248 40 20 age
1964 240 46 22 will
2028 240 49 21 find
2094 246 68 20 every
2178 237 195 23 accommodation
2388 236 35 22 for
2437 236 60 23 their

1907 266 101 27 comfort,
2017 265 95 29 coupled
2121 266 53 21 with
2183 264 141 23 moderation
2333 264 25 21 in
2368 263 99 27 charges.

1933 299 87 26 Wines,
2032 299 79 28 spirits,
2122 298 46 22 and
2176 297 85 23 bottled
2274 297 35 22 ale
2326 297 46 22 and
2385 299 76 25 porter
2475 296 27 22 of

1910 326 113 22 excellent
2032 325 91 28 quality.

1935 359 57 22 Cold
2002 360 72 26 joints
2083 358 81 28 always
2174 358 76 28 ready.

1935 392 106 22 Genuine
2056 391 94 27 English
2164 391 83 22 cordial
2256 391 48 28 gin.

1935 424 127 22 Harmonic
2072 424 108 26 meetings
2196 431 66 19 every
2273 423 111 27 Saturday
2394 423 104 26 evening.

1909 494 222 25 WHOLESALE
2161 494 126 24 PRICES
2321 494 178 24 CURRENT.

2059 552 162 22 IMPORTED
2237 551 112 23 GOODS.

1982 593 130 15 CORRECTED
2130 593 27 15 UP
2172 593 29 14 TO
2216 592 85 15 FRIDAY
2316 592 108 15 EVENING.

2252 618 16 18 £
2292 623 14 12 s.
2332 619 18 16 d.
2404 618 17 18 £
2443 623 15 12 a.
2484 619 19 17 d.

1912 640 66 21 Rum:
1995 640 25 21 P.
2031 640 27 21 B.
2069 640 32 26 P.,
2117 640 56 27 duty
2187 640 54 26 free,

2020 673 40 22 per
2069 667 75 27 gallon
2219 674 18 12 .-.
2255 668 14 19 0
2297 667 14 20 9
2338 667 15 20 0
2370 680 17 6 ..
2406 668 14 20 0
2434 667 26 20 12
2488 668 16 20 6

1913 692 46 23 Gin
1967 701 5 14 :
1993 694 55 21 Pale
2255 694 14 20 0
2297 694 13 20 8
2338 693 49 20 6..
2405 694 55 20 012
2488 695 15 19 O

1994 720 63 25 Case,
2072 720 14 21 4
2099 720 88 26 gallons
2195 720 45 21 4-5.
2255 721 12 20 1
2297 720 12 21 1
2338 720 14 20 0
2370 733 5 6 .
2382 733 5 6 .
2406 720 12 21 1
2446 720 13 20 5
2488 722 15 19 0

1912 746 98 21 Brandy
2017 753 5 14 :
2039 746 57 21 First
2102 746 93 26 quality,
2204 753 39 19 per

2063 772 75 27 gallon
2256 774 14 20 0
2285 772 27 21 14
2340 774 14 19 0
2371 786 18 6 ..
2407 774 14 20 0
2436 772 26 21 16
2490 773 15 20 0

2036 798 88 22 Second
2131 799 107 27 quality..
2256 801 14 19 0
2285 800 26 20 13
2339 800 14 20 0
2371 813 18 6 ..
2407 800 14 21 0
2436 799 25 20 15
2490 800 15 20 0

2035 824 70 23 Third
2114 825 56 22 ditto
2193 840 44 5 ....
2256 827 14 20 0
2285 826 27 21 12
2340 827 14 20 0
2371 840 5 6 .
2384 840 5 5 .
2407 827 13 20 0
2436 826 25 20 13
2490 827 14 19 6

1913 852 93 23 Porter
2013 860 5 14 :
2053 852 119 27 Barclay's,
2206 859 40 20 per

2079 878 117 28 hogshead
2222 880 49 21 ..8
2299 880 13 20 0
2340 880 14 20 0
2371 893 18 6 ..
2408 880 13 21 8
2436 878 26 21 10
2491 879 14 20 0

2055 905 101 27 Dunbar,
2164 906 25 21 in
2197 905 44 22 bot.

2080 932 108 30 perdozj.
2255 934 14 20 0
2284 932 26 21 18
2339 934 14 19 0
2370 946 18 7 ..
2408 934 10 19 1
2448 932 13 21 3
2490 932 15 21 0

1914 958 62 21 Ale:
1993 958 29 23 In
2031 959 76 27 bottle,
2122 956 114 30 per'doz..
2255 961 14 20 0
2285 960 25 21 18
2339 960 14 20 0
2371 974 17 5 ..
2408 960 11 20 1
2449 959 13 20 0
2491 959 14 20 0

1913 985 82 22 Wine:
2011 986 89 26 Sherry,
2110 993 40 19 per
2159 986 51 27 pipe
2221 986 49 21 ..28
2298 987 14 20 0
2340 987 14 19 0
2371 986 51 21 ..40
2449 986 14 20 0
2491 986 14 19 0

2023 1012 70 25 Ditto,
2109 1019 40 20 per
2163 1012 78 21 dozen.
2258 1014 11 19 1
2298 1012 13 21 5
2341 1013 14 19 0
2371 1026 6 5 .
2384 1026 5 5 .
2408 1012 56 21 210
2493 1012 14 20 0

1915 1037 88 22 Sugar:
2018 1038 119 21 Mauritius
2146 1045 41 20 per
2197 1042 47 18 cwt.
2258 1040 16 19 2
2300 1039 14 20 5
2343 1040 13 19 0
2374 1052 18 6 ..
2410 1040 14 19 2
2451 1039 14 20 8
2493 1039 15 20 0

2024 1065 81 20 Brown
2258 1066 14 20 0
2300 1067 14 19 0
2342 1066 13 20 0
2373 1078 18 7 ..
2410 1066 12 20 1
2438 1065 26 20 15
2493 1066 14 19 0

2025 1090 97 22 Refined
2137 1091 53 27 loaf,
2208 1098 39 20 per

2051 1116 23 22 lb
2260 1118 54 20 0-1
2344 1118 11 20 1
2374 1132 18 6 ..
2410 1119 14 20 0
2453 1118 11 20 1
2493 1118 15 21 3

1915 1142 63 22 Tea:
1996 1143 87 27 Hyson,
2095 1150 39 21 per
2144 1143 63 22 chest
2224 1145 50 20 ..10
2289 1145 26 20 10
2344 1145 12 20 0
2374 1145 50 20 ..12
2440 1145 26 20 12
2495 1146 14 19 0

1916 1169 88 22 Coffee
2012 1177 5 13 :
2029 1169 63 27 Java,
2103 1177 40 20 per
2152 1169 23 22 lb
2260 1172 15 19 0
2304 1171 10 21 1
2344 1172 13 19 3
2375 1185 5 5 .
2387 1185 6 5 .
2411 1172 14 20 0
2453 1172 12 19 1
2496 1172 14 20 6

1916 1196 71 22 Rice:
1999 1197 110 21 Common
2118 1204 41 20 per
2164 1200 49 18 cwt.
2225 1211 18 6 ..
2264 1198 10 20 1
2303 1198 16 20 4
2345 1198 14 20 0
2376 1211 18 6 ..
2414 1198 18 20 1-
2453 1197 14 21 5
2497 1199 14 19 0

1999 1223 68 22 Good
2262 1225 11 19 1
2302 1225 14 19 8
2345 1225 49 19 0..
2413 1224 54 20 110
2496 1225 14 20 0

1916 1249 106 23 Tobacco
2030 1258 5 14 :
2050 1249 142 28 Negrohead,
2210 1258 40 20 per

2075 1277 23 21 lb
2264 1279 13 19 0
2305 1279 11 19 1
2347 1277 12 21 8
2377 1291 5 6 .
2389 1291 6 6 .
2413 1279 15 19 0
2454 1277 15 20 2
2497 1278 15 20 3

1917 1303 87 22 Cigars
2012 1311 5 14 :
2029 1304 102 27 Manilla,
2139 1312 40 19 per
2187 1305 59 26 1000,

2054 1331 54 27 duty
2123 1330 54 28 free,
2194 1338 54 20 very

2055 1365 75 14 scarce
2259 1359 13 19 5
2300 1359 15 20 0
2343 1359 81 20 0..0
2452 1358 14 20 0
2497 1359 15 20 0

2028 1384 129 22 Havannah
2285 1391 61 15 none
2356 1384 23 21 in
2389 1383 97 22 market.

2028 1411 125 22 Chinsurah
2262 1412 15 20 4
2304 1412 14 20 0
2347 1412 80 20 0..5
2455 1412 15 19 0
2497 1412 15 20 0

1917 1438 73 21 Salt:
2007 1437 126 28 Liverpool,
2144 1445 41 19 per
2195 1441 37 18 ton
2241 1454 5 5 .
2263 1439 13 19 9
2304 1439 15 20 0
2346 1439 13 19 0
2378 1439 51 19 ..12
2443 1438 27 20 10
2498 1439 14 19 0

1918 1465 60 21 Soap
1987 1472 5 13 :
2020 1461 101 25 Ha'wes's
2145 1465 102 26 London,

2046 1498 38 20 per
2095 1494 38 19 ton
2250 1491 28 22 76
2305 1493 14 19 0
2347 1492 82 20 0..80
2456 1491 15 20 0
2498 1492 14 20 0

1918 1517 107 23 Candles
2032 1526 5 12 :
2045 1517 93 27 English
2147 1526 56 19 wax,
2210 1525 40 20 per

2063 1545 23 21 lb
2264 1546 13 20 0
2305 1546 14 20 3
2347 1545 13 19 0
2378 1559 4 5 .
2391 1559 5 5 .
2415 1546 14 20 0
2456 1545 15 19 3
2498 1545 15 20 6

2051 1571 80 22 Mould
2262 1573 15 20 0
2305 1573 11 19 1
2346 1572 82 20 0..0
2458 1571 10 21 1
2497 1571 15 21 4

1917 1597 66 23 Pork
1990 1606 7 13 :
2012 1598 64 27 Irish,
2089 1606 39 20 per
2139 1599 73 21 barrel
2225 1613 5 5 .
2238 1613 5 6 .
2262 1599 55 21 515
2347 1599 14 19 0
2377 1612 5 6 .
2390 1612 5 6 .
2415 1598 13 22 7
2457 1599 14 19 0
2499 1599 14 20 0

1918 1625 71 22 Hams
1996 1638 7 9 *
2018 1625 129 28 Yorkshire,
2163 1633 39 19 per
2211 1626 23 21 lb
2242 1641 5 6 .
2264 1627 13 19 0
2307 1626 10 20 1
2348 1625 11 20 1
2378 1639 5 6 .
2391 1639 5 5 .
2415 1626 14 20 0
2458 1625 11 20 1
2499 1626 14 20 6

1917 1652 108 21 Butter:
2043 1651 62 28 Irish,
2117 1660 40 19 per
2163 1646 33 27 lb.
2228 1654 51 19 ..0
2307 1654 11 19 1
2348 1653 13 19 6
2378 1666 19 6 ..
2416 1654 15 19 0
2459 1652 11 20 1
2500 1653 14 19 9

1918 1679 133 22 Potatoes:
2071 1679 57 22 New
2142 1679 106 27 Zealand,

2096 1713 41 20 per
2147 1709 38 18 ton
2263 1706 14 20 5
2305 1708 14 19 0
2347 1706 14 20 0
2378 1720 6 6 .
2392 1719 4 6 .
2416 1705 14 22 7
2458 1706 13 20 0
2500 1706 14 20 0

1919 1732 92 22 Cheese
2018 1740 5 14 :
2040 1732 105 22 Cheshire
2265 1734 13 19 0
2306 1734 11 19 1
2347 1733 83 21 3..0
2459 1733 55 20 110

2039 1759 54 22 Pine
2104 1759 74 28 Apple
2200 1761 79 20 ....0
2309 1760 10 20 1
2348 1760 83 21 4..0
2500 1760 17 19 O

1919 1785 106 22 Starch:
2042 1786 42 21 Per
2092 1786 23 21 lb
2266 1788 14 19 0
2309 1788 10 19 1
2349 1787 13 19 9
2380 1800 17 6 ..
2417 1788 14 19 0
2458 1787 14 19 2
2502 1787 12 19 0

1920 1812 44 21 Oil
1973 1820 5 13 :
1995 1813 103 26 Linseed,
2109 1820 40 20 per
2157 1813 76 26 gallon
2244 1814 35 21 .0
2307 1815 13 19 9
2349 1814 13 19 0
2380 1827 5 5 .
2392 1827 5 5 .
2417 1813 54 21 011
2501 1814 13 19 0

1996 1839 76 28 Black,
2083 1847 40 20 per
2133 1840 56 21 ditto
2267 1841 56 20 04
2350 1841 13 19 6
2381 1854 17 6 ..
2417 1842 15 19 0
2458 1840 13 20 5
2502 1840 13 20 6

1921 1865 74 22 Pitch
2008 1874 6 13 :
2046 1866 139 28 Stockholm,
2214 1874 41 20 per

2070 1893 74 22 barrel
2269 1894 10 20 1
2297 1894 25 21 15
2351 1894 13 20 0
2382 1907 18 7 ..
2420 1894 11 21 1
2448 1893 26 21 18
2504 1894 13 20 0

1920 1919 63 22 Tar:
2000 1919 55 22 Coal
2269 1921 8 20 1
2296 1921 25 20 15
2350 1921 14 19 0
2382 1934 17 6 ..
2420 1922 13 19 2
2461 1922 14 19 0
2504 1922 13 18 0

2005 1947 122 21 American
2267 1948 14 20 3
2310 1949 13 20 0
2351 1948 83 20 0..4
2462 1948 14 19 0
2504 1948 14 19 0

1922 1973 116 22 Mustard
2046 1981 5 13 :
2067 1973 43 22 Per
2119 1974 71 22 dozen
2270 1975 54 21 116
2352 1976 82 19 0..0
2462 1974 14 20 0
2504 1975 14 20 0

1923 2000 98 22 Pickles
2032 2008 5 13 :
2069 2001 116 26 Assorted,
2215 2008 40 20 per

2095 2027 57 25 doz.,
2179 2031 75 23 quarts
2270 2028 10 20 1
2310 2028 14 20 2
2352 2028 12 21 0
2382 2042 19 5 ..
2421 2028 10 20 1
2450 2027 27 20 10
2504 2028 14 19 0

1922 2053 124 22 Muskets:
2061 2053 94 22 Walnut
2163 2054 92 21 stocked
2270 2055 10 20 1
2311 2056 13 19 8
2352 2056 13 19 0
2382 2068 19 6 ..
2420 2056 14 20 0
2462 2055 14 20 0
2504 2056 14 19 0

1921 2081 62 21 Buef
1992 2088 4 13 :
2013 2081 75 26 Fresh,
2109 2088 89 15 carcase
2213 2089 41 19 per

2041 2107 22 22 lb
2266 2109 13 20 0
2310 2109 9 20 1
2350 2110 13 19 0
2380 2123 18 5 ..
2418 2110 14 20 0
2462 2109 14 19 0
2504 2109 14 20 0

1923 2133 102 22 Mutton
2034 2141 4 14 :
2059 2134 94 22 Carcase
2163 2142 40 20 per
2211 2135 23 21 lb
2246 2152 5 5 .
2268 2137 13 19 0
2310 2136 11 20 1
2350 2137 13 19 0
2382 2150 5 5 .
2395 2150 4 5 .
2419 2137 13 20 0
2462 2136 13 19 0
2504 2137 13 18 0

1923 2161 77 22 Pork:
2016 2161 75 27 Fresh,
2111 2169 88 14 carcase
2215 2169 40 20 per

2042 2187 20 22 lb
2267 2190 12 19 0
2309 2190 14 20 0
2349 2190 14 20 4
2381 2203 18 6 ..
2418 2191 14 19 0
2461 2190 14 19 0
2504 2188 13 22 7

1923 2214 93 22 Flour:
2034 2214 42 22 Per
2085 2218 39 18 ton
2253 2216 26 21 45
2309 2218 14 19 0
2350 2218 13 19 0
2382 2217 50 20 ..55
2461 2216 14 19 0
2504 2217 14 20 0

1923 2242 79 21 Milk:
2020 2242 42 21 Per
2068 2242 50 27 pint
2269 2245 13 19 0
2310 2244 14 19 0
2352 2244 13 20 4
2383 2257 18 6 ..
2420 2244 14 20 0
2462 2244 14 19 0
2505 2244 14 19 0

1923 2268 81 22 Plank
2011 2277 6 13 :
2046 2268 53 22 Port
2121 2268 132 28 Nicholson,

2074 2303 40 19 per
2123 2298 41 19 100
2174 2296 45 22 feet
2232 2312 19 4 ..
2270 2298 56 20 018
2353 2298 13 21 0
2384 2311 5 5 .
2397 2312 6 5 .
2422 2298 10 19 1
2450 2298 27 19 10
2505 2298 14 19 0

2047 2322 123 28 Hokianga
2270 2324 14 21 2
2312 2325 13 19 5
2353 2325 81 20 0..2
2451 2324 26 20 10
2505 2325 14 20 0

1923 2349 143 22 Scantling:
2083 2350 43 21 Per
2134 2352 40 21 100
2183 2350 53 22 feet.
2246 2366 4 5 .
2270 2352 55 20 018
2353 2352 13 21 0
2384 2366 18 5 ..
2422 2352 10 20 1
2462 2352 14 19 5
2505 2352 14 19 0

1923 2376 128 23 Shingles:
2067 2376 45 23 Per
2119 2378 54 21 1000
2270 2379 10 20 1
2298 2380 28 19 10
2352 2380 14 19 0
2384 2392 19 6 ..
2421 2379 13 20 2
2463 2378 14 20 5
2505 2379 13 19 0

1923 2430 64 22 Boat
1998 2430 63 22 Hire
2067 2438 5 13 :
2086 2430 44 22 Per
2137 2430 49 28 day,
2192 2431 65 22 with-

2116 2461 40 18 out
2164 2458 89 22 hands.
2269 2460 14 19 0
2298 2460 27 20 16
2352 2460 14 20 0
2384 2474 18 5 ..
2422 2460 9 20 1
2462 2459 14 20 5
2505 2460 14 19 0

1923 2483 88 24 Wages
2018 2491 5 14 :
2051 2484 140 28 Mechanics,
2217 2493 41 19 per

2078 2512 62 21 week
2218 2507 109 27 '..116
2354 2514 81 20 0..2
2465 2513 13 20 8
2507 2514 14 21 0

2061 2538 126 23 Labourers
2272 2540 55 21 110
2354 2542 83 19 0..0
2465 2542 14 19 0
2507 2542 14 19 0

1959 2611 52 24 The
2029 2611 65 24 New
2114 2612 128 24 Zealand
2264 2612 125 24 Gazette
2411 2613 54 28 will,
2484 2613 37 23 for

1924 2651 39 23 the
1974 2656 100 27 present,
2086 2652 30 23 be
2122 2652 123 32 published
2252 2652 97 31 weekly,
2359 2660 68 23 every
2436 2653 84 23 Satur-

1925 2692 45 31 day
1980 2694 115 30 morning.
2133 2694 32 22 So
2184 2701 57 16 soon
2260 2702 25 14 as
2305 2694 19 23 it
2342 2694 19 23 is
2381 2693 140 31 sufficiently

1925 2733 131 31 supported,
2081 2735 19 22 it
2123 2734 47 23 will
2193 2734 28 23 be
2247 2735 80 22 issued
2351 2734 170 32 semi-weekly.

1926 2774 129 32 Subjoined
2066 2782 39 16 are
2117 2775 38 22 the
2169 2779 70 19 terms
2248 2783 6 16 :—:
2255 2787 36 5 —

1931 2841 4 5 .
1961 2822 82 24 Price
2062 2830 30 16 of
2112 2830 52 16 the
2183 2822 100 24 Paper.
2284 2835 37 4 —
2321 2822 72 31 Forty
2416 2822 108 31 shillings

1925 2871 42 24 per
1980 2871 92 21 annum,
2090 2863 98 32 payable
2199 2864 25 22 in
2236 2863 101 23 advance
2346 2872 6 20 ;
2373 2870 25 16 or
2410 2870 43 16 one
2460 2862 64 24 .shil-

1926 2904 51 31 ling
1987 2903 36 24 for
2036 2904 73 31 single
2120 2904 119 23 numbers.

1961 2952 249 24 Advertisements.
2211 2964 36 4 —
2248 2952 45 23 Six
2309 2951 59 24 lines
2386 2952 46 23 and
2443 2952 82 30 under,

1929 2995 36 22 3s.
1980 2992 39 25 6d.
2032 2992 35 24 for
2078 2992 39 24 the
2128 2993 52 23 first
2189 2992 121 29 insertion,
2319 2992 44 24 and
2375 3000 43 16 one
2430 2992 97 32 shilling

1928 3034 36 24 for
1983 3033 56 24 each
2056 3034 142 30 subsequent
2215 3034 114 23 insertion
2337 3041 6 21 ;
2367 3033 60 24 from
2447 3034 39 23 six
2502 3037 24 20 to

1929 3079 40 19 ten
1979 3074 67 30 lines,
2058 3074 44 23 five
2114 3074 107 31 shillings
2232 3074 36 24 for
2282 3074 40 24 the
2340 3074 59 30 first,
2418 3074 47 23 and
2484 3081 42 17 one

1929 3114 96 31 shilling
2046 3114 46 23 and
2114 3115 108 30 sixpence
2244 3114 37 23 for
2305 3114 56 23 each
2383 3114 143 31 subsequent

1928 3154 111 23 insertion
2048 3163 7 20 ;
2074 3154 72 23 above
2157 3158 40 19 ten
2213 3154 69 28 lines,
2301 3154 44 24 five
2364 3154 108 31 shillings
2491 3154 36 24 for

1928 3196 40 23 the
1979 3196 53 24 first
2042 3201 39 18 ten
2092 3196 69 28 lines,
2173 3195 45 23 and
2228 3196 126 31 fourpence
2366 3203 44 24 per
2425 3196 49 23 line
2491 3195 36 25 for

1929 3236 40 24 the
1980 3244 80 16 excess
2072 3236 26 24 of
2113 3235 51 25 that
2170 3236 113 29 number;
2304 3236 44 23 and
2359 3239 118 28 twopence
2484 3243 42 25 per

1928 3278 48 24 line
1987 3278 38 24 for
2036 3277 56 25 each
2103 3278 143 31 subsequent
2257 3278 120 24 insertion.

1964 3326 201 25 Advertisements
2175 3326 47 24 will
2233 3331 42 20 not
2287 3335 83 24 appear
2384 3327 26 23 in
2427 3326 40 25 the
2487 3334 42 17 en-

1929 3369 71 30 suing
2010 3368 105 29 number,
2128 3368 21 24 if
2164 3368 104 24 received
2280 3368 58 24 later
2356 3368 57 24 than
2432 3368 95 31 Friday,

1931 3411 32 21 10
1988 3409 96 29 o'clock,
2109 3417 56 16 a.m.
2204 3409 203 23 Advertisements
2430 3408 49 24 will
2500 3408 29 24 be

1930 3450 125 23 continued
2065 3450 45 23 and
2123 3449 100 31 charged
2233 3449 61 23 until
2309 3448 203 25 counter-ordered
2521 3457 7 21 ;

1930 3491 60 23 such
2001 3491 65 23 order
2077 3494 65 20 must
2151 3490 29 23 be
2199 3494 52 19 sent
2269 3494 23 18 to
2311 3490 38 23 the
2369 3489 76 23 Office
2464 3488 65 24 three

1930 3531 58 32 days
1995 3531 76 24 before
2079 3531 148 31 publication,
2237 3530 46 23 and
2290 3533 62 20 must
2357 3530 30 22 be
2395 3530 24 22 in
2427 3530 101 31 writing.

1965 3579 43 24 All
2019 3578 85 29 orders,
2120 3578 198 29 advertisements,
2337 3577 46 24 and
2400 3578 129 23 communi-

1932 3620 88 24 cations
2031 3624 23 20 to
2065 3620 39 23 the
2117 3618 91 30 Editor,
2224 3627 38 16 are
2277 3618 124 32 requested
2411 3623 24 20 to
2446 3618 31 24 be
2488 3618 41 23 ad-

1932 3660 97 25 dressed
2039 3665 23 19 to
2075 3660 47 24 this
2136 3660 83 24 Office.

1966 3708 68 25 Book
2046 3708 64 24 work
2122 3708 46 24 and
2182 3708 41 32 job
2235 3708 105 32 printing
2358 3707 26 24 of
2401 3715 70 23 every
2488 3705 40 25 de-

1933 3751 118 30 scription,
2063 3749 113 24 executed
2186 3748 57 24 with
2253 3748 114 32 dispatch,
2387 3748 47 24 and
2452 3748 24 23 in
2491 3746 38 24 the

1933 3791 52 24 best
1997 3790 66 31 style.
2355 3802 6 4 -
2387 3809 4 5 ,

684 3713 146 50 PAINTS,
842 3712 48 27 oils,
902 3712 45 21 and
956 3711 116 22 varnishes
1078 3719 5 19 ;

766 3740 64 21 Nails
840 3739 46 22 and
894 3738 63 23 locks
967 3739 27 21 of
1004 3738 31 21 all
1044 3738 66 22 kinds
1118 3746 5 19 ;

879 3765 65 28 glass,
957 3766 24 21 13
992 3765 30 28 by
1032 3766 12 21 9
1051 3773 5 19 ;

766 3794 64 27 Soap,

765 3820 53 28 Tea,

765 3847 62 27 Rice,

765 3874 60 22 Rose
836 3872 59 23 Cork
903 3872 82 28 butter,

766 3900 95 27 Arrack,
873 3900 40 22 &c.
925 3899 40 22 &c.

886 3926 26 23 T.
929 3926 32 23 M.
978 3925 186 27 PARTRIDGE
1176 3926 45 23 and
1232 3926 43 23 CO.

712 3954 60 23 June
782 3957 20 20 !>.
