4220 5890
71 205 120 42 Teviot
216 201 63 42 and
306 196 205 44 Alexandra
531 192 88 43 Fruit-

223 250 167 58 growers'
419 249 57 42 Co.

112 357 58 29 The
183 353 127 37 ordinary
325 349 126 38 monthly
465 347 128 37 meeting
605 346 29 28 of

75 400 47 29 the
135 398 85 29 above
235 403 135 29 company
383 401 55 19 was
453 388 64 31 held
535 388 27 29 in
586 387 47 29 the

75 441 165 27 Athenseum
266 435 52 27 last
342 431 138 37 Saturday
501 428 130 38 evening.

75 480 113 29 Present
190 475 140 29 —Messrs
358 472 134 29 Bennetts
521 468 39 37 (in
585 468 47 28 the

73 520 99 35 cltair),
188 516 143 33 Bloxham,
350 512 97 35 Broad,
460 511 29 28 J.
504 508 126 35 Pennell,

74 557 246 40 Campbell,Toms,
335 553 109 33 Harris,
459 553 33 26 A.
508 549 121 34 Manuel,

73 600 127 34 Watson,
213 596 76 31 Snell
306 597 119 37 (proxy),
446 590 123 36 Moodie,
583 588 46 30 W.

72 639 154 34 M'lntosh,
239 636 55 30 and
307 638 58 27 Jos.
379 633 136 38 Tamblyn
540 631 88 37 (sec.',.

111 680 46 29 Mr
169 679 97 38 Pryor,
280 677 46 28 the
337 674 74 30 Co.'s
421 682 139 29 manager,
574 681 54 18 was

73 723 57 28 also
144 725 118 35 present.

289 765 124 21 MIN'UTKS.

110 802 58 29 The
184 802 118 27 minutes
315 798 29 28 of
362 797 46 27 the
430 795 52 28 last
503 792 124 37 monthly

73 842 124 38 meeting
217 839 54 30 and
296 838 29 29 of
348 837 47 28 the
419 833 207 36 extraordinary

72 883 123 39 meeting
210 879 62 32 held
284 889 34 19 on
340 878 47 28 the
402 876 64 30 18th
480 875 49 28 ult.
556 883 70 19 were

71 924 68 29 read
153 923 55 28 and
221 918 160 32 confirmed.

111 964 98 29 Before
233 960 169 40 proceeding
430 960 28 26 to
484 955 59 29 deal
560 953 65 29 with

71 1007 47 26 the
151 1001 245 39 correspondence,
444 998 47 27 the
538 995 73 28 chair-

71 1055 63 18 man
150 1043 85 30 asked
249 1042 45 28 the
318 1040 135 28 members
479 1041 28 23 to
536 1036 34 27 be
596 1045 28 17 as

73 1086 70 29 bi-ief
156 1096 28 17 as
203 1082 118 39 possible
341 1082 26 26 iu
382 1089 53 27 any
457 1081 112 25 matters
584 1086 27 18 re-

71 1125 112 39 quiring
221 1121 161 32 discussion,
401 1129 30 17 as
466 1118 41 26 Mr
529 1117 95 32 Pryor,

71 1167 88 27 whom
175 1164 34 28 he
219 1160 115 38 heartily
349 1157 155 34 welcomed,
534 1155 90 29 would

71 1206 56 27 like
141 1209 28 24 to
183 1213 47 27 say
244 1213 15 17 a
272 1202 53 27 few
355 1198 88 30 words
470 1197 93 28 before
578 1197 46 26 the

74 1245 120 35 meeting
206 1242 102 30 closed.

164 1299 163 22 COMPLAINTS
341 1300 26 18 re
382 1297 38 19 MR
434 1294 84 21 LORIE.

111 1334 25 28 A
149 1333 81 27 letter
242 1341 55 17 was
311 1328 63 30 read
388 1327 70 28 from
475 1325 45 28 Mr
543 1324 80 28 Lorie

73 1376 28 27 in
117 1373 74 39 reply
201 1377 28 23 to
240 1382 15 17 a
264 1371 80 27 letter
354 1369 69 28 from
433 1367 47 28 the
489 1374 134 28 company

73 1414 101 38 juskiug
186 1414 57 28 him
257 1412 61 36 why
333 1411 33 27 he
379 1407 52 30 had
455 1404 115 31 omitted
595 1408 28 25 to

74 1455 102 27 deduct
187 1454 72 26 frcm
273 1451 73 27 Chee
371 1446 124 37 Chung's
509 1446 125 37 account,

75 1495 71 29 sales
157 1493 47 29 the
219 1500 96 28 money
329 1489 53 28 due
393 1492 28 23 to
434 1486 46 29 the
489 1493 132 29 company

73 1546 35 17 on
136 1534 40 28 his
202 1532 101 32 shares,
329 1528 54 28 and
408 1527 56 27 also
489 1524 62 37 why
577 1524 46 26 the

73 1583 134 29 company
216 1570 55 29 had
282 1571 68 26 been
362 1565 82 31 billed
454 1565 43 28 for
505 1565 32 27 £1
552 1564 72 27 after

75 1616 46 27 the
139 1612 87 31 books
240 1610 52 32 had
306 1609 68 29 been
400 1604 119 31 audited.
534 1603 33 28 In
582 1612 28 18 re-

74 1657 109 27 ference
208 1656 29 24 to
259 1651 47 29 the
331 1649 100 28 former
456 1649 98 23 matter
579 1643 46 28 Mr

77 1696 10 28 J
99 1696 57 28 orie
180 1692 90 30 stated
286 1691 60 28 that
360 1692 5 21 <
381 1689 50 28 hee
446 1685 100 37 Chung
569 1683 54 28 had

76 1736 58 29 sold
165 1734 43 29 his
227 1732 102 40 garden
361 1729 93 28 before
492 1725 46 28 the
557 1724 68 28 fruit

75 1786 104 23 season,
205 1773 54 28 and
273 1772 33 27 he
320 1770 46 28 did
381 1772 47 25 not
452 1765 105 29 receive
571 1774 52 27 any

75 1815 67 30 fruit
154 1816 68 27 from
239 1812 71 29 Chee
322 1811 108 35 Chung.

113 1856 79 28 After
211 1851 148 31 discussion
381 1849 45 27 the
460 1846 81 29 letter
570 1854 55 18 was

75 1895 124 31 received
224 1905 33 19 on
273 1892 46 30 the
345 1889 102 30 motion
467 1886 29 30 of
520 1884 104 30 Messrs
633 1884 1 42 ,

78 1936 142 40 Campbell
233 1935 54 29 and
303 1932 140 29 Bloxham.

115 1978 43 28 Mr
168 1976 131 36 Tamulyn
311 1974 63 28 then
388 1969 96 30 moved
524 1969 17 12 <(
557 1966 66 28 That

77 2019 45 28 tlie
136 2017 139 36 following
297 2011 157 33 resolution,
476 2007 98 39 passed
595 2011 29 24 at
633 2007 1 46 |

75 2060 46 28 the
135 2060 51 27 last
201 2056 121 36 monthly
334 2052 129 37 meeting,
478 2050 33 27 be
525 2047 96 30 struck

73 2101 94 26 out—*
183 2098 69 27 That
277 2097 47 27 the
344 2096 134 30 secretary
500 2089 50 27 ask
578 2089 46 26 Mr

75 2139 78 28 Lorie
164 2139 59 32 why
233 2138 33 27 he
277 2133 113 29 omitted
400 2136 28 23 to
440 2129 101 29 deduct
550 2128 70 27 from

76 2180 72 27 Chee
181 2176 123 37 Chung's
331 2175 114 25 account
478 2169 70 28 sales
576 2168 47 27 the

74 2228 95 28 money
183 2217 51 29 due
244 2221 28 25 to
293 2214 46 30 the
364 2220 135 29 company
525 2218 36 19 on
581 2207 42 28 his

72 2261 100 30 shares,
183 2258 94 37 seeing
284 2256 60 28 that
356 2253 33 27 he
400 2251 54 28 had
463 2251 47 28 the
523 2259 82 28 oppor-

73 2300 87 36 tunity
176 2298 28 28 of
217 2297 84 37 doing
314 2292 50 32 so.'
379 2292 8 13 '

108 2340 33 29 In
164 2338 134 40 speaking
320 2340 29 26 to
374 2331 47 30 the
447 2329 104 30 motion
577 2328 46 29 Mr

71 2381 133 36 Tamblyn
230 2380 57 28 said
302 2380 32 27 he
357 2374 120 38 thought
510 2372 22 27 it
558 2371 63 36 only

70 2421 52 29 fair
134 2424 28 25 to
177 2419 42 28 Mr
232 2419 79 29 Lorie
325 2417 59 29 that
397 2414 47 27 the
468 2411 103 28 motion
586 2411 34 26 be

72 2461 92 30 struck
177 2464 56 32 out,
246 2472 29 17 as
288 2459 42 29 his
342 2452 192 40 explanations
550 2460 69 19 were

71 2501 178 34 satisfactoiy.

109 2543 44 27 Mr
165 2541 111 28 Pennell
301 2537 85 31 asked
405 2536 21 28 if
447 2535 22 27 it
494 2541 72 18 were
591 2531 27 27 in

72 2584 79 29 order
163 2587 28 24 to
204 2582 105 30 rescind
323 2581 46 28 the
381 2573 148 34 resolution
543 2571 72 30 after

72 2625 46 28 the
131 2623 80 29 letter
220 2623 53 28 had
287 2623 68 28 been
380 2614 133 33 received;
527 2613 51 27 but
591 2616 28 23 at

73 2665 46 29 the
132 2674 72 18 same
217 2664 64 29 time
293 2663 34 28 he
349 2658 89 31 would
452 2658 47 27 not
524 2653 90 39 object

73 2710 28 23 to
120 2705 47 28 the
194 2704 154 37 rescinding
380 2701 29 28 of
440 2698 42 28 hn
516 2694 102 28 motion

71 2744 98 41 passed
179 2749 28 24 at
219 2745 45 28 the
277 2744 52 29 last
342 2740 129 36 meeting.

110 2787 57 27 The
181 2786 133 28 chairman
330 2783 56 30 said
402 2783 20 27 it
436 2789 53 18 was
504 2788 15 17 a
540 2785 64 29 ques-

73 2828 57 28 tion
153 2827 30 27 of
204 2827 119 28 whether
344 2826 34 27 he
394 2823 55 34 (Mr
463 2818 87 33 Lorie)
569 2815 49 27 had
633 2815 1 46 j

73 2868 45 28 the
133 2877 90 28 power
231 2872 28 24 to
270 2867 59 28 deal
343 2865 64 29 with
421 2863 47 28 the
481 2861 99 26 matter
591 2855 30 29 of
633 2855 1 55 j

73 2908 73 29 Chee
160 2907 122 37 Chung's
296 2907 100 28 shares.
419 2903 58 29 Mrs
492 2900 43 28 Ah
555 2898 64 28 Kim
633 2898 1 46 j

72 2948 53 29 had
139 2952 48 24 not
200 2954 59 22 sent
273 2948 49 28 her
334 2946 66 30 fruit
414 2949 26 25 to
453 2943 65 30 him.

111 2989 44 29 Mr
181 2990 110 28 Pennell
317 2985 144 33 remarked
474 2982 60 31 that
562 2979 58 29 Mrs
632 2976 2 48 j

71 3030 45 27 Ah
137 3029 65 27 Kim
216 3029 147 36 expressed
386 3025 102 30 herself
515 3020 104 37 willing
633 3020 1 45 i

71 3074 28 23 to
124 3079 53 28 pay
190 3079 54 23 any
266 3069 70 29 back
355 3076 103 20 arrears
484 3072 35 21 on
547 3060 73 29 Chee

74 3109 123 39 Chung's
210 3110 101 29 shares.

108 3152 45 27 Mr
166 3150 97 29 Harris
285 3150 134 30 seconded
435 3148 45 28 the
505 3148 113 30 motion,

71 3191 53 29 and
150 3190 158 30 considered
322 3191 61 29 that
408 3189 43 29 Mr
479 3188 139 28 Bloxhm's

70 3232 146 30 resolution
231 3232 162 38 expressing
402 3230 121 39 surprise
533 3233 28 24 at
574 3228 43 28 Mr

70 3272 80 30 Lorie
186 3272 97 36 billing
309 3274 46 27 the
381 3281 134 26 company
548 3269 71 28 after

70 3314 48 28 the
129 3312 88 29 books
229 3313 55 29 had
296 3313 68 29 been
385 3310 121 30 audited,
520 3308 98 29 should
632 3308 2 44 j

71 3354 56 28 also
150 3353 33 27 be
208 3352 126 30 included
347 3352 29 28 in
390 3352 45 28 Mr
459 3349 161 36 Tamblyn's

74 3393 109 29 motion.

108 3433 45 29 Mr
168 3434 131 29 Bloxham
325 3432 120 37 thought
466 3432 22 26 it
510 3441 52 17 was
577 3429 46 27 Mr

71 3473 105 30 Lorie's
190 3474 67 33 duty
282 3479 29 25 to
334 3484 45 19 see
400 3472 60 29 that
492 3470 60 29 Mrs
578 3469 43 27 Ah
633 3469 1 38 i

71 3515 66 28 Kim
171 3515 111 29 became
315 3526 16 17 a
357 3512 122 30 memder
508 3510 28 28 of
577 3509 46 27 the
633 3504 1 48 j

73 3564 132 28 company
242 3553 185 36 immediately
468 3551 70 27 after
576 3550 49 26 her

72 3595 134 37 purchase
219 3596 28 28 of
258 3595 73 29 Chee
346 3591 125 36 Chunk's
485 3594 138 34 property.

74 3635 44 28 He
132 3634 47 28 did
193 3640 47 23 not
266 3634 82 29 think
366 3634 45 28 Mr
425 3630 105 29 Lorie's
545 3630 80 28 letter

74 3675 182 39 satisfactory.

113 3715 44 27 Mr
171 3716 141 38 Campbell
327 3714 121 31 thought
459 3712 59 28 that
531 3710 95 28 before

76 3757 54 28 this
167 3757 101 28 motion
303 3754 80 30 could
411 3754 33 27 be
481 3750 142 30 rescinded

74 3798 92 29 notice
179 3797 28 28 of
231 3796 101 29 motion
347 3794 89 29 would
456 3794 69 27 have
550 3796 28 24 to
593 3792 33 26 be

77 3839 91 36 given.
209 3837 44 28 He
265 3836 134 29 endorsed
413 3834 43 29 Mr
468 3832 156 30 Bloxham's

77 3878 132 29 remarks.

120 3923 19 23 a!
148 3930 12 16 r
195 3918 132 29 Bloxham
350 3914 136 40 proposed
523 3924 29 17 as
591 3924 34 16 an

77 3972 12 17 a
96 3971 22 17 m
124 3959 77 29 mend
207 3970 58 17 men
271 3963 10 24 t
358 3954 4 35 '
374 3958 46 27 hat
445 3956 47 28 the
524 3954 101 28 motion

76 4001 102 28 remain
193 4001 26 26 in
249 4001 45 26 the
451 4008 32 16 ;in
488 4006 16 18 <i
519 3996 34 27 he
567 3994 56 29 said

77 4042 60 27 that
158 4051 15 16 a
187 4039 70 35 good
273 4039 58 28 deal
347 4039 29 26 of
399 4038 46 27 the
468 4045 143 26 correspon-

76 4083 86 27 dence
189 4082 122 26 between
342 4079 41 28 Mr
399 4078 80 27 Lorie
504 4076 54 28 and
579 4076 46 27 the

76 4132 134 27 cornpauv
238 4120 53 29 had
327 4119 68 27 been
435 4116 122 35 abusive,
598 4126 28 16 as

77 4163 109 27 witness
238 4162 45 27 the
322 4158 175 37 threatening
545 4157 81 27 letter

77 4203 123 28 received
224 4206 27 23 at
266 4202 47 27 the
325 4201 53 26 last
393 4199 121 37 meeting
527 4197 26 27 in
584 4208 28 16 rl-

77 4243 67 34 -
160 4251 27 18 to
210 4242 44 27 the
270 4245 130 31 payment
423 4239 28 26 of
464 4248 34 17 an
512 4240 114 25 account

78 4282 86 30 which
188 4281 42 29 led
267 4286 27 22 t<»
321 4280 46 28 the
404 4278 158 37 expression
600 4276 30 26 of

250 4322 40 27 Ho
322 4321 57 26 also
418 4328 7 18 t
431 4319 105 34 bought
569 4318 60 26 tint

78 4364 46 28 Mr
138 4364 74 27 Lone
282 4361 51 27 >n](]
355 4361 67 26 have
443 4359 81 27 taken
551 4362 76 26 steps

77 4415 29 17 fp.
120 4410 111 27 creating
246 4402 55 28 Mrs
318 4402 39 27 Ah
376 4401 63 27 Kim
459 4404 28 23 to
501 4410 55 27 join
582 4398 46 27 the

80 4455 7 16 (
97 4455 126 17 OmrvfiV.

121 4485 41 26 Mr
211 4481 139 37 '"ampbe'l
401 4478 133 30 seconded
587 4477 44 27 Mr

79 4521 161 32 Bloxham's
254 4521 211 31 anmenlment,
479 4518 97 33 which,
591 4527 32 17 on

79 4565 86 34 being
201 4568 48 24 rnt
276 4567 28 20 to
338 4569 7 17 t
353 4559 3 40 ;
369 4572 14 16 e
418 4559 128 37 meeting,
576 4566 52 18 was

81 4603 114 30 carried.

117 4645 39 27 Th
167 4657 6 11 *
190 4655 22 15 rn
228 4643 24 26 .ri
266 4654 23 15 >n
306 4641 135 28 therefore
466 4639 117 29 remains
599 4638 25 26 in

78 4689 12 26 t
95 4685 2 30 !
102 4696 25 16 ie
141 4685 125 26 minutes,

106 4733 124 20 ORCHAUO
254 4732 52 19 A\'n
326 4730 108 21 GA.KDBS
454 4729 75 20 PESTS
551 4729 56 20 AC!'.

118 4768 24 26 A
157 4766 79 27 lerrer
251 4775 52 16 was
318 4761 61 28 nM'l
396 4763 68 27 from
492 4761 43 28 Mr
552 4763 31 25 A.
610 4762 20 27 ii

78 4807 73 27 Horn
162 4816 36 22 m,
212 4808 136 24 secretary
358 4801 266 37 i>f'"heCanterb-i-v

204 4855 73 18 «wers
295 4843 178 35 Association,
486 4841 144 33 enclosing

77 4899 15 18 a
128 4898 69 16 .•<►•>>.•
230 4886 29 28 of
286 4897 15 16 -i
338 4885 115 27 circular
487 4883 61 28 that
581 4883 46 26 the

76 4927 161 30 association
266 4926 51 28 had
341 4923 155 29 forwarded
520 4927 27 24 to
583 4923 45 26 the

78 4968 173 35 OnTef-Uuvy
262 4967 134 27 members
407 4966 28 26 of
445 4964 65 28 both
520 4963 107 28 Houses

77 5010 29 28 of
124 5008 171 33 Parliament,
310 5007 52 27 and
379 5005 120 38 trusting
513 5005 59 28 that
582 5003 46 28 the

75 5050 161 29 association
265 5059 53 16 was
331 5048 26 26 in
384 5045 147 39 sympathy
558 5045 65 27 with

73 5092 48 28 the
136 5102 30 16 o-
178 5101 24 15 >r>
214 5089 54 29 >sed
282 5088 54 37 legi
355 5084 3 41 i
371 5087 75 36 ition,
459 5086 54 30 aud
531 5084 88 30 would

74 5132 65 37 give
153 5133 21 26 it
188 5131 71 27 their
271 5137 124 29 support.

110 5171 61 30 The
230 5179 119 28 purpose
404 5168 29 29 of
490 5168 135 37 proposed

75 5216 177 26 amenrln>ent
274 5210 29 29 of
322 5211 46 27 the
426 5208 122 29 Orchard
574 5209 54 28 and

76 5253 110 28 Garden
214 5259 16 9 ,h
231 5262 57 17 esr.s
316 5251 63 33 Act,
395 5248 96 34 1896,"'
517 5259 55 17 was
599 5254 29 22 to

77 5297 115 35 prevent
205 5304 16 16 a
242 5290 144 39 repetition
402 5290 29 26 of
451 5288 47 28 the
520 5288 107 36 danger

78 5334 89 27 which
195 5331 159 29 threatened
378 5331 48 26 tbe
457 5328 174 35 Canterbury

78 5373 131 30 orchards
235 5372 102 38 during
357 5370 52 29 last
424 5379 105 24 season,
553 5368 77 28 when

79 5415 154 35 shipments
246 5414 31 27 of
285 5412 96 38 apples
394 5411 70 27 from
479 5411 46 26 the
540 5409 88 28 North

80 5453 226 35 Island,infected
317 5452 66 28 with
392 5452 46 27 rhe
448 5450 90 28 codlin
550 5449 83 34 moth,

80 5505 72 18 were
174 5498 61 25 sent
248 5497 28 25 to
301 5490 197 32 Christchurch
520 5490 42 28 for
588 5489 45 28 the

83 5544 121 30 purpose
219 5534 29 28 of
260 5532 213 36 cider-making.

120 5574 58 29 The
201 5578 140 32 secretary
351 5582 55 18 was
422 5569 151 31 instructed
597 5568 37 39 by

81 5615 49 28 the
151 5624 134 26 company
308 5618 29 23 to
360 5612 77 28 write
454 5615 29 23 to
506 5612 47 26 the
578 5620 42 17 sec-

83 5659 91 33 retary
188 5654 29 29 of
227 5654 46 28 the
288 5652 173 38 Canterbury
472 5649 162 31 association

82 5694 155 38 conveying
251 5694 71 28 their
334 5694 96 35 hearty
454 5690 180 39 sympathies.

186 5742 144 21 RETAILERS
351 5741 187 21 DISSATISFIED.

108 5776 136 29 •Aletter
266 5785 53 18 was
344 5774 65 28 read
435 5773 71 27 frota
534 5773 43 27 Mr
603 5774 31 27 R.

672 192 106 36 Brown,
800 197 138 32 secretary
963 193 29 28 of
1013 192 47 29 the
1084 192 129 29 Dunedin

668 232 54 28 and
745 232 161 28 Surburban
925 230 162 31 Fruiterers'
1102 233 95 28 Associ-

665 273 83 36 ation,
762 272 101 40 asking
878 272 317 30 :—ist.—Thatinstruc-

665 315 72 28 tiens
759 315 33 27 be
814 315 82 37 given
922 317 28 24 to
982 315 46 27 the
1054 316 157 35 company's

665 358 88 33 agent
778 353 59 29 that
850 353 34 28 all
899 353 96 28 Teviot
1008 354 68 28 fruit
1089 355 60 27 sold
1174 355 37 36 by

662 395 109 29 auction
797 395 35 29 fee
854 393 59 31 sold
938 397 28 25 at
988 394 54 30 and
1072 394 71 30 from
1164 395 47 29 the

661 436 66 28 time
750 435 164 28 advertised.
954 438 13 23 'J
978 435 64 27 here
1068 445 54 18 was
1145 446 48 17 con-

661 475 134 29 siderable
805 475 157 29 discontent
976 474 129 38 lastyehr
1118 475 91 38 owing

660 521 29 25 to
701 516 67 28 fruit
781 516 29 28 of
829 515 79 29 other
926 515 175 38 discriptions
1124 515 84 37 being

658 556 57 30 seld
743 556 96 28 before
863 556 47 27 the
937 555 96 27 Teviot
1051 555 76 33 fruit,
1160 556 46 26 the

659 597 84 29 result
752 597 84 39 being
845 596 60 29 that
913 595 46 29 the
966 595 140 28 would-be
1121 595 86 37 buyer

658 639 29 29 of
699 638 96 29 Teviot
808 636 67 30 fruit
888 636 53 29 had
960 635 89 29 either
1073 640 30 24 to
1129 635 76 29 leave

657 679 46 28 the
725 677 109 30 auction
859 687 75 18 room
948 686 15 18 o
967 686 11 10 v
1000 679 84 24 waste
1101 685 16 17 a
1140 685 48 17 con-

656 719 134 29 siderable
814 725 112 21 amount
952 715 29 29 of
1005 716 65 28 time
1090 715 114 38 waiting

656 761 42 28 for
710 760 47 28 the
767 759 55 29 sale
836 758 28 29 of
874 758 30 28 it.

692 800 57 28 The
762 800 82 27 letter
856 798 56 28 also
926 795 91 31 stated
1040 795 79 34 (2nd)
1143 796 60 27 that

655 840 46 29 the
727 838 106 30 D.F.A.
858 838 54 28 had
945 835 118 30 decided
1101 842 47 21 not
1175 839 28 24 to

655 880 133 40 purchase
818 878 183 30 strawberries
1027 880 28 24 at
1093 875 108 29 auction

654 922 69 28 sales
743 920 90 29 unless
854 920 45 28 the
914 924 57 23 t9re
995 917 29 29 of
1049 918 85 27 boxes
1148 926 54 18 was

654 963 47 28 the
713 972 73 19 same
795 972 29 18 as
835 958 183 40 represented.
1058 956 65 30 This
1134 956 67 28 fruit

655 1014 54 17 was
736 1002 104 39 packed
854 1002 26 26 in
906 1000 35 28 all
955 1005 71 23 sorts
1052 997 54 29 and
1133 997 67 27 sizes

653 1043 29 28 of
720 1042 146 40 packages,
904 1040 96 33 which,
1040 1049 33 17 on
1117 1038 83 34 being

654 1083 123 39 weighed
800 1083 51 28 last
864 1092 74 28 year,
952 1090 71 19 were
1047 1078 87 30 found
1154 1084 47 22 not

653 1135 29 17 as
696 1123 151 29 described.
887 1122 58 26 The
971 1120 160 28 association
1159 1119 27 26 in-

655 1164 79 28 tends
748 1164 26 27 in
789 1163 91 28 future
896 1166 28 24 to
937 1170 52 30 pay
1008 1160 64 36 only
1087 1158 42 30 for
1155 1158 45 28 the

652 1208 112 24 amount
786 1204 29 27 of
828 1203 66 27 fruit
908 1200 151 40 purchased
1072 1212 6 22 ;
1110 1199 54 27 and
1178 1198 22 28 if

655 1249 55 24 tare
729 1244 29 27 of
771 1244 66 28 such
852 1243 136 38 packages
1006 1248 31 21 Oe
1053 1240 85 28 found
1154 1245 48 21 not

653 1296 28 18 as
719 1294 78 29 repre
799 1295 11 12 a
813 1284 83 29 ented
930 1283 146 28 allowance
1113 1280 87 30 would

654 1326 67 27 have
736 1329 27 23 to
778 1325 33 27 be
832 1324 77 27 made
922 1323 43 28 for
978 1324 46 27 the
1044 1332 82 18 same.

691 1365 57 28 3rd.
800 1364 58 27 The
915 1363 149 34 fruiterers,
1123 1360 77 28 while

652 1404 145 41 agreeable
836 1408 27 25 to
911 1404 133 39 purchase
1069 1402 67 29 fruit
1174 1401 26 29 in

652 1456 103 24 orange
781 1454 75 17 case-*
881 1449 29 22 at
936 1445 52 26 last
1010 1444 89 36 year's
1133 1449 67 26 tare,

652 1484 79 30 could
746 1489 47 22 not
807 1492 82 29 agree
913 1487 29 24 to
955 1487 95 35 accept
1070 1483 59 27 that
1143 1486 57 23 tare

652 1536 35 17 on
715 1524 108 29 Hobart
854 1524 147 29 half-cases
1028 1524 52 28 and
1118 1532 82 19 cases.

653 1566 58 28 The
736 1574 96 19 reason
847 1575 54 18 was
920 1565 59 27 that
1006 1564 108 28 Hobart
1128 1564 59 36 ship-

653 1616 62 28 pers
740 1604 106 40 packed
861 1605 94 38 apples
969 1605 26 28 in
1011 1614 73 19 sawn
1101 1603 100 29 timber

653 1657 85 23 cases,
764 1646 47 28 the
836 1649 57 24 tare
928 1645 151 37 averaging
1115 1644 87 33 201bs,

654 1687 59 29 that
728 1698 53 17 was
796 1691 27 24 to
837 1697 57 27 say,
909 1685 199 39 runningfrom
1127 1684 75 28 lilbs

655 1734 27 22 to
704 1729 88 27 24-lbs.
833 1727 62 28 Few
910 1727 65 37 split
1002 1736 74 18 cases
1097 1731 29 22 at
1151 1725 52 28 last

653 1769 90 36 year's
757 1774 57 22 tare
825 1778 76 17 came
915 1772 28 23 to
954 1766 81 28 hand.

692 1808 45 29 Mr
752 1808 85 36 Pryor
852 1806 193 38 satisfactorily
1060 1805 102 39 replied
1176 1809 27 24 to

653 1849 47 28 the
713 1849 61 27 first
794 1848 90 27 clause
910 1847 28 27 of
965 1847 45 27 the
1030 1847 89 28 letter.
1160 1845 43 28 He

654 1888 144 40 explained
832 1888 59 29 that
923 1887 99 39 buyers
1056 1897 68 18 were
1155 1889 49 26 not

654 1931 75 28 there
743 1935 28 24 at
784 1931 47 28 the
844 1929 154 28 advertised
1013 1929 76 34 hour,
1099 1928 53 28 and
1169 1928 33 27 he

654 1971 52 28 had
717 1975 28 24 to
755 1971 62 28 wait
828 1971 40 27 till
882 1969 64 37 they
958 1969 84 28 rolled
1054 1979 44 27 up.
1122 1969 80 28 Some

655 2012 98 31 buyers
775 2011 46 28 did
845 2014 47 24 not
914 2010 97 27 attend
1033 2009 170 38 punctually,

652 2053 54 28 and
721 2053 118 38 perhaps
853 2051 33 29 he
910 2050 89 29 would
1014 2051 69 28 have
1096 2054 28 25 to
1140 2049 62 28 wait

653 2093 43 28 for
716 2094 73 26 them
815 2094 43 26 for
880 2092 35 27 20
938 2091 117 28 minutes
1069 2102 30 17 or
1113 2091 75 27 three-

653 2138 125 33 quarters
792 2133 29 27 of
834 2143 35 16 an
884 2133 68 26 hour
961 2131 71 28 after
1046 2131 46 28 the
1106 2130 80 28 adver-

653 2173 71 27 tised
738 2173 74 27 time.

691 2213 23 27 A
741 2212 148 28 resolution
922 2221 54 18 was
1010 2211 192 39 unanimously

652 2253 103 29 carried
781 2256 29 25 to
832 2253 45 28 the
892 2252 80 29 effect
986 2254 60 25 that
1060 2252 47 27 the
1129 2263 54 17 com-

652 2303 73 27 pany
751 2302 70 18 were
845 2292 133 37 prepared
1005 2295 28 23 to
1059 2291 77 29 leave
1157 2293 46 27 the

650 2333 169 38 conducting
833 2333 28 28 of
871 2332 46 28 the
931 2331 68 29 sales
1013 2331 27 28 in
1055 2331 47 29 the
1116 2331 86 29 hands

651 2375 29 29 of
694 2376 46 28 the
758 2385 137 24 manager.

687 2414 80 28 With
792 2414 99 31 regard
918 2417 28 23 to
969 2414 47 26 the
1044 2414 79 26 other
1149 2417 53 23 two

649 2456 104 28 clauses
767 2454 30 29 of
810 2454 46 28 the
869 2453 90 35 letter,
973 2454 22 28 it
1009 2463 54 18 was
1087 2453 114 28 decided

651 2500 47 24 not
711 2500 28 24 to
753 2494 133 39 purchase
900 2505 53 26 any
967 2504 76 18 cases
1058 2504 65 18 over
1141 2496 5 25 1
1157 2494 45 28 dlb

651 2537 23 27 in
691 2536 121 37 weight;
833 2534 53 28 and
901 2535 26 27 in
940 2535 46 27 the
995 2539 82 23 event
1089 2533 29 29 of
1128 2544 73 17 sawn

649 2576 101 29 timber
763 2585 75 19 cases
852 2574 84 35 being
950 2579 61 24 sent
1037 2574 90 35 down,
1155 2573 47 30 the

649 2622 57 23 tare
732 2616 90 29 would
849 2616 33 27 be
908 2615 113 28 allowed
1047 2616 50 27 for.
1141 2615 26 27 If
1187 2626 15 16 a

649 2659 86 37 buyer
748 2656 80 30 could
849 2656 76 29 show
947 2656 60 28 that
1022 2656 33 28 he
1070 2656 53 29 had
1139 2656 63 38 paid

649 2704 45 24 too
708 2699 79 27 much
802 2698 42 28 for
858 2698 170 36 overweight
1042 2698 28 27 of
1091 2697 111 34 timber,

649 2740 33 28 he
696 2738 90 30 would
798 2738 33 28 be
840 2737 135 29 refunded
987 2737 46 28 the
1042 2737 158 29 difference.

865 2787 133 21 GE.VERAL.

686 2823 26 26 A
725 2821 80 28 letter
829 2820 71 27 from
930 2820 43 26 Mr
1000 2819 87 32 Pryor
1110 2819 26 27 in
1162 2829 27 17 re-

649 2863 108 28 ference
769 2868 26 21 to
809 2860 68 28 fruit
890 2870 75 18 cases
974 2860 54 28 and
1043 2870 51 18 one
1106 2870 30 16 or
1146 2863 55 25 two

649 2903 78 28 other
753 2905 112 25 matters
900 2910 55 18 was
981 2900 74 28 dealt
1083 2901 66 27 with
1177 2901 25 26 in

649 2943 163 30 committee.

685 2986 45 28 Mr
745 2983 43 28 W.
811 2983 66 37 Bloy
892 2987 84 24 wrote
990 2993 28 18 re
1033 2982 66 29 fruit
1114 2992 87 24 cases,

648 3027 53 26 and
715 3027 21 26 it
748 3035 54 17 was
812 3024 120 35 thought
943 3024 60 27 that
1014 3023 30 27 th
1056 3022 3 38 •
1073 3022 127 38 question

649 3066 27 27 of
689 3075 74 19 cases
778 3063 52 28 had
854 3063 67 28 been
943 3062 197 38 satisfactorily
1155 3072 32 18 ex-

649 3107 116 37 plained.

850 3155 144 21 ACCOUNTS.

685 3189 44 28 Mr
744 3187 93 36 Bloy's
851 3192 116 25 account
980 3187 44 28 for
1046 3187 38 28 £5
1102 3186 46 28 13s
1167 3185 35 28 5d

647 3229 42 29 for
710 3234 109 33 cartage
833 3229 29 28 of
875 3240 75 18 cases
971 3239 56 17 was
1056 3227 65 28 then
1146 3226 42 29 dis-

647 3271 106 27 cussed.
796 3270 42 27 Mr
861 3270 134 27 Bloxham
1021 3267 98 28 moved
1147 3267 52 27 and

648 3310 46 28 Mr
705 3310 111 28 Pennell
828 3309 175 27 seconded—
1006 3310 16 12 u
1035 3307 71 28 That
1119 3309 15 26 €
1143 3308 12 26 5
1171 3307 31 26 0s

649 3350 36 27 5d
698 3351 35 27 be
746 3350 73 35 paid,
834 3349 55 27 and
903 3350 47 26 the
964 3348 115 27 balance
1103 3347 28 27 of
1158 3347 3 38 I
1172 3347 30 26 .'3s

653 3390 54 33 (for
720 3389 107 30 labour)
842 3389 35 27 be
889 3388 101 28 settled
1014 3389 122 26 between
1159 3385 45 28 Mr

652 3430 68 35 Bloy
734 3429 54 28 and
804 3429 45 27 the
865 3434 136 29 secretary
1013 3440 6 19 ;
1041 3427 54 27 and
1111 3427 60 27 that
1183 3427 21 26 if

652 3470 46 28 the
711 3470 82 27 latter
805 3469 140 28 considers
965 3469 40 26 Mr
1019 3467 89 36 Bloy's
1124 3466 78 29 claim

654 3510 59 34 fair,
728 3510 34 27 he
776 3510 33 27 be
824 3509 171 37 empowerod
1024 3513 27 22 to
1079 3518 53 26 pay
1158 3507 48 27 the

654 3554 111 23 amount
935 3548 159 29 —Carried.

755 3605 164 20 PROTECTION
933 3604 73 20 F»OM
1022 3604 91 20 FHoST.

751 3636 111 28 Pennell
878 3636 56 27 said
952 3634 31 28 he
999 3636 87 27 would
1102 3636 55 27 like
1177 3639 28 24 to

654 3679 75 28 draw
743 3679 45 27 the
802 3677 135 29 attention
960 3676 30 29 of
1012 3677 47 28 the
1084 3677 121 35 meeting

655 3724 27 21 to
696 3730 16 15 a
726 3722 99 23 matter
838 3717 28 27 of
886 3722 78 30 great
988 3717 167 37 importance
1178 3723 28 20 at

654 3759 46 28 the
715 3762 110 32 present
840 3758 73 27 time.
955 3756 120 29 0-tober
1090 3768 51 16 wis
1159 3757 47 27 the

656 3804 82 25 worst
752 3799 94 28 month
861 3799 42 28 for
917 3798 46 27 the
972 3797 143 32 frnitg-ow
1128 3808 32 16 >rs
1175 3801 28 23 to

656 3851 62 26 pass
732 3839 128 35 through,
875 3839 52 28 and
943 3851 28 14 as
987 3850 14 16 ;i
1016 3838 189 38 preveufrative

655 3882 108 31 against
776 3881 47 26 the
837 3881 68 26 frost
920 3879 99 31 killing
1042 3880 46 26 rhe
1112 3889 93 22 vonng

658 3922 63 27 fruit
735 3921 33 28 he
783 3931 53 18 was
848 3925 112 31 putting
975 3919 88 28 nieces
1079 3919 27 26 of
1124 3919 79 28 scrim

656 3961 109 28 overall
783 3961 40 28 his
838 3968 79 21 trees.
962 3960 38 27 He
1028 3960 51 27 hid
1094 3961 72 26 alrea
1178 3960 26 27 !v

656 4002 69 28 tried
759 4003 46 27 the
830 4001 170 28 exooriinent
1027 4012 32 16 on
1089 4013 10 14 a
1127 4000 75 27 small

656 4042 78 34 se;de,
750 4042 52 28 and
818 4041 50 28 had
885 4041 82 28 found
995 4041 18 26 if
1042 4041 73 27 work
1140 4051 65 26 very
1217 4039 1 38 j

655 4082 203 36 satisfactorily.

717 4124 32 27 he
763 4123 136 28 chairman
913 4131 53 18 was
976 4132 33 17 ex
1014 4128 6 14 f
1028 4122 99 27 rernelv
1141 4121 63 30 triad
1217 4114 1 44 |

656 4170 28 21 to
693 4165 65 26 hear
772 4163 41 28 Mr
829 4162 133 28 -'enm-ll's
977 4162 226 33 suggea.and
1217 4161 1 41 j

657 4205 118 31 thought
786 4204 18 26 it
819 4215 16 16 a
850 4207 98 24 matter
962 4203 28 27 of
1005 4214 54 16 s.mi
1073 4203 3 33 •
1093 4204 55 25 imo
1162 4208 44 20 .rt-
1217 4203 1 33 j

658 4256 64 15 an«v
738 4251 27 18 to
779 4244 32 26 all
829 4253 126 22 growers.
999 4243 82 27 Mmv
1101 4253 15 15 r>
1129 4243 77 26 muds
1217 4243 1 36 j

646 4281 1 40 I
659 4284 87 27 would
762 4283 139 28 doubtless
917 4283 33 27 be
962 4293 63 16 save
1037 4283 5 23 1
1059 4283 35 27 bv
1108 4291 7 17 t
1126 4283 80 33 tk'llg
1217 4281 1 40 j

646 4325 1 36 !
660 4326 52 25 this
727 4325 95 27 simnle
843 4325 154 36 precaution
1028 4331 106 25 against
1162 4325 45 26 the

646 4358 1 43 |
660 4365 76 27 frost.
779 4364 42 28 He
836 4365 87 26 would
945 4365 55 27 like
1023 4368 28 21 to
1152 4358 66 43 evi-j

646 4398 1 36 !
661 4406 83 26 d-rve
759 4406 35 26 bv
818 4410 66 22 next
906 4405 121 29 riveting
1053 4417 28 14 :i<
1108 4409 28 22 to
1163 4405 46 26 the

646 4446 1 35 j
661 4447 84 25 result
758 4446 28 26 of
801 4446 44 26 the
869 4446 159 26 -xneriment

762 4504 28 17 PR
794 4504 46 18 ACT
843 4504 23 18 IC
870 4503 29 19 AL
922 4504 47 17 SITO
972 4504 14 18 0
993 4504 11 17 S
1038 4504 25 17 TO
1066 4503 40 19 V-.

702 4537 39 26 Mr
753 4535 22 28 B
788 4541 97 22 'nnetts
896 4535 62 27 then
972 4535 81 28 :<sked
1072 4536 40 26 Mr
1125 4534 84 27 Prvor
1217 4534 1 29 ;

646 4576 1 36 |
661 4582 28 22 to
702 4577 112 26 address
838 4576 45 26 *]ie
908 4576 127 32 meeting,
1059 4576 42 27 ::id
1217 4576 1 36 j

646 4615 1 37 |
661 4618 33 27 !i°
710 4626 52 18 was
776 4626 64 17 verv
854 4615 110 37 pleased
979 4620 8 11 f
992 4627 14 14 o
1021 4626 42 15 <.u>
1079 4615 52 28 him
1217 4615 1 37 ,

646 4656 2 37 j
661 4666 68 18 <enr.
772 4656 41 27 Hi?
835 4656 86 27 would
938 4656 78 25 listen
1033 4661 26 19 to
1075 4657 52 25 him
1144 4656 61 25 with
1217 4656 1 37 j

646 4695 1 38 i
661 4697 131 33 pleasure,
808 4697 104 36 hoping
926 4704 27 19 to
968 4700 46 29 get
1036 4706 10 14 s
1058 4706 41 16 vr
1103 4706 6 8 1
1134 4706 18 20 g
1165 4695 41 28 >od
1217 4695 1 38 ;

646 4738 1 27 '
661 4738 100 27 advice.

646 4776 1 36 i
699 4778 42 27 Mr
763 4777 84 35 Pryor
868 4776 58 28 first
939 4776 141 34 cougratul
1093 4776 53 28 ited
1167 4777 40 28 M!r
1217 4776 1 36 .

646 4815 1 35 !
802 4826 33 18 On
850 4817 82 33 b'u'ng
943 4816 85 27 ehiote
1039 4817 5 24 1
1057 4817 100 26 chairm
1169 4827 35 18 in,
1217 4815 1 35 •

646 4854 1 53 |
658 4859 52 28 and
724 4859 57 28 also
790 4856 207 38 congratulated
1010 4857 45 28 the
1070 4867 14 16 c
1096 4867 33 18 mi
1144 4854 4 53 >
1159 4867 46 18 mv
1217 4854 1 53 j

646 4911 44 23 lon
705 4899 102 33 having
820 4899 43 26 Mr
875 4898 131 27 Bennetts
1057 4898 147 27 chairman.
1217 4898 1 36 \

661 4940 40 28 He
715 4938 88 29 would
817 4939 114 36 impress
955 4948 33 18 on
1018 4947 73 26 grow
1105 4947 31 18 r;
1160 4939 45 26 '"he
1217 4937 1 38 j

658 4984 76 29 great
749 4979 134 28 neeessitv
895 4978 40 25 for
946 4978 118 31 sending

646 5014 1 45 :
658 5026 73 24 ment
745 5023 77 26 notes
838 5019 64 29 with
925 5020 44 27 the
992 5018 76 29 fruit.
1113 5019 24 27 If
1161 5014 57 45 the)

655 5062 119 27 invoices
790 5071 69 17 were
872 5063 48 24 nit
943 5065 60 22 '-oat
1029 5059 20 27 it
1073 5069 54 17 was
1142 5069 65 21 v-->ry
1217 5059 1 35 j

646 5099 1 35 !
657 5102 115 29 difficult
786 5106 28 24 to
828 5100 86 30 check
937 5101 47 27 the
1009 5099 76 29 fruit.
1129 5102 36 26 As
1180 5106 27 22 to
1217 5099 1 35 j

646 5139 1 43 [
658 5144 45 26 the
717 5146 141 34 prospects
872 5141 29 27 of
920 5141 47 26 the
985 5149 94 18 season
1107 5141 21 26 it
1152 5151 54 16 was
1217 5139 1 43 j

646 5179 1 40 i
657 5183 98 28 almost
774 5180 158 39 impossible
955 5180 42 28 for
1016 5179 55 28 him
1086 5182 28 26 to
1129 5179 78 29 make
1217 5179 1 40 ,

646 5217 1 42 I
658 5234 53 25 any
725 5223 126 28 forecast.
892 5221 30 28 If
931 5221 44 27 the
990 5230 96 18 season
1101 5221 107 36 panned

659 5269 47 21 out
721 5263 59 26 well
795 5263 21 25 it.
830 5261 87 28 would
939 5264 54 24 test,
1006 5260 73 27 their
1091 5261 118 27 abilities

661 5308 27 23 to
699 5303 46 27 the
760 5304 110 26 utmost.
913 5300 50 28 His
978 5300 57 28 firm
1059 5299 87 29 would
1164 5305 45 23 not

663 5345 32 25 be
715 5343 86 27 found
828 5344 124 30 wanting
977 5342 29 26 in
1031 5341 124 36 capacity
1181 5345 28 23 to

663 5382 99 30 handle
786 5382 46 29 the
847 5381 67 30 fruit
927 5381 22 29 if
963 5381 46 29 the
1029 5391 65 27 crop
1119 5391 53 19 was
1195 5391 15 18 a

646 5415 2 46 I
663 5424 75 37 large
771 5433 59 18 one.
879 5422 45 28 Mr
955 5422 86 28 Prvor
1066 5422 87 35 spoke
1184 5426 27 22 at

647 5455 2 46 |
663 5463 98 38 length
784 5474 34 18 on
845 5462 47 29 the
915 5461 108 39 subject
1042 5461 29 29 of
1094 5461 117 29 suitable

666 5504 129 35 markets,
810 5515 34 17 on
859 5503 46 28 the
920 5502 118 39 disposal
1052 5502 28 28 of
1090 5502 76 34 fruit,
1178 5513 33 17 on

666 5545 46 27 the
738 5544 171 37 advantages
937 5546 29 24 to
992 5543 34 27 be
1052 5542 100 38 gained
1177 5542 37 37 by

666 5585 86 37 being
764 5584 136 29 members
911 5583 29 29 of
950 5583 47 29 the
1007 5593 144 28 company,
1160 5582 54 29 and

665 5635 36 18 on
715 5625 47 27 the
773 5624 107 38 sorting
892 5624 30 28 of
932 5633 75 18 cases
1016 5626 29 24 at
1058 5622 156 28 Lawrence.

669 5665 42 28 He
724 5664 114 38 pointed
859 5668 48 24 out
920 5663 60 29 that
993 5662 66 38 they
1073 5662 79 29 could
1167 5666 49 25 not

666 5705 49 29 sell
738 5705 47 29 the
797 5704 68 28 fruit
879 5704 36 37 by
929 5704 47 28 the
992 5713 70 24 case,
1077 5703 91 38 owing
1189 5706 28 26 to

1737 77 196 46 MOUHT
2021 79 226 44 BENGER
2334 73 144 44 MAIL

117 107 169 48 Friday,
323 101 166 41 October
508 97 57 44 15,
602 94 104 42 1897

777 5780 124 25 (Continued
916 5787 25 13 on
956 5779 77 21 Fourth
1051 5779 66 25 Pay\)

1623 183 149 56 Seeds.

1246 317 98 54 WE
1359 316 48 26 will
1423 315 28 26 be
1465 311 98 38 pleased
1584 318 25 21 to
1622 310 95 28 submit-
1729 319 48 18 sam-

1357 354 51 34 ples
1422 352 48 25 aud
1485 353 56 33 give
1555 350 146 37 quotations
1720 348 26 25 of
1764 346 29 26 all

1240 390 171 35 Agricultural
1431 390 77 27 Seeds
1523 398 35 18 we
1572 386 80 35 stock,
1675 385 28 28 of
1713 384 80 28 which

1238 430 41 25 the
1293 430 96 35 quality
1403 431 20 24 is
1438 430 40 24 the
1491 428 82 26 finest.

1275 515 167 42 Standard
1639 511 149 42 Manure.

1269 584 61 27 This
1344 584 138 27 celebrated
1496 584 107 25 Manure
1618 581 43 27 has
1673 589 32 18 no
1718 579 71 37 equal

1236 622 35 26 for
1284 622 106 37 qualify.
1429 623 22 26 It
1471 623 20 25 is
1513 620 52 27 rich
1586 621 25 26 in
1637 618 153 36 Phosphates

1235 661 47 24 and
1299 660 193 31 Ammonia,and
1504 661 20 24 is
1534 656 139 34 admirably
1683 655 105 34 adapted

1234 696 36 26 for
1283 704 53 18 root
1357 706 78 25 crops,
1456 706 69 26 grass
1546 694 79 33 lands,
1640 694 48 26 and
1708 693 81 25 wheat

1233 743 79 26 crops.

1267 783 256 26 Caution.—Other
1555 782 83 25 makes
1670 781 23 25 of
1721 779 67 26 Bone

1233 818 120 26 Manures
1367 829 40 15 are
1504 818 91 26 offered
1611 824 24 19 to
1650 817 101 26 farmers
1763 825 25 16 as

1232 858 40 23 ilih
1463 856 83 26 brand.
1587 856 82 25 When
1683 854 104 33 buying,

1231 894 71 26 insist
1318 903 30 17 on
1364 903 12 16 a
1400 899 136 28 guarantee
1562 892 75 35 being
1664 892 82 33 given,
1762 900 25 18 as

1232 932 105 25 without
1351 932 49 25 this
1416 931 76 26 brand
1513 940 63 16 none
1590 932 19 24 is
1623 931 118 34 genuine.

1411 1009 22 27 L
1451 1009 160 28 AWE'S

1230 1059 361 32 SUPERPHOSPHATE
1612 1059 47 30 OP
1680 1059 107 30 LIME.

1419 1122 183 28 CROSS'

1231 1173 357 32 SUPERPHOSPHATE
1611 1172 47 29 OF
1680 1171 106 29 LIME.

1268 1226 64 27 Roth
1345 1226 67 25 these
1425 1225 118 25 Manures
1553 1233 40 17 are
1605 1224 28 25 of
1638 1224 61 34 high
1711 1222 75 31 g;rrtde

1230 1264 156 38 quality,and
1398 1272 39 16 are
1449 1261 52 27 well
1514 1260 81 28 suited
1607 1261 36 26 for
1654 1269 119 26 encourag-

1230 1305 42 32 ing
1287 1303 39 25 thn
1340 1301 98 33 growth
1452 1300 24 26 of
1490 1299 31 27 all
1536 1305 54 21 root
1604 1308 78 25 crops.

1466 1364 34 18 ox
1520 1357 203 24 Application*.

1398 1426 150 30 PLANET
1574 1426 45 30 Jr.

1304 1478 109 30 FARM
1447 1475 263 31 IMPLEMENTS.

1269 1533 78 26 Write
1369 1541 27 16 or
1419 1531 45 26 call
1484 1529 37 27 for
1534 1529 44 27 full
1593 1527 148 37 particulars
1763 1526 28 26 of

1324 1569 111 26 valuable
1460 1568 167 34 implements,
1646 1566 78 25 which
1745 1574 41 16 are

1232 1610 24 25 iu
1268 1618 42 16 use
1322 1607 29 27 bv
1366 1607 40 26 the
1419 1604 167 28 thousandsin
1595 1604 60 26 New
1666 1601 117 28 Zealand.

1299 1684 117 30 FRUIT
1437 1682 131 36 TREES,
1589 1680 129 37 ROSES,

1233 1736 265 32 STRAWBERRY
1531 1733 159 35 PLANTS,
1724 1732 61 35 &c.,

1381 1785 35 29 Of
1437 1785 66 28 Best
1524 1783 120 36 Quality.

1473 1835 89 7 ________

1234 1867 282 59 NIMMOI
1541 1865 243 66 BLAIR,

1327 1944 94 29 SEED
1447 1940 246 31 MERCHANTS.

1435 1989 149 26 Dunkdin.

1235 2063 206 54 yiCTOKIA
1460 2060 144 31 LIVERY
1619 2056 169 33 STABLES

1320 2130 71 22 PEEL
1404 2129 112 25 STREET,
1532 2126 168 23 LAWRENCE.

1233 2199 34 42 T.
1296 2199 121 50 Dwyer
1463 2208 6 30 :
1517 2206 8 31 :
1581 2194 204 52 Proprietor,

1269 2286 58 28 The
1340 2295 66 27 very
1419 2285 61 27 best
1496 2282 129 37 Stabling
1642 2279 144 40 provided,

1232 2326 65 28 with
1311 2336 16 18 a
1341 2324 100 29 Groom
1455 2323 101 38 always
1570 2322 28 27 in
1612 2320 173 30 attendance.

1233 2420 24 26 A
1280 2418 160 28 Handsome
1465 2416 55 27 and
1548 2412 237 39 Well-appointed

1329 2476 154 36 Hearse
1507 2484 52 26 on
1589 2472 102 36 Hire.

1270 2569 156 29 First-class
1459 2567 94 38 Single
1588 2565 54 29 and
1677 2563 108 30 Double

1233 2611 139 37 Buggies;
1393 2610 66 32 also,
1474 2606 109 30 Ladies'
1597 2606 54 28 and
1673 2604 96 30 Gentle-

1232 2651 86 28 men's
1334 2649 101 29 Saddle
1449 2648 113 28 Horses.

1245 2752 150 26 TOOK
1458 2754 18 23 A
1513 2752 11 23 r
1586 2749 171 24 THIS!

1243 2768 35 46 Sj

1297 2832 101 23 B')OTS
1416 2836 35 19 for
1466 2834 40 20 the
1525 2831 80 26 Great,

1327 2876 70 24 fioo's
1417 2877 35 22 for
1476 2877 40 22 the
1531 2875 90 29 Small;

1297 2920 69 22 Uootn
1383 2919 34 23 for
1438 2919 40 22 the
1497 2917 79 29 Short,

1327 2965 70 21 Bunts
1416 2963 36 24 for
1470 2963 39 24 the
1529 2962 52 24 Tall
1598 2970 5 21 ;

1299 3011 69 21 Boots
1383 3010 35 21 for
1438 3011 39 21 (he
1497 3007 21 24 Y
1529 3015 63 23 'Ung,

1327 3050 71 20 Bjuta
1416 3054 36 15 ror
1468 3048 39 21 thrt
1527 3047 46 22 Old
1586 3054 5 19 ;

1350 3112 30 22 nd
1401 3109 100 24 BOOTS
1518 3109 45 24 and
1583 3108 103 25 SHOES

1447 3167 36 22 for
1499 3164 30 25 nil
1553 3173 13 16 a

1336 3231 40 36 H.
1428 3231 120 34 Bail
1563 3227 124 45 lie's,

1243 3308 115 28 OjjpoMte
1374 3302 160 26 Commercial
1555 3302 82 29 Hotel,
1658 3302 132 29 Roxburgh

1267 3422 51 23 SJfi'
1325 3419 73 24 Come
1415 3419 46 24 and
1481 3423 91 22 inspect
1584 3417 40 24 the
1642 3416 79 25 Stock.

1237 3530 34 52 J
1349 3529 49 37 H.
1463 3526 327 42 PEARSON,

1337 3593 67 21 ROSS
1419 3592 96 26 PLACE,
1529 3590 168 27 LAWRENCE,

1280 3637 265 34 CONTRACTOR,
1566 3634 181 35 BUILDER,

1488 3688 53 19 AND

1375 3717 275 30 UNDERTAKER.

1235 3796 145 26 Contracts
1395 3791 83 29 taken
1489 3791 43 28 for
1546 3790 138 29 Builders'
1705 3789 82 30 Work

1354 3834 28 28 of
1395 3843 81 28 every
1492 3831 176 39 description.

1296 3905 199 23 estimates
1527 3904 194 21 prepared.

1271 3968 25 26 A
1310 3964 195 30 well-assorted
1532 3964 86 28 Stock
1639 3963 29 29 of
1689 3962 82 29 Furni-

1235 4013 59 22 ture
1308 4008 100 28 always
1422 4017 34 17 on
1472 4005 81 28 hand.

1275 4047 129 27 Funerals
1415 4045 154 28 conducted
1583 4045 27 26 in
1622 4044 34 27 all
1671 4050 75 31 parts
1761 4043 29 28 of

1235 4088 45 28 the
1310 4087 121 28 District.
1474 4085 103 28 Hearse
1605 4083 134 39 provided
1769 4084 21 29 if

1235 4128 135 37 required.

1242 4208 88 48 CO
1344 4201 89 54 KB
1506 4203 51 53 &
1623 4200 166 57 CO.'S

1351 4280 86 21 TELEfi
1444 4280 76 20 RAPH
1548 4280 44 19 LIN
1593 4278 3 23 T
1600 4280 15 19 E
1642 4278 35 20 OF

1289 4321 125 28 ROYAL
1456 4320 76 29 iAEL
1555 4317 186 31 COACHES.

1440 4372 22 28 L
1472 4381 116 19 iwrenee

1279 4417 149 25 Beaumont
1557 4412 61 28 Moa
1634 4411 60 28 Flat

1275 4455 97 26 Teviot
1553 4452 158 28 Alexandra

1274 4495 85 26 Civile
1556 4492 143 28 Cromwell

1275 4535 70 27 Aito
1351 4541 49 20 wto
1405 4544 42 17 wll
1557 4532 108 35 Queens
1668 4537 71 21 town

1492 4575 20 25 A
1517 4584 14 16 n
1536 4573 16 27 d

1311 4622 56 28 ALII
1389 4621 197 28 Intermediate
1612 4619 105 28 Places.

1274 4702 77 29 Cobb
1365 4701 53 29 and
1444 4700 74 30 Co.'s
1541 4700 155 38 Telegraph
1724 4699 66 28 Line

1235 4744 28 28 of
1280 4744 5 26 1
1292 4743 70 36 loyal
1379 4742 63 28 Mail
1468 4742 121 28 Coaches
1613 4742 76 27 leave
1715 4740 57 28 Ltw-

1237 4795 78 17 renee
1334 4784 43 26 for
1400 4784 46 27 the
1469 4783 151 27 Beaumont
1640 4781 55 28 and
1718 4781 54 27 Rox-

1236 4826 89 35 burgh
1344 4833 81 28 every
1449 4823 69 34 dav;
1539 4823 53 27 and
1616 4823 75 27 leave
1719 4823 54 24 Kox-

1236 4865 89 38 burgii
1358 4865 43 27 for
1436 4864 164 34 Alexandra,
1635 4861 154 36 Cromwell,

1247 4911 169 28 u-rowtown,
1430 4905 54 27 and
1508 4905 181 35 Queenstown
1707 4912 81 27 every

1234 4946 135 36 Tuesday,
1395 4945 143 35 Thursday
1562 4944 55 28 and
1642 4942 148 37 Saturday,

1236 4986 130 38 reaching
1376 4985 182 37 Queenstown
1569 4985 47 27 the
1625 4993 74 19 same
1708 4992 66 18 even-

1237 5028 54 36 ing.
1337 5033 163 32 Passengers
1515 5026 75 28 leave
1609 5023 129 31 Dunedin
1755 5024 34 37 by

1236 5069 45 27 r,he
1296 5064 62 37 3.15
1372 5078 64 17 a.m.
1461 5075 89 26 trawi;
1571 5066 77 28 leave
1669 5064 104 36 Queens-

1237 5113 70 24 town
1323 5119 34 18 ou
1371 5118 74 19 same
1459 5108 68 38 days
1540 5112 28 24 at
1583 5108 15 28 5
1608 5116 74 26 a.m.,
1698 5105 77 29 reach-

1236 5149 49 37 ing
1299 5148 154 38 Roxburgh
1473 5158 27 17 ar.
1515 5149 15 27 3
1546 5158 76 26 p.m.,
1637 5146 55 28 and
1705 5155 72 19 arriv-

1237 5190 49 35 ing
1304 5195 29 22 at
1356 5188 147 28 Lawrence
1526 5194 28 21 at
1586 5189 58 26 1.-Vo
1667 5196 65 28 p.m.
1757 5195 35 19 on

1237 5229 142 37 following
1393 5228 78 35 days.

1277 5270 127 27 Diuiedi*
1429 5268 126 36 Booking
1572 5266 84 29 Office
1670 5267 43 26 for
1728 5265 49 27 Pas-

1239 5320 112 28 sengers
1365 5308 54 29 and
1435 5307 108 29 Parcels
1556 5319 6 16 :
1590 5306 68 29 N.Z.
1673 5305 122 38 Express

1240 5350 74 29 Co.'s
1330 5350 92 31 Office,
1437 5351 204 30 Manse-street,
1658 5346 137 27 Dunedin.

1278 5390 79 29 Head
1384 5388 100 31 Office:
1520 5387 173 34 Peel-street,
1718 5385 59 29 Law-

1230 5441 1 28 j
1242 5441 88 18 rence.

1377 5470 36 29 H.
1436 5467 118 32 CRAiG
1574 5476 23 20 <s
1619 5466 67 36 CO.,

1581 5513 180 37 Proprietors.

1815 171 1 60 :
1828 179 163 52 npEvioT
2052 171 323 36 dispensary.

1839 256 84 28 Blood
1938 254 115 29 Purifier
2069 252 115 37 (Spring
2196 247 164 35 Medicines}

1825 296 38 24 For
1873 297 95 27 Pimples,
1980 295 101 26 Blotches,
2099 292 62 27 Bjilsj
2180 292 35 19 &c.
2244 288 19 21 I*
2281 287 91 26 packets.

1899 337 86 28 Blood
2000 336 53 28 and
2072 334 85 28 Tonic
2170 331 131 33 Mixture,

2015 375 22 21 2*
2050 374 26 21 6d
2089 380 11 13 a
2114 371 71 22 bottle.

1898 416 156 38 Antiseptic
2074 412 88 32 Tooth
2177 409 123 33 Powder,

1822 458 131 25 Thoroughly
1966 457 88 20 cleanses
2064 454 36 21 the
2110 452 56 21 teeth
2175 450 40 21 aud
2225 452 98 18 sweotens
2334 449 36 20 the

1932 482 123 23 breath—6d
2063 481 40 21 and
2112 481 22 20 Is
2143 477 119 29 quantities.

1824 524 71 29 Cura
1908 522 93 36 Clava,
2016 533 15 17 a
2044 530 62 20 sure
2127 518 70 30 Cure
2216 515 44 30 for
2272 514 98 31 Corn*.

2041 563 20 18 Is
2076 560 81 21 bottles.

1846 591 69 24 Fancy
1924 589 76 26 Goods,
2011 587 87 22 suitable
2107 587 32 20 for
2147 584 90 24 presents
2245 582 40 22 and
2291 582 79 21 artistic

1820 619 125 21 decoration*
1955 611 4 31 ;
1973 617 126 25 Stationery,
2108 613 74 26 Books,
2193 611 57 26 Toys,
2258 611 98 24 Crockery-

1822 654 58 19 ware,
1894 646 112 24 Perfumes,
2016 644 93 25 Nursery
2119 641 39 21 and
2171 639 63 21 l'oilet
2246 639 120 27 Requisites,

1820 675 90 22 Trusses,
1923 674 86 23 Feeiting
2027 671 85 24 Bottles,
2263 666 40 20 and
2316 665 51 21 Hair

1822 701 93 24 Brushes,
1937 700 64 20 Horse
2023 697 117 23 Medicines,
2164 694 77 21 Buemi
2262 694 102 25 Syringes

1820 729 73 20 Patent
1911 727 116 21 Medicines.
2048 726 83 20 Rubber
2143 721 94 23 Solution
2256 720 32 21 for
2303 720 63 26 Tyres

1819 756 37 21 an-l
1898 755 55 22 Gum
1991 754 62 21 Boots
2062 760 5 18 ;
2082 752 63 21 Music
2154 752 22 18 *t
2187 749 33 20 Da
2229 755 18 14 ie
2254 748 28 20 Hn
2293 748 71 26 piice*.

1847 784 70 19 Wants
1926 782 97 21 attended
2034 785 21 16 to
2064 780 93 25 Suudays
2163 776 39 22 and
2209 776 53 20 after
2273 776 90 20 busiues<

1818 811 69 19 hours.

1943 836 30 29 F.
2016 830 232 35 JEFFEHY,

1819 883 132 25 CHEMIST,
1966 879 188 25 BOOKSELLER,
2168 875 201 26 TOBACCONIST,

1889 910 117 21 STM'ION
2007 903 2 28 t
2015 910 34 20 ER
2063 910 16 19 k
2094 906 80 22 NEWS
2194 903 102 23 AGENT.

1912 960 176 58 Record
2130 959 41 27 t>
2181 955 99 30 rign.

1964 1002 124 30 ECOKD
2129 984 2 48 ■
2133 984 42 28 ri
2178 995 102 32 EIGN.

1820 1084 70 30 'TO
1916 1084 99 30 enable
2040 1084 46 28 the
2114 1079 94 42 public
2232 1081 28 25 to
2286 1075 85 30 Dress

1903 1126 117 27 suitable
2030 1129 28 23 to
2070 1124 47 27 the
2128 1120 133 33 occasion,
2276 1119 13 26 I
2303 1119 68 26 have

1930 1173 182 31 REDUCED
2133 1169 134 31 PRICES

1818 1218 29 27 of
1861 1227 44 27 rny
1919 1216 77 35 large
2015 1215 54 27 and
2083 1212 93 29 varied
2300 1211 50 27 viz.
2364 1220 6 17 :

1893 1267 86 36 Suits,
1992 1267 38 29 £3
2048 1267 49 34 3s;
2119 1263 140 34 Trousers,
2280 1263 53 28 15s.

1892 1308 118 37 Factory
2025 1326 11 5 -
2050 1307 80 28 made
2173 1303 83 35 &iits,
2298 1305 72 32 219;

1975 1354 5 20 I
1990 1357 116 25 rousers,
2121 1347 31 27 6s
2166 1341 44 32 Gl£

1844 1399 71 36 Ties,
1931 1399 81 39 Caps,
2028 1399 109 33 Braces,
2152 1397 48 30 &c.
2204 1418 7 14 y
2226 1395 34 28 6d
2275 1394 75 29 each.

1818 1441 77 27 Hard
1910 1441 56 27 and
1981 1441 61 27 Soft
2057 1440 61 27 Felt
2142 1443 76 28 liats,
2246 1438 27 26 Is
2294 1434 76 29 each.

1837 1519 37 22 RE
1877 1518 87 22 DUCT'
1976 1519 7 11 A
1985 1517 35 22 NS
2036 1517 30 21 IN
2082 1517 54 23 ALL
2149 1514 96 24 OTHER
2258 1512 89 23 LINES.

1914 1583 39 41 E,
2000 1582 43 41 A,
2091 1582 28 33 H
2138 1578 138 50 ART,

1815 1641 106 22 TAILOR
1943 1642 16 20 k
1981 1637 199 25 GENTLEMEN'S
2204 1635 167 23 OUTFITTER.

1872 1681 261 31 ScOTLANP-STREET,
2155 1677 161 28 ROXBURGH.

1819 1779 54 27 If
1895 1780 25 27 R
1980 1773 392 34 FINLAYSON,

1901 1828 161 23 BARRISTER
2076 1827 61 21 AND
2151 1824 155 25 SOLICITOR,

2015 1874 164 33 Lawrence,

1819 1945 66 30 Will
1912 1942 96 30 attend
2034 1942 47 28 the
2101 1938 152 39 Roxburgh
2277 1937 94 29 Court.

1820 2102 100 37 Money
1930 2103 28 25 to
1968 2098 77 29 Lena
2055 2108 34 18 on
2100 2095 135 30 Freehold
2247 2093 125 38 Security

2136 2236 237 66 fyJ-ALONE,

1904 2397 172 38 General
2112 2396 171 40 Grocer,

1843 2539 498 37 SCOTLAND-STREET,

1983 2690 223 32 ROXBURGH.

1821 2804 214 52 HUGH
2110 2797 259 41 BRUCE,

1912 2869 198 31 BOARDING
2140 2865 139 35 HOUSE,

1848 2922 316 31 WHITKHAVBN'-sTKEST,
2188 2918 151 27 LaWRKNCK

1884 2968 143 40 (Opposite
2046 2966 113 31 Kii-lisk
2174 2964 129 35 Ciuirch.)

1832 3060 80 21 FIRST
1930 3059 84 20 CLASS
2039 3058 58 20 AO'J-
2105 3055 156 26 >.\l.VJOi>\Tl»'
2268 3055 14 17 N
2307 3055 54 19 FOR

1907 3086 57 21 THE
1981 3084 181 22 rUAV.-IJiNG
2180 3083 108 19 I'JtfblO.

1868 3171 76 28 Good
1969 3169 130 34 Stabling
2124 3166 52 28 and
2201 3165 126 28 Paddock

1971 3207 253 32 Accoiunindarion.

1907 3292 166 27 —Changes
2096 3290 44 26 M<»
2143 3297 16 19 L>
2162 3297 64 19 KKAT
2229 3296 14 18 E
2248 3290 3 29 .

1835 3455 186 30 UILLEIIS
2087 3454 94 28 flat
2239 3451 135 34 hotel,

1987 3607 120 22 MILLERS
2133 3606 78 22 FLAT.

1859 3876 30 28 P.
1913 3875 106 28 Laffey

2169 3872 166 39 Proprietor.

1825 4031 252 29 DISSOLUTION
2107 4030 40 27 Ob
2148 4029 5 11 1
2184 4027 166 30 PARTNER-

2051 4083 101 30 SHIP.

1820 4167 167 40 JOHNS
2040 4165 33 38 &
2120 4160 250 45 M'COMBE,

1961 4226 158 27 MILLEKS
2139 4225 96 27 FLAT.

1832 4310 174 46 [TAVLnG
2021 4310 152 29 Purchased
2186 4311 45 28 the
2246 4309 18 28 13
2276 4309 95 28 isiness

1834 4357 8 10 1
1918 4354 29 27 of
1972 4353 46 27 the
2045 4352 58 27 firm
2134 4353 30 26 of
2194 4351 91 28 John's
2318 4357 53 18 an*d

1826 4393 145 36 M'Combis,
1986 4393 21 28 it
2022 4392 52 27 will
2100 4393 31 26 be
2155 4392 80 28 taken
2258 4399 66 20 over
2343 4399 28 16 ;u

1824 4436 69 27 from
1908 4435 46 27 the
1973 4433 62 29 lsth
2049 4433 63 33 itist,
2129 4433 54 28 and
2208 4431 50 29 will
2275 4432 80 26 hence-

1825 4474 115 28 forward
1968 4475 33 26 be
2028 4473 104 28 carried
2152 4483 32 16 on
2214 4471 87 28 under
2326 4471 46 25 the

1825 4523 78 18 name
1916 4513 29 28 of
1996 4513 28 26 E.
2040 4511 96 28 JOHN

1860 4553 45 28 All
1940 4558 129 23 accounts
2107 4552 92 37 owing
2231 4553 72 25 must
2339 4548 34 29 be

1823 4594 99 28 settled
1942 4598 29 23 at
1991 4602 76 19 once.

1973 4650 33 28 E.
2045 4649 97 29 JOII
2157 4649 70 34 NS,

1835 4698 115 22 GROCER
1965 4699 61 20 AND
2044 4697 135 21 GENERAL
2195 4695 164 22 MERCHANT.

2023 4762 153 22 AGENCIhN:

1825 4804 173 28 Manchester
2013 4803 61 27 Fire
2091 4802 144 28 Insurance
2252 4800 47 30 Co.

1823 4844 157 29 Australian
1992 4842 106 29 Mutual
2106 4842 147 28 Provident
2263 4840 110 37 Society

1830 4943 122 54 vVM.
1984 4940 130 53 KIN
2122 4939 249 66 ASTON,

1885 5017 243 46 Hermitage
2166 5014 142 43 Street,

1997 5077 223 32 Roxburgh,

1825 5141 237 35 Carpenter,
2092 5138 171 30 builder

1826 5217 5 4 .
1854 5216 6 5 .
1883 5216 5 6 .
1913 5216 5 6 .
1941 5191 164 30 PICTURE
2134 5190 167 36 FRAMER,
2325 5198 55 20 AND

1970 5243 265 41 Undertaker,

1827 5329 108 28 Picture
1949 5327 171 38 Mouldings,
2134 5326 117 34 Glasses,
2273 5327 107 36 Paints,

1893 5368 55 28 and
1974 5368 228 37 Paperhangings
2227 5369 28 26 of
2275 5368 35 29 all

1938 5408 182 39 descriptions
2134 5409 28 28 in
2180 5408 87 30 stock.

1830 5459 100 30 Orders
1944 5460 85 29 taken
2052 5461 43 28 for
2116 5459 98 40 supply
2228 5461 28 28 of
2268 5461 113 30 Timber

1971 5501 28 28 in
2013 5511 54 27 any
2081 5499 157 40 quantities.

1828 5583 88 31 W.K.
1930 5583 105 39 having
2055 5584 114 30 secured
2188 5594 16 18 a
2225 5583 156 32 First-class

1990 5649 234 44 HEARSE,

1830 5713 24 29 is
1868 5711 134 41 prepared
2016 5714 28 25 to
2064 5712 119 27 conduct
2204 5710 131 33 Funerals
2354 5714 27 28 in

1932 5752 35 29 all
1981 5755 75 33 parts
2069 5752 29 29 of
2113 5752 46 29 the
2173 5751 116 33 district.

1247 5587 268 36 VOUNGMEN,
1537 5587 77 29 write
1641 5589 29 25 to
1695 5595 43 19 me
1759 5585 42 29 for

1259 5621 27 21 -*■
1337 5629 126 29 valuable
1475 5628 57 27 free
1544 5627 77 27 Book
1633 5626 168 37 concerning

1246 5670 165 33 yourselves.
1467 5667 142 29 Professor
1648 5665 153 35 Hermann,

1248 5710 155 40 Specialist,
1430 5709 35 29 40
1501 5707 204 40 Collins-place,
1732 5705 52 30 Mel-

1248 5753 112 24 bourne.

2749 184 439 62 DJMANTIDE

2628 289 104 32 WAIT
2758 287 75 32 FOR
2856 286 53 32 NO
2935 283 369 40 MAN.—(Shakesphbre.)

2576 383 95 31 before
2684 384 28 28 in
2726 383 47 29 tke
2786 383 106 37 history
2905 381 29 30 of
2948 381 47 28 the
3019 379 123 30 author's
3156 378 139 29 residence
3316 377 28 29 in
3367 376 91 38 Qtago
3477 374 50 29 has

2491 427 67 29 such
2571 438 16 17 a
2599 426 107 39 variety
2719 426 29 28 of
2758 424 70 38 style
2842 424 69 28 been
2925 421 103 31 offered
3042 425 29 26 to
3083 433 16 18 a
3113 419 219 39 discriminating
3344 416 98 41 people
3455 426 30 20 as
3504 415 24 31 is

2400 476 60 19 now
2475 467 135 36 showing.

2475 506 123 30 Colonial
2619 505 53 30 and
2699 503 176 31 Continental
2900 502 100 39 Sheep,
3018 501 117 39 Foreign
3159 499 170 35 Silkworms,
3356 498 47 28 the
3424 496 102 31 Cotton

2401 547 92 29 Fields
2506 548 29 28 of
2549 547 130 37 England
2693 546 53 28 and
2761 545 129 29 America
2901 544 70 28 have
2996 543 69 28 been
3089 540 125 39 stripped
3236 541 43 28 for
3292 539 47 29 the
3358 548 119 29 purpose
3500 536 28 30 of

2399 588 191 37 contributing
2601 592 28 24 to
2643 587 47 28 the
2704 586 75 28 show
2794 585 88 28 which
2897 584 47 28 the
2958 582 182 38 Advertising
3153 581 109 28 Author
3274 581 50 26 has
3339 579 47 28 the
3394 578 133 38 privilege

2399 629 29 28 of
2448 628 162 40 presenting
2624 632 28 24 to
2666 626 36 29 all
2716 626 54 28 and
2785 625 114 37 sundry.

2474 668 188 34 Dress-stuffs,
2678 667 150 34 Shirtings,
2841 663 199 34 Flannelettes,
3050 662 98 38 Poplin
3157 661 124 35 Lustres,
3290 660 102 35 Prints,
3404 658 124 35 Sateens,

2400 706 126 38 Muslins,
2542 707 49 29 Gal
2595 719 14 17 a
2612 711 67 31 teas,
2695 706 81 34 Hats,
2790 703 170 37 Trimmings
2975 705 40 34 (as
3029 702 95 34 Laces,
3150 701 130 34 Flowers,
3302 699 150 37 Ribbons),
3475 698 55 28 and

2399 759 67 19 —as
2480 749 46 29 the
2540 749 66 28 door
2621 758 99 29 swung
2733 756 80 29 open,
2828 746 73 27 what
2915 745 36 28 do
2965 753 54 28 you
3033 743 81 28 think
3128 752 40 17 we
3182 752 94 18 saw—

2739 798 48 35 {To
2802 798 34 28 be
2849 795 148 30 continued
3010 796 28 27 in
3052 805 49 18 our
3114 795 87 35 next.)

2831 863 468 77 WIMMWT

2547 976 102 30 CASH
2670 974 163 35 DRAPER,
2855 973 203 35 CLOTHIKR,
3078 971 82 29 „ND
3180 969 209 31 IMPORTER.

2781 1027 71 27 Rosa
2875 1026 94 33 Place,
2989 1025 164 28 Lawrencr.

2917 1220 143 28 TAILOR
3088 1219 82 27 AND
3201 1218 161 28 lIA'iTER.

2792 1302 41 20 AM
2846 1300 158 25 acknowledged
3020 1302 21 17 to
3055 1298 25 21 be
3093 1298 73 21 second
3180 1300 21 18 to
3215 1304 52 14 none
3281 1297 32 21 for

2789 1361 119 29 STYLE

2936 1397 191 39 QUALITY!

3106 1437 314 31 WORKMANSHIP!

2926 1559 156 22 PRESIDENTS
3108 1558 36 21 OF
3171 1556 187 22 ROXBURGH-

2749 1589 80 26 Kindly
2841 1595 68 14 remen
2918 1588 35 20 her
2968 1588 45 19 that
3022 1587 66 24 owing
3102 1588 21 18 to
3133 1592 34 19 iny
3177 1586 99 19 immense
3285 1585 130 24 assoitment,
3426 1583 35 21 the
3471 1583 60 21 Show

2799 1618 20 19 iu
2831 1616 35 21 the
2878 1615 104 21 Windows
2992 1615 16 19 is
3018 1614 48 26 only
3076 1620 11 13 a
3097 1620 47 18 very
3154 1613 59 19 small
3224 1615 46 22 part
3276 1611 22 20 of
3307 1618 33 19 my
3351 1611 129 21 Exhibition.

2801 1684 111 25 Intending
2921 1683 117 20 Customers
3050 1682 39 19 will
3101 1681 41 20 find
3151 1681 45 20 that
3206 1681 9 19 I
3226 1681 51 19 hsve
3288 1679 59 21 madu
3354 1679 36 21 the
3396 1679 65 20 inside
3467 1678 21 21 of
3495 1685 34 19 my

2748 1712 161 22 Establishment
2928 1710 106 27 especially
3053 1712 66 17 at'rac
3131 1709 39 26 ive,
3187 1708 40 21 and
3245 1706 103 23 earnestly
3363 1707 64 21 invite
3444 1712 41 21 yeu
3507 1707 22 19 to

2749 1746 84 15 saunter
2848 1739 87 25 through
2954 1739 34 19 the
3008 1738 80 19 various
3106 1737 145 26 Departments
3266 1735 40 21 and
3321 1735 82 26 Inspect
3413 1734 36 21 the
3459 1734 70 21 Latest

2750 1768 104 21 Fashions.

2787 1834 183 29 OPPOSITE
2993 1830 107 32 BANK
3124 1831 47 29 OF
3193 1829 89 30 NEW
3302 1829 190 36 ZEALAND,

3073 1872 161 28 Lawrence.

2508 2094 41 16 JW

3227 2069 11 29 i
3254 2067 60 33 I'll
3326 2078 15 18 »

2576 2149 76 28 BEG
2678 2148 48 28 TO
2751 2144 216 31 ANNOUNCE
2991 2144 103 27 THAT
3118 2142 106 29 THEY
3250 2141 108 29 HAVE

2431 2224 448 59 PURCHASED
2918 2221 152 56 THE
3102 2218 400 56 GOODWILL

2699 2333 69 19 —OP
2792 2331 53 20 THE
2872 2319 190 32 BUSINESS
3089 2327 32 20 OP
3146 2328 52 18 THE
3200 2335 36 5 —

2521 2404 262 52 Mutual
2815 2403 261 59 Agency
3271 2396 153 62 M.,

2438 2509 139 38 Together
2591 2507 66 29 with
2671 2506 71 29 their
2766 2503 225 35 BCILDLNGS,
3012 2502 89 28 which
3114 2500 54 29 will
3182 2500 160 29 henceforth
3356 2511 36 27 go
3406 2498 88 30 under

2877 2545 47 27 the
2939 2554 78 17 name
3031 2543 29 28 of

2406 2625 655 94 DALGETY'S
3102 2622 424 87 STORE.

2479 2838 85 27 These
2588 2835 95 28 Stores
2705 2843 46 17 are
2774 2836 129 32 amongst
2925 2832 47 27 the
2995 2831 117 36 Largest
3133 2829 54 28 and
3209 2829 220 38 Best-equipped
3442 2829 27 28 in
3484 2828 46 29 the

2402 2878 114 38 Oniony,
2530 2876 55 29 and
2608 2885 51 18 our
2682 2873 105 29 friends
2809 2883 62 28 may
2895 2871 138 29 therefore
3056 2869 57 38 rely
3136 2879 72 28 upon
3233 2869 71 28 their
3324 2869 207 39 consignments

2610 2922 27 22 to
2653 2916 46 27 the
2716 2916 60 26 best
2790 2914 157 36 advantage
2960 2912 78 28 when
3053 2911 119 38 exposed
3186 2909 45 29 for
3243 2909 64 30 sale.

2421 3067 120 30 Auotion
2556 3066 76 28 Sales
2646 3066 30 27 of
2690 3062 179 38 Sheepskins,
2885 3061 191 34 Kabbitskins,
3090 3060 97 36 Hides,
3201 3060 112 35 Tallow,
3325 3060 60 35 &c.,
3396 3060 116 39 weekly.

2634 3213 75 30 Send
2735 3212 44 29 for
2804 3222 50 19 our
2881 3211 105 29 Advice
3008 3210 87 30 Notes
3121 3210 54 29 and
3200 3210 110 29 Labels.

2713 3549 264 60 fiOQKRi

2707 3609 268 70 mmppi

2671 3822 36 30 IS
2735 3819 214 30 ANNUALLY
2977 3817 102 32 USED
3107 3812 104 33 UPON
3240 3812 23 28 A.

2405 3902 349 66 QUARTER
2772 3915 35 23 <*
2863 3916 15 21 E
2893 3895 237 58 SHEEP
3147 3908 103 24 ™™
3276 3885 250 58 WORLD

2440 4020 59 29 ITS
2520 4017 234 30 BENEFICIAL
2779 4015 165 30 EFFECTS
2966 4012 79 29 AND
3067 4009 162 30 LASTING
3253 3998 234 37 PROPERTIES

2808 4071 18 24 A
2836 4066 97 29 LONE
2964 4065 22 27 M
3002 4062 70 29 VKE
3100 4062 36 28 IT

2405 4131 151 55 THE
2598 4130 151 54 CUE
3154 4118 169 63 WE-VLL
3343 4112 185 57 DIPS.

2474 4235 174 26 PROCURABLE
2677 4240 69 19 FROM

2892 4265 102 29 .JOHN
3030 4260 4 36 (
3049 4261 192 35 HOMFSON,
3267 4260 154 29 Lawrence,

2819 4320 57 28 And
2902 4320 68 28 from
2996 4318 31 27 all
3055 4316 85 28 Stock
3163 4314 54 29 and
3243 4311 105 30 Station
3373 4309 119 36 Agents.

2450 4402 174 45 Murray,
2653 4401 173 35 Roberts
2861 4397 78 36 and
2974 4395 87 42 Go.,
3096 4400 81 29 Chief
3205 4400 104 31 Agents
3331 4394 43 28 for
3398 4391 97 28 Ot-a.ro.

2636 4689 53 52 \\\\
2697 4689 22 52 ■i
2726 4703 11 38 j

2543 4725 4 30 :
2548 4725 80 29 /\\\
2653 4739 35 15 UV
2695 4736 23 18 If'
2725 4734 50 21 •i/s'*
2782 4737 5 6 '
2816 4729 39 24 %v
2864 4732 32 18 v©

2555 4770 25 19 \
2596 4762 14 15 X
2610 4762 42 27 W
2839 4762 34 27 V*•
2893 4762 3 27 •

2582 4934 29 31 /
2626 4934 67 31 /!\\
2722 4935 65 30 W\
2823 4938 41 27 /J

2514 4939 160 77 %c//\
2873 4971 10 45 \
2947 4978 9 32 \
2979 4983 8 17 S
2987 4954 7 62 J

2700 5010 7 27 \

3236 4882 148 63 Mv

2481 5044 3 31 .
2807 5044 3 31 ;
2861 5056 6 15 *
2897 5057 97 18 LADY'S'
3006 5056 38 16 £>A!
3055 5057 47 15 C.TY
3116 5056 6 13 *
3137 5052 14 19 f
3160 5044 50 27 s£&

2744 5109 40 52 R
2815 5123 14 37 \
2857 5108 128 54 Pih
3040 5101 378 60 BiCYCL.E'r

2412 5214 59 58 ST.
2486 5211 115 24 GEORGE
2617 5207 204 24 ENGINEERING
2834 5207 50 25 CO.,
2900 5207 101 25 Limited,
3015 5213 35 13 are
3059 5205 34 21 the
3105 5204 79 22 Mikers
3193 5203 22 22 of
3224 5202 35 22 ths
3269 5202 47 26 only
3328 5202 80 26 Bicycle
3417 5202 114 33 possessing

2473 5242 21 21 in
2504 5241 69 26 happy
2582 5238 137 22 combination
2732 5238 34 20 tiie
2777 5241 111 22 pertecciou
2900 5235 21 20 of
2928 5240 57 15 ttiose
2991 5234 95 27 qualities
3093 5237 52 17 most
3152 5232 83 21 coveted
3242 5232 26 25 by
3276 5230 134 27 experienced
3419 5231 112 26 Cyclists—

2580 5272 197 28 STABILITY
2799 5270 7 28 I
2883 5268 141 29 SPEED!
3104 5264 240 31 DURABILITY
3360 5265 5 27 !

2457 5315 48 21 This
2516 5313 42 22 fact
2566 5313 37 20 has
2612 5312 81 20 become
2702 5310 103 29 generally
2817 5307 113 27 recognised
2941 5308 20 19 in
2971 5307 105 26 Tuapeka,
3086 5306 39 20 and
3136 5306 20 19 in
3166 5312 48 13 cons
3226 5310 78 21 qaencn
3320 5304 10 19 I
3344 5310 33 14 am
3392 5303 54 26 daily
3457 5304 72 25 selling

2407 5343 58 22 these
2474 5341 105 23 Machines
2589 5343 22 17 to
2622 5339 87 26 Cyclists
2719 5338 45 21 who
2773 5338 51 20 have
2834 5336 49 21 been
2893 5335 142 27 disappointed
3046 5335 25 22 by
3081 5334 60 20 other
3151 5332 75 25 makes,
3239 5332 39 20 and
3290 5331 45 20 who
3344 5338 33 13 are
3384 5331 52 26 glad,
3448 5331 83 27 indeed,

2408 5371 31 21 for
2448 5378 33 13 me
2491 5374 20 16 to
2523 5369 57 20 make
2589 5367 58 20 them
2655 5373 24 13 an
2690 5366 109 20 allowance
2809 5365 30 19 for
2851 5364 53 19 their
2915 5362 104 21 discarded
3031 5364 82 17 mounts

2408 5411 55 36 As
2476 5409 92 36 Part
2580 5406 192 45 Payment
2781 5402 64 37 for
2856 5412 22 27 a
2892 5400 185 37 Machine
3086 5399 91 45 they
3189 5409 77 26 can
3282 5397 166 46 Depend
3463 5407 67 27 on.

2463 5497 65 21 Those
2538 5495 45 20 who
2592 5501 33 14 are
2637 5498 35 15 not
2685 5493 21 20 in
2715 5499 11 13 a
2737 5492 87 26 position
2834 5491 21 19 to
2866 5489 99 26 purchase
2975 5495 38 13 one
3022 5487 21 21 of
3053 5487 56 21 these
3119 5486 53 21 ideal
3182 5485 68 21 steeds
3259 5492 37 14 can
3306 5484 70 21 obtain
3387 5483 52 22 from
3452 5491 31 15 me

2529 5524 69 28 New
2620 5531 55 19 and
2701 5521 198 29 Second-hand
2927 5517 130 29 Bicycles
3080 5515 28 29 of
3132 5524 82 24 every
3237 5513 177 37 description.

2627 5571 454 87 CHARLES~Si
3103 5593 211 66 OKES,

2567 5677 216 35 MERCHANT
2815 5675 151 37 TAILOR,
2992 5675 70 29 Ross
3094 5672 97 36 Place,
3217 5671 160 30 Lawrence.

2817 5730 94 39 Agent
2937 5729 43 28 for
3005 5726 139 38 Tuapeka.

2398 5764 4 38 [
2463 5777 123 25 Catalogues
2600 5781 25 15 ob
2641 5772 139 29 Applieatioa.
3059 5766 66 22 When
3137 5764 100 28 Ordering
3250 5764 92 23 MentUn
3357 5764 42 22 this
3412 5764 76 24 Paver,

3558 189 255 48 Speargrass
3847 187 92 39 Flat
3976 180 129 46 Hotel,

3658 253 102 29 BALD
3782 251 93 29 HILL
3899 249 110 30 FLAT.

3558 335 90 24 JAMES
3659 335 152 23 FALCONER

3962 332 140 22 Proprietor

3559 405 99 30 HTHE
3670 404 87 30 above
3772 402 84 31 Hotel
3868 401 55 31 will
3937 401 34 30 be
3984 398 88 32 found
4091 408 17 20 a

3641 450 72 25 most
3739 444 179 30 comfortable
3947 442 55 30 aud
4032 440 60 30 well-

3558 486 150 41 appointed
3720 486 95 28 House
3829 486 37 36 by
3889 483 151 29 Travellers
4053 481 55 28 and

3558 530 47 28 the
3617 527 93 40 public
3724 525 150 40 generally.
3914 524 117 28 Patrons
4044 524 68 35 may'

3559 569 56 37 rely
3629 579 35 17 on
3678 577 82 27 every
3777 566 136 29 attention
3928 565 84 36 being
4024 563 84 38 given

3559 613 27 26 to
3597 608 72 30 their
3681 606 127 31 comfort.

3558 684 45 27 An
3616 682 158 28 Excellent
3787 679 88 29 Table
3889 679 117 28 Always
4021 676 87 29 Kept.

3621 755 71 39 Only
3708 754 46 29 the
3768 754 67 28 Best
3848 752 117 40 Liquors
3978 750 77 40 Kept

3763 795 30 28 in
3807 794 96 28 Stock.

3562 848 156 31 First-class
3732 847 137 38 Stabling,
3884 846 67 29 with
3967 844 101 31 Groom
4081 844 29 28 in

3751 888 174 29 attendance.

3561 980 279 58 RAILWAY
3915 976 196 37 HOTEL,

3651 1051 67 20 RO3S
3736 1048 97 26 PLACE,
3855 1044 168 24 LAWRENCE.

3560 1119 158 43 Joseph
3744 1117 104 40 Cox,
3875 1111 235 47 Proprietor

3595 1206 19 28 J
3627 1204 30 30 C.
3672 1205 69 38 begs
3762 1206 27 26 to
3803 1203 125 27 intimate
3942 1200 60 29 that
4014 1199 35 29 he
4062 1198 50 29 has

3559 1244 153 40 purchased
3743 1244 47 28 the
3822 1243 86 27 above
3934 1239 178 30 well-known

3560 1285 140 38 Hostelry,
3709 1283 53 29 and
3779 1283 92 38 hopes,
3881 1282 37 37 by
3928 1280 79 29 strict
4020 1283 75 26 atten-

3560 1328 57 26 tion
3631 1330 28 24 to
3672 1326 47 27 the
3729 1323 116 29 comfort
3854 1323 28 28 of
3895 1321 153 29 Travellers
4056 1319 55 29 and
4126 1329 11 13 «

3560 1366 47 28 the
3620 1364 93 40 public
3726 1362 150 39 generally,
3889 1364 28 25 to
3932 1363 73 26 meet
4016 1359 67 28 with
4096 1369 17 17 a

3560 1406 52 28 fair
3625 1406 79 28 share
3716 1404 29 28 of
3758 1408 161 33 patronage.

3598 1445 59 29 The
3680 1444 121 37 Railway
3823 1443 24 27 is
3869 1451 51 19 one
3934 1440 29 28 of
3976 1439 47 29 the
4035 1439 61 29 best-

3560 1484 149 37 appointed
3721 1482 98 28 Hotels
3828 1481 108 28 outside
3943 1479 30 28 of
3984 1478 129 27 Dunedin

3561 1523 98 31 Under
3670 1521 86 32 J.C.'s
3771 1522 202 37 management,
3983 1517 47 30 the
4038 1526 56 21 com-

3560 1566 56 28 fort
3629 1564 29 30 of
3666 1570 112 33 patrons
3787 1562 54 28 will
3851 1563 35 27 be
3897 1560 79 30 made
3986 1570 16 18 a
4012 1558 101 39 special

3560 1606 114 33 feature,
3687 1604 55 28 and
3755 1613 39 18 no
3803 1603 82 29 effort
3895 1601 54 30 will
3965 1601 34 28 be
4013 1598 99 39 spared

3560 1651 27 25 to
3601 1646 64 39 give
3678 1653 83 29 every
3774 1641 180 36 satisfaction.

3559 1719 57 30 The
3629 1719 62 30 best
3704 1716 103 31 brands
3820 1716 30 30 of
3870 1712 105 39 Wines,
4000 1712 110 41 Spirits,

3595 1760 54 28 and
3664 1759 66 29 Ales
3742 1758 101 38 always
3863 1757 67 38 kept
3942 1756 29 28 in
3984 1754 89 30 stock.

3560 1833 127 37 Simpson
3700 1831 55 29 and
3769 1829 97 30 Hart's
3880 1829 65 29 Ales
3958 1828 102 37 always
4073 1836 35 19 on

3804 1870 69 37 Tap.

3558 1947 157 29 First-class
3727 1944 129 39 Stabling
3869 1940 244 32 Accommodation

3889 2022 224 43 HOTEL'

3652 2090 68 21 ROSS
3733 2088 96 26 PLACE,
3845 2085 167 23 LAWRENCE.

3558 2158 33 29 R.
3612 2157 111 29 WEBB
3929 2154 179 28 Profbietob.

3594 2237 58 29 The
3705 2236 122 29 Masonic
3883 2232 101 31 affords
4005 2231 37 29 all
4061 2231 48 29 the

3557 2278 130 29 comforts
3700 2278 29 28 of
3741 2288 16 18 a
3770 2277 89 34 home,
3869 2274 55 30 and
3937 2274 23 29 is
3974 2271 132 41 provided

3557 2318 66 28 with
3636 2318 47 28 the
3704 2326 66 28 very
3789 2317 62 27 best
3865 2313 243 30 Accommodation

3556 2358 44 29 for
3624 2356 161 31 Travellers.
3824 2352 157 32 First-class
4013 2351 94 30 Table.

3558 2399 66 30 Best
3643 2398 96 29 Wines
3761 2397 54 30 and
3837 2396 100 40 Spirits
3958 2393 101 40 always
4078 2392 30 30 in

3558 2439 87 28 stock.

3678 2505 132 22 CHARGES
3828 2502 159 23 MODERATE.

3592 2560 59 29 The
3675 2560 157 38 Proprietor
3857 2559 98 28 wishes
3980 2561 29 25 to
4031 2557 75 29 draw

3558 2601 108 40 Special
3690 2600 134 30 attention
3849 2603 28 26 to
3904 2598 47 30 the
3977 2596 130 40 Stabling

3558 2641 243 30 Accommodation
3820 2640 141 39 provided,
3974 2638 90 28 which
4083 2639 23 27 i
4132 2638 26 41 9

3558 2682 152 36 unlimited,
3723 2681 54 30 and
3790 2681 29 29 of
3831 2681 47 29 the
3891 2681 60 28 best
3966 2678 77 31 kind.

3565 2768 289 60 yiCTORIA
3928 2765 180 31 HOTEL,

3647 2838 69 21 PEEL
3729 2837 111 25 STREET,
3856 2835 167 22 LAWRENCE.

3583 2931 168 36 Ronald
3781 2927 308 41 Montgomery..

3749 2987 179 28 Proprietor.

3560 3081 59 29 One
3642 3080 29 29 of
3691 3080 48 28 the
3759 3082 71 25 most
3855 3077 181 30 comfortable
4056 3077 56 28 and

3586 3119 229 32 best-conducted
3830 3118 152 30 Hostelries
3993 3128 35 19 on
4040 3118 45 29 the

3709 3161 89 37 Otago
3812 3159 159 30 GroldHelds.

3662 3254 56 22 HOT
3741 3254 61 21 AND
3822 3252 74 23 COLD
3915 3251 98 22 BATHS,

3588 3322 108 29 Sample
3832 3328 50 20 for
3901 3319 182 29 Travellers.

3560 3403 166 38 Passengers
3734 3401 85 28 ealled
3830 3400 42 29 for
3880 3401 45 27 the
3934 3400 75 38 early
4017 3400 93 34 Train,

3567 3551 48 56 D
3644 3555 18 21 '

3767 3547 164 23 [TCU
3967 3547 17 22 K
4020 3547 16 22 L
4069 3546 18 23 L

3618 3690 69 28 TUB
3735 3689 155 27 PUPfcJLAK

3741 3754 16 23 L
3770 3763 9 14 \
3786 3753 74 24 WItK
3871 3753 63 22 nUIS.

3572 3838 10 16 s
3603 3836 42 16 iovv
3664 3834 102 23 opening
3786 3834 30 21 up
3836 3823 37 24 hi>
3898 3823 60 23 First
3982 3824 124 29 -Shipment

3575 3885 13 12 H
3590 3875 9 22 f
3615 3875 25 21 SI
3645 3873 7 23 J
3667 3875 12 19 -1
3702 3872 55 22 iKt
3958 3867 133 25 consistiu?

3574 3918 22 23 <>f
3605 3918 27 23 4l
3647 3920 22 21 :h
3680 3914 4 27 -
3695 3920 67 19 latest
3776 3924 12 13 a
3799 3921 44 16 >73:
3859 3914 30 22 ia-s
3909 3921 24 15 or
3946 3918 38 17 the
3993 3920 26 15 cj
4030 3920 57 21 nui-,'

3641 3966 9 14 s
3666 3965 56 14 as'ti
3755 3955 40 22 ml
3812 3963 24 13 (jr
3847 3961 38 16 e-i
3943 3952 83 22 match,

3694 3997 75 20 ilia;
3786 4002 11 21 y
3815 4002 11 14 'i
3850 3991 134 29 Speciality.

3757 4132 71 25 V.s.i.
3880 4133 73 22 M'-r*
3983 4132 40 21 i'U

3703 4181 39 15 o•/v
3748 4177 4 25 1
3760 4180 13 22 y
3790 4180 10 15 it
3804 4177 4 25 1
3816 4182 6 11 *
3843 4179 16 14 w
3893 4177 24 16 &*
3922 4177 4 25 •

3592 4513 129 22 ROYAL
3984 4505 163 26 H£KMAJESTY

3577 4549 159 20 warrant
3996 4546 47 19 the
4054 4539 92 30 Queen.

3578 4588 36 25 AND
3621 4587 26 27 BY
3658 4586 86 28 SPECIAL
3751 4571 122 42 VW.RRAjiTYo
3878 4583 87 29 H.R.MJ!iF
3970 4571 181 43 P.R!NC-E3FVVALES.

3589 4743 57 17 r&y
3655 4746 7 14 '.
3667 4743 56 16 'Has'

3596 4762 26 42 \
3636 4759 149 45 MJEXi

4054 4790 13 18 v
4080 4783 19 34 $
4111 4780 40 37 Ai

4083 4804 16 23 h
4108 4806 43 27 Lny

4020 4831 23 26 \
4052 4830 2 27 .
4060 4830 37 22 ••.V\

4054 4870 19 31 \
4083 4868 66 33 -bhil

3650 5007 17 18 A
3673 5007 1 20 ;
3675 5009 18 18 -'i
3717 5007 2 20 ■
3732 5008 6 15 )

3572 5030 8 7 m
3591 5021 11 16 C-
3604 5025 10 6 ,f
3695 5021 1 16 •

3586 5115 11 9 -J
3676 5108 4 16 >
3682 5114 13 10 tat
3704 5117 7 7 v
3715 5108 1 16 ■
3722 5108 1 16 •
3730 5108 3 16 i
3740 5108 9 16 .'
3751 5108 33 16 V'/.fc.

3916 4968 18 17 <V
3941 4964 26 22 *:\
3979 4964 2 22 '

4035 5456 87 106 S

3589 5628 174 36 TOTHILL,
3782 5628 174 38 WATSON,
3976 5629 24 29 &
4022 5630 66 35 CO.,

3664 5703 143 26 ISsk-street.
3828 5704 163 31 Invercargill,

3586 5749 54 26 So'e
3759 5750 34 25 for
3809 5751 76 30 Ocasp
3903 5750 47 26 ani
3970 5750 138 26 Soittb'and
