4260 5920
216 212 209 52 Vice-Regal
452 211 100 42 Visit.

140 311 173 33 MEETING
333 313 48 29 OF
405 311 226 31 RESIDENTS.

146 412 26 28 A
184 410 94 40 public
291 411 123 39 meeting
426 420 56 20 was
494 409 65 30 held
572 412 29 26 at
616 409 47 30 the

91 460 5 6 '
109 452 166 29 Athenaeum
297 462 33 19 on
358 451 120 37 Monday
499 450 120 38 evening
633 455 29 24 to

86 494 5 11 '
108 492 126 29 consider
247 492 46 29 the
307 492 187 38 preparations
508 490 44 29 for
573 500 16 19 a
614 490 33 28 fit-

87 528 6 16 '
108 534 62 36 ting
195 532 139 38 reception
360 532 44 28 for
428 531 42 28 his
492 530 166 38 Excellency

87 579 5 5 '
107 573 48 28 the
164 571 149 31 Governor.
352 572 88 28 There
454 582 54 18 was
521 582 16 17 a
549 581 91 18 numer-

85 616 5 10 -1
108 624 48 18 ous
169 614 173 34 attendance,
355 613 54 28 and
423 614 47 28 the
491 612 97 37 Mayor
603 611 56 37 (Mr

107 654 107 35 Baillie)
230 654 137 36 presided.

145 694 52 29 His
230 693 130 38 Worship
397 692 58 29 said
488 692 66 37 they
589 701 70 19 were

84 735 5 11 :
104 745 90 19 aware
207 735 29 28 of
249 735 47 28 the
309 744 118 28 purpose
445 733 30 28 of
501 734 47 27 the
574 737 68 23 meet-

86 772 3 42 -1
106 774 59 40 ing,
177 775 55 29 and
247 775 66 28 road
327 786 15 16 a
355 774 131 37 telegram
502 773 70 28 from
588 772 53 38 Cap-

83 810 7 18 *
106 817 57 27 tain
177 815 167 35 Alexauder,
359 815 45 28 the
425 812 165 29 Governor's
603 813 42 37 pri-

85 857 5 4 '
105 864 64 21 vate
200 862 145 28 secretary,
377 854 107 36 stating
515 853 60 28 that
614 854 42 26 his

106 897 164 37 Excellency
285 895 87 29 would
387 896 34 27 be
435 893 110 39 pleased
559 897 29 25 to
602 904 54 26 pay

85 933 4 42 '
106 937 152 38 Roxburgh
272 946 33 19 an
320 935 96 29 official
441 934 63 28 visit
531 933 74 37 early
628 934 28 26 in

104 978 97 29 March
226 978 23 28 if
280 975 143 30 desirable.
464 974 39 29 To
531 974 53 27 this
611 974 46 28 the

104 1018 98 38 Mayor
224 1018 53 27 had
303 1016 101 38 replied
432 1015 60 27 that
506 1024 34 17 an
555 1013 99 28 official

81 1057 6 11 *
103 1059 66 28 visit
200 1058 88 28 would
322 1057 33 27 be
388 1055 93 38 highly
508 1053 147 29 esteemed.

104 1099 57 28 The
192 1098 142 37 following
364 1096 81 27 letter
474 1094 100 35 (which
602 1102 54 18 was

80 1149 6 6 -
104 1139 75 36 read)
198 1149 54 18 was
266 1136 122 31 received
402 1136 74 28 since
488 1146 44 17 :

144 1191 57 35 Sik,
203 1190 51 29 —I
264 1200 43 17 am
317 1188 120 28 directed
451 1188 37 35 by
502 1185 42 28 his
558 1184 80 28 Excel-

81 1225 4 43 .
105 1232 78 36 lency
194 1237 27 23 to
230 1229 194 38 acknowledge
435 1238 68 27 your
513 1225 141 38 telegram.

108 1273 42 28 He
182 1272 53 27 will
264 1280 53 29 pay
349 1270 41 27 his
415 1268 96 29 official
538 1266 63 28 visit
626 1271 29 24 to

78 1326 6 4 -
85 1309 2 40 ;
106 1312 152 37 Roxburgh
271 1322 34 18 on
324 1311 62 28 14th
404 1309 100 28 March.

146 1354 40 27 He
200 1353 51 26 will
266 1352 87 27 arrive
373 1351 53 26 late
447 1359 35 17 on
505 1349 47 25 the
581 1346 71 33 13th,

105 1393 126 37 sleeping
244 1391 59 28 that
317 1389 79 39 night
412 1389 26 27 in
457 1386 159 38 lioxburgh.

143 1434 41 27 He
217 1432 87 27 leaves
336 1430 73 36 early
433 1429 47 27 the
507 1426 145 37 following

99 1473 146 27 -afternoon
263 1470 87 31 'l4th)
365 1470 42 26 for
423 1468 153 27 Lawrence.

141 1512 51 28 His
226 1510 159 36 Kxcellency
409 1507 52 28 will
488 1508 32 26 be
546 1515 89 19 accom-

103 1552 96 37 panied
214 1552 36 36 by
269 1549 98 37 myself
379 1549 86 28 alone.

252 1590 85 28 Yours
354 1588 149 37 faithfully,

157 1632 107 28 Dudley
282 1634 174 29 Alexander,
471 1628 126 38 Captain,

377 1670 110 28 Private
501 1671 153 37 Secretary.

103 1713 31 37 Hi
150 1713 15 37 9
181 1713 126 37 Worship,

174 1753 58 29 The
248 1753 96 37 Mayor
357 1751 29 29 of
400 1751 162 37 Roxburgh.

137 1802 28 29 It
193 1813 54 17 was
279 1811 143 27 necessary
456 1800 60 27 that
541 1809 34 18 on
609 1800 47 28 the

66 1840 3 32 '
101 1844 125 28 occasion
251 1842 29 28 of
304 1842 47 28 the
377 1842 58 26 first
461 1840 66 28 visit
551 1840 30 28 of
608 1840 46 28 the

68 1880 2 39 1
101 1884 142 28 Governor
263 1882 66 37 they
350 1880 97 29 should
470 1880 120 37 suitably
613 1891 28 17 re-

66 1921 3 34 '■
99 1925 77 28 ceive
190 1925 65 30 him,
270 1924 52 26 and
338 1923 22 27 it
374 1931 53 18 was
442 1922 43 26 for
507 1921 46 27 the
571 1926 66 23 meet-

101 1967 50 37 ing
163 1971 28 23 to
205 1975 48 27 say
266 1964 73 27 what
352 1963 71 28 form
446 1962 47 28 the
514 1961 140 38 reception

101 2006 97 28 should
225 2005 72 28 take.
339 2004 42 26 He
407 2002 103 28 invited
538 2011 100 28 sugges-

102 2047 80 28 tions.

141 2087 80 29 After
234 2096 75 19 some
319 2083 151 30 discussion
492 2082 31 29 of
547 2093 16 18 a
588 2092 48 19 con-

101 2127 163 30 versational
298 2130 95 23 nature
432 2124 46 28 the
510 2123 144 39 following

99 2178 174 30 programme
287 2178 54 17 was
355 2164 114 30 decided
482 2175 35 17 on
534 2176 44 16 :

137 2209 73 28 That
240 2211 47 25 the
315 2208 104 36 Mayor,
450 2204 122 34 Council,
598 2205 54 28 and

101 2249 151 38 Reception
279 2246 164 31 Committee
471 2245 105 29 receive
608 2245 44 30 his

97 2289 167 36 Excellency
296 2292 28 23 at
349 2287 47 27 the
423 2285 166 28 Athenaeum
616 2296 35 17 on

98 2329 133 38 Monday,
245 2328 46 29 the
304 2327 65 28 14th
381 2327 103 32 March,
497 2330 28 24 at
538 2336 35 17 an
582 2325 69 30 hour

63 2366 2 41 '
97 2376 30 26 to
141 2371 35 29 be
188 2369 74 30 fixed
289 2369 35 38 by
350 2368 48 29 the
424 2366 150 37 Governor,
596 2367 54 29 and

97 2414 61 27 that
171 2421 34 18 an
219 2411 113 26 address
346 2410 35 27 be
393 2408 146 38 presented
554 2412 28 24 to
593 2408 55 28 him

96 2452 55 30 and
165 2450 63 30 read
242 2449 37 37 by
292 2449 47 29 the
350 2449 84 28 Town
447 2447 91 30 Clerk.
578 2447 71 30 That

96 2494 48 28 the
157 2490 92 31 school
263 2489 122 30 children
402 2489 33 28 be
449 2488 153 29 assembled
612 2499 35 18 on

96 2535 47 28 the
157 2532 122 30 occasion
294 2530 54 28 and
374 2531 64 36 sing
459 2529 46 28 the
518 2528 128 30 National

96 2574 139 33 Anthem;
256 2570 55 29 and
333 2570 60 28 that
419 2570 48 27 the
492 2569 153 38 Roxburgh

96 2616 83 29 Brass
193 2613 76 29 Band
284 2612 33 28 be
330 2610 86 29 asked
427 2614 28 25 to
464 2611 81 28 assist
558 2610 26 28 in
600 2611 46 28 the

63 2651 1 44 •
94 2655 189 40 proceedings.
325 2651 167 29 Afterwards
506 2651 48 28 the
572 2651 58 28 vice-

95 2696 72 38 regal
182 2700 79 33 party
274 2698 28 24 to
317 2693 33 27 be
372 2691 125 29 escorted
518 2694 30 25 to
574 2691 71 28 their

92 2736 74 30 hotel
190 2734 55 29 and
270 2732 168 30 entertained
453 2736 29 23 at
496 2731 144 29 luncheon.

92 2780 29 26 A
144 2777 105 28 further
273 2773 160 39 suggestion
455 2782 54 18 was
533 2772 108 28 mooted

92 2818 61 29 that
167 2817 45 28 the
229 2816 94 36 Mayor
337 2816 32 26 be
379 2813 84 27 asked
473 2818 26 22 to
511 2812 129 36 proclaim

92 2860 46 26 the
152 2858 53 35 day
230 2867 16 16 a
260 2854 117 35 holiday,
393 2862 28 18 as
436 2854 21 26 it
470 2853 21 27 is
505 2853 132 35 expected

92 2898 61 28 that
167 2896 76 29 thore
257 2894 53 28 will
324 2894 33 27 be
365 2904 16 16 a
392 2893 74 37 large
476 2892 163 28 attendance

91 2938 29 30 of
135 2938 44 28 the
195 2936 90 38 public
298 2945 34 19 on
348 2934 45 28 the
406 2933 132 29 occasion.

129 2978 102 28 Messrs
256 2976 116 33 Burton,
401 2973 112 33 Haines,
539 2973 100 28 Dunne

63 3009 2 44 •
90 3018 55 28 and
169 3016 87 37 Reilly
280 3025 70 18 were
369 3013 148 38 appointed
538 3024 16 16 a
567 3023 73 18 com-
654 3009 2 44 |

89 3058 95 28 mittee
197 3061 29 23 to
238 3056 73 27 draw
325 3065 36 28 up
388 3054 47 27 the
448 3053 122 35 address,
584 3053 56 28 and

90 3098 48 28 the
151 3096 141 37 following
313 3105 68 17 were
395 3093 148 38 appointed
557 3104 15 16 a
588 3093 35 28 Re-

90 3136 110 37 ception
233 3134 162 28 Committee
410 3143 5 16 :
421 3133 92 26 —The
546 3133 96 35 Mayor

72 3171 4 38 .
92 3175 55 29 and
160 3173 161 29 councillors
341 3172 54 28 and
419 3171 102 28 Messrs
544 3171 98 38 Keilly,

91 3215 110 34 Dunne,
217 3213 113 35 Haines,
345 3212 100 35 Smith,
464 3211 111 38 Rooney
588 3212 55 27 and

95 3255 116 28 Wilkes.

130 3296 25 28 A
170 3294 121 39 meeting
301 3293 28 29 of
340 3293 46 29 the
397 3293 148 38 Reception
564 3291 61 30 Com-

92 3336 95 29 mittee
221 3345 55 19 was
314 3334 86 28 called
425 3334 44 27 for
498 3333 145 37 Thursday

96 3376 128 38 evening.

210 3469 177 45 Cromwell
416 3472 113 41 Notes.

126 3570 4 29 •
151 3573 73 26 [From
234 3573 48 20 Orm
296 3573 52 19 Own
362 3570 207 27 Corkespovdext.]

129 3613 58 28 The
207 3612 120 29 weather
346 3612 43 28 for
407 3612 47 27 the
467 3615 62 33 past
542 3612 96 28 month

63 3664 9 5 ~
94 3656 49 28 has
155 3655 69 28 been
235 3657 69 24 most
313 3652 263 28 unseasonable—at
588 3662 52 19 one

92 3696 67 27 time
181 3692 134 29 veritable
346 3692 105 33 winter,
480 3692 55 27 and
560 3692 81 34 again

92 3735 59 30 into
182 3733 48 30 the
260 3732 63 29 heat
348 3731 29 30 of
402 3742 127 19 summer.
582 3730 59 31 One

91 3777 106 27 feature
210 3775 29 28 of
252 3774 47 27 the
318 3773 120 27 weather
451 3773 48 28 has
514 3773 67 27 been
597 3773 45 27 the

92 3815 84 37 wind,
195 3814 90 29 which
308 3813 48 28 has
377 3813 68 28 been
460 3812 119 39 blowing
593 3822 32 19 un-

92 3857 143 37 ceasingly
247 3855 71 28 from
333 3864 81 27 every
428 3857 117 35 quarter.

130 3897 58 30 The
202 3896 122 29 member
336 3894 42 29 for
403 3894 54 28 this
483 3894 156 36 electorate,

94 3939 45 29 Mr
160 3937 108 34 Fraser,
282 3935 147 30 addressed
454 3935 48 28 the
528 3934 114 29 electors

71 3974 3 38 .
93 3989 65 19 nere
183 3977 130 34 recently.
366 3975 51 28 His
444 3974 130 38 Worship
595 3976 46 27 the

92 4019 106 36 Mayor,
213 4017 45 28 Mr
271 4015 32 30 K.
313 4015 124 35 Prets<?h,
449 4015 130 37 occupied
595 4016 46 27 the

92 4060 82 28 chair.
228 4058 57 27 The
310 4056 164 29 attendance
507 4064 54 19 was
593 4059 50 24 not

66 4112 6 19 :
92 4101 85 36 large.
224 4098 46 28 Mr
301 4096 100 29 Fraser
431 4095 137 29 criticised
596 4096 46 27 the

92 4139 187 31 Government
290 4137 91 39 policy
395 4137 43 29 for
451 4136 47 29 the
511 4139 61 35 past
586 4139 54 26 two

93 4181 126 29 sessions.
269 4179 25 29 A
318 4181 64 27 vote
407 4177 30 30 of
461 4177 102 29 thanks
589 4176 53 29 and

94 4221 164 34 confidence,
271 4219 135 38 proposed
430 4219 37 36 by
491 4219 102 26 Messrs
609 4219 33 27 D.

94 4264 34 28 A.
141 4261 75 39 Jolly
228 4261 54 29 and
297 4259 30 30 T.
343 4259 121 38 Rooney,
478 4270 54 18 was
548 4258 80 31 unani-

96 4303 103 34 mously
214 4302 132 29 accorded
371 4302 43 28 Mr
440 4299 106 31 Fraser.
586 4301 58 27 The

96 4343 142 38 following
250 4342 117 38 evening
379 4342 34 28 he
435 4341 148 29 addressed
598 4341 47 29 the

97 4384 116 30 electors
233 4388 28 24 at
287 4382 212 30 Bannockburn.
551 4381 93 30 While

98 4436 35 18 on
146 4429 63 23 tour
221 4424 46 28 the
279 4423 111 31 leading
400 4424 110 26 citizens
521 4423 65 28 took
598 4423 47 27 the

98 4464 177 41 opportunity
287 4462 30 30 of
330 4463 94 39 laying
433 4463 46 30 the
489 4463 67 29 sand
571 4464 59 28 nuis-

98 4517 67 18 ance
185 4506 93 27 before
300 4505 46 27 Mr
370 4504 106 33 Fraser,
501 4505 55 27 and
581 4515 48 17 con-

97 4544 102 31 ducted
213 4544 55 28 him
282 4553 65 19 over
357 4544 46 28 the
411 4543 78 29 sand.
529 4543 44 29 He
582 4553 47 28 pro-

98 4586 88 29 mised
199 4589 29 25 to
248 4584 82 38 bring
355 4584 47 28 the
428 4588 99 24 matter
552 4584 94 28 before

98 4626 175 34 Parliament,
287 4624 54 29 and
355 4624 88 29 would
454 4624 156 29 endeavour
618 4628 29 24 to

99 4669 70 27 have
181 4676 35 18 an
228 4668 97 36 expert
339 4669 61 25 sent
421 4664 79 29 down
525 4668 29 26 to
578 4675 70 27 cope

96 4708 67 29 with
175 4707 31 29 it.

134 4749 58 28 The
204 4747 104 29 cricket
330 4746 101 36 match,
447 4746 158 28 Alexandra
618 4756 26 18 v.

98 4789 147 34 Lowburn,
288 4786 99 39 played
431 4789 29 25 at
497 4785 148 36 Lowburn,

96 4828 121 29 resulted
258 4826 30 29 in
339 4836 16 18 a
398 4826 55 28 win
505 4826 45 28 for
599 4826 48 28 the

97 4869 83 28 home
192 4871 72 24 team
278 4866 36 37 by
329 4866 44 28 65.

134 4909 28 27 A
187 4911 97 33 strong
308 4908 156 28 committee
495 4906 49 28 has
576 4906 71 28 been

97 4947 108 31 formed
217 4946 66 28 here
307 4949 29 25 to
361 4948 81 28 make
467 4946 117 29 suitable
605 4955 28 18 ar-

97 4990 178 37 rangements
282 4986 43 28 for
338 4988 138 33 receiving
486 4987 47 27 the
544 4986 86 27 Gover-

97 5039 61 25 nor,
168 5027 62 29 who
242 5026 24 28 is
278 5027 133 37 expected
422 5026 74 38 early
504 5026 28 28 in
542 5024 105 34 March,

97 5069 56 30 and
165 5066 100 40 helped
277 5066 38 37 by
327 5067 48 29 the
388 5066 132 38 Borough
534 5064 113 30 Council

97 5111 66 35 they
177 5107 98 31 should
289 5106 35 30 do
337 5108 47 29 the
395 5107 81 37 thing
488 5107 28 28 in
531 5106 78 37 style.

136 5147 147 38 Dredging
295 5147 23 27 is
326 5156 67 27 very
404 5147 76 37 quiet
491 5149 28 24 at
527 5147 119 36 present.

98 5190 104 28 Messrs
242 5186 154 29 Crookston
442 5185 56 28 and
543 5183 105 39 party's

97 5228 105 39 dredge
212 5227 24 29 is
249 5228 50 27 not
311 5225 128 38 working
451 5235 71 24 now,
536 5223 55 29 and
600 5223 48 29 the

97 5270 158 34 machinery
267 5267 24 28 is
303 5266 86 35 being
402 5265 83 29 taken
495 5265 38 28 off
544 5264 58 34 her,
616 5274 29 17 as

98 5311 49 28 she
157 5308 53 29 will
219 5308 37 28 be
264 5306 121 38 brought
398 5305 79 29 down
486 5304 47 29 the
543 5314 105 18 narrow

99 5360 87 29 gorge
198 5349 89 28 above
308 5346 49 30 the
377 5344 146 32 Cromwell
548 5344 100 37 bridge

98 5392 55 29 and
165 5388 96 40 placed
275 5398 36 18 on
325 5388 60 27 that
395 5387 104 37 party's
508 5385 79 29 claim
601 5385 32 28 be-

97 5433 52 26 low
180 5430 49 28 the
259 5428 73 28 river
356 5425 293 39 junction.-—Reports

78 5489 7 12 i
99 5472 70 30 from
199 5470 49 29 the
273 5467 118 30 Electric
416 5466 80 29 claim
521 5475 46 19 are

100 5520 120 28 meagre.
259 5509 16 29 I
288 5518 44 19 see
346 5508 61 28 that
417 5506 71 30 their
496 5516 59 18 new
566 5504 86 30 boiler

100 5554 44 27 for
155 5551 45 29 No
223 5551 16 27 2
262 5548 105 37 dredge
391 5547 50 29 has
465 5546 107 29 arrived
597 5545 54 29 and

101 5594 70 29 been
203 5589 97 41 placed
330 5598 37 20 on
398 5586 48 30 the
469 5588 182 37 pontoons.—

99 5635 96 37 Hotop
227 5630 55 31 and
320 5628 107 40 party's
460 5626 112 40 dredge,
605 5630 47 25 the

100 5674 98 36 Maori,
210 5673 51 28 has
275 5670 104 29 started
393 5668 77 30 work
484 5668 83 38 again
578 5666 73 30 after

80 5731 6 22 ;
99 5716 85 34 being
217 5712 55 29 laid
305 5720 38 28 up
373 5708 123 38 through
525 5718 17 18 a
572 5707 79 29 valve

84 5741 3 53 |
100 5753 146 37 breaking.
285 5750 58 28 The
365 5752 120 33 returns,
498 5758 30 19 so
541 5746 51 37 far,
605 5756 46 20 are

94 5806 68 28 very
174 5792 163 43 promising.

833 2555 237 51 Cablegrams.

734 2656 190 30 COLLIERY
951 2656 225 30 EXPLOSION.

937 2709 115 36 Berlin,
1065 2708 67 31 Feb.
1150 2710 42 30 18.

711 2755 26 28 A
750 2755 112 28 terrible
875 2755 111 37 colliery
1013 2755 141 38 explosion
1178 2756 48 28 has

674 2795 131 28 occurred
820 2795 25 28 in
857 2794 180 40 Westphalia.
1060 2795 169 39 Fifty-three

673 2836 100 27 miners
790 2846 70 17 were
875 2835 83 28 killed
973 2836 53 27 and
1042 2836 35 27 30
1091 2836 116 38 injured.

738 2893 127 29 STORM
887 2893 71 29 OFF
978 2893 186 31 FINLAND.

801 2947 44 28 St.
861 2947 185 33 Petersburg,
1063 2947 66 28 Feb.
1146 2948 44 28 17.

708 2992 110 37 During
842 3002 16 18 a
882 2998 86 22 storm
992 3002 35 18 on
1041 2992 48 28 the
1103 2992 120 30 Finland

671 3037 77 23 coast
762 3032 46 28 the
828 3032 41 28 ice
891 3042 55 18 was
967 3032 107 28 broken
1096 3032 54 29 and
1172 3033 55 28 200

671 3072 147 28 fishermen
832 3082 70 18 were
915 3071 104 29 carried
1034 3076 48 24 out
1096 3076 28 26 to
1138 3083 56 19 sea.

1062 3120 68 27 Feb.
1148 3122 40 27 18.

712 3158 85 38 Forty
822 3158 29 27 of
875 3158 47 27 the
949 3157 115 30 Finland
1078 3159 146 28 fishermen

675 3199 67 28 have
757 3199 69 28 been
845 3198 122 29 rescued.

719 3250 142 28 WRfcCK
885 3249 47 29 OF
953 3252 26 25 A
999 3250 189 30 SCEAMER.

927 3302 122 34 London,
1063 3302 67 30 Feb.
1146 3303 44 29 17.

712 3343 116 37 Reports
842 3342 71 29 from
934 3342 134 29 Teneriffe
1082 3348 71 24 state
1165 3344 61 28 that

677 3384 47 29 the
737 3384 105 28 French
857 3389 117 22 steamer
995 3383 122 34 Finchat,
1132 3384 94 28 bound

675 3424 69 28 from
778 3424 95 34 Colon,
900 3434 34 17 on
968 3423 46 27 the
1044 3423 124 29 Isthmus
1199 3424 29 28 of

677 3464 125 34 Panama,
833 3474 54 18 was
913 3463 127 28 wrecked
1066 3464 40 28 off
1127 3465 100 38 Anaga

677 3505 87 34 Poiut,
788 3505 106 37 Canary
918 3504 104 34 Island,
1049 3504 28 27 iu
1102 3515 16 17 a
1144 3505 83 28 dense

675 3545 57 37 fog.
770 3544 58 29 The
852 3544 119 38 captain,
998 3544 100 29 second
1125 3544 100 35 officer,

674 3585 93 28 eleven
781 3585 28 28 of
821 3585 47 28 the
883 3594 79 24 crew,
980 3584 55 28 and
1049 3594 50 18 one
1114 3594 96 28 passen-

673 3636 49 28 ger
754 3635 69 18 were
855 3624 92 29 saved.
1006 3624 105 40 Eighty
1124 3643 10 4 -
1145 3635 81 18 seven

675 3677 68 17 were
755 3665 139 28 drowned.

674 3724 215 30 EXPLOSION
908 3724 52 30 ON
980 3724 26 30 A
1019 3723 91 30 WAR
1125 3723 101 31 SHIP.

880 3779 71 27 New
964 3778 91 33 York,
1071 3777 65 28 Feb.
1157 3778 28 27 17

708 3820 24 28 A
757 3818 100 30 terrific
880 3818 141 39 explosion
1041 3818 131 28 occurred
1186 3829 34 17 on

671 3859 45 29 the
743 3860 142 28 American
910 3860 103 28 cruiser
1028 3858 100 35 Maine,
1145 3858 76 39 lying
1240 3858 2 39 j

670 3907 27 21 at
731 3900 112 30 Havana
878 3900 112 37 (Cuba).
1040 3898 85 38 Many
1159 3910 60 18 men

671 3952 68 17 were
755 3942 82 27 killed
851 3941 52 28 and
918 3940 116 38 injured,
1044 3940 54 27 and
1111 3940 53 28 200
1175 3951 46 17 are

673 3982 120 36 missing.
851 3982 57 27 The
946 3980 141 38 explosion
1121 3980 100 28 caused

673 4022 78 27 much
765 4021 114 38 damage
893 4022 171 35 throughout
1084 4020 47 28 the
1154 4021 65 36 city,

672 4061 53 28 and
740 4062 45 28 the
800 4061 91 29 Maine
910 4061 22 28 is
953 4060 96 38 totally
1064 4060 159 37 destroyed.

709 4109 56 29 The
790 4110 142 37 explosion
964 4108 130 29 occurred
1120 4114 28 22 at
1175 4108 46 29 the

675 4149 113 29 Maine's
800 4151 70 33 bow,
883 4149 86 29 under
983 4150 46 28 the
1038 4149 88 29 men's
1141 4159 64 29 quar-

673 4196 64 23 ters.
778 4191 83 37 Many
877 4201 70 18 were
969 4191 89 28 blown
1079 4195 27 24 to
1129 4201 45 18 sea
1194 4191 28 27 in
1237 4191 1 37 I

673 4231 70 28 their
757 4232 81 36 night
850 4231 103 28 clothes
964 4231 55 28 and
1028 4240 69 20 were
1108 4231 114 29 rescued
1237 4231 2 43 j

673 4273 36 36 by
744 4271 117 40 Spanish
892 4272 141 37 warships.
1092 4272 46 29 All
1176 4272 47 28 the
1237 4265 2 46 j

673 4312 104 29 officers
790 4312 115 37 escaped
928 4317 97 32 except
1038 4316 63 25 two.
1143 4313 81 27 After
1237 4312 2 37 J

673 4354 46 28 the
744 4353 142 39 explosion
919 4353 45 27 the
1002 4353 90 29 Maine
1119 4352 104 30 drifted

673 4406 73 27 upon
760 4406 16 16 a
790 4394 83 34 bank,
887 4394 151 36 enveloped
1049 4394 26 27 in
1091 4395 101 27 flames.

709 4440 58 29 The
788 4440 72 29 chief
887 4439 144 29 American
1052 4450 173 30 newspapers

673 4483 92 38 acquit
778 4483 46 28 the
840 4481 117 39 Spanish
986 4480 186 31 Government
1197 4483 29 28 of

673 4533 53 26 any
752 4521 178 39 implication,
957 4521 106 36 though
1089 4522 66 37 they
1181 4532 45 18 are

675 4562 122 30 cautious
809 4562 85 29 about
916 4561 145 39 accepting
1084 4561 46 30 the
1151 4563 56 28 acci-

675 4604 66 29 dent
754 4604 105 37 theory.

712 4652 27 28 It
752 4652 22 28 is
788 4650 149 38 suggested
951 4651 61 28 that
1024 4660 35 18 an
1082 4650 141 38 explosion

675 4692 29 29 of
717 4693 87 28 mines
817 4692 53 28 laid
885 4692 37 37 by
944 4691 47 28 the
1016 4690 116 37 Spanish
1146 4691 78 27 naval

675 4732 159 28 authorities
847 4742 29 18 as
889 4742 15 16 a
918 4731 207 37 precautionary
1154 4741 54 17 mea-

676 4782 60 18 sure
750 4772 27 27 in
792 4772 116 28 Havana
922 4770 127 29 Harbour
1062 4770 100 28 caused
1176 4771 46 27 the
1239 4770 2 37 j

676 4813 124 27 disaster.

851 4860 207 30 OBITUARY.

925 4908 124 35 London,
1063 4907 67 31 Feb.
1147 4909 42 29 18.

712 4955 57 28 The
795 4954 82 28 death
897 4954 23 28 is
944 4954 162 28 announced
1127 4954 29 29 of
1178 4954 47 28 the

678 4995 85 31 Right
787 4994 74 28 Hon.
884 4993 94 28 James
1004 4993 149 33 Stansfeld,
1178 5005 32 17 ex-

676 5034 121 29 member
810 5034 42 29 for
865 5033 104 29 several
993 5033 110 29 Liberal
1127 5034 80 29 Minis-

675 5075 73 29 tries.

712 5117 67 27 Miss
795 5116 116 26 Frances
925 5115 126 34 Willard,
1060 5116 46 26 the
1117 5116 87 26 Ameri-

675 5165 49 18 can
770 5158 174 34 temperance
991 5154 131 29 advocate
1169 5154 54 28 and

675 5195 149 33 authoress,
852 5195 23 27 is
902 5193 79 28 dead.

756 5245 116 29 TRIAL
899 5245 47 29 OF
972 5245 39 28 M.
1033 5244 111 29 ZOLA.

957 5292 92 36 Parts,
1063 5292 68 30 Feb.
1148 5292 42 29 10.

714 5334 57 29 The
784 5334 165 28 excitement
962 5333 28 27 in
1011 5338 78 24 court
1108 5343 55 17 was
1186 5333 29 27 in-

677 5380 86 25 tense.
802 5375 57 28 The
885 5377 152 35 spectators
1072 5384 60 18 rose
1158 5374 28 28 in
1213 5385 16 17 a

678 5416 73 36 body
759 5414 54 28 and
824 5414 181 36 successively
1014 5413 115 28 cheered
1138 5412 91 29 Count

678 5455 160 37 Esterhazy,
860 5453 117 29 General
999 5452 161 36 Boisdeffre,
1174 5453 56 29 and

679 5497 47 28 the
739 5506 86 27 army.

717 5544 114 28 Riotous
845 5551 95 19 scenes
954 5551 70 18 were
1042 5541 145 28 witnessed
1200 5541 28 28 in

680 5584 47 30 the
752 5586 99 26 streets
876 5582 29 28 of
927 5581 87 29 Paris.
1053 5581 28 28 It
1101 5581 23 28 is
1138 5581 90 29 feared

680 5626 61 28 that
755 5624 40 29 M.
809 5622 90 30 Zola's
912 5622 102 30 release
1031 5621 55 29 will
1099 5622 59 29 lead
1174 5626 28 24 to
1216 5634 15 17 a

681 5675 85 29 grave
778 5664 111 28 tumult.
929 5663 57 28 The
1007 5663 63 28 mob
1094 5663 57 28 side
1164 5663 68 28 with

682 5706 46 28 the
738 5704 88 39 judge
839 5704 54 28 and
903 5703 121 38 general,
1035 5703 54 28 and
1099 5703 132 29 maintain

681 5746 61 28 that
786 5743 145 39 Dreyfus's
974 5743 156 29 conviction
1175 5753 55 19 was

669 5785 1 30 I
681 5788 114 27 correct.

1312 212 78 29 THE
1409 212 121 30 NIGER
1542 208 247 33 DIFFICULTY.

1520 258 124 36 London,
1660 258 67 29 Feb.
1742 259 46 27 21.

1312 304 57 30 The
1388 305 110 38 gravity
1522 306 32 29 of
1576 304 48 29 the
1646 304 129 29 situation
1788 314 36 18 on

1273 345 48 28 the
1334 346 88 38 Niger
1435 345 99 29 caused
1557 355 17 18 a
1592 344 49 29 fall
1661 344 30 28 in
1715 343 37 30 all
1776 344 32 28 de-

1274 388 152 34 partments
1450 386 29 29 of
1503 386 48 29 the
1583 384 117 29 London
1736 384 86 29 Stock

1272 425 160 39 Exchange.
1472 425 115 30 Consols
1597 425 47 29 fell
1658 426 15 35 £
1687 434 50 30 per
1748 427 73 27 cent.

1308 466 57 28 The
1379 466 103 28 British
1495 467 88 28 forces
1607 469 29 25 at
1661 466 91 38 Lagos
1764 464 56 29 and

1270 515 35 17 on
1318 506 47 27 the
1379 505 71 29 Gold
1465 507 83 28 Coast
1560 506 29 29 of
1601 506 47 29 the
1661 504 157 30 hinterland

1270 545 115 29 number
1399 546 90 34 6,000.

1306 584 58 30 The
1377 585 133 39 principal
1524 585 108 30 French
1645 595 173 30 newspapers

1270 625 25 27 in
1307 626 71 26 their
1390 630 151 24 comments
1555 636 36 18 on
1605 627 46 27 the
1660 627 118 37 position
1789 626 27 27 in

1270 663 76 29 West
1360 664 105 35 Africa,
1480 664 135 31 minimise
1636 666 46 29 the
1703 666 101 29 serious-

1268 715 61 18 ness
1342 705 29 28 of
1393 706 47 28 the
1461 711 94 32 aspect
1581 707 29 28 of
1634 708 47 27 the
1707 707 110 28 friction

1267 746 123 28 between
1403 746 47 27 the
1464 746 104 28 British
1581 747 54 28 and
1649 747 46 28 the
1709 746 109 29 Erench

1266 791 101 32 troops.

1303 839 77 29 THE
1394 838 170 31 CHINESE
1573 840 217 32 SITUATION.

1303 890 57 28 The
1388 888 116 29 Chinese
1537 889 187 29 Government
1748 890 68 28 have

1267 928 117 40 pledged
1407 928 164 37 themselves
1598 934 27 24 to
1652 930 105 28 Britain
1788 935 29 23 to

1266 982 69 26 open
1354 969 191 29 Yuen-choofu
1560 981 30 17 as
1603 981 16 17 a
1643 975 91 32 treaty
1756 978 60 30 port

1267 1011 93 27 within
1383 1015 53 23 two
1454 1019 88 28 years.
1581 1010 76 38 They
1671 1021 48 28 say
1732 1012 22 27 it
1764 1011 52 27 will

1268 1054 32 25 be
1313 1050 157 38 impossible
1485 1054 28 24 to
1527 1061 35 27 po
1575 1061 30 18 so
1620 1051 95 27 earlier
1726 1052 90 36 owing

1267 1099 27 21 to
1308 1092 46 27 the
1367 1090 141 28 weakness
1531 1090 29 28 of
1584 1091 46 28 the
1658 1091 156 29 Executive.

1376 1181 26 28 A
1417 1178 97 29 GRIM
1536 1178 169 29 METHOD.

1330 1259 27 28 Tf
1369 1269 16 18 a
1400 1268 103 19 woman
1515 1257 59 39 just
1583 1257 52 28 had
1651 1268 14 15 a
1679 1256 71 29 little
1760 1261 56 24 tact

1265 1299 52 29 and
1333 1299 88 29 didn't
1439 1299 36 38 fly
1496 1302 28 25 to
1545 1297 90 39 pieces
1658 1297 71 28 their
1755 1308 60 17 own

1265 1340 87 27 selves
1374 1341 78 26 when
1475 1338 72 28 their
1569 1337 139 28 husbands
1730 1337 42 34 git
1787 1341 28 23 to

1263 1379 158 40 jawin'and
1432 1377 219 35 tearin'around,
1665 1375 105 31 there'd
1785 1377 31 28 be

1266 1422 51 27 less
1332 1421 106 27 trouble
1452 1419 27 28 in
1503 1418 148 35 fam'lies,"
1675 1419 55 27 said
1755 1419 58 26 Mrs

1266 1461 74 28 Grim
1355 1464 28 24 to
1394 1470 15 17 a
1421 1459 161 38 neighbour.

1330 1501 12 28 I
1357 1510 118 29 suppose
1486 1498 85 31 that's
1654 1499 102 38 replied
1772 1499 46 28 the

1265 1542 163 35 neighbour.

1332 1582 12 28 I
1359 1583 80 27 know
1455 1579 77 36 'its,"
1547 1579 102 39 replied
1660 1580 59 29 Mrs
1732 1579 84 30 Grim.

1333 1623 41 27 Do
1387 1633 53 26 you
1454 1631 119 28 suppose
1587 1621 13 28 I
1616 1621 55 28 lose
1687 1632 44 26 my
1748 1620 66 29 head

1265 1664 52 28 and
1333 1675 44 27 my
1392 1668 103 31 tongue
1505 1661 55 29 and
1574 1673 36 27 go
1626 1662 35 28 all
1675 1666 28 24 to
1728 1661 89 38 pieces

1265 1705 53 27 and
1334 1715 46 27 say
1397 1704 92 35 things
1510 1701 54 30 I'm
1585 1713 76 28 sorry
1676 1703 43 27 for
1733 1703 70 27 after-

1266 1746 72 27 ward
1352 1746 76 26 when
1446 1743 74 29 Grim
1533 1747 62 34 gets
1606 1743 58 28 into
1673 1753 50 19 one
1733 1744 28 26 of
1777 1743 40 27 his

1266 1784 150 30 tantrums?
1456 1784 82 35 Well,
1564 1786 9 26 1
1598 1784 85 28 don't.
1722 1783 14 28 I
1761 1783 57 39 just

1266 1826 69 37 keep
1350 1826 58 28 cool
1422 1824 53 29 and
1494 1824 70 29 calm
1587 1824 56 28 him

1333 1867 69 27 How
1416 1866 35 28 do
1465 1876 54 27 you
1533 1864 70 29 calm
1624 1864 56 28 him

1332 1906 81 35 Well,
1428 1906 155 28 sometimes
1597 1904 64 28 with
1675 1915 17 17 a
1705 1905 71 28 stick
1790 1904 26 29 o'

1265 1951 77 25 stove
1355 1947 78 30 wood
1447 1946 54 29 and
1515 1945 75 39 ag'in
1606 1946 64 28 with
1685 1956 15 18 a
1723 1946 91 28 broom

1266 1989 107 33 handle,
1387 1998 31 18 or
1432 1988 97 27 mebbe
1545 1986 45 28 Til
1604 1987 70 37 grab
1689 1995 36 28 up
1738 1997 15 16 a
1764 1986 52 37 pail

1263 2028 26 27 o'
1309 2031 83 25 water
1413 2027 55 29 and
1490 2026 84 30 douse
1599 2026 35 28 all
1658 2035 66 19 over
1750 2026 64 28 him.

1264 2068 111 30 There's
1398 2068 95 39 plenty
1514 2078 15 18 o
1531 2066 8 14 ;
1564 2077 73 29 ways
1660 2070 29 26 to
1709 2066 70 30 calm
1801 2077 15 18 a

1263 2120 63 18 man
1341 2110 79 28 down
1434 2110 22 27 if
1465 2120 15 17 a
1490 2118 107 20 woman
1607 2108 54 28 will
1672 2108 62 37 only
1745 2107 69 38 keep

1262 2151 57 28 cool
1336 2150 101 29 herself
1449 2149 55 29 and
1518 2154 44 33 try
1574 2148 121 30 'em.—"
1707 2148 107 29 Detroit

1262 2191 68 28 Free

139 106 182 61 Friday,
336 116 218 47 February
571 113 67 45 25,
663 113 106 40 1898

1800 110 197 40 MOUNT
2083 107 227 42 BEHGER
2396 107 142 40 MAIL

717 211 50 54 A
826 211 398 56 LIFETIME

951 292 49 30 OF

757 343 279 58 Indigest
1043 343 107 48 ion
1171 343 16 49 I

696 447 235 49 Absolutely
935 448 308 48 Incapacitated

819 512 60 39 for
904 513 211 39 Business.

692 616 95 41 WAS
823 615 226 42 SCEPTICAL
1092 638 7 8 .
1139 639 7 7 •
1186 639 7 8 .
1233 639 7 7 •

801 680 55 30 and
880 679 54 31 had
967 690 35 19 no
1036 679 69 29 faith
1134 679 28 28 in
1186 686 53 28 any

803 727 149 28 Medicines
974 727 50 27 but
1044 726 73 27 what
1131 726 108 27 doctors

800 774 166 39 prescribed,
988 774 76 28 when
1085 774 42 27 his
1149 771 89 29 friend

691 821 179 30 WORRIED
891 821 85 34 HIM,
995 820 34 28 he
1045 821 87 27 threw
1148 818 75 40 preju-

799 869 59 29 dice
883 868 82 36 aside,
988 868 65 29 took

729 928 274 39 CLEMENTS
1021 928 170 45 TONIC,

817 1041 46 28 Mr
884 1040 29 28 h.
934 1039 31 29 T.
986 1039 120 34 Forrest,

770 1089 43 27 An
818 1098 49 28 gas
892 1091 93 31 street,
1010 1087 143 35 Adelaide,

838 1134 87 28 South
946 1133 149 35 Australia,

686 1189 88 26 writes
788 1197 31 17 on
833 1188 118 34 January
964 1187 55 32 6th,
1034 1187 64 26 1897
1110 1187 4 35 :
1120 1187 45 25 —I
1176 1195 45 17 can-

685 1230 45 23 not
742 1227 92 34 longer
846 1225 130 26 withhold
993 1235 45 25 my
1051 1225 144 34 testimony
1207 1234 28 16 as

684 1267 27 23 to
735 1265 46 25 the
805 1263 104 35 efficacy
933 1262 28 26 of
984 1262 133 26 Clements
1148 1261 85 26 Tonic.

686 1302 76 26 From
772 1301 73 35 early
855 1300 131 26 manhood
995 1300 68 26 until
1075 1308 45 26 my
1130 1303 106 31 present

684 1348 55 23 age,
753 1338 87 26 which
853 1338 22 24 is
888 1338 39 27 41,
945 1338 10 23 I
969 1336 114 26 suffered
1097 1345 62 24 very
1181 1345 40 16 ser-

684 1374 85 35 iously
781 1374 67 25 from
871 1373 171 35 Indigestion,
1065 1372 86 26 which
1166 1381 54 17 man-

683 1412 97 26 ifested
792 1411 74 26 itself
887 1411 28 26 in
938 1411 104 26 various
1063 1409 155 27 forms—con-

683 1451 60 23 sant
757 1448 163 27 drowsiness,
932 1448 100 34 lasting
1045 1447 52 27 and
1111 1446 126 34 splitting

683 1486 155 29 headaches,
872 1484 87 26 which
985 1483 151 37 frequently
1160 1484 63 26 abso

684 1524 84 33 lutely
787 1522 144 35 prevented
950 1533 41 16 me
1011 1522 66 26 from
1097 1521 140 35 attending

683 1564 28 22 to
724 1571 45 24 my
781 1561 128 26 business.
948 1560 12 25 I
975 1560 52 26 had
1041 1562 44 23 not
1096 1558 45 26 the
1153 1559 69 33 sligh-

684 1602 40 23 est
747 1598 69 26 faith
841 1598 25 25 in
892 1607 51 25 any
968 1597 149 27 medicines,
1143 1600 93 30 except

685 1636 74 26 those
793 1635 150 35 prescribed
978 1635 34 34 by
1045 1634 45 26 the
1129 1633 108 35 leiding

685 1674 112 28 doctors,
830 1674 52 26 and
915 1672 186 35 consequently
1124 1678 76 27 spent
1222 1681 15 16 a

685 1712 73 33 large
777 1712 102 34 portion
902 1710 27 26 of
950 1719 45 24 my
1008 1710 98 25 income
1129 1708 25 25 in
1178 1717 43 25 pro-

685 1748 124 27 fessional
835 1748 91 27 advice
939 1748 52 26 and
1004 1746 132 27 chemists'
1155 1746 81 27 dru'/s

685 1787 112 24 without
812 1789 153 31 permanent
976 1784 102 27 benefit.
1094 1784 91 25 About
1196 1784 41 25 six

670 1814 3 41 I
685 1823 105 27 months
821 1824 78 25 since,
925 1822 76 26 when
1024 1830 33 17 on
1082 1830 15 17 a
1120 1820 116 35 holiday,

685 1861 145 34 compelled
843 1861 35 34 by
891 1868 42 23 my
946 1860 42 25 old
1002 1867 100 25 enemy,
1116 1858 104 31 Indiges-

684 1898 63 30 tion,
762 1908 12 14 a
788 1897 87 27 friend
889 1896 81 35 fairly
989 1895 105 26 worried
1117 1905 41 16 me
1181 1895 56 26 into

684 1935 94 34 taking
791 1944 14 17 a
818 1935 50 26 few
879 1935 74 26 doses
964 1933 27 26 of
1002 1933 130 26 Clements
1147 1932 88 27 Tonic.

687 1973 113 34 Against
812 1982 45 25 my
878 1972 55 26 will
955 1971 52 26 and
1029 1971 62 31 long
1110 1970 126 34 stauding

683 2009 134 36 prejudice
832 2009 12 25 1
857 2018 53 16 was
930 2008 89 26 forced
1031 2010 27 22 to
1071 2008 84 26 admit
1171 2006 50 26 feel-

683 2048 47 33 ing
741 2047 123 28 relieved,
878 2046 49 26 but
937 2055 64 17 even
1012 2045 63 25 then
1087 2043 116 36 thought
1214 2044 21 26 it

683 2086 61 35 only
791 2087 159 32 temporary.
1001 2082 137 32 However,
1190 2091 43 26 my

682 2123 87 27 friend
783 2123 111 25 induced
908 2131 41 17 me
962 2123 27 24 to
1011 2121 123 26 continue
1157 2119 41 26 for
1219 2129 16 16 a

682 2161 70 26 little
775 2159 96 35 longer,
885 2160 52 25 and
951 2159 12 25 I
976 2161 71 24 must
1061 2168 57 16 now
1132 2157 101 27 confess

680 2197 66 26 with
759 2198 66 33 deep
836 2197 136 34 gratitude
981 2196 59 26 that
1051 2195 40 26 for
1101 2196 14 25 6
1127 2194 105 27 months

682 2234 11 26 I
713 2235 68 27 have
802 2234 54 26 had
877 2243 33 17 no
931 2236 144 33 symptoms
1089 2232 28 27 of
1129 2232 46 27 the
1188 2232 44 26 old

680 2273 110 25 trouble.
828 2271 12 25 I
852 2281 47 16 can
911 2274 46 31 get
969 2270 116 33 through
1096 2279 46 26 my
1160 2269 71 25 work

679 2309 112 26 without
824 2309 136 34 difficulty,
991 2307 52 26 and
1067 2306 51 27 feel
1145 2314 87 26 young

679 2347 85 34 again.
802 2346 13 26 I
837 2348 71 25 trust
929 2346 59 26 that
1012 2345 75 26 other
1108 2344 124 28 sufferers

679 2394 61 25 may
760 2385 62 34 gain
844 2384 47 26 the
912 2394 71 17 same
1006 2382 74 27 relief
1099 2393 29 17 as
1152 2390 79 27 yours

678 2421 148 36 faithfully,

944 2458 28 27 L.
984 2459 27 25 T.
1023 2458 173 28 FORREST.

1286 2289 49 20 You
1347 2288 52 20 have
1409 2288 70 20 ruined
1487 2294 53 20 your
1548 2287 133 21 constitution
1691 2287 122 25 sufficiently

1261 2324 26 27 by
1300 2324 96 26 drinking
1411 2324 82 21 inferior
1507 2326 40 19 tea.
1574 2323 86 22 Recruit
1675 2323 27 25 by
1718 2322 95 27 drinking

1260 2360 48 26 only
1318 2360 65 21 Kozie
1394 2362 40 20 tea.
1461 2360 21 21 It
1491 2360 16 21 is
1514 2366 50 20 pure
1571 2359 38 21 and
1617 2359 91 22 reliable.
1717 2359 83 20 -Advt.

1262 2436 46 53 J
1428 2433 381 45 WINN,

1263 2507 134 27 PAINTER,
1421 2506 131 28 GLAZIER,
1576 2506 92 22 PAPER
1688 2505 121 22 HANGER

1334 2543 69 21 SIGN
1423 2542 115 20 WRITER
1560 2541 61 20 AND
1644 2540 94 21 HOUSE

1447 2574 178 26 DECORATOR,

1352 2615 71 29 Ross
1443 2614 98 37 Place,
1561 2614 162 30 Lawrence.

1298 2706 41 27 On
1356 2703 62 30 Sale
1432 2715 15 18 a
1457 2704 76 38 large
1543 2703 55 29 and
1607 2702 93 30 varied
1710 2705 85 26 assort-

1261 2749 75 24 ment
1349 2745 28 28 of
1392 2745 67 34 Oils,
1474 2744 103 35 Paints,
1601 2743 97 34 Scrim,
1722 2742 87 34 Glass,

1261 2785 226 38 Paperhanginga
1510 2784 54 29 and
1584 2782 134 30 Painters'
1739 2781 53 30 Sun-

1259 2826 81 28 dries.

1296 2865 68 27 New
1373 2864 54 27 and
1435 2863 171 28 fashionable
1613 2862 75 28 Wall
1698 2862 111 38 Papers,

1260 2905 70 29 from
1344 2904 36 29 5d
1402 2914 49 29 per
1472 2904 75 39 piece
1571 2903 134 40 upwards.
1749 2907 45 24 Pat-

1258 2952 75 22 terns
1347 2950 61 23 sent
1421 2955 35 18 on
1477 2945 175 37 application,
1667 2948 62 32 post
1741 2943 67 28 free.

1294 2985 146 28 Estimates
1454 2984 84 39 given
1550 2984 44 29 for
1616 2982 117 30 General
1755 2982 36 29 Re-

1256 3026 82 37 pairs.

1296 3063 161 32 Celebrated
1473 3063 130 30 Lustruss
1621 3062 90 37 Paint,
1724 3063 83 39 ready

1256 3105 100 33 mixed,
1369 3104 36 29 all
1420 3105 121 28 Colours.

1354 3181 44 37 C.
1438 3180 37 38 J.
1519 3180 187 51 Coombs,

1275 3241 193 29 SURGICAL
1488 3241 24 29 &
1532 3239 256 30 MECHANICAL

1449 3295 165 29 DENTIST

1467 3348 39 27 (By
1520 3348 81 26 Exam.)

1261 3407 82 27 MR
1363 3406 152 29 COOMBS
1533 3416 62 26 may
1609 3406 33 28 be
1658 3405 150 29 Consulted

1514 3455 28 20 at

1413 3488 123 28 Hekon's
1560 3488 93 28 Hotel

1257 3540 42 29 On
1313 3540 155 35 FRIDAY,
1489 3540 72 28 25th
1586 3538 220 30 FEBRUARY.

1294 3618 39 28 As
1347 3617 13 29 I
1375 3617 94 29 intend
1484 3617 113 38 visiting
1616 3616 55 30 this
1691 3616 117 30 District

1258 3658 184 37 periodically,
1456 3659 21 26 it
1487 3659 53 26 will
1548 3669 64 17 save
1626 3658 124 27 Patients
1761 3658 47 27 the

1257 3708 119 29 expense
1388 3698 29 28 of
1430 3698 86 38 going
1530 3703 27 23 to
1572 3705 72 22 town
1658 3709 7 24 ;
1684 3697 55 28 and
1752 3707 29 18 as
1792 3696 14 29 I

1258 3745 148 31 guarantee
1427 3739 34 27 all
1487 3740 84 35 work,
1599 3739 122 29 Patients
1744 3749 62 26 may

1258 3779 55 38 rely
1327 3789 35 18 on
1376 3780 111 37 getting
1500 3789 15 17 a
1529 3779 141 28 first-class
1682 3778 115 28 denture

1255 3860 90 20 TEETH
1376 3859 79 20 MADE
1484 3860 36 20 BV
1551 3860 95 21 OTHER
1673 3858 133 21 DENTISTS

1276 3886 130 23 PROVING
1419 3886 54 21 UNS
1483 3886 186 23 VTISFACTORY
1680 3886 60 21 MAY
1752 3887 34 21 BE

1310 3915 194 21 REMODELLED
1519 3916 35 21 AT
1568 3915 93 21 SMALL
1675 3914 74 22 COST.

1256 3984 122 28 Painless
1409 3983 161 29 Extraction
1599 3982 66 29 with
1691 3982 113 29 Nitrous

1291 4024 89 29 Oxide
1402 4024 64 33 Gas,
1491 4024 124 33 Cocaine,
1630 4024 94 33 Ether,
1739 4033 30 18 or

1441 4064 181 29 Chloroform.

1253 4138 132 29 Storing
1408 4147 69 18 with
1498 4138 83 36 Gold,
1604 4137 148 36 Amalgam,
1773 4146 34 19 or

1472 4180 122 30 Cement.

1348 4257 30 31 C.
1427 4257 27 31 J.
1508 4255 207 40 COOMBS,

1394 4306 128 29 Surgron
1547 4307 116 28 Dentist

1296 4347 144 40 (Opposite
1456 4347 128 40 Cargill's
1599 4348 171 39 Monument)

1464 4389 79 20 DUNE
1548 4390 58 20 DIN.

1373 4427 81 38 (Late
1467 4427 77 30 Kidd
1557 4429 55 29 and
1627 4428 59 38 Co.)

1256 4533 60 54 R.
1338 4535 32 38 J.
1402 4533 44 41 B.
1477 4535 160 44 YULE,
1662 4535 144 47 L.D.S.,

1340 4617 190 46 Surgeon
1566 4617 162 44 Dentist,

1382 4687 300 31 INVERCARGILL.

1359 4770 45 28 Mr
1425 4770 77 28 Yule
1525 4769 55 29 will
1599 4768 102 30 visit—■

1267 4840 252 36 DISPENSARY,
1544 4838 247 33 ALEXANDRA,

1496 4900 65 28 And

1256 4946 162 30 HERON'S
1434 4945 135 35 HOTEL,
1580 4943 224 36 ROXBURGH,

1256 5066 219 55 JONES'S
1566 5064 235 57 COALPIT,

1403 5140 99 30 COAL
1524 5139 138 29 CREEK.

1284 5220 18 16 V
1308 5220 68 29 EST
1396 5219 158 29 LIGNITE
1573 5219 29 28 in
1625 5217 47 30 the
1691 5217 117 30 District

1343 5261 45 28 for
1420 5259 143 38 Steaming
1589 5269 31 18 or
1646 5258 161 29 Household

1257 5311 131 28 purposes
1406 5299 139 29 delivered
1559 5301 66 26 at—

1518 5338 81 30 Cash.
1665 5337 123 30 Booked.

1259 5381 154 38 Roxburgh
1482 5402 30 6 ...
1537 5380 47 27 10s
1643 5379 48 27 lis
1703 5388 49 27 per
1762 5382 47 24 ton

1259 5422 56 26 The
1331 5421 44 27 Pit
1485 5441 28 6 ...
1556 5419 30 28 5s
1661 5418 32 27 6s
1742 5438 19 15 „

1260 5461 153 38 Roxburgh
1451 5459 67 29 East
1539 5459 48 28 lis
1646 5457 47 30 12s
1743 5480 18 14 „

1260 5502 56 28 The
1331 5502 126 30 Dredsres
1486 5523 29 6 ...
1538 5499 132 29 Contract
1690 5497 100 30 Prices.

1298 5579 57 29 The
1376 5577 157 40 Proprietor
1547 5576 48 28 has
1609 5574 101 36 special
1724 5574 75 30 facili-

1260 5620 50 29 ties
1322 5621 43 29 for
1377 5619 123 38 delivery
1513 5619 27 28 in
1555 5628 54 27 any
1631 5619 62 36 part
1715 5615 30 30 of
1764 5616 49 29 the

1261 5661 124 35 District,
1412 5660 55 28 and
1494 5659 159 28 Customers
1679 5667 62 28 may
1754 5656 58 39 rely

1261 5712 35 18 on
1310 5702 84 37 being
1405 5697 288 42 promptly.supplied.

1299 5741 101 28 Orders
1413 5750 63 27 may
1489 5740 35 27 be
1538 5737 51 31 left
1601 5741 29 26 at
1650 5737 48 29 the
1712 5736 101 30 Mount

1261 5781 115 29 Benger
1390 5781 78 28 Mail
1479 5779 94 30 Office.

1839 211 3 59 I
1858 216 110 45 LOOK
1983 216 7 43 I
2020 212 125 47 READ!
2178 211 204 45 CONSIDER

1875 301 72 23 ,ISIT
1968 301 22 22 F.
2018 297 146 25 JFFFERTS
2185 296 97 22 FANCY
2303 296 99 22 GOODS'

1875 318 7 15 '
1916 327 152 23 EMPORIUM
2086 325 40 22 and
2142 331 41 20 you
2206 324 41 21 will
2265 324 82 21 endorse
2367 324 34 21 the

1853 355 93 27 opinions
1954 356 22 20 of
1985 355 68 21 others
2053 353 73 26 —viz,,
2136 351 48 21 that
2190 351 27 21 he
2227 351 36 21 has
2272 351 36 21 the
2317 351 84 25 Largest

1852 383 40 22 and
1902 384 54 20 Most
1964 381 108 28 Complete
2081 378 85 28 Display
2172 378 22 22 of
2201 378 98 22 FANCY
2309 379 92 21 GOODS

1852 411 84 24 (useful,
1946 409 128 23 ornamental
2082 407 40 23 and
2138 406 94 27 pleasure
2240 407 77 27 giving)
2326 414 26 14 on
2362 407 37 21 the

2064 433 117 25 Goldfields.

1851 465 119 25 Christmas,
1991 464 108 25 Wedding,
2118 461 41 21 and
2182 460 100 27 Birthday
2303 461 94 21 Presents

1972 492 41 25 (No
2022 491 72 25 charge
2103 489 32 21 for
2145 488 130 26 inspection.)

1850 520 60 26 Toys,
1919 520 101 25 Crockery
2030 518 39 21 and
2077 517 119 23 Glassware,
2204 515 71 26 Vases,
2283 515 114 21 Christmas

1851 547 113 25 Magazines
1974 546 39 26 (for
2023 545 65 20 which
2098 543 68 21 orders
2172 548 36 15 can
2216 542 25 21 be
2246 542 96 25 booked),
2354 548 43 14 new

1900 574 74 26 hooks,
1984 574 77 21 Tobacc
2069 571 63 22 mists'
2142 570 76 27 Goods,
2229 569 117 27 Stationery

1850 603 76 20 Pitent
1935 602 116 24 Medicines,
2064 599 110 24 Perfumes,
2192 598 66 20 Toilet
2275 597 122 27 Requisites,

1905 630 41 19 and
1956 630 67 22 Fancy
2034 627 69 20 Goods
2112 625 22 21 of
2142 632 61 17 every
2213 625 130 24 description.

1929 663 79 22 XVIAS
2022 663 16 21 &
2053 659 66 24 NEW
2133 659 78 21 YEAR
2223 658 101 28 CARDS,

1849 692 60 21 From
1928 699 9 13 a
1957 692 71 25 Penny
2046 689 102 27 upwards,
2167 687 103 26 including
2288 686 107 26 Jewelled,

1849 719 74 26 Relief,
1934 719 153 25 Photogravure
2096 715 40 22 and
2150 715 70 22 Comic
2233 715 87 24 designs.
2349 715 48 20 Best

1880 746 90 21 assorted
1980 745 57 21 stock
2048 745 20 21 in
2079 743 111 26 Roxburgh
2200 749 26 14 on
2235 743 52 20 view
2297 745 22 17 at
2329 741 35 21 the

1910 778 139 31 TEVIOT
2084 776 251 31 DISPENSARY.

2009 856 38 37 F,
2079 853 168 51 JefFery,

1849 911 205 34 CHEMIST,
2098 908 296 35 BOOKSELLER,

1875 950 223 36 STATIONER,
2112 948 113 31 NEWS
2241 949 137 29 AGENT.

2013 997 231 23 ROXBURGH.

1918 1110 417 42 BERNSTONE,

1899 1209 77 30 THE
2194 1207 142 29 TAILOR

1996 1274 94 36 (From
2117 1274 151 37 Dunedin),

1928 1353 51 28 TT
1983 1353 11 9 >
2006 1352 64 28 ILL
2086 1352 64 28 visit
2165 1349 163 41 Roxburgh,

1941 1379 39 27 **
2044 1393 104 29 Millers
2180 1392 69 36 Flat,
2275 1392 54 28 and

1922 1434 188 37 surrounding
2144 1433 121 27 districts
2298 1438 28 22 it

1923 1474 109 38 regular
2044 1473 139 34 intervals,

2060 1529 78 28 when
2154 1528 33 27 he

1936 1595 101 28 WILL
2051 1594 104 29 TAKE
2171 1592 148 31 ORDERS

1926 1661 27 24 to
1978 1655 54 29 fruit
2048 1655 45 27 the
2107 1653 180 31 convenience
2302 1653 28 29 of

2000 1703 45 28 the
2064 1700 67 30 local
2152 1701 101 30 public.

1970 1804 127 31 Charges
2122 1804 158 28 Moderate.

1926 1916 75 29 Suits
2011 1916 68 28 from
2089 1915 38 28 £3
2140 1914 42 35 3s;
2197 1914 131 28 Trousers

2030 1962 71 28 from
2116 1961 48 28 16s
2178 1961 44 28 6d.

1924 2069 45 29 Fit
1982 2067 173 31 Guaranteed
2175 2078 30 18 or
2224 2066 102 40 Money

2025 2121 48 26 not
2086 2116 139 39 accepted.

1891 2261 226 30 TILLIAM
2161 2262 52 53 \|
2228 2258 169 35 ALONE,

1928 2415 172 39 General
2137 2414 172 44 Grocer,

1868 2561 498 36 SCOTLAND-STREET,

2007 2691 223 30 ROXBURGH.

1844 2801 213 52 HUGH
2131 2798 261 43 BRUCE,

1933 2866 200 30 BOARDING
2162 2865 139 35 HOUSE,

1870 2918 314 30 Whitbhaven-stbhkt,
2213 2917 148 28 Lawrence

1905 2965 143 38 (Opposite
2063 2964 116 38 English
2195 2963 129 35 Church.)

1851 3054 80 23 FIRST
1950 3053 84 23 CLASS
2058 3052 245 24 ACCOMMODATION
2326 3052 55 22 FOR

1926 3083 57 20 THE
1998 3081 184 23 TRAVELLING
2200 3081 107 21 I'UBLIC.

1884 3163 77 28 Good
1986 3162 130 37 Stabling
2141 3162 54 28 and
2216 3159 130 31 Paddock

1988 3202 254 30 Accommodation.

1924 3284 164 30 —Charges
2111 3284 200 29 Moderate.—

1878 3431 159 29 TILLEiiS
2101 3431 96 29 FLAT
2255 3422 150 37 HOTEL'

2004 3584 119 21 MILLERS
2150 3582 77 23 FL4T.

1877 3850 30 29 P.
1931 3850 107 28 Laffey

2188 3850 164 39 Proprietor.

1931 4017 54 55 E.
2050 4016 254 66 JOHNS,

1879 4093 144 41 Groosr
2053 4095 83 37 ani
2165 4092 175 40 General

2001 4145 227 39 Merchant.

1961 4204 156 27 MILLBUS
2173 4207 95 24 vi.W.

1875 4286 59 28 The
1959 4285 105 35 largest
2098 4284 54 29 and
2189 4283 199 31 best-assorted

1839 4326 86 29 Stock
1938 4325 30 30 of
1981 4325 115 29 General
2117 4325 92 29 Goods
2229 4326 27 28 in
2270 4335 52 27 any
2338 4334 33 29 up-

1838 4372 115 32 country
1968 4372 73 23 store
2054 4365 27 30 in
2098 4365 97 36 Otago.

1875 4407 141 28 Groceries
2037 4407 54 26 and
2121 4407 151 26 Provision:;
2294 4406 28 26 of
2343 4406 46 27 the

1837 4448 61 30 best
1911 4447 81 29 kinds
2002 4450 29 26 at
2041 4450 72 26 most
2124 4447 155 29 reasonable
2291 4447 97 38 prices.

1875 4490 147 33 Crockery,
2049 4487 160 35 Glassware,
2247 4488 124 28 Ironmon-

1839 4537 77 31 gery,
1931 4529 92 34 Boots,
2039 4528 96 34 Shoes,
2147 4526 48 29 &c.

1838 4570 157 29 Customers
2009 4567 100 29 waited
2123 4578 34 19 on
2173 4579 26 16 m
2215 4567 33 29 all
2263 4572 76 33 parts
2359 4566 29 28 of

1837 4610 47 28 the
1903 4609 119 29 district.

1988 4689 32 28 E.
2060 4687 19 29 J
2093 4687 22 29 0
2135 4689 23 27 II
2173 4687 71 36 NS,

1846 4736 117 22 GROCER
1976 4736 61 22 AND
2056 4734 58 22 GEV
2119 4736 35 20 Elt
2161 4736 31 20 \L
2209 4736 19 20 M
2234 4735 48 21 KitO
2288 4733 87 22 HANT.

2037 4800 153 21 AGENCIES:

1835 4829 174 28 Manchester
2023 4828 63 28 Fire
2103 4828 146 28 Insurance
2265 4828 48 28 Co.

1835 4870 157 27 Australian
2004 4868 106 29 Mutual
2120 4868 147 29 Provident
2277 4867 110 36 Society

1837 4972 129 58 WM.
1995 4971 389 65 KINASTON,

1899 5047 240 47 Hermitage
2177 5047 141 42 Street,

2010 5107 25 26 R
2045 5117 15 17 O
2071 5116 17 18 X
2101 5117 13 16 15
2123 5116 17 18 U
2151 5116 16 18 R
2176 5117 15 17 G
2206 5117 26 24 K,

1838 5167 236 37 CARPEXTttR,
2104 5167 171 30 BUILDER

1839 5241 7 7 .
1868 5241 6 7 .
1896 5241 7 8 .
1925 5242 7 6 .
1954 5218 164 30 PICTURE
2145 5219 167 36 FRAMER,
2336 5227 54 20 and

1985 5270 264 43 Undertaker,

1840 5355 109 30 Picture
1964 5354 169 38 Mouldings,
2147 5354 118 34 Glasses,
2286 5355 104 36 Paints,

1906 5395 55 28 and
1987 5395 227 36 Paperhangings
2239 5397 29 26 of
2288 5397 34 27 ail

1952 5433 181 39 descriptions
2147 5433 27 30 in
2193 5435 87 30 stock.

1841 5486 102 29 Orders
1956 5486 85 29 taken
2064 5486 43 28 for
2128 5487 98 37 supply
2239 5487 29 30 of
2280 5487 112 30 Timber

1983 5527 28 27 in
2025 5536 54 27 any
2093 5527 156 37 quantities.

1841 5609 87 31 W.K.
1941 5609 105 39 having
2067 5610 113 29 secured
2199 5622 17 18 a
2236 5611 157 31 First-class

2001 5675 236 45 HEARSE,

1841 5738 23 29 is
1879 5735 136 41 prepared
2028 5738 28 26 to
2076 5735 120 29 conduct
2216 5737 132 32 Funerals
2366 5740 28 29 in

1944 5776 37 29 all
1994 5778 75 36 parts
2082 5776 30 29 of
2126 5776 46 29 the
2186 5777 117 31 district.

2512 239 254 60 EVERY
2805 237 178 58 NOW
3027 239 154 56 AND
3233 234 250 60 AGAIN.

2491 390 19 29 S
2530 390 47 29 the
2597 388 118 30 Seasons
2737 386 88 37 Close,,
2839 397 30 19 so
2888 386 48 30 the
2958 386 146 30 Clearance
3125 386 105 31 MUST
3250 386 36 29 be
3306 383 88 31 made.

2502 452 115 39 Hoyle's
2630 451 93 28 Prints
2730 451 29 27 in
2768 451 34 27 53
2813 450 127 28 different
2952 449 122 36 Colours,
3083 460 61 19 now
3152 450 116 38 offering
3278 452 28 25 at
3319 446 124 39 Bargain
3457 445 89 29 Prices

2502 494 85 28 Dress
2603 491 121 34 Tweeds,
2738 490 73 37 good
2824 490 55 28 and
2892 490 165 29 serviceable
3070 491 42 28 for
3125 491 35 28 all
3170 491 45 28 the
3229 499 64 28 year
3306 487 99 35 round,
3419 486 36 29 all
3469 486 77 29 down

2427 535 27 27 in
2468 531 269 42 price—somethiug
2752 531 42 27 for
2806 530 47 28 the
2867 530 122 35 waiting,
3005 530 48 29 the
3068 530 138 34 watchful,
3221 530 47 28 the
3287 529 65 28 wise
3366 527 55 29 and
3435 525 111 38 willing.

2505 571 194 34 Flannelettes,
2723 569 112 38 Liberty
2860 571 52 27 Art
2939 569 109 36 Muslin,
3072 572 94 38 Apron
3189 568 223 38 Muslins—they
3434 577 63 28 may
3518 566 28 29 be

2428 612 154 40 anybody's
2596 614 140 34 property,
2751 611 59 26 who
2824 610 95 27 kuows
2931 611 10 26 ?

2503 651 115 31 Friends
2631 654 29 25 at
2672 661 16 17 a
2697 649 132 35 distance,
2845 649 158 30 Customers
3013 649 70 30 from
3096 651 42 28 far
3151 649 54 30 and
3216 659 74 23 near,
3304 648 71 29 little
3387 646 159 41 purchasers

2428 695 30 29 of
2470 694 79 30 small
2562 691 114 40 parcels,
2690 690 54 29 and
2758 691 50 38 big
2832 691 99 37 buyers
2955 690 29 29 of
3004 691 76 39 large
3102 691 104 38 parcels
3231 690 55 29 will
3307 689 59 29 find
3387 690 23 27 it
3431 692 28 25 to
3481 687 65 30 their

2429 734 125 39 personal
2569 732 155 37 advantage
2738 734 28 25 to
2782 731 64 28 take
2864 731 54 28 this
2940 731 61 28 hint
3013 732 54 28 and
3109 732 65 28 kum
3187 741 35 19 on
3236 734 29 25 at

2504 774 76 28 Each
2599 772 89 29 Order
2705 771 118 29 receives
2836 771 110 38 special,
2959 771 155 38 particular,
3128 771 54 29 and
3196 774 109 35 prompt
3318 769 145 30 attention.
3505 767 41 29 All

2431 815 92 30 Goods
2542 811 139 31 delivered
2702 810 129 39 Carriage
2851 811 75 29 Free.

2853 930 402 72 wim&wT-

2577 1037 101 30 CASH
2698 1036 163 36 DRAPER,
2883 1037 201 36 CLOTHIER,
3104 1037 81 28 aND
3205 1035 207 31 IMPORTER.

2810 1087 70 31 Rosa
2900 1088 97 37 Place,
3017 1089 163 29 Lawrence.

2944 1325 142 28 TAILOR
3113 1324 83 28 AND
3224 1322 163 29 HATTER.

2818 1407 40 20 AM
2872 1406 158 25 acknowledged
3045 1407 21 19 to
3079 1405 26 20 be
3118 1405 73 20 second
3204 1406 22 18 to
3239 1411 53 13 none
3305 1403 32 21 for

2816 1466 136 30 STYLE!

2961 1505 190 39 QUALITY!

3130 1545 312 30 WORKMANSHIP!

2511 1749 32 13 >*<••
2552 1750 33 12 •.'•IT
2596 1750 23 12 i&-,

2517 1771 20 10 ■!'
2548 1771 2 13 I
2563 1771 17 10 <3
2596 1775 5 9 :
2603 1773 16 10 .>.

2950 1668 155 23 RESIDENTS
3132 1668 35 21 OF
3193 1666 187 23 ROXBURGH-

2775 1698 80 26 Kindly
2865 1698 112 20 remprr.ber
2991 1698 46 19 that
3046 1697 65 25 owing
3125 1698 21 18 to
3156 1702 35 20 my
3200 1696 97 19 immense
3307 1695 129 25 assortment,
3446 1693 35 21 the
3490 1694 40 21 Sho

2825 1727 19 20 iu
2856 1726 35 21 the
2903 1726 102 20 Windows
3015 1726 16 19 is
3041 1724 48 26 only
3099 1731 11 13 a
3120 1730 48 19 very
3177 1722 59 21 small
3246 1724 47 24 part
3299 1720 21 21 of
3330 1728 33 19 my
3373 1721 127 21 Exhibition.

2826 1794 110 26 Intending
2945 1794 117 20 Customers
3073 1792 40 21 will
3125 1792 40 20 find
3173 1792 46 19 that
3229 1790 9 21 I
3248 1790 52 21 have
3311 1788 59 21 made
3377 1788 35 21 the
3419 1789 63 21 inside
3488 1788 21 21 of
3516 1795 30 21 my

2774 1821 160 22 Establishment
2952 1821 106 26 especially
3077 1819 116 26 attrac'ive,
3210 1818 40 21 and
3268 1817 103 21 earnestly
3386 1817 63 20 invite
3467 1823 40 19 you
3528 1820 18 17 to

2775 1854 82 16 suuntnr
2872 1848 88 26 through
2977 1848 35 20 the
3032 1847 79 20 various
3129 1846 145 26 Departments
3289 1844 40 21 and
3344 1844 82 26 Inspect
3436 1844 35 21 the
3480 1844 66 20 Latest

2774 1875 104 23 Fashions.

2810 1943 184 31 OPPOSITE
3016 1941 109 31 BANK
3147 1941 47 30 OF
3213 1940 92 30 NEW
3325 1939 189 37 ZEALAND,

3096 1981 161 28 Lawrenck.

2471 2124 394 86 WOOL.
3116 2119 384 86 WOOL.

2692 2246 287 61 SEASON
3022 2243 259 61 1697-98.

2655 2448 24 30 &
2700 2446 197 37 COMPANY,
2918 2445 173 36 LIMITED,
3113 2446 55 38 beg
3188 2448 30 27 to
3234 2453 143 21 announce
3396 2443 62 30 that
3476 2444 70 29 their

2568 2532 120 28 THIRD
2726 2529 114 30 WOOL
2880 2528 97 29 SALE
3015 2527 76 30 FOR
3128 2526 91 30 THIS
3259 2525 149 31 SEASON

2853 2607 68 29 Will
2946 2608 35 29 be
3005 2606 65 30 held
3095 2617 35 19 on

2425 2686 296 68 FRIDAY,
2777 2688 35 51 4
2812 2685 52 29 th
2928 2681 417 70 FEBRUARY,
3406 2683 136 57 1898.

2497 2865 111 30 WOOL
2627 2865 44 28 for
2683 2864 54 28 this
2754 2863 61 29 Sale
2829 2867 74 23 must
2916 2862 80 29 reach
3010 2872 50 19 our
3074 2862 93 28 Stores
3193 2863 48 25 not
3260 2860 70 28 later
3351 2859 68 29 than
3441 2859 78 28 WED-

2422 2944 164 35 NESDAY,
2611 2944 47 28 the
2685 2942 54 28 2nd
2765 2940 219 29 FEBRUARY.

2496 3017 105 28 Advice
2615 3015 95 35 Notes,
2724 3014 122 29 Address
2860 3013 23 28 L
2892 3013 78 34 ibels,
2984 3012 60 36 &c,
3058 3012 98 38 posted
3170 3022 35 18 on
3217 3012 179 39 application.

2753 3151 125 30 Address
2897 3160 69 29 your
2986 3150 216 39 Consignments
3224 3153 66 27 to—

2827 3362 26 29 D
2873 3361 28 30 U
2921 3361 28 29 N
2968 3361 23 28 E
3012 3361 25 28 D
3058 3361 14 29 I
3092 3361 48 30 N.

2770 3458 210 59 Slieep
3042 3458 272 52 Ownors
3336 3472 15 39 %

3016 3564 4 28 r
3021 3564 41 28 pi

3027 3654 33 27 m

2686 3876 35 29 IS
2747 3871 216 32 ANNUALLY
2991 3870 101 32 USED
3118 3865 105 34 UPON
3252 3865 23 30 A

2420 3932 206 64 QUxVR
2646 3928 157 58 TER°
2803 3942 17 23 F
2833 3942 58 23 ™
2906 3923 286 56 SHEEP»
3205 3937 57 21 THE
3288 3915 252 55 WORLD

2455 4047 59 29 ITS
2535 4044 235 30 BENEFICIAL
2791 4039 167 33 EFFECTS
2977 4038 80 29 AND
3076 4035 167 30 LASTING
3266 4026 235 36 PftOPRVPISS

2818 4092 128 31 ALONE
2972 4090 112 29 MAKE
3111 4088 37 30 IT

2419 4159 45 55 T
2498 4157 72 58 IE
2611 4152 395 61 CHEAPEST
3039 4147 95 58 OF
3170 4146 146 58 ALL
3358 4140 167 58 DIPS

2690 4269 70 19 from

2425 4275 57 19 ■■■lST
2489 4275 4 19 I
2511 4275 45 17 K'JIJ
2561 4275 12 15 U
2582 4275 46 15 KAU
2634 4275 28 14 l.£;
2692 4275 7 13 t
2708 4275 52 13 KUJI

2904 4295 103 30 JOHN
3033 4290 218 36 THOMPSON,
3280 4290 152 30 Lawrence,

2825 4338 65 29 And
2911 4338 72 29 from
3005 4335 36 30 all
3065 4333 86 31 Stock
3172 4332 55 30 aud
3252 4330 108 31 Station
3383 4328 120 37 Agents.

2442 4424 14 46 I
2497 4429 133 39 Urray,
2658 4413 411 56 RohertS_and__QO..
3103 4416 80 32 Chief
3209 4416 107 36 Agents
3337 4412 44 29 for
3404 4410 100 38 Otago.

2648 4966 24 42 7
2753 4966 26 42 \

2936 5070 188 24 (b'Y'S'S'Ar.E.T.Yj!

2405 5112 3 70 I
2539 5125 153 57 NEW
2748 5125 248 54 RAPID
3041 5118 388 59 BICYCLES.

2445 5230 31 22 1T
2497 5225 115 24 GEORGE
2627 5222 204 23 ENGINEERING
2844 5223 50 26 CO.,
2909 5224 101 25 Limited,
3025 5229 34 14 are
3068 5221 34 20 the
3113 5220 80 21 Makers
3203 5218 21 21 of
3233 5218 35 21 the
3278 5217 48 27 only
3337 5216 79 26 Bicycle
3426 5217 113 25 possessing

2445 5254 12 23 N
2485 5257 20 20 in
2516 5256 68 24 happy
2593 5252 137 21 combination
2740 5252 35 19 the
2786 5251 114 25 perfection
2909 5251 21 20 of
2937 5252 57 18 tho.se
3000 5249 95 27 qualities
3102 5252 52 16 most
3160 5246 84 22 coveted
3250 5246 27 25 by
3285 5244 132 27 experienced
3427 5244 111 26 Cyclists—

2591 5284 200 31 STABILITY
2808 5284 5 28 !
2892 5284 120 28 SPEED
3028 5283 5 28 !
3111 5277 242 33 DURABILITY
3368 5277 6 29 !

2468 5329 48 22 This
2526 5327 42 22 fact
2576 5326 37 21 has
2622 5325 81 21 become
2711 5323 104 27 generally
2825 5323 114 27 recognised
2950 5324 20 20 in
2979 5322 104 27 Tuapeka,
3094 5321 40 21 and
3144 5321 20 20 in
3175 5325 138 21 consequence
3328 5317 11 21 I
3353 5324 33 14 am
3401 5317 55 26 daily
3465 5317 73 26 selling

2418 5360 58 21 thes-s
2485 5355 103 24 Machines
2599 5356 21 18 to
2632 5352 86 27 Cyclists
2728 5351 44 21 who
2782 5351 51 21 have
2842 5351 51 21 been
2902 5350 143 28 disappointed
3054 5350 26 24 by
3090 5349 60 21 other
3160 5348 76 24 makes,
3248 5346 40 22 and
3299 5346 45 21 who
3353 5352 34 15 are
3392 5344 54 27 glad,
3456 5344 83 28 indeed,

2419 5388 32 19 for
2460 5392 32 14 me
2502 5388 21 16 to
2532 5383 59 20 make
2599 5381 58 19 them
2664 5386 25 14 an
2699 5379 109 20 allowance
2817 5379 31 19 for
2860 5379 53 19 their
2923 5378 104 20 discarded
3038 5379 83 18 mounts

2420 5426 55 35 As
2486 5423 93 36 Part
2590 5414 265 49 Paymentfor
2866 5426 23 26 a
2901 5414 186 37 Machine
3095 5413 92 45 they
3199 5422 77 27 can
3291 5409 167 47 Depend
3473 5419 66 27 on.

2474 5511 65 20 Those
2549 5508 43 19 who
2601 5512 34 14 are
2645 5506 36 19 not
2693 5504 21 20 in
2724 5510 11 14 a
2746 5503 87 26 position
2842 5504 22 18 to
2874 5501 99 26 purchase
2983 5508 38 13 one
3030 5501 22 19 of
3061 5501 57 20 these
3128 5499 52 21 ideal
3191 5499 67 21 steeds
3268 5506 38 13 cax
3314 5497 71 21 obtain
3396 5496 52 21 from
3461 5504 31 13 me

2540 5536 68 29 New
2629 5541 55 20 and
2710 5532 197 28 Second-hand
2935 5529 131 29 Bicycles
3088 5527 30 29 of
3140 5538 84 25 every
3245 5525 179 38 description.

2636 5610 353 60 CHARLES
3029 5607 294 66 STOKES,

2577 5690 214 35 MERCHANT
2823 5688 151 35 TAILOR,
3001 5688 70 28 Ross
3102 5686 99 36 Place,
3226 5685 162 29 Lawrence.

2827 5731 93 37 Agent
2946 5728 43 29 for
3015 5726 139 38 Tuapeka.

2472 5779 124 27 Oitalogue*
2609 5782 26 15 on
2650 5771 139 29 Application.
2797 5765 44 41 —:
2965 5776 10 12 -i
3038 5767 97 21 —When
3147 5765 100 27 Ordering
3260 5765 93 24 Mention
3368 5765 42 22 this
3423 5765 73 24 Paper.

3587 223 257 46 Speargrass
3877 223 91 38 Flat
4006 217 134 44 Hotel,

3686 284 101 30 BALD
3810 285 94 30 HILL
3928 284 108 30 FLAT.

3578 365 15 21 J
3600 365 74 22 AMES
3686 365 152 23 FALCONER

3695 434 87 29 above
3796 435 85 28 Hotel
3894 435 55 28 will
3963 435 34 28 bo
4011 432 88 29 found
4118 442 16 17 a

3666 478 73 25 most
3764 475 179 28 comfortable
3973 474 54 28 aud
4059 472 62 29 well-

3582 515 150 38 appointed
3745 514 94 29 House
3853 515 37 37 by
3913 513 152 30 Travellers
4079 512 55 28 and

3582 556 47 29 the
3641 554 92 40 public
3747 554 150 39 generally.
3938 554 117 29 Patrons
4070 562 63 28 may

3582 596 58 37 rely
3653 607 35 17 on
3701 605 83 26 every
3801 595 136 28 attention
3950 595 86 36 being
4048 594 84 37 given

3582 638 28 26 to
3620 634 72 30 their
3704 634 127 29 comfort.

3581 708 45 29 An
3638 708 158 29 Excellent
3809 708 89 28 Table
3911 708 118 28 Always
4045 706 87 28 Kept.

3643 781 71 39 Only
3730 781 46 30 the
3790 781 67 28 Best
3869 781 118 38 Liquors
4000 779 78 40 Kept

3785 822 29 29 in
3828 821 96 29 Stock.

3583 875 157 30 First-class
3754 875 137 38 Stabling,
3906 875 67 28 with
3989 874 101 29 Groom
4103 874 29 28 in

3773 915 174 30 attendance.

3583 1006 279 41 ■RAILWAY
3938 1005 194 35 HOTEL,

3673 1074 67 22 ROSS
3758 1072 98 27 PLACE,
3878 1072 167 22 LAWRENCE.

3582 1142 159 45 Joseph
3767 1141 104 42 Cox,
3899 1139 234 46 Proprietor

3618 1228 62 30 J.C.
3694 1228 69 39 begs
3784 1231 29 25 to
3826 1227 125 29 intimate
3964 1227 61 27 that
4036 1226 36 28 he
4084 1225 50 29 has

3581 1268 154 40 purchased
3765 1268 48 29 the
3845 1268 86 29 above
3956 1267 178 29 well-known

3582 1310 141 36 Hostelry,
3732 1308 54 28 and
3801 1308 93 37 hopes,
3904 1308 36 37 by
3950 1307 79 28 strict
4041 1310 76 25 atten-

3582 1349 58 29 tion
3653 1352 28 25 to
3694 1348 47 29 the
3751 1347 117 31 comfort
3876 1347 29 29 of
3917 1346 152 30 Travellers
4078 1345 54 30 and

3582 1390 47 28 the
3641 1389 93 39 public
3747 1388 150 39 generally,
3909 1392 30 24 to
3953 1392 72 24 meet
4038 1387 65 28 with
4116 1397 17 18 a

3581 1430 53 28 fair
3647 1430 79 28 share
3739 1429 28 28 of
3779 1434 160 33 patronage.

3619 1470 58 28 The
3700 1469 121 39 Railway
3843 1468 24 30 is
3889 1479 51 19 one
3954 1467 28 29 of
3995 1468 47 28 the
4055 1468 60 28 best-

3580 1510 149 39 appointed
3741 1510 98 29 Hotels
3848 1510 106 28 outside
3963 1508 29 30 of
4003 1508 129 29 Dunedin

3581 1551 97 30 Under
3690 1550 87 30 J.O.'s
3792 1552 200 36 management,
4002 1549 46 29 the
4059 1559 54 19 com-

3580 1592 57 29 fort
3650 1591 28 29 of
3686 1594 112 35 patrons
3807 1590 53 28 will
3872 1590 35 28 be
3918 1590 77 28 made
4005 1600 16 17 a
4031 1588 102 39 special

3580 1632 114 35 feature,
3707 1632 55 28 and
3775 1641 35 19 no
3824 1630 81 30 effort
3916 1629 52 31 will
3984 1630 35 28 be
4033 1628 99 40 spared

3581 1677 27 25 to
3622 1673 64 38 give
3699 1682 83 28 every
3795 1671 179 29 satisfaction.

3580 1745 58 30 The
3651 1746 62 28 best
3726 1745 101 28 brands
3841 1745 30 28 of
3892 1743 104 36 Wines,
4021 1743 111 39 Spirits,

3616 1786 55 29 and
3686 1786 65 29 Ales
3764 1785 100 38 always
3885 1785 67 38 kept
3964 1784 29 28 in
4007 1783 87 40 s|ock.

3581 1858 127 40 Simpson
3721 1858 55 30 and
3791 1858 96 29 Hart's
3900 1857 67 30 Ales
3981 1856 100 39 always
4095 1866 35 20 on

3825 1898 67 38 Tap.

3579 1972 157 29 First-class
3747 1971 129 38 Stabling
3887 1969 245 30 Accommodation

3908 2050 224 42 HOTEL'

3672 2114 68 22 ROSS
3753 2113 97 26 PLACE,
3864 2112 167 22 LAWRENCE.

3577 2182 33 30 R.
3631 2182 112 29 WEBB

3901 2180 16 30 ..
3948 2180 180 30 Proprietor.

3613 2262 58 30 The
3724 2262 123 29 Masonic
3903 2261 101 29 affords
4026 2261 37 29 all
4081 2261 49 29 the

3576 2303 131 30 comforts
3720 2303 29 30 of
3760 2314 17 18 a
3789 2303 89 36 home,
3890 2302 54 29 and
3958 2302 23 29 is
3994 2301 133 40 provided

3576 2345 66 29 with
3655 2345 47 29 the
3723 2354 68 28 very
3809 2344 62 29 best
3885 2343 244 30 Accommodation

3575 2385 44 28 for
3643 2384 161 30 Travellers.
3844 2383 157 30 First-class
4034 2382 94 29 Table.

3575 2425 68 29 Best
3662 2425 97 29 Wines
3780 2425 55 29 and
3857 2424 100 40 Spirits
3979 2424 102 38 always
4099 2423 30 28 in

3575 2465 89 31 stock.

3697 2533 132 21 CHARGES
3848 2531 160 22 MODERATE.

3892 2569 5 7 ■
3963 2568 8 9 «

3610 2588 58 30 The
3693 2589 158 39 Proprietor
3877 2587 100 30 wishes
4003 2590 29 27 to
4055 2587 76 29 draw

3575 2629 108 39 Special
3707 2629 136 29 attention
3869 2632 28 25 to
3927 2629 45 28 the
4000 2627 132 38 Stabling

3574 2670 246 28 Accommodation
3840 2668 142 39 provided,
3996 2668 92 28 which
4108 2668 24 27 is

3573 2711 154 33 unlimited,
3741 2711 55 27 and
3808 2710 30 28 of
3851 2711 46 26 the
3911 2709 62 28 best
3987 2708 78 28 kind.

3611 2794 262 31 VICTORIA
3949 2792 198 33 HOTEL,-

3595 2838 10 13 T

3664 2860 71 21 PEEL
3747 2860 112 26 STREET,
3874 2859 170 22 LAWRENCE.

3600 2952 170 36 Ronald
3798 2949 311 44 Montgomery,

3767 3007 180 29 Propjbietor.

3578 3102 59 28 One
3659 3101 29 28 of
3708 3100 48 28 the
3776 3103 72 25 most
3873 3100 181 28 comfortable
4074 3100 58 28 and

3603 3139 230 31 best-conducted
3846 3139 154 29 Hostelries
4011 3149 35 19 on
4057 3139 47 29 the

3725 3179 89 38 Otago
3829 3179 159 29 Goldfields.

3679 3271 54 22 HOT
3754 3271 62 22 AND
3837 3271 74 21 (OLD
3930 3271 99 22 BATHS.

3601 3340 110 30 Sample
3732 3340 95 29 Rooms
3847 3348 52 20 for
3917 3339 184 32 Travellers.

3573 3420 169 39 Passengers
3749 3419 87 29 ealled
3845 3419 43 29 for
3897 3419 46 30 the
3951 3420 75 39 early
4034 3420 93 35 Train.

3573 3563 146 63 RM
3719 3563 74 63 I
3822 3563 21 26 T
3873 3564 20 25 0
3923 3564 27 25 H

3981 3564 123 27 ELL

3629 3707 71 28 TAB
3744 3707 163 28 POPULAR
3939 3707 125 34 HOUSE,

3750 3770 201 28 LAWRENCE.

3573 3854 21 19 .s
3606 3852 53 19 dow
3676 3843 104 34 opening
3798 3852 32 24 up
3849 3843 39 25 his
3910 3842 65 27 First
3996 3843 129 33 Shipment

3586 3890 25 25 of
3627 3890 143 25 SUMMER
3787 3888 169 30 DRAPERY,
3974 3888 133 32 consisting

3584 3934 25 26 of
3617 3934 31 25 all
3658 3935 41 25 the
3706 3935 71 25 latest
3787 3932 119 27 novelties
3913 3933 37 25 for
3961 3932 40 25 the
4010 3933 94 30 coming

3653 3981 92 22 season,
3762 3971 49 27 and
3823 3972 79 32 prices
3914 3973 25 23 to
3955 3972 92 24 match/

3690 4012 122 29 Millinery
3826 4019 16 17 a
3864 4009 138 33 Speciality.

3603 4154 110 30 @TN.B.
3730 4151 115 29 —Visits
3877 4153 93 26 Millers
3996 4151 45 28 Fla
4088 4153 33 24 nd

3575 4193 129 31 Roxburgh
3715 4198 74 25 every
3803 4192 38 25 six
3857 4191 87 25 weeks:

3618 4382 3 35 :
3621 4382 384 35 M^KKKLmm,>

3574 4565 104 38 jWARR
3683 4569 41 20 AN
3731 4568 13 21 T
3761 4559 45 36 >.?£;
3807 4563 7 21 :
3815 4559 52 34 s#

3574 4591 50 43 IaN!)
3631 4607 26 26 BY
3667 4605 85 28 SPIRAL
3760 4593 115 38 \VA^>!iiK
3878 4591 3 43 ;
3887 4600 57 29 ;!;;>;

3599 5637 174 39 TOTHILL,
3793 5639 174 40 WATSON,
3986 5640 26 31 &
4032 5640 68 39 CO.,

3675 5712 144 28 Eskistreefc.
3839 5713 165 33 Invercargill,

3595 5759 31 24 So
3636 5767 14 18 e
3664 5763 87 27 Ag<*ita
3766 5760 36 25 for
3817 5761 77 31 Ocag:>
3909 5760 48 26 and
