3300 4360
93 121 33 21 BY
146 121 59 19 THE
221 122 117 19 WATERS
354 124 35 19 OF
409 124 90 21 RUATA-

256 148 90 21 HUNA.

31 208 42 858 I
238 209 34 18 By
286 210 79 20 Tuiioe.

110 242 27 19 As
155 242 35 19 the
213 242 69 20 smoke
296 244 23 19 of
340 246 35 18 the
400 253 58 19 camp
481 247 36 19 fire

87 268 72 19 drifted
181 268 38 19 low
239 271 20 16 to
269 269 34 19 the
317 271 64 25 rising
392 273 94 23 strength
496 273 21 18 of

86 294 135 19 ilakamamao
231 294 35 19 the
277 295 33 19 old
322 298 61 22 guide
394 298 123 19 shouldered

86 321 27 19 Lis
133 320 66 23 heavy
221 320 65 25 pikau
302 322 40 19 and
365 324 100 24 grasping
484 324 31 19 his

84 345 52 28 staff.
145 347 128 19 commenced
292 348 35 18 the
343 348 49 25 long
403 349 82 19 descent
494 350 22 19 of

84 373 151 23 Tarapouuama
250 373 94 19 followed
362 374 27 25 by
404 375 33 18 his
451 375 54 20 faith-

82 397 28 20 ful
291 399 48 19 And
369 406 22 13 as
414 407 29 13 we
462 404 53 17 went

84 424 111 18 downwarl
208 424 90 25 through
313 425 34 19 the
354 427 81 18 ancient
451 428 64 18 forest

83 449 84 19 beneath
178 449 35 19 the
222 451 35 17 the
268 454 58 21 great
333 454 50 21 rata,
401 453 52 19 rimu
468 454 46 18 .and

82 475 56 19 tawai
153 475 51 19 with
222 476 35 18 the
275 477 99 19 beautiful
390 479 68 19 neinei
473 480 41 18 and

82 501 90 24 horopito
182 501 66 25 lining
263 502 34 18 the
308 503 47 19 trail
365 503 49 24 side,
431 505 35 19 the
476 505 38 19 hill

82 527 62 24 slopes
154 528 84 18 covered
246 528 48 19 with
310 529 101 20 beautiful
421 531 56 19 ferns
493 533 21 17 of

82 559 58 18 many
157 554 75 24 species
253 554 40 19 and
310 555 61 19 white
387 556 85 20 clusters
492 558 21 18 of

82 579 87 18 clematis
192 579 40 18 and
254 580 80 24 tapairu
350 587 26 12 on
394 582 53 19 bush
467 583 46 19 ;and

82 604 101 19 trunk—it
201 611 41 12 was
258 606 47 18 then
321 607 45 18 that
376 614 30 13 we
425 609 87 19 listened

81 634 18 15 to
109 630 35 19 the
154 630 41 19 tale
205 632 20 17 of
235 631 38 23 old,
291 632 35 19 tho
341 634 40 19 tale
395 634 21 19 of
427 634 71 20 Rakau-

80 656 59 19 tawhi
156 657 21 18 of
195 657 34 18 the
249 657 109 20 Multitude
376 661 22 18 of
414 660 36 19 TOl
472 661 40 20 and

81 682 103 25 ip-audsire
201 686 20 15 to
236 681 149 28 Wharepakau
395 687 22 18 of
428 686 84 20 immor~

80 708 26 19 tal
121 708 127 19 fame—who
265 714 54 15 went
336 711 56 20 forth
414 713 49 18 with
479 714 33 19 his

80 735 46 22 long
132 740 60 19 spear
209 738 19 15 to
242 741 85 19 procure
344 738 42 19 him
402 745 12 12 a
421 740 52 18 meal
491 741 21 18 of

80 761 32 18 the
129 761 75 18 witless
216 761 56 19 wood
289 761 80 26 pigeon.
397 766 47 18 Aud
461 766 49 19 here

80 793 23 12 cm
113 786 41 18 this
162 786 47 18 loue
224 787 53 24 peak
292 788 26 18 he
331 790 137 20 clamberered
483 799 27 18 up

79 813 40 19 into
129 819 12 11 a
152 816 58 21 great
229 818 47 19 tree,
288 820 12 12 a
318 813 4 24 '
327 815 82 20 .kaihua
419 813 4 24 '
439 818 22 18 of
476 818 34 19 old

79 838 38 19 and
143 839 81 24 seating
254 839 82 21 himself
369 848 76 20 among
475 844 35 19 the

79 864 97 19 branches
199 867 80 17 thereof
294 868 111 23 proceeded
428 872 21 16 to
466 870 44 25 slay

79 891 32 18 the
121 890 100 26 offspring
230 892 22 18 of
268 893 60 19 Taue.
357 896 50 17 Now
417 895 35 19 tho
466 903 28 12 ma-

78 916 32 19 koi
120 920 75 15 ortura
205 918 86 23 (barbed
301 919 61 25 head)
374 921 21 17 of
406 921 32 18 his
449 928 60 19 spear

78 948 39 13 was
137 943 80 19 formed
232 945 21 17 of
269 950 104 19 pouuamu
390 953 23 12 or
435 954 61 18 green-

77 972 61 20 stone,
155 969 41 19 aud
210 970 76 25 having
302 973 84 22 speared
404 979 12 12 a
433 974 75 25 pigeon

77 995 43 18 '.hat
148 996 118 24 ungrateful
290 997 46 19 bird
355 999 108 24 struggled
487 1008 21 12 so

77 1023 77 24 liercely
165 1030 22 12 as
197 1027 20 15 to
227 1024 71 18 detach
308 1025 35 18 the
353 1028 31 16 tar
386 1032 11 12 a
414 1027 52 18 from
482 1027 26 19 its

77 1051 53 18 shaft
139 1050 40 18 aud
190 1057 22 11 so
221 1050 44 18 ilew
275 1056 57 19 away
341 1051 50 19 with
406 1052 35 18 the
457 1053 50 19 barb

76 1076 107 20 imbedded
193 1077 21 18 iu
221 1077 26 18 its
253 1076 59 25 body,
322 1077 104 19 doubtless
434 1079 63 24 rejoic-

75 1104 35 24 ing
122 1103 54 18 after
193 1103 34 18 tho
238 1109 84 12 maimer
338 1105 22 17 of
378 1103 33 19 his
421 1104 50 20 kind
487 1109 21 15 at

43 1130 13 20 .-'.'
75 1130 77 24 having
161 1129 85 24 escaped
255 1129 34 18 the
299 1129 56 19 wiles
365 1131 21 17 of
404 1130 35 18 the
456 1131 39 19 fow-

75 1157 33 19 ler.
136 1156 48 19 And
200 1156 44 17 that
254 1161 40 12 was
304 1155 44 20 how
357 1157 41 18 this
408 1157 37 19 hill
454 1158 53 25 peak

75 1182 94 20 obtained
185 1182 34 18 the
236 1187 58 12 name
306 1182 21 18 of
343 1182 162 26 Tarapounamu.

74 1209 20 19 If
103 1208 34 19 the
154 1210 56 22 story
225 1207 65 19 ended
299 1207 56 20 there
367 1211 15 16 it
398 1209 65 19 would
480 1210 27 19 be

74 1234 44 20 well
127 1234 37 19 but
180 1234 34 18 the
232 1233 111 19 chronicler
361 1235 62 24 goeth
441 1242 26 13 on
486 1239 19 16 to

74 1268 34 17 say
116 1261 46 18 thac
169 1260 35 19 the
213 1259 99 18 bereaved
328 1260 72 20 Eakau
417 1263 88 23 pursued

42 1287 12 16 i'
73 1288 44 18 that
131 1286 89 19 stricken
237 1285 74 18 birdlet
326 1290 59 15 event
403 1291 50 15 unto
471 1288 35 19 the

44 1307 19 34 |p
75 1314 47 18 base
132 1313 21 18 of
171 1311 90 20 Putauki
277 1311 66 19 which
353 1312 38 19 lies
400 1314 32 18 far
448 1320 57 19 away

73 1340 20 18 iu
112 1338 35 19 tho
164 1337 97 20 lowlands
279 1338 20 18 of
308 1338 57 19 Awa.
393 1339 65 19 There
477 1340 28 19 he

42 1358 10 29 I
75 1364 95 26 captured
180 1364 34 18 the
225 1363 68 25 erring
303 1369 37 13 one
350 1365 41 18 and
397 1366 108 19 recovered

73 1392 30 18 his
120 1390 68 25 prized
201 1389 73 19 mokoi.
303 1390 42 18 The
371 1392 134 25 unbelieving

73 1415 176 26 Aitanga-a-Tiki,
266 1416 75 18 fearful
358 1417 21 18 of
404 1418 101 26 straining

40 1441 3 28 :
44 1455 5 6 -.
73 1444 51 18 their
140 1445 85 22 systems
237 1441 28 25 by
280 1442 108 26 recklessly
399 1445 105 24 accepting

74 1470 38 18 this
123 1470 107 18 statement
241 1474 57 12 move
308 1470 82 18 onward
399 1470 59 18 down
469 1471 34 18 tho

75 1495 150 19 shadow-laden
235 1494 47 18 trail
296 1495 21 17 in
334 1496 79 18 solemn
430 1496 73 20 silence

72 1523 48 17 Past
143 1521 29 19 To
190 1520 283 27 Haka-a-TJenuku-kopako,
492 1529 11 13 a

72 1548 51 19 little
143 1547 91 24 clearing
254 1547 21 17 in
291 1546 35 19 the
349 1547 64 19 forest
437 1549 66 19 where

35 1574 127 250 (Uenuku
171 1574 21 17 of
198 1573 27 18 To
234 1575 71 16 Aruwa
312 1573 69 19 halted
386 1574 31 18 his
425 1575 66 19 march-

72 1601 34 24 ing
113 1599 94 21 warriors
213 1599 19 18 in
240 1599 49 24 days
295 1599 22 18 of
322 1606 47 17 yore
378 1600 40 18 and
425 1602 78 19 trained

72 1627 54 19 them
136 1629 20 15 to
166 1625 119 25 proficiency
296 1625 21 18 in
334 1625 35 19 tho
386 1626 56 19 ke.ka
459 1628 44 19 that

71 1653 31 19 his
113 1651 4 27 '
125 1658 37 19 ope
170 1651 4 27 '
186 1651 65 24 might
260 1651 59 18 make
334 1658 12 12 a
362 1652 68 25 fitting
446 1656 56 22 entry

72 1680 40 18 into
127 1679 35 18 the
181 1683 67 13 marae
266 1678 22 17 of
308 1678 130 20 Kuatahuna.
477 1679 26 19 So

73 1703 112 21 downward
193 1703 89 21 through
293 1703 60 19 dense
364 1705 63 19 forest
437 1708 21 16 to
468 1706 34 19 the

72 1730 158 26 Maugokakaho
249 1733 80 19 stream,
346 1736 28 19 up
396 1731 34 19 the
446 1735 56 22 steep

72 1757 54 25 slope
135 1757 22 19 of
164 1756 105 19 Tahuaroa
276 1759 20 15 to
304 1756 34 19 the
346 1757 84 19 summit
436 1758 66 19 whero

72 1784 76 18 cftsoon
159 1789 30 12 we
207 1788 79 18 emerge
302 1782 43 19 into
355 1790 12 11 u
380 1783 52 19 little
450 1790 52 19 open

71 1815 63 19 space,
153 1809 35 18 the
198 1808 122 19 contraction
336 1809 21 18 of
367 1815 25 12 an
401 1809 34 19 old
453 1811 49 18 time

70 1835 123 21 cultivation,
207 1834 78 19 whence
296 1841 28 12 we
331 1834 46 19 look
388 1836 59 19 down
464 1843 25 19 up-

72 1868 24 12 on
106 1862 35 18 the
151 1860 70 20 classic
230 1860 45 18 vale
292 1860 21 18 of
328 1860 163 24 Ru-stahuna-?i:i-

69 1887 95 20 ku-kore.
200 1886 42 19 The
259 1886 121 24 mysterious
482 1890 20 17 of

70 1914 111 18 theTuboe
192 1912 58 23 tribe,
261 1913 116 18 mentioned
388 1914 21 18 in
419 1922 61 18 many
491 1922 10 11 a

70 1946 49 18 saga
126 1940 41 18 and
178 1938 45 19 wild
239 1938 73 25 legend
322 1940 21 17 of
354 1940 40 23 old,
406 1940 34 19 the
456 1942 45 18 vale

70 1966 19 19 of
104 1966 72 24 refuge
186 1966 32 17 for
232 1971 61 18 many
303 1971 12 12 a
323 1965 79 20 broken
413 1967 52 18 tribe
481 1968 20 18 of

70 1992 33 19 the
120 1991 246 20 trans-mountaiu-world
375 1992 38 19 lies
421 1994 32 18 far
465 1994 24 19 be-

49 2020 9 20 ;.!
68 2018 38 19 low
123 2025 24 12 us
164 2024 22 12 as
201 2017 71 24 calmly
288 2018 102 23 primitive
406 2020 38 18 aud
463 2027 26 12 un-

68 2044 85 20 touched
163 2044 21 18 of
194 2043 79 24 pakcha
285 2043 65 19 hands
360 2051 23 11 as
393 2045 58 19 when
467 2046 34 19 tho

41 2069 1 22 :
68 2071 108 18 multitude
186 2071 21 17 of
221 2069 67 18 l'otiki
301 2070 40 18 and
357 2070 78 21 Kotoro
454 2072 46 19 held

51 2092 7 32 I
68 2103 52 18 sway
138 2096 85 19 therein.
252 2095 47 19 And
314 2096 114 21 Tane-atua
446 2105 55 13 came

68 2122 51 19 from
139 2123 51 21 afar,
219 2121 52 19 from
295 2121 80 24 beyond
393 2124 34 18 tho
449 2125 51 19 dark

68 2155 60 13 ecean
157 2148 41 18 and
225 2148 102 18 traversed
354 2149 34 19 tho
414 2151 87 24 rushing

44 2173 2 28 :
67 2178 72 14 waters
175 2175 21 17 of
229 2173 211 23 Tamahine-mataroa
473 2177 28 24 by

51 2200 6 17 1
69 2200 64 19 which
151 2206 60 13 name
226 2199 34 19 the
278 2206 45 12 men
341 2201 21 18 of
378 2201 51 19 Awa
442 2203 58 19 knew

68 2227 35 18 tho
111 2227 132 19 Whakalane
254 2225 63 19 River
326 2226 70 20 before
407 2229 33 18 the
451 2229 49 24 days

69 2253 20 18 of
102 2253 97 19 Wairaka
214 2251 39 19 and
264 2251 34 19 the
315 2253 74 19 advent
399 2255 21 18 of
436 2255 51 19 Mala-

69 2281 53 17 atua.
152 2277 106 20 Travelled
268 2278 49 19 with
326 2280 83 25 strange
423 2288 78 18 powers

49 2304 4 26 i-
68 2307 21 17 at
98 2305 33 19 his
140 2304 106 20 command
260 2304 40 18 and
317 2305 114 25 performed
448 2315 51 12 won.

45 2330 11 21 ';\
69 2332 60 18 drous
150 2332 62 18 deeds
221 2337 23 12 as
264 2330 25 18 he
304 2332 79 24 pierced
406 2334 34 18 the
456 2342 44 11 new

45 2357 3 28 ;
68 2357 63 19 world
145 2364 51 12 even
211 2359 20 17 to
248 2357 34 18 tho
301 2358 80 20 sombre
399 2367 73 18 gorges
480 2362 21 18 of

69 2383 177 25 Ohaua-te-rangi.
279 2384 28 18 As
322 2385 32 18 for
371 2386 35 19 tho
429 2389 72 17 tokens

69 2410 20 18 of
99 2410 44 19 that
154 2412 91 16 ancestor
254 2410 43 24 the}
297 2417 5 6 r
312 2417 33 12 are
355 2418 23 11 as
388 2413 35 18 the
441 2413 60 19 sands

69 2436 21 19 of
110 2436 35 19 tho
162 2436 99 19 seashore.
290 2436 40 19 For
350 2444 25 12 on
395 2439 35 18 the
448 2439 52 19 bush

68 2468 63 18 range
140 2462 66 19 above
217 2461 71 19 Ohaua
298 2464 70 18 stands
376 2464 35 19 the
425 2465 74 21 sacred,

68 2488 35 19 lifo
113 2488 72 24 giving
195 2488 62 18 hinau
268 2488 73 19 known
353 2496 22 13 as
384 2491 29 18 To
428 2491 61 19 Iho-o-

69 2514 83 19 ivntaka
162 2514 65 18 which
239 2514 70 25 brings
318 2514 35 26 joy
363 2519 20 16 to
393 2518 34 18 the
443 2518 58 18 heart

70 2541 19 18 of
106 2540 96 19 childless
220 2547 83 12 women.
332 2543 46 18 And
396 2544 20 17 in
430 2550 12 12 a
460 2544 40 19 still

47 2574 6 19 3
68 2573 56 13 more
138 2566 70 20 sacred
223 2570 45 21 spot
285 2568 63 19 which
362 2576 31 12 we
409 2570 40 18 will
467 2573 34 15 not

68 2593 89 19 meution
173 2593 38 19 lest
230 2593 35 19 the
282 2601 24 16 go
313 2594 6 10 1
323 2601 8 11 *
355 2595 25 18 be
399 2595 101 24 offended,

70 2620 36 18 lies
116 2619 34 19 the
160 2619 43 19 aria
221 2620 21 17 of
259 2620 113 25 Jlataatua,
390 2622 59 17 while
466 2622 24 19 be-

69 2645 37 19 low
115 2645 125 24 Matairangi
249 2647 17 17 is
286 2653 11 12 a
308 2650 56 15 stono
383 2648 64 18 called
462 2648 26 18 Ta-

70 2671 112 19 kuahiteka
205 2672 68 18 before
293 2673 64 19 which
377 2680 60 15 every
457 2674 33 18 des-

70 2698 85 18 cendant
166 2698 20 18 of
200 2698 105 19 Taneatua
315 2703 54 15 must
378 2704 44 14 cast
432 2707 12 11 a
453 2700 49 23 twig

68 2730 21 12 or
101 2723 104 19 brauchlet
221 2731 23 12 as
261 2725 25 18 he
300 2732 69 17 passes
390 2726 58 19 while
470 2733 21 12 re-

68 2750 84 25 peating
162 2750 4 25 :

134 2785 42 17 Uru
192 2791 35 12 ur,u
245 2785 84 18 whenua.
348 2791 44 12 rcau
410 2792 10 11 e
436 2786 31 17 kai
484 2787 18 16 to

160 2814 86 12 manawa
256 2814 24 11 ou

68 2840 59 19 With
138 2847 61 17 many
207 2841 84 18 another
305 2843 82 21 strange
404 2841 60 18 token
482 2842 21 18 of

66 2866 36 20 old
113 2867 40 19 and
162 2867 73 25 quaint
246 2867 32 18 old
286 2867 50 18 talcs
343 2867 21 18 of
373 2867 79 19 ancient
459 2867 42 19 folk

66 2892 49 19 lore.

95 2919 39 18 Wo
145 2925 33 12 see
188 2918 34 19 the
232 2919 45 18 roof
290 2919 22 18 of
328 2919 27 18 To
373 2919 117 19 Whai-a-te-

69 2947 62 21 motu,
144 2945 35 18 the
190 2947 56 21 groat
262 2944 83 19 Council
360 2945 103 19 Chamber
483 2946 20 18 of

70 2970 184 19 'J'uhoe-Land—in
266 2971 33 18 the
309 2971 76 25 village
397 2972 21 18 of
435 2972 55 19 Mata-

70 2997 97 18 atua-and
178 3003 25 12 on
215 3003 59 18 every
284 2997 42 18 side
343 3004 33 11 are
393 2998 35 18 tho
447 2999 56 23 signs

68 3023 23 18 •of
101 3023 35 18 the
145 3029 45 12 men
202 3022 21 19 of
232 3029 47 18 yore
289 3023 39 18 and
338 3024 34 18 the
380 3024 123 19 entrenched

70 3055 68 19 camps
149 3049 66 18 where
221 3048 70 19 Tuhoo
298 3055 94 12 mouniou
400 3050 34 18 kai
445 3050 58 18 made

70 3075 78 24 history
159 3075 19 18 in
185 3074 127 25 pre-pakeha
320 3074 49 25 days
378 3076 58 18 when
446 3076 58 19 those

72 3101 52 24 grim
134 3100 91 20 warriors
237 3100 46 19 held
293 3100 53 19 their
359 3108 45 12 own
423 3102 80 24 against

71 3127 114 19 all-comers
202 3127 40 18 and
257 3127 70 18 looked
345 3130 35 16 not
398 3135 54 18 upon
469 3129 35 18 the

72 3153 60 19 world
144 3153 21 18 of
174 3153 42 18 life.
245 3153 63 18 There
319 3160 24 12 on
355 3154 36 18 the
400 3154 67 19 banks
484 3156 21 18 of

72 3179 34 19 the
113 3178 185 25 Manga-o-Rongo
306 3186 34 12 are
348 3180 34 18 the
390 3180 115 24 crumbling

71 3205 57 19 ruins
138 3205 21 18 of
171 3205 27 18 To
214 3205 77 21 Kauae,
310 3212 25 11 an
351 3205 93 21 old-time
464 3207 31 18 for-

72 3235 51 15 tress
132 3231 68 19 where
211 3231 34 18 the
255 3238 45 10 men
312 3233 21 16 of
349 3231 154 26 Wharepakau,

70 3257 24 19 of
113 3257 98 19 Manawa
230 3256 38 18 and
285 3257 21 18 of
319 3257 135 19 Tuwharetoa
475 3262 20 15 at-

73 3283 73 19 tacked
165 3283 35 18 the
216 3282 90 19 dwellers
326 3283 19 18 in
367 3285 34 17 the
421 3284 44 19 vale
485 3285 21 19 of

71 3310 58 22 Awa,
150 3308 80 24 slaying
253 3308 63 19 Potae
337 3310 39 18 nnd
396 3310 109 19 Tukahara.

74 3335 48 19 with
132 3335 68 18 divers
211 3334 66 19 others
288 3335 21 18 of
320 3335 44 19 that
374 3336 36 18 ilk.
439 3337 41 18 But
490 3337 15 19 it

72 3368 41 11 was
123 3363 36 16 not
169 3360 44 19 well
223 3361 32 18 for
265 3367 45 12 man
323 3365 18 14 to
352 3363 68 18 march
430 3363 64 18 unbid-

72 3388 40 17 den
124 3387 39 18 nnd
174 3386 85 25 bearing
268 3393 52 12 anr.s
330 3388 42 18 into
383 3388 56 19 these
447 3389 58 18 lands

72 3413 40 20 and
122 3419 20 12 so
151 3413 36 18 the
198 3419 45 12 men
254 3413 21 18 of
284 3413 35 18 tho
337 3414 61 19 north
418 3415 51 19 sank
485 3415 19 18 in

72 3439 62 18 death
148 3441 21 16 at
186 3438 95 19 Arikirau
299 3445 21 12 as
338 3440 48 24 they
403 3443 66 16 strove
486 3443 20 16 to

72 3467 71 16 return
153 3467 21 16 to
184 3464 35 18 the
229 3468 58 15 outer
297 3465 62 18 world
376 3466 66 18 where
460 3473 45 12 man

73 3491 51 18 lives
134 3491 19 18 in
165 3490 35 19 the
210 3490 53 25 light
273 3491 20 17 of
303 3490 45 25 day.
377 3492 46 19 And
442 3492 14 18 if
466 3500 40 16 you

74 3516 67 19 would
152 3516 59 19 know
221 3523 54 11 more
292 3516 21 18 of
326 3517 45 18 that
385 3518 82 19 combat
481 3519 25 18 do

73 3549 40 18 you
124 3549 25 17 go
162 3545 20 15 to
195 3542 33 18 the
239 3542 62 18 Great
310 3542 68 19 Canon
391 3544 21 18 of
421 3544 35 19 Toi
467 3545 38 18 nnd

75 3568 35 19 ask
122 3568 33 18 the
166 3574 44 12 men
219 3568 21 18 of
249 3568 45 18 that
304 3568 47 19 land
362 3570 55 18 what
426 3570 21 18 of
479 3570 28 19 Te

75 3595 54 18 knkft
139 3594 49 18 aTe
303 3594 40 20 For
352 3595 17 18 is
380 3596 16 17 it
406 3598 34 16 not
450 3596 43 18 Rua-

74 3621 84 21 tahuna,
170 3620 34 18 the
214 3619 59 25 abyss
284 3620 21 18 of
315 3620 66 23 death,
398 3621 65 19 where
480 3622 26 18 all

73 3653 46 13 men
131 3652 34 12 are
174 3645 44 19 lost.
253 3646 47 18 And
317 3649 34 21 yet
368 3653 11 11 a
395 3647 112 25 sheltering

74 3673 73 22 haven,
160 3678 11 12 a
182 3678 48 17 very
270 3678 24 12 ao
312 3672 110 19 mamma'''
439 3676 21 15 to
473 3674 34 18 the

76 3699 85 19 afllic'.ed
171 3698 21 18 of
201 3704 46 16 Mar,
259 3701 20 15 to
297 3698 56 18 those
372 3698 46 20 who
433 3699 37 19 fell
487 3700 19 18 in

75 3725 35 18 the
120 3724 59 18 fierce
188 3723 101 26 struggles
295 3724 31 19 for
334 3724 62 19 tribal
406 3725 101 19 existence

74 3751 41 19 For
129 3750 49 19 here
197 3756 54 12 came
270 3749 169 25 Ngati-Manowa
456 3751 52 19 after

79 3777 32 18 Ihc
120 3775 68 20 defeat
200 3776 20 18 of
228 3775 85 23 Oknrea,
322 3776 39 19 nnd
369 3777 35 18 the
412 3777 95 19 Children

77 3803 22 18 of
110 3804 47 17 Awa
169 3802 74 23 fleeing
253 3802 50 18 from
317 3802 34 18 the
367 3809 73 17 savage
451 3803 42 23 Ngn-

75 3829 57 25 pubi,
162 3828 98 18 vVnrnhoe
286 3828 38 17 and
348 3828 159 23 Ngati-ITnmua

75 3856 52 17 from
139 3856 35 15 '.he
185 3854 60 17 awful
260 3859 86 19 carnage
366 3855 20 17 of
404 3854 103 20 Kohikete

75 3886 26 12 on
113 3880 35 18 the
159 3881 67 17 shores
243 3880 21 17 of
282 3879 35 18 tho
335 3879 38 19 Sea
392 3880 21 19 of
430 3880 77 25 Toupo.

78 3906 50 19 Also
138 3904 111 26 Ngali-Jra
259 3905 51 18 from
320 3905 82 25 Opotiki
418 3906 39 18 nnd
474 3906 34 19 the

77 3938 47 12 f-oiis
140 3932 21 18 of
183 3930 143 26 Wharepakau
346 3932 53 18 from
417 3938 61 18 many
496 3939 12 12 a

80 3958 63 19 forest
153 3957 60 25 gulch
225 3957 38 19 and
272 3957 45 18 lone
327 3957 37 19 hill
374 3963 65 20 camp.

189 3995 42 23 (To
239 3996 20 16 be
275 3996 99 17 continued.
381 3996 11 21 J

541 127 99 19 PLUMP
658 127 123 20 AGAINST
801 129 19 19 A
830 130 49 20 BIG
896 132 69 20 FACT.

566 177 21 18 It
597 177 17 17 is
625 179 35 16 not
672 178 95 24 properly
785 185 41 17 any
835 182 46 21 part
900 181 21 18 of
940 188 33 18 my

540 201 93 19 business
642 204 21 17 to
682 204 81 18 enforce
773 204 76 19 lessons
865 206 21 19 in
896 207 63 19 ethics
968 201 4 26 ;

540 227 100 19 therefore
649 228 12 19 I
679 229 113 24 commonly
804 229 57 20 leave
878 232 45 19 that
941 239 20 12 re-

539 253 103 24 sponsible
649 254 47 19 task
711 258 22 15 to
751 255 58 18 those
828 257 68 20 \vho3e
914 265 47 12 voca-

539 280 42 18 tion
591 279 16 19 it
616 280 24 18 is.
668 280 42 19 But
716 287 26 12 no
748 287 48 12 man
803 287 37 13 can
849 284 123 24 continually

539 306 56 18 write
606 311 26 13 on
642 305 35 19 the
687 306 80 25 subject
779 306 65 20 which
854 311 117 18 constitutes

538 331 35 19 the
592 331 79 19 burden
689 333 21 17 of
727 333 58 18 these
804 340 68 19 essays
887 336 84 19 without

537 363 44 13 now
588 357 40 19 and
639 357 49 19 then
707 359 91 23 running
806 359 72 26 plump
891 362 80 23 against

537 388 13 14 a
558 382 81 25 mighty
647 383 42 19 fact
698 384 21 18 in
730 385 81 18 morals.
839 385 22 20 If
874 393 40 18 you
929 388 42 18 will

537 408 25 19 be
572 409 53 24 good
635 410 82 24 enough
724 413 22 15 to
759 410 48 19 read
817 411 35 19 the
867 413 104 25 following

536 435 56 18 short
602 434 70 20 letters
682 436 11 18 I
703 436 42 18 will
764 436 50 19 then
832 440 33 22 try
883 443 21 14 to
915 439 55 19 6how

536 461 46 23 why
590 460 14 19 I
614 467 40 13 was
664 462 72 18 moved
743 465 21 16 to
774 463 63 24 speak
856 470 22 12 as
887 465 12 18 I
919 465 51 20 have

536 487 91 25 spoken-.

562 515 13 8 •'
583 512 37 25 My
628 513 102 26 daughter
739 513 67 20 Annio
903 517 66 19 writes

535 539 45 18 thai
588 545 71 19 young
677 540 57 24 girl's
753 540 86 24 mother,
874 548 45 13 now
929 543 39 18 live

534 571 58 17 years
611 565 22 18 of
641 571 44 19 age,
697 571 40 14 was
747 572 12 12 a
766 566 41 18 fine
816 566 84 26 healthy
914 569 54 19 child

534 597 28 18 up
572 593 20 16 to
601 590 76 24 Marcn,
694 593 57 21 189-1,
764 592 58 19 when
842 594 35 18 she
898 594 67 25 began

534 619 21 16 to
574 616 69 19 sicken
653 617 40 19 and
713 618 37 18 fall
769 624 65 18 away.
868 620 40 19 She
928 621 39 18 had

534 649 25 12 no
569 643 91 25 appetite
669 644 41 18 and
719 650 61 18 every
790 644 83 24 particle
883 646 22 18 of
921 647 46 18 food

534 669 35 18 she
580 668 48 19 took
640 675 55 12 came
706 676 33 18 up.
769 670 40 18 She
818 670 40 19 lost
875 674 91 23 strength

533 694 80 26 rapidly
632 694 40 20 and
692 696 72 18 within
783 702 12 12 a
812 696 100 26 fortnight
931 698 35 19 she

534 727 40 13 was
580 721 45 19 thin
640 727 22 12 ax
671 727 12 12 a
698 721 56 24 rake,
776 722 61 25 being
853 727 35 14 not
907 725 59 18 much

534 747 39 19 else
582 747 50 18 than
644 747 46 19 skin
701 747 39 19 and
760 747 58 19 bone.
854 748 40 19 For
916 750 50 24 days

533 773 39 19 and
582 772 50 25 days
639 773 35 18 she
693 773 42 19 laid
745 774 21 18 in
776 780 12 12 a
808 774 157 21 half-conscious

533 799 109 22 condition,
664 799 87 24 scarcely
768 800 83 25 moving
869 801 55 19 hand
944 809 22 12 or

532 825 49 23 foot,
602 825 40 18 anil
652 828 20 16 to
689 825 27 19 all
736 832 125 18 appearance
882 827 81 19 lifeless.

532 851 11 19 I
568 851 41 18 had
625 857 12 12 a
651 851 70 19 doctor
738 852 107 25 attending
870 853 37 19 her
934 854 31 19 for

532 877 46 19 four
594 877 73 23 weeks,
678 877 41 19 and
727 877 25 19 be
763 877 43 19 said
817 878 34 19 the
863 879 54 19 child
925 887 39 12 was

533 903 99 25 suffering
640 903 52 18 from
700 903 130 25 indigestion,
841 908 40 21 yet,
893 913 21 11 so
933 907 31 18 far

531 936 22 12 as
562 936 29 12 we
601 928 59 20 could
672 935 38 17 see,
721 929 33 19 bis
764 933 108 16 treatment
882 932 40 18 had
939 939 25 13 no

531 955 63 21 effect,
632 955 36 25 My
678 955 95 19 husband
790 956 40 19 and
840 956 17 24 I,
878 958 40 18 and
936 959 27 18 all

531 982 43 19 who
585 987 41 13 saw
636 981 34 19 the
682 987 51 19 poor
744 981 60 25 baby,
820 983 88 25 thought
928 984 35 19 she

531 1015 40 12 was
581 1008 70 24 slowly
668 1008 70 24 dyiug,
760 1008 41 18 and
818 1015 30 12 we
867 1016 51 12 were
933 1010 20 19 al-

530 1037 51 16 most
590 1034 59 18 heart
665 1034 78 18 broken
754 1037 20 16 at
784 1035 34 18 the
835 1035 88 26 thought
942 1037 21 18 of

529 1060 67 24 losing
606 1060 41 19 her.

580 1086 93 24 Nothing
705 1086 46 19 that
778 1093 30 12 we
842 1094 51 18 gave
926 1088 36 19 her

529 1112 34 19 did
585 1112 37 19 her
648 1112 36 19 the
711 1112 95 24 slightest
834 1114 58 24 good,
922 1115 39 18 and

529 1139 33 18 the
573 1138 53 19 child
637 1144 40 12 was
687 1138 74 24 fading
773 1145 62 18 away,
847 1140 56 19 when
924 1147 37 12 one

529 1164 38 25 day
577 1164 87 19 towards
674 1164 34 19 the
718 1164 40 19 end
775 1165 22 18 of
802 1165 64 24 April,
885 1173 13 11 a
915 1166 46 25 lady

529 1190 69 23 called,
615 1190 40 19 and
666 1190 52 19 after
735 1191 71 24 seeing
824 1192 66 18 Annie
909 1192 52 19 Jane

529 1216 81 19 advised
629 1222 24 13 us
670 1219 20 16 to
709 1223 35 12 uso
770 1216 82 19 Mother
877 1218 84 25 Seigel's

529 1244 71 23 Syrup.
637 1243 39 19 She
701 1242 44 19 said
765 1242 36 20 she
827 1243 40 19 had
886 1244 74 19 known

527 1269 34 19 the
569 1269 36 26 live
614 1269 9 26 6
632 1269 19 26 of
667 1275 61 18 many
746 1269 91 19 children
854 1270 61 19 saved
934 1270 26 25 by

527 1295 41 19 this
583 1295 99 18 medicine
698 1295 45 18 who
764 1302 52 12 were
834 1295 58 19 down
911 1296 48 20 with

527 1321 34 19 tho
572 1328 55 12 same
635 1321 117 24 complaint,
779 1324 11 16 I
801 1321 81 20 hurried
889 1325 20 15 to
926 1326 34 21 get

527 1354 11 12 a
549 1347 63 19 bottle
623 1347 51 18 from
686 1347 31 18 Mr
733 1347 82 24 Routly,
826 1348 91 23 chemist,
939 1349 20 19 in

527 1373 83 19 Susan's
628 1372 59 20 Road
705 1373 40 19 and
759 1373 66 25 begun
835 1374 16 18 it
861 1375 20 17 in
901 1375 58 18 small

527 1399 63 19 doses.
627 1399 26 19 In
672 1399 40 19 less
740 1399 51 19 than
826 1401 133 24 twenty-four

527 1426 60 18 hours
598 1425 34 19 the
639 1425 57 19 child
708 1425 66 24 began
783 1430 21 14 to
816 1429 38 19 eat,
867 1426 33 19 the
909 1426 48 19 side

526 1458 45 12 ness
590 1451 92 25 stopped,
703 1451 40 19 and
762 1458 30 12 we
810 1452 58 18 could
887 1460 32 11 seo
947 1460 12 11 a

526 1477 78 25 change
615 1479 31 17 for
654 1477 34 19 the
694 1477 73 19 bettor.
806 1478 39 18 Wo
864 1479 50 24 kept
933 1485 25 12 on

527 1504 70 24 giving
609 1503 33 19 tho
653 1505 71 23 Syrup,
736 1504 41 18 and
792 1503 21 19 in
832 1506 38 17 two
893 1505 66 18 weeks

526 1529 66 20 Annie
611 1536 40 13 was
662 1536 22 12 as
695 1529 46 19 well
750 1536 23 12 as
794 1536 47 13 ever
861 1531 40 18 and
918 1531 40 19 fast

526 1556 80 24 getting
625 1555 51 20 back
690 1556 36 18 her
745 1556 57 18 flesh.
840 1557 58 18 Since
914 1557 44 19 that

524 1583 121 18 time—now
665 1582 46 18 four
729 1589 59 17 years
805 1583 102 23 ago—she
922 1583 36 18 lias

524 1615 62 12 never
604 1608 52 18 been
681 1608 29 18 ill.
740 1608 40 19 Wo
799 1609 91 18 consider
914 1610 44 17 that

526 1634 80 19 Mother
614 1634 85 24 Seigel's
710 1635 67 24 Syrup
788 1635 61 18 saved
860 1635 36 18 her
915 1635 41 19 life.

525 1660 46 19 You
580 1667 37 12 can
634 1659 82 26 publish
733 1661 41 18 this
789 1663 108 16 statement
918 1662 39 18 and

525 1687 53 18 refer
595 1693 79 16 anyone
694 1690 20 15 to
734 1693 39 12 me.
802 1687 93 25 (Signed)
916 1687 42 18 Mrs

524 1712 67 19 Annie
621 1712 122 23 Alexander,
770 1714 31 21 3.5,
838 1713 119 18 Melbourne

524 1738 64 23 Road,
601 1738 135 23 Eastbourne,
749 1739 83 24 August
844 1741 30 16 Ist.

574 1765 37 24 My
625 1771 35 12 sou
675 1764 98 26 Joseph,''
786 1765 66 18 writes
871 1765 32 18 Mr
922 1765 24 19 Jo-

524 1792 49 24 soph
581 1791 64 22 Bond,
664 1791 22 18 of
702 1790 84 20 Salter's
806 1791 72 22 Green,
900 1790 43 26 May-

524 1817 52 22 field,
599 1817 79 22 Sussex,
733 1824 40 12 was
797 1824 61 12 never
881 1820 75 20 strung.

525 1843 32 19 He
567 1843 35 19 did
613 1845 34 17 not
658 1850 56 11 come
724 1850 26 12 on
761 1843 41 19 like
818 1843 58 19 other
895 1843 50 19 child-

524 1876 41 12 ren,
595 1869 33 19 .lie
639 1876 40 11 was
688 1869 63 22 weak,
764 1869 70 24 sickly,
846 1870 40 18 and
905 1876 52 18 puny

524 1896 33 18 Ho
567 1898 33 16 ate
609 1896 37 18 but
656 1894 58 25 little,
726 1895 40 19 and
783 1902 41 12 was
842 1895 79 24 usually
937 1895 19 19 in

524 1923 47 23 pain
581 1921 52 19 until
649 1921 25 19 he
684 1921 89 19 vomited
791 1924 51 16 most
862 1923 21 17 of
893 1923 14 17 it
930 1928 27 19 up

524 1948 66 25 again.
628 1947 93 24 Nothing
733 1954 52 17 gave
804 1947 42 19 him
857 1948 98 23 strength.

523 1973 25 19 In
574 1973 112 24 February,
715 1975 56 21 lbO-1,
788 1973 32 20 his
852 1973 41 19 feet
918 1974 37 18 and

521 2000 73 19 ankles
613 2000 68 24 began
691 2002 21 16 to
722 2001 69 17 fester.
828 2003 54 16 Next
900 1999 56 19 three

523 2026 103 19 abscesses
636 2025 78 19 formed
729 2032 26 12 on
767 2025 32 19 his
809 2026 49 18 neck
869 2025 39 19 and
920 2032 24 11 un-

524 2052 35 19 der
569 2053 34 18 the
611 2052 52 21 chin,
674 2051 87 25 making
771 2051 50 25 deep
833 2052 61 18 holes.
924 2051 32 20 He

524 2085 40 12 was
574 2078 75 24 merely
660 2077 46 19 skin
721 2078 41 18 and
773 2078 57 18 bone.
858 2078 42 18 The
911 2078 31 18 ac-

523 2111 64 12 cesses
604 2104 80 19 seemed
693 2106 20 16 to
731 2104 25 18 be
773 2104 123 25 exhausting
926 2104 30 17 his

524 2130 52 19 life's
594 2130 66 19 blood.
698 2129 34 19 He
749 2136 41 12 was
808 2130 21 18 in
845 2137 12 11 a
872 2130 84 18 doctor's

523 2163 43 12 care
576 2156 38 19 live
631 2155 87 23 months,
737 2155 37 19 but
791 2159 35 20 got
843 2161 25 13 no
885 2155 69 19 better.

523 2182 59 19 From
593 2182 48 24 July
651 2183 69 23 (lSi)-l)
733 2182 25 17 ho
766 2181 38 18 bad
815 2182 45 18 ?our
870 2181 84 19 months'

524 2211 108 16 treatment
654 2211 21 15 at
696 2209 35 17 the
757 2206 118 26 Tunbridge
894 2207 62 18 Wells

524 2234 101 23 Hospital,
660 2234 85 18 without
787 2232 80 20 benefit.
914 2233 41 19 The

522 2260 78 19 doctors
609 2266 52 19 gave
674 2260 40 19 him
733 2260 108 18 medicines
851 2259 39 19 and
908 2263 36 14 cod-

523 2286 50 19 liver
594 2288 33 23 oil,
655 2286 36 19 but
701 2285 87 26 nothing
812 2285 143 25 strengthened

523 2314 47 19 him.

576 2340 25 18 In
611 2337 112 22 December
734 2339 70 22 '1894)
818 2337 11 19 I
848 2337 107 19 concluded

523 2369 21 16 to
558 2366 48 19 take
625 2366 34 18 the
673 2371 46 12 case
729 2365 43 18 into
783 2370 33 19 my
830 2370 44 12 own
886 2363 68 22 hands,

523 2392 39 20 and
580 2399 50 18 gave
647 2391 42 20 him
705 2397 12 12 a
736 2390 98 20 medicine
855 2389 45 18 that
916 2389 39 19 had

522 2419 60 19 cured
591 2425 33 18 my
631 2417 155 20 wife—Mother
794 2415 83 25 Seigel's
884 2416 70 23 Syrup.

523 2445 28 19 To
571 2452 36 11 our
622 2443 146 20 astonishment
783 2443 39 17 and
833 2441 79 25 delight
931 2441 24 19 ho

524 2471 65 24 began
597 2474 21 15 to
630 2471 90 23 improve
732 2469 20 19 in
759 2474 12 13 a
781 2469 39 17 few
832 2468 55 24 days.
922 2466 33 20 He

523 2497 58 18 could
592 2500 38 19 eat,
651 2496 40 19 and
712 2502 39 11 was
772 2499 93 19 stronger
884 2493 31 19 for
933 2493 21 18 it.

524 2523 38 19 We
573 2523 49 24 kept
640 2522 72 25 giving
722 2521 44 19 him
776 2521 35 18 the
822 2520 72 24 Syrup,
917 2519 37 18 and

523 2549 25 19 he
559 2556 54 18 grew
625 2549 65 18 better
700 2554 61 17 every
771 2547 45 23 day.
852 2545 42 19 The
909 2545 33 18 abs-

524 2582 64 12 cesses
599 2582 47 11 scion
668 2573 77 19 healed,
760 2573 39 19 and
818 2572 26 19 he
854 2572 16 18 is
881 2578 42 11 now
944 2577 11 13 a

523 2601 39 19 fine
573 2601 83 24 healthy
675 2601 44 23 boy,
733 2599 46 18 nine
789 2606 59 17 years
867 2598 37 22 old,
917 2598 37 17 and

524 2631 70 21 strong
611 2628 31 17 for
653 2627 33 18 the
696 2626 45 19 first
752 2626 48 19 time
811 2625 52 18 since
875 2624 24 18 he
917 2629 38 13 was

524 2653 57 20 bora.
620 2652 86 20 Publish
735 2652 39 18 tin's
805 2650 60 20 letter
884 2650 16 19 if
916 2655 38 17 you

525 2681 49 18 wish
606 2679 38 18 and
668 2679 54 18 refer
737 2678 109 24 •inquirers
870 2678 19 17 to
918 2681 36 14 me.
965 2678 2 24 1

525 2706 94 24 (Signed)
639 2705 76 25 Joseph
736 2704 65 23 Bond,
822 2703 49 25 July
898 2704 10 16 2
914 2704 40 22 oth,
966 2699 1 31 !

551 2759 70 21 What,
630 2765 51 15 now,
698 2758 17 18 is
733 2757 34 19 the
781 2756 79 26 mighty
877 2756 39 19 fact
935 2755 19 19 in

524 2784 88 20 morals?
630 2784 42 19 Ask
691 2784 91 21 yourself
797 2784 35 17 the
856 2782 99 26 question.

525 2812 63 19 What
599 2810 71 25 justice
684 2816 36 12 ivaa
732 2809 56 20 there
804 2810 19 17 in
835 2810 33 18 the
885 2810 61 17 suffer-

525 2838 35 24 ing
576 2837 21 19 of
612 2837 56 18 these
678 2839 38 15 two
736 2836 51 18 little
800 2835 105 18 children?
917 2835 40 19 For

525 2864 66 19 whose
611 2863 48 18 sake
680 2869 40 11 was
740 2863 15 17 it,
766 2862 8 18 ?
797 2862 55 23 Why
871 2862 25 18 do
923 2862 34 18 tho

525 2889 95 26 majority
636 2890 20 16 of
675 2888 35 19 the
730 2888 74 19 human
825 2895 44 11 race
886 2888 31 18 die
937 2887 18 20 in

525 2916 82 24 infancy
618 2914 37 19 and
667 2914 107 19 childhood
785 2914 10 18 ?
813 2914 52 18 That,
881 2914 76 18 bundle

525 2942 20 18 of
561 2942 48 18 laws
628 2940 39 19 and
687 2941 65 18 forces
769 2940 63 19 called
846 2940 110 19 "nature''

525 2968 36 18 has
574 2974 26 12 no
620 2967 50 24 pity,
689 2973 25 11 no
735 2973 72 18 mercy.
845 2966 55 23 Obey
918 2967 37 17 and

526 2994 38 18 live
574 2992 4 25 ;
601 2992 83 25 disobey
705 2993 40 18 and
755 2993 75 24 perish,
842 2993 61 18 that's
924 2993 33 17 the

526 3020 64 19 whole
599 3023 59 19 story.

552 3046 55 18 Then
630 3045 44 19 how
694 3045 48 17 does
761 3045 82 18 Mother
874 3044 83 23 Seigel's

527 3076 64 20 Svrup
602 3071 62 19 cure?
677 3071 20 18 It
705 3077 57 11 cures
773 3071 27 24 by
810 3071 97 23 bringing
924 3071 33 17 the

526 3097 92 19 diseased
638 3097 37 19 and
698 3097 101 24 suffering
826 3096 53 20 bodv
908 3096 11 17 b
934 3096 23 18 ck

527 3124 65 19 where
606 3123 88 19 nature's
705 3123 55 18 hand
771 3130 35 11 can
818 3122 58 20 reach
891 3122 21 18 it.
939 3122 18 18 It

527 3153 46 22 puts
583 3150 34 18 the
628 3149 87 19 derailed
733 3149 59 19 conch
819 3148 49 19 tiack
879 3154 25 12 on
924 3148 33 18 the
968 3147 1 28 j

529 3176 77 22 metals,
630 3176 15 18 it
665 3175 130 19 re-Hunches
812 3175 35 18 the
863 3174 94 19 stranded

608 3202 42 18 The
667 3201 74 19 radical
763 3201 79 18 trouble
871 3201 21 18 of
909 3200 48 18 both

527 3228 65 18 Annie
603 3227 115 20 Alexander
725 3227 39 19 nnd
771 3226 75 19 Tosp-nh
854 3226 56 18 Bond
919 3232 39 12 wps

527 3255 21 18 of
558 3254 34 18 the
602 3254 107 21 digestion,
721 3254 35 17 the
766 3254 43 17 first
816 3254 21 22 (a
846 3252 113 22 meiebaby

528 3280 57 25 then)
596 3280 76 24 having
684 3280 49 17 been
751 3279 65 18 seized
834 3278 48 19 with
901 3281 58 15 acute

528 3305 128 23 indigestion,
670 3306 39 17 and
724 3305 36 18 the
776 3305 40 23 boy
835 3304 82 21 having,
938 3310 21 11 as

527 3332 32 19 his
569 3332 67 18 father
646 3331 46 18 tells
703 3338 30 13 us,
748 3331 53 18 been
811 3331 49 18 born
881 3330 45 18 with
947 3337 12 11 a
969 3326 2 25 |

527 3358 66 18 feeble
604 3357 95 18 stomach.
729 3357 77 22 Hence,
820 3357 21 18 in
857 3356 32 19 his
907 3362 38 12 cns<
955 3356 3 23 .

529 3384 32 19 the
572 3384 39 18 bad
629 3383 61 18 blood
707 3383 38 18 nnd
762 3383 35 18 the
812 3382 102 19 abscesses
933 3382 26 21 by

529 3410 63 19 which
611 3411 72 17 nature
701 3409 76 24 sought
795 3412 20 15 to
834 3414 80 13 remove
937 3407 22 19 it.

528 3436 50 18 Will
588 3438 81 22 parents
680 3435 47 19 take
740 3434 92 21 warning
841 3434 51 19 from
903 3433 56 19 these

528 3461 114 19 instances?
656 3461 11 19 I
674 3461 52 24 heps
739 3468 28 11 so.
796 3460 74 18 Watch
881 3459 34 18 the
927 3459 24 18 lit-

529 3488 26 18 tle
565 3494 48 12 ones
624 3487 39 19 nnd
672 3494 35 12 use
715 3487 82 18 Mother
805 3485 84 22 Seigel's
896 3485 63 24 Syrup

529 3514 105 18 whenever
653 3520 39 17 you
712 3519 33 13 see
761 3512 54 20 them
835 3511 87 19 inclined
940 3514 19 15 to

529 3539 61 25 droop
600 3546 22 12 or
632 3539 102 24 languish.

1087 139 82 26 THE
1187 141 130 27 MAILS.

1021 218 153 18 TCOTOKUA
1187 219 75 19 POST
1281 220 116 20 OFFICE.

1064 266 70 18 Mails
1143 266 61 19 close
1215 273 25 13 as
1248 269 76 18 tinder
1332 275 28 12 :

1166 296 97 18 A'OXDAY.

994 325 46 18 For
1057 326 125 18 Auckland
1204 327 46 18 and
1267 328 162 20 intermediate

1052 348 85 22 offices,
1148 348 53 19 7.50
1211 355 52 14 a.m.

1016 385 12 8 „
1055 371 31 18 Te
1095 371 71 23 Ngae.
1182 373 31 17 Te
1227 373 65 19 Puke
1307 374 47 18 and
1371 375 58 18 East

1057 394 72 19 Coast
1138 394 83 24 offices,
1232 397 54 17 7.30
1296 402 55 18 p.m.

1160 427 102 18 Tuesday.

992 458 46 17 For
1055 456 125 19 Auckland
1195 458 47 18 and
1263 458 165 21 intermediate

1055 480 85 22 offices,
1148 480 54 19 6.30
1211 486 51 14 a.m.

1015 519 11 7 „
1053 504 122 23 Tauraiiga
1187 504 39 18 via
1242 505 31 18 Te
1290 505 66 19 Puke
1373 507 56 17 6.30

1054 532 52 13 a.m.

1014 564 12 8 ~
1052 550 169 18 Rotomaßoad
1227 550 78 24 Camp,
1312 552 56 18 9.30
1373 557 52 14 a.m.

1013 588 13 7 „
1052 573 97 18 Galatea
1157 573 45 18 and
1218 573 136 24 Waiotapu,
1373 575 54 19 7.30

1054 601 53 18 p.m.

1013 634 12 8 „
1051 620 85 22 Taupo,
1155 619 122 23 Atiamuri,
1298 620 126 24 Wairakei,

1052 642 47 19 and
1108 642 90 23 Napier,
1210 642 54 19 7.30
1276 648 54 18 p.m.

987 706 48 18 For
1044 705 125 19 Auckland
1191 706 47 18 aud
1261 705 163 21 intermediate

1051 729 85 22 offices,
1147 729 53 18 7.30
1208 734 53 14 a.m.

1145 758 118 18 Thursday'.

987 798 47 18 For
1049 797 126 18 Auckland
1191 797 47 18 and
1260 798 163 20 intermediate

1050 820 85 22 offices,
1145 821 54 18 6.30
1208 826 52 14 a.m.

1010 858 11 8 „
1048 844 123 23 Tauranga
1178 844 38 18 via
1222 844 76 23 Oropi,
1307 844 54 20 7.30
1370 851 52 13 a.m.

1011 867 3 22 ,
1018 867 3 22 ;
1049 867 31 18 Te
1089 867 72 22 Ngae,
1171 867 30 18 Te
1217 867 71 22 Puke,
1303 868 47 18 and
1366 869 57 18 East

1049 891 72 17 Coast
1130 890 83 23 offices,
1234 889 54 21 7.30
1296 896 54 18 p.m.

1160 922 88 18 Friday.

987 954 45 17 For
1041 954 128 22 Tauranga,
1185 954 38 18 via
1237 954 30 18 Te
1284 954 66 19 Puke
1368 955 54 19 6.30

1049 982 53 13 a.m.

1008 1016 12 7 „
1045 1000 126 18 Auckland
1192 1001 47 17 and
1259 1001 163 19 intermediate

1047 1024 84 22 offices,
1142 1023 53 19 7.30
1204 1029 52 13 a.m.

1008 1062 12 7 ~
1047 1048 86 22 Taupo,
1152 1046 123 23 Atiainuri,
1294 1048 47 18 and-

1048 1070 71 22 rakei,
1130 1070 53 19 7.30
1192 1075 54 18 p.m.

1015 1122 62 18 POST
1091 1122 92 18 OFFICE
1199 1122 188 20 REGULATIONS.

1007 1171 47 18 The
1063 1171 72 18 Office
1144 1171 20 18 is
1173 1176 61 18 open
1242 1171 36 18 for
1286 1172 41 18 the
1338 1172 49 18 sale
1394 1173 28 17 -of

983 1195 97 22 stamps,
1091 1194 102 23 delivery
1208 1195 47 18 and
1268 1195 151 23 registration

983 1218 26 18 of
1015 1218 88 21 letters,
1114 1218 87 23 receipt
1217 1218 26 17 of
1256 1218 95 23 parcels,
1370 1219 47 22 &c,

984 1242 60 18 from
1053 1242 15 17 9
1077 1246 52 13 a.m.
1140 1242 25 17 to
1174 1242 14 17 6
1198 1246 54 17 p.m.

1008 1265 45 17 For
1070 1269 86 18 money
1173 1265 67 17 order
1257 1265 46 18 and
1322 1265 96 23 savings

981 1288 64 18 bank
1059 1288 113 22 business,
1188 1288 16 17 9
1218 1293 52 14 a.m.
1288 1289 26 18 to
1331 1289 15 18 4
1363 1294 53 18 p.m.

983 1311 136 22 Saturdays,
1130 1311 15 18 9
1154 1316 51 13 a.m.
1216 1312 25 17 to
1250 1312 15 17 5
1274 1316 53 19 p.m.

1006 1335 45 17 For
1060 1334 121 23 telegraph
1197 1334 114 20 business,
1328 1335 59 18 from
1403 1336 15 18 9

981 1363 52 13 a.m.
1043 1358 25 17 to
1078 1358 15 17 5
1103 1362 54 19 p.m.

1005 1381 99 21 Letters,
1117 1380 73 19 books
1208 1381 47 18 and
1267 1387 150 17 newspapers

981 1410 43 12 can
1028 1405 28 17 be
1063 1404 127 23 registered
1197 1404 25 18 to
1231 1409 46 18 any
1286 1410 53 17 pare
1345 1406 27 17 of
1378 1406 39 17 the

981 1427 73 19 world
1063 1433 30 12 on
1102 1429 114 21 payment
1225 1432 23 13 or
1265 1434 14 12 a
1292 1429 36 17 fee
1346 1429 27 17 of
1387 1429 30 18 3d

981 1451 23 18 in
1011 1451 106 18 addition
1124 1451 24 18 to
1152 1451 40 18 the
1198 1451 217 24 ordinarypostage.

1005 1475 47 18 The
1061 1474 72 18 Office
1142 1474 46 18 will
1199 1479 96 18 re-open
1309 1480 30 13 on
1349 1475 55 18 Tues-

980 1498 63 23 days,
1063 1498 134 22 Thursdays
1218 1498 46 18 and
1286 1498 130 23 Saturdays

981 1521 54 22 only
1040 1521 36 18 for
1085 1521 134 18 15minutes
1227 1521 36 17 for
1270 1521 39 18 the
1314 1521 103 24 delivery

980 1545 26 18 of
1020 1545 83 18 letters
1117 1544 60 18 after
1190 1544 42 18 the
1246 1545 55 18 mail
1314 1545 102 23 arriving

980 1570 26 17 at
1014 1568 54 19 4.40
1078 1573 53 17 p.m.
1142 1568 19 17 is
1171 1568 85 18 sorted.

1129 1591 25 19 R.
1169 1591 25 19 D,
1213 1591 131 23 DANSEY,

1239 1614 152 19 Postmaster.

1116 71 59 20 'THE
1201 73 59 20 EOT
1286 76 95 20 LAKES
1410 77 171 27 CHRONICLE,
1610 82 161 26 SATT7EDAY,
1800 86 136 23 JANUARY
1963 92 31 18 23,
2013 92 48 18 1897

103 4057 60 24 Bijou
183 4057 51 18 local
253 4057 92 19 FKCtches
364 4057 20 19 in
404 4057 37 18 oils
469 4057 39 18 and

76 4085 63 15 wnler
149 4082 69 18 colors.
247 4083 48 17 Also
305 4082 96 22 Martin's
406 4082 73 25 photos
489 4083 19 18 of

78 4108 35 19 the
123 4108 77 20 district
211 4114 46 19 niny
268 4109 24 18 Lc
302 4109 96 19 obtained
410 4111 20 15 at
440 4108 55 18 Cmto-

73 4139 60 15 tacvs
140 4133 83 21 (Jfßce.*

552 3599 73 19 Several
635 3600 24 17 oil
668 3599 98 23 paintings
775 3599 20 16 of
803 3604 62 11 semes
874 3598 20 16 of
902 3598 48 15 inter-

529 3624 26 15 est
564 3629 45 10 nestr
615 3623 33 17 the
656 3624 51 15 town
717 3623 49 16 from
775 3622 33 17 the
821 3620 58 19 brush
896 3620 20 16 of
929 3620 32 17 Mr

529 3646 19 17 0.
570 3645 98 18 Blomfield
685 3652 30 10 are
729 3651 44 11 now
787 3650 24 12 on
827 3644 47 17 view
893 3644 21 16 at-
928 3643 33 17 the

530 3669 118 17 CimoMCLE
656 3668 75 18 Office.*

554 3708 43 18 The
607 3708 106 24 following
722 3714 45 12 new
776 3706 65 19 hooks
848 3712 33 13 are
888 3712 24 12 on
920 3706 41 19 sale

529 3736 20 17 at
573 3734 118 18 Chronicle
711 3733 61 19 Office
844 3732 42 19 The
904 3732 56 19 XTth

740 3759 28 23 by
797 3758 28 19 H.
858 3758 101 24 Suteliffe;

760 3784 27 24 by
804 3784 34 18 the
853 3784 72 18 author
941 3785 20 18 of

529 3811 81 25 Trilby;
657 3811 64 18 Seven
734 3810 63 18 Little

529 3838 40 19 and
653 3836 62 19 Little
859 3834 27 25 by
902 3835 59 19 Ethel

529 3863 91 23 Turner;
656 3862 44 19 The
710 3861 57 19 Trail
783 3861 21 18 of
819 3861 35 18 the

529 3889 27 25 by
564 3888 82 20 Gilbert
654 3888 84 22 Parker,
750 3888 40 22 &c,
803 3888 31 18 &c.

553 3932 16 16 A
578 3932 63 16 choice
650 3930 89 17 selection
752 3929 20 17 of
785 3929 25 17 oil
825 3929 96 22 paintings
936 3929 26 23 by

529 3954 32 17 Mr
570 3954 20 17 C.
600 3952 98 19 Blomfield
707 3958 46 16 may
761 3958 43 10 now
812 3952 24 16 be
844 3958 42 11 seen
895 3954 19 16 at
930 3952 33 18 the

530 3977 117 18 CnfaONICLE
656 3975 63 17 Office.
743 3975 54 21 They
806 3975 90 22 comprise
906 3976 57 16 views

531 4001 17 16 in
559 4000 38 17 this
604 3998 151 24 neighborhood,
879 3999 72 16 TVhaka-

529 4028 106 13 rowarewa,
645 4023 39 17 &c,
698 4020 38 18 and
753 4021 49 17 from
814 4021 49 17 their
876 4022 77 16 faithful-

530 4052 41 10 ness
592 4045 38 17 and
648 4044 94 17 attention
757 4045 21 16 to
799 4044 57 17 detail
877 4050 31 11 are
921 4044 42 17 well

531 4069 59 16 worth
604 4068 33 17 the
644 4067 96 17 attention
749 4067 20 17 of
777 4067 60 18 lovers
851 4067 20 17 of
879 4068 35 17 art.
940 4067 23 17 In

531 4092 84 15 addition
625 4092 19 15 to
653 4090 53 17 these
714 4090 54 17 there
780 4096 31 11 are
828 4097 11 10 a
852 4090 79 17 numljcr
944 4090 19 17 of

531 4114 58 17 water
596 4113 50 17 color
655 4113 85 19 sketches
749 4113 80 18 suitable
838 4114 29 17 for
875 4113 88 23 birthday

531 4142 22 12 or
561 4137 67 17 Easter
634 4136 75 18 Cards.*

1037 1672 60 19 YOU
1119 1671 57 20 AEE
1197 1671 66 20 SICK
1279 1678 20 12 in
1313 1678 40 19 any
1371 1678 43 19 way

981 1693 22 23 i
1033 1698 103 20 whatever
1152 1698 48 18 send
1218 1704 11 12 a
1245 1698 93 25 stamped
1354 1704 48 14 enve-

980 1724 45 26 lope
1035 1727 20 16 to
1065 1731 37 12 our
1113 1724 88 25 Agency,
1214 1724 138 24 Wellington;
1363 1727 51 16 state

980 1752 34 16 tlio
1024 1756 44 14 case
1078 1756 23 14 as
1118 1750 98 25 minutely
1225 1757 22 11 as
1265 1750 89 25 possible
1374 1751 40 18 and

980 1783 38 18 you
1035 1776 78 20 receive
1132 1775 68 20 advice
1220 1775 26 26 by
1271 1779 70 16 return
1362 1780 51 21 post.

980 1803 41 19 Our
1032 1808 73 19 agents
1119 1808 33 12 are
1164 1802 26 18 all
1200 1801 103 26 qualified.
1338 1802 21 19 If
1374 1809 39 18 you

980 1829 78 18 enclose
1068 1831 22 15 :2s
1107 1829 25 18 Cd
1151 1834 27 12 we
1196 1828 40 18 will
1254 1828 48 18 send
1318 1834 40 18 you
1378 1835 36 12 our

981 1855 43 18 liest
1033 1855 83 24 remedy
1125 1855 32 18 for
1167 1854 33 18 the
1217 1861 44 11 ease
1280 1853 78 26 lasting
1373 1861 40 17 you

980 1885 37 14 two
1041 1880 74 19 weeks.
1152 1881 44 17 You
1216 1887 47 12 save
1282 1886 73 19 money
1374 1881 40 18 and

980 1906 83 20 doctors'
1077 1907 52 18 bills.
1156 1906 47 19 You
1213 1907 76 19 receive
1307 1906 71 19 advice
1388 1914 25 11 on

980 1933 26 18 nil
1016 1933 73 25 points,
1103 1933 40 18 and
1153 1933 33 18 the
1196 1936 69 20 purest
1277 1933 21 18 of
1315 1933 98 18 remedies

980 1965 50 16 sent,
1039 1962 20 15 at
1068 1965 25 12 no
1101 1961 56 16 extra
1165 1962 41 15 cost
1216 1959 49 18 than
1273 1958 16 20 if
1298 1959 115 24 personally

980 1984 83 26 bought,
1075 1985 24 23 by
1109 1985 62 23 doing
1178 1991 50 18 your
1233 1985 92 18 business
1333 1985 48 20 with
1390 1991 23 12 us

980 2010 25 25 by
1015 2015 51 21 post.
1096 2011 85 19 Consult
1194 2014 20 15 :>t
1223 2017 54 12 once.
1312 2011 101 18 Ailments

980 2037 63 18 which
1055 2043 39 17 are,
1106 2039 22 17 at
1135 2037 34 19 the
1179 2036 48 20 time
1244 2037 88 23 thought
1350 2041 20 15 to
1388 2036 25 20 be

980 2063 57 25 light,
1050 2070 33 11 are
1093 2064 55 17 often
1159 2063 33 18 tho
1204 2063 112 24 beginning
1326 2063 22 18 of
1364 2063 40 18 seri-

980 2095 34 13 uus
1025 2095 153 19 consequences,
1190 2089 66 18 which
1275 2089 16 19 if
1310 2090 62 18 taken
1392 2089 20 18 in

980 2115 47 19 time
1037 2122 34 11 are
1082 2114 85 20 checked
1179 2115 40 18 and
1229 2114 67 20 cured.

980 2149 168 20 GKEATFORD
1164 2149 160 19 BOTANICAL
1343 2149 68 24 COY.,

1084 2187 148 23 Wellington,
1243 2187 40 19 and
1294 2191 21 15 at

1002 2213 81 23 Sydney,
1094 2214 116 19 Melbourne,
1221 2213 50 23 Cape
1277 2213 64 23 Town,
1352 2214 37 17 and

1101 2237 84 20 Lincoln,
1198 2236 95 23 England.

1197 2301 198 43 fttlKIH

981 2375 219 23 FIGNEER
1244 2375 167 25 STORE.

1057 2419 101 24 Opposite
1175 2419 71 19 Palace
1264 2419 67 19 Hotel.

981 2470 134 25 3-ROOERY,

1018 2509 137 21 OILMEN'S
1171 2509 110 24 STORES,

1060 2548 217 25 IRONMONGERY,

1110 2586 252 26 CROCKERYWARE,

1163 2629 143 23 DRAPERY,
1324 2630 42 22 Ac,
1376 2629 34 20 Ac-

1024 2669 76 19 NEW
1113 2669 141 19 SEASON'S
1264 2669 100 19 GOODS

1122 2700 47 20 Just
1179 2704 20 16 to
1211 2701 59 19 hand.

1006 2741 12 13 A
1038 2735 148 20 well-assorted
1205 2735 56 20 stock
1279 2736 20 18 in
1317 2736 26 19 all
1360 2735 51 19 lines

985 2764 14 17 >F
1009 2763 33 19 the
1052 2763 62 18 above
1125 2766 20 15 at
1155 2762 71 19 lowest
1237 2768 71 18 prices.

981 2798 46 19 New
1039 2797 87 20 Zealand
1134 2798 64 24 Dairy
1208 2796 146 21 Aspociation's
1363 2796 36 21 Fac-

1014 2827 45 20 tory
1072 2824 73 19 Butter
1155 2824 55 18 fresh
1220 2823 58 20 twice
1289 2823 83 25 weekly.

1055 2859 48 18 New
1115 2859 49 18 Laid
1176 2858 59 24 Engs,
1246 2859 43 22 Ac,
1301 2859 34 18 Ac.

981 3073 81 23 rpHE
1087 3073 205 20 UNDERSIGNED
1322 3073 52 26 begs
1392 3076 20 16 to

994 3100 11 18 £
1048 3100 50 18 offer
1109 3099 100 19 Nursery
1219 3099 65 19 Stock
1294 3100 22 18 of
1325 3100 28 18 all
1367 3099 34 19 des-

980 3126 102 25 criptions,
1103 3125 56 19 seeds
1179 3125 40 19 and
1239 3125 161 25 appliances—in-

980 3153 82 23 cluding
1073 3151 49 18 New
1134 3151 89 19 Zealand
1237 3151 67 23 Trees,
1325 3152 85 22 Shrubs,

981 3178 77 21 Blunts,
1077 3177 129 23 Tree-Ferns,
1222 3177 71 24 Ferns,
1314 3178 39 22 Ac.,
1371 3179 40 21 Ac.,

982 3203 76 25 packed
1068 3203 21 19 in
1099 3203 56 18 wood
1168 3203 40 19 and
1221 3209 74 13 canvas
1310 3210 56 12 cases
1381 3203 32 19 for

981 3229 33 17 the
1023 3229 98 18 Colonies,
1134 3229 38 18 and
1183 3229 21 18 in

981 3256 31 17 for
1035 3255 77 18 distant
1134 3255 106 20 countries.
1280 3254 70 20 Medal
1373 3255 39 18 and

985 3280 92 25 Diploma
1087 3281 89 18 received
1186 3281 32 18 for
1230 3280 71 26 plants,
1315 3282 39 22 Ac,
1366 3283 46 16 thus

981 3310 45 15 sent
1035 3309 20 16 to
1066 3307 35 18 the
1224 3306 126 23 Exhibition,
1359 3306 40 19 Lon-

981 3333 45 22 don,
1278 3332 22 19 in
1305 3332 107 19 Auckland

982 3361 23 15 Z!>
1016 3364 66 12 vears.

1061 3393 37 32 C.
1116 3393 42 32 T.
1175 3393 160 36 WBKN,

982 3443 39 17 Mt.
1032 3442 105 18 HOBSON
1143 3442 128 21 NURSERY,
1279 3441 134 23 REMUBEA-,

1106 3482 120 23 Auckland,
1238 3481 52 19 N.Z.

1128 3537 148 19 ROTORTJA

984 3575 126 26 WOOD
1121 3575 29 26 &
1159 3575 110 27 COAL
1276 3575 139 26 DEPOT

985 3660 123 42 MESSRS
1129 3660 24 20 P.
1169 3660 144 19 GOODSON
1328 3660 47 19 and
1391 3660 24 19 O.

1036 3683 162 19 GRIFFITHS
1208 3689 38 13 are
1262 3683 113 24 prepared
1390 3684 26 17 to

983 3707 89 18 deliver
1081 3707 24 18 to
1114 3712 47 18 any
1169 3707 53 22 part
1231 3707 26 18 of
1263 3707 40 18 the
1312 3706 70 19 Town

1012 3745 81 23 BEST
1101 3744 192 23 HOUSEHOLD
1301 3744 88 28 COAL,

986 3820 94 23 KATA
1091 3819 21 23 &
1122 3819 101 24 TAWA
1236 3819 179 23 FIREWOOD.

1008 3861 25 17 At
1042 3859 95 19 Lowest
1146 3859 98 18 Current
1253 3859 72 18 Rates
1333 3861 21 15 at
1362 3859 32 17 the

1126 3888 82 17 shortest
1215 3888 68 17 notioc.

1009 3951 64 17 Goods
1082 3950 93 17 delivered
1187 3951 46 17 -with
1243 3951 118 21 promptness
1370 3950 46 17 after

985 3979 69 17 arrival
1062 3979 20 17 of
1091 3979 65 17 trains.

1018 4018 74 20 Orders
1101 4024 47 19 may
1155 4018 26 18 be
1190 4018 38 18 left
1236 4020 20 16 at
1267 4017 35 19 the
1312 4017 73 24 Tards,

1023 4053 273 23 PUKUHTUH
1317 4053 66 22 ST.

999 4132 83 20 Agents
1091 4139 39 13 foe
1139 4139 41 13 the
1189 4132 52 19 N.Z.
1255 4132 95 21 Exprebs
1360 4132 34 20 Co.

1455 206 64 26 PAD
1543 208 155 24 U.attt\hv
1720 210 150 20 nnnruMrr

1773 296 56 21 Paper
1833 297 50 17 Cloth

1451 320 46 16 Kate
1505 320 85 23 Camcgio
1599 322 35 16 and
1646 322 56 17 Those
1710 324 89 17 Ministers

1666 344 32 16 lan
1709 345 88 17 Maelaren
1851 348 10 15 G
1873 349 9 14 0

1451 362 36 16 The
1495 363 47 20 Grey
1550 363 48 20 Kan,
1624 377 19 4 ...
1656 365 17 18 S.
1685 365 23 16 R.
1717 366 80 17 Crockett
1808 368 31 15 26
1851 369 9 14 3
1873 370 9 14 6

1451 383 112 17 Sentimental
1570 385 73 21 Tommy
1682 386 18 16 J.
1709 387 26 16 M.
1744 388 59 15 Barrie
1815 390 28 14 26
1855 391 10 14 3
1873 391 9 14 6

1451 404 71 21 Rodney
1530 405 52 16 Stone
1592 419 17 4 ...
1648 407 23 15 A.
1681 407 59 16 Conan
1749 409 55 19 Doyle
1816 410 27 14 26
1855 411 9 15 3
1873 412 9 14 6

1450 424 36 17 The
1493 426 54 16 Green
1556 426 42 17 Man
1665 428 16 15 S.
1693 428 22 16 R.
1724 429 80 16 Crockett
1816 431 9 14 2
1834 432 10 13 6
1855 432 9 15 3
1873 433 9 14 6

1450 445 38 17 The
1496 447 77 16 Sealskin
1581 448 60 20 Cloak,
1684 449 112 17 Boldrewood
1809 452 30 14 26
1852 453 9 14 3
1873 454 9 14 9

1451 467 37 16 The
1495 467 64 21 Lights
1567 469 18 15 of
1593 469 70 21 Sydney
1699 470 20 15 L.
1729 470 67 17 Turner
1807 473 31 14 26
1851 474 9 14 3
1873 475 8 14 6

1449 488 55 16 What
1512 490 52 15 Cheer
1664 490 52 16 Clark
1725 492 67 16 Russell
1805 494 9 14 2
1827 494 9 14 6
1851 495 9 14 3
1872 496 9 14 6

1449 509 28 15 Sir
1486 510 68 20 George
1561 511 92 21 Tressady,
1663 509 20 23 Mr
1693 509 10 23 3
1713 509 20 23 H.
1741 513 54 19 Wajd
1807 515 9 14 2
1829 516 9 14 6
1851 516 9 14 3
1872 517 9 13 6

1449 530 37 16 The
1502 531 81 20 Martian,
1597 537 11 11 a
1623 537 39 11 new
1677 533 50 15 novel
1740 534 24 20 by
1778 534 30 16 ]Ju

1492 551 81 21 Maurier,
1594 554 63 15 author
1673 554 18 15 nf
1707 555 94 21 '•Trilby''
1815 557 9 14 2
1833 557 9 14 6
1854 558 9 14 3
1872 558 9 14 6

1449 572 69 16 Cameos
1547 586 17 5 ...
1611 587 17 4 ...
1675 575 56 16 Marie
1740 576 62 16 Corelli
1814 579 27 14 26
1853 579 9 14 3
1871 579 9 14 6

1448 593 37 16 The
1502 595 69 19 Mighty
1586 595 52 15 Atom
1735 609 12 7 ~
1815 599 27 15 26
1854 600 9 14 3
1872 601 9 13 6

1448 614 36 16 The
1492 615 74 16 Sorrows
1576 617 18 14 of
1602 616 10 16 S
1619 620 36 12 itan
1736 630 11 7 ~
1815 621 9 14 2
1833 621 9 13 6
1854 621 9 14 3
1872 621 9 14 6

1448 635 111 19 Barabbas...
1606 650 17 4 ...
1736 650 11 7 ~
1814 641 10 15 2
1832 641 10 14 6
1854 642 8 14 3
1872 642 8 14 6

1448 657 86 16 Vendetta
1679 659 56 16 Marie
1741 661 62 16 Corelli
1815 663 9 14 2
1832 663 9 14 6
1853 663 9 14 3
1871 663 9 14 6

1448 678 70 16 Tbelca
1735 692 12 9 )(
1814 684 10 13 2
1832 684 9 13 6
1853 684 9 14 3
1871 684 8 14 6

1447 699 67 16 Ardath
1736 714 11 7 ~
1813 704 9 14 2
1831 704 10 14 6
1853 704 9 15 3
1872 705 8 14 6

1446 720 36 16 The
1490 720 41 16 Soul
1538 720 19 16 of
1566 721 56 17 Li'ith
1734 735 11 8 „
1811 725 10 14 2
1830 725 9 14 6
1852 726 8 13 3
1871 726 8 14 6

1449 742 107 15 Wormwood
1574 756 18 4 ...
1639 757 18 3 ...
1812 746 10 14 2
1830 747 9 13 6
1852 747 9 14 3
1871 747 8 14 6

1446 763 66 15 Behind
1521 764 29 15 the
1558 764 59 20 Magic
1624 764 64 16 Mirror
1740 765 61 16 Birrell
1813 769 8 12 2
1830 768 9 14 6
1852 769 9 13 3
1870 769 9 14 6

1446 784 36 15 The
1486 784 83 16 Eleventh
1574 784 147 20 Cunireandnient,
1728 786 78 16 Sutchffo
1813 789 7 13 2
1830 790 9 13 6
1852 790 9 14 3
1870 790 9 14 6

1446 807 15 14 A
1467 805 63 16 Victim
1536 805 18 16 of
1559 806 49 16 Good
1613 806 27 16 Lu
1651 807 17 18 k,
1676 807 22 15 W
1711 807 88 17 E.Norris
1811 810 9 14 2
1830 811 9 13 6

1445 826 37 16 The
1490 826 53 16 Wood
1550 828 70 19 Beyond
1626 828 29 16 the
1660 828 68 20 World,
1737 828 64 17 Morris
1811 831 10 14 2
1830 832 9 13 6

1445 849 69 18 Among
1523 848 27 16 the
1559 849 63 15 Freaks
1674 849 28 15 W.
1712 849 21 16 L.
1743 851 55 15 Alden
1811 852 9 14 2
1830 853 8 13 6
1851 852 9 15 3
1869 853 8 13 6

1445 869 34 15 Out
1488 871 18 14 of
1512 870 38 15 Due
1556 870 62 15 Season
1634 870 74 16 Adeline
1715 871 82 17 Serjeant
1810 874 11 14 2
1830 874 9 14 6

1444 890 98 16 Transition
1671 891 21 16 G.
1702 892 21 16 3?.
1735 892 64 16 Brooke
1811 895 9 14 2
1829 895 9 15 6

1444 911 36 16 The
1484 911 52 16 Years
1544 911 37 16 that
1587 912 28 16 the
1623 913 65 15 Locust
1695 913 43 16 liatli
1750 915 53 15 Karen

1589 935 55 15 Annie
1653 934 22 16 E.
1685 934 112 17 Holdsworth
1811 938 9 13 2
1829 938 9 13 6
1851 938 8 13 3
1869 938 8 13 6

1445 953 50 16 l-b.ui
1505 953 54 17 Israel
1574 955 16 20 (a
1597 955 56 16 South
1663 956 71 16 African
1745 957 11 15 S
1766 958 36 19 orv)

1653 977 69 20 George
1730 978 69 15 Covins
1849 979 9 15 8
1865 980 11 14 6

1444 996 28 16 Mr
1482 997 56 17 Bailev
1547 997 66 16 Martin
1631 1011 20 3 ...
1676 998 53 20 Percy
1739 998 59 17 White
1810 1000 9 15 2
1828 1006 9 8 o
1850 1002 8 13 3
1868 1002 8 13 6

1444 1020 13 12 A
1469 1018 56 15 Home
1533 1019 16 14 in
1560 1019 80 16 Inveresk
1681 1019 15 16 T
1712 1020 20 16 L.
1744 1021 12 15 P
1762 1024 35 12 itou
1808 1018 12 19 C
1831 1018 11 19 3
1853 1018 23 19 (i

1443 1038 35 16 The
1487 1039 55 16 Green
1551 1040 66 16 (Proves
1631 1041 19 15 of
1663 1040 99 20 Balgowrie

1646 1062 18 15 J.
1674 1063 25 15 It.
1708 1062 89 16 Findlater
1808 1065 9 13 2
1827 1065 9 13 6
1849 1065 8 13 2
1867 1065 9 13 6

1443 1082 25 16 Dr
1476 1081 113 21 Congaltoil's
1597 1082 66 17 Leiram
1677 1084 24 15 11.
1711 1084 85 15 Johnston
1809 1086 8 13 2
1827 1087 9 12 fi
1849 1086 27 13 3-6

1446 1104 32 15 The
1486 1103 49 17 Kinir
1543 1104 18 15 of
1571 1105 91 15 Andamau
1726 1105 69 16 Cobb.ui
1808 1107 9 14 2
1827 1108 9 13 6
1849 1107 8 14 3
1867 1108 8 13 6

1442 1127 16 13 A
1467 1125 41 15 M«n
1517 1124 18 16 of
1543 1125 28 16 the
1581 1125 61 21 Ijords
1757 1127 41 15 lJcir
1849 1129 8 14 3
1866 1129 9 13 6

1442 1146 42 18 c;le«
1491 1145 53 21 K<*lly
1569 1160 17 4 ...
1634 1161 17 3 ...
1664 1147 16 16 S.
1687 1146 23 17 R.
1717 1145 60 22 <~r«o|t«
1783 1152 14 12 tt
1810 1150 7 14 2
1827 1150 9 12 6
1848 1150 9 14 3
1866 1150 9 14 6

1441 1167 49 21 Lady
1498 1167 50 16 Vul's
1554 1168 96 20 Kiopement
1661 1169 11 15 J
1691 1169 56 15 Kjekei
1752 1169 18 17 d\
1777 1175 19 10 i*e
1808 1172 9 13 2
1826 1171 9 14 6
1848 1171 9 14 3
1866 1171 8 14 6

1441 1189 36 15 The
1485 1189 93 21 Expiation
1587 1194 16 11 ot
1612 1190 58 21 Wynu
1681 1190 73 15 P-li^or

1693 1211 21 16 B.
1726 1211 50 16 MiT,iii
1785 1212 11 15 d
1808 1214 9 13 2
1827 1214 9 12 6

1442 1233 12 14 A
1466 1232 77 16 Humble
1550 1232 105 21 Enterprise.
1693 1233 103 16 Gamind-'o
1808 1233 49 16 263
1865 1233 18 15 6'

1441 1254 35 14 Tb-
1486 1254 85 15 jieauHlii'
1582 1253 59 17 Wime
1649 1254 57 17 D.nit.
1717 1254 79 21 Boothby
1808 1255 9 14 2
1826 1256 8 14 6
1848 1256 8 14 3
1865 1257 9 13 li

1441 1275 43 15 ABi
1492 1275 4 19 i
1506 1275 26 15 for
1539 1275 78 17 Fortune
1749 1287 10 7 ~
1806 1279 9 12 2
1825 1278 8 13 6
1865 1278 9 13 li
1882 1275 1 19 :

1441 1296 19 15 In
1470 1296 73 17 Strange
1552 1298 89 19 (Jomoany
1749 1309 11 7 ~
1807 1300 8 12 2
1825 1299 9 13 6
1847 1298 8 14 3
1865 1299 9 13 6

1440 1317 36 15 The
1487 1317 86 18 Marriage
1580 1319 17 13 ot
1610 1317 60 15 iwlier
1750 1331 11 5 ~
1807 1321 9 13 ?
1826 1320 8 14 6
1847 1320 8 13 3
1865 1320 9 13 (i

1444 1338 32 15 I'll.-
1484 1338 27 15 Tr.
1518 1339 45 14 inlet:
1575 1339 96 15 Drtnioiiil>
1732 1340 11 14 A
1749 1339 44 21 nbyti
1847 1342 8 13 3
1865 1343 8 12 6

1440 1359 19 16 In
1468 1359 56 16 llasie
1531 1360 32 16 mill
1570 1359 35 18 ai.L
1617 1365 45 11 l-iire
1672 1361 20 15 K.
1702 1360 14 16 L
1731 1360 44 16 J.iao
1785 1367 8 9 u
1807 1362 8 14 2
1825 1362 8 14 6

1443 1381 33 15 the
1485 1381 64 16 Master
1574 1395 17 4 ...
1639 1395 17 4 ...
1684 1381 50 18 I.

1441 1404 12 13 A
1465 1403 106 15 Koinanoenf
1575 1403 41 15 Two
1623 1403 67 15 Worlds
1702 1403 22 16 M.
1732 1404 60 14 (Joivili
1806 1405 8 13 2
1824 1405 8 13 6
1846 1406 8 12 3
1864 1406 8 12 6

1437 1423 47 16 Juiie
1493 1424 28 15 the
1531 1424 75 16 Obscure
1647 1425 76 15 Thoina-s
1733 1424 58 21 llardy
1806 1426 48 14 ~li3
1864 1426 8 13 li

1439 1445 20 15 In
1470 1445 28 14 the
1507 1444 49 21 Days
1563 1446 18 14 of
1590 1446 93 20 Advnrsit.y
1723 1446 65 15 Burton
1846 1447 8 14 3
1864 1447 8 14 6

1439 1466 8 14 'I
1454 1466 21 15 he
1484 1466 56 16 Heart
1548 1466 18 16 of
1575 1466 28 16 the
1616 1463 61 19 World*
1707 1466 86 21 Haggard
1805 1468 27 14 20
1846 1468 8 14 3
1864 1468 8 15 6

1438 1487 36 16 The
1483 1488 92 19 Courtship
1582 1489 19 14 of
1611 1489 63 14 .\lo;ice
1683 1488 14 15 B
1705 1488 52 15 tckler

1701 1511 11 13 A
1719 1509 2 17 .
1733 1509 59 16 Mnson
1805 1510 9 15 2
1824 1510 8 15 6
1846 1511 8 15 3
1864 1511 8 14 6

1436 1530 39 16 The
1483 1529 56 21 Light
1548 1530 37 15 that
1593 1530 59 16 Failed
1706 1530 87 21 Kippling
1806 1532 9 14 2
1824 1533 8 13 6
1844 1533 9 13 3
1863 1533 9 13 6

1496 1557 39 16 Add
1544 1557 79 20 Postage,
1634 1558 21 15 2d
1665 1558 16 15 in
1691 1558 29 15 the
1729 1558 81 20 Shilling.

1473 1606 83 18 OHDERS
1568 1610 38 13 FOR
1619 1610 67 13 ABOVE
1702 1610 101 13 KECEITED
1817 1607 20 16 at

1528 1629 151 18 CIIEOXICLE
1692 1630 79 17 OITICE.

1442 1696 48 46 R.
1532 1695 338 50 SPRECK.LEY.

1538 1752 52 17 Next
1599 1752 32 17 the
1646 1752 47 17 Post
1706 1752 63 19 Office,

1437 1783 237 22 SHORTLAND-ST,
1688 1783 182 18 AUCKLAND.

1483 1815 78 22 Agent
1569 1815 35 17 for
1609 1815 96 17 Gordon
1712 1814 20 18 &
1742 1815 81 18 Gotch.

1437 1909 203 41 SOMETHING
1674 1909 45 40 TO
1755 1908 114 40 READ!

1512 2140 129 55 larly
1663 2140 129 44 from

1512 2404 276 35 OFFice.

1484 2471 193 31 Canterbury
1710 2471 108 29 Times,

1480 2512 220 26 Christchurch
1730 2512 93 30 Press,

1494 2554 70 25 New
1577 2554 136 25 Zealand
1737 2552 74 31 Mail,

1526 2596 109 31 Family
1651 2595 128 30 Reader,

1451 2638 106 31 Young
1579 2636 117 26 Ladies'
1717 2636 134 30 Journal,

1503 2678 89 26 Black
1618 2678 61 25 and
1695 2678 106 29 White,

1437 2720 170 25 Illustrated
1630 2719 125 25 London
1774 2719 93 30 News,

1434 2761 62 26 The
1516 2761 116 30 Album,
1667 2761 64 24 The
1745 2760 122 30 Sketch,

1512 2803 122 31 Sydney
1654 2801 136 30 Bulletin,

1568 2863 11 11 „
1685 2843 74 29 Mail,

1491 2885 90 26 Town
1595 2885 61 25 and
1694 2885 118 31 ountry,

1543 2926 219 30 Australasian,

1590 2968 134 29 Referee,

1436 3009 230 32 Cosmopolitan
1704 3008 165 31 Magazine,

1536 3050 112 26 Strand
1757 3069 12 11 „

1513 3092 141 25 Windsor
1757 3111 12 10 „

1515 3133 138 32 Ludgate

1490 3175 118 25 Review
1628 3175 33 25 of
1680 3174 141 29 Reviews,

1503 3216 125 25 Woman
1648 3217 34 24 at
1700 3215 104 30 Home,

1436 3257 150 26 Weldon's
1599 3257 129 25 Fashion
1744 3255 125 26 Journal

1470 3297 128 27 Schild's
1614 3298 129 25 Fashion
1792 3317 12 10 „

1482 3339 181 31 Something
1684 3340 33 23 to
1734 3338 91 30 Read,

1437 3381 183 32 Snapshots,
1642 3380 148 29 Answers,
1811 3379 44 24 Tit-

1517 3422 66 29 bits,
1597 3422 125 31 Scraps,
1743 3420 52 26 &c.

1437 3464 65 25 And
1517 3463 37 26 all
1573 3463 96 25 Home
1686 3463 61 25 and
1763 3462 89 25 Colon-

1456 3505 33 25 ial
1507 3504 113 32 Papers
1633 3504 24 25 &
1671 3503 182 32 Magazines.

1441 3684 245 43 MASTERPIECE
1705 3681 163 42 LIBRARY,

1440 3756 141 34 Popular
1594 3755 130 31 Novels,

1473 3817 65 26 The
1552 3817 115 31 Penny
1680 3815 105 32 Poets,

1508 3879 109 26 Books
1628 3878 50 26 for
1682 3878 55 26 the
1747 3878 125 26 Bairns,

1441 4009 204 46 JNiewnes'
1677 4009 195 45 Famous

1580 4103 163 46 Books.

989 4227 102 38 Ask
1122 4228 70 39 for
1225 4227 267 40 Hancock's
1524 4227 276 40 Celebrated
1833 4222 188 44 XXXX
2048 4221 113 41 Ales
2188 4226 94 38 and
2309 4225 152 43 Stout

2025 173 14 33 «
2075 173 37 33 n
2135 174 31 35 £
2221 175 38 35 n
2281 170 35 42 U
2345 177 16 38 l
2400 173 279 62 J.MES
2733 184 71 58 uj
2824 184 32 40 5
2875 184 38 41 T

2141 238 89 21 Tourists
2240 241 41 18 and
2293 242 92 21 Invalids
2395 245 84 26 visiting
2488 246 33 18 the
2531 247 140 21 Wonderland
2681 251 20 18 of
2711 251 49 19 New
2770 252 89 19 Zealand
2869 254 87 22 wiUfind
2966 258 32 20 the

2089 278 437 83 GRAND
2618 290 411 79 HOTEL

1929 380 11 27 <
2072 429 7 20 ,
2382 376 394 67 ROTORUA,

1907 431 79 42 rpHE
1997 434 54 17 most
2061 431 87 26 elegant,
2159 435 131 20 comfortable
2298 437 40 19 and
2349 438 45 19 best
2403 440 108 23 appointed
2521 442 155 19 establishment
2685 443 21 19 in
2726 444 49 20 New
2791 445 95 26 Zealand,
2904 449 16 18 it
2937 449 62 25 feeing
3015 453 73 21 replete
3104 455 122 19 throughout

1930 482 58 13 tttt?
2001 482 87 13 Trn-rrT
2113 459 4 36 ■
2149 459 3 36 ■
2187 485 14 10 n
2241 459 4 36 •
2305 487 6 8 ,
2373 464 49 18 with
2433 465 33 18 the
2476 469 52 15 most
2542 467 83 19 modern
2639 469 146 20 conveniences.
2986 466 12 10 «,
3015 459 73 18 rcpictc
3104 459 122 21 tuou^otfl

1932 487 56 14 xiiJi
2001 487 93 15 JJ.OJ._Mj
2112 490 17 12 is
2147 491 21 12 m
2187 487 34 17 the
2239 488 117 19 immediate
2371 490 166 24 neighbourhood
2557 492 21 19 of
2596 493 35 18 tho
2649 493 65 20 Priest
2740 495 75 19 Eacliol
2842 497 16 17 p
2859 505 12 9 n
2872 501 16 13 ,*
2890 505 42 9 mnc
2934 503 29 11 t„,
3014 503 8 11 -i
3052 505 7 9 t
3059 504 6 8 ,
3109 505 6 6 ,
3145 487 4 27 ,

1904 511 90 16 curative
2003 509 113 25 properties
2125 509 22 19 of
2156 511 64 18 which
2236 518 34 13 are
2286 509 148 25 worUWamSL
2462 515 54 21 Bath
2527 517 66 19 chairs
2604 519 40 18 and
2654 522 20 15 at
2685 520 65 19 endan
2818 511 11 32 ',
2829 529 18 12 lr
2854 500 4 43 ,
2872 500 47 43 Sed
2928 530 61 13 tv„
3039 504 33 18 oth
3075 511 40 23 ".'
3118 506 50 18 ,aUls
3170 500 3 43 '
3191 508 22 17 tb
3214 514 12 29 f

1903 533 53 19 from
1966 534 35 18 the
2011 534 80 19 various
2103 534 140 22 bath-houses.
2272 538 42 18 The
2325 539 106 20 bedrooms
2441 542 40 18 and
2499 543 87 25 retiring
2608 551 66 12 rooms
2694 524 120 42 Setoff
3186 532 40 20 ***

1903 563 66 14 ments
1980 560 21 18 of
2009 563 70 21 guests
2089 560 21 18 in
2120 562 69 18 search
2198 562 21 19 of
2229 565 92 18 renewed
2330 566 99 24 strength.
2895 555 74 21 special
2977 555 76 23 Tegard
3065 557 21 17 to
3098 556 34 19 the
3147 562 79 21 require

1930 584 42 19 The
1985 585 63 19 Baths
2058 588 21 16 at
2090 585 34 19 the
2133 586 127 21 Sanatorium
2272 590 52 19 have
2335 592 98 18 attracted
2443 598 60 13 manv
2512 593 82 20 visitors
2613 595 21 19 of
2653 596 40 19 late
2714 603 68 13 years-
2809 602 90 14 amono«t
2916 602 29 14 rl-,
2962 610 10 6 „
3002 584 4 32 i
3036 605 5 11 1
3097 607 7 9 *
3151 607 54 9 ,~.
3217 609 9 7 .

1903 609 33 19 bei
1944 610 36 19 the
1989 610 146 25 convalescent,
2146 618 91 18 nervous,
2248 614 118 24 rheumatic,
2378 617 40 18 and
2429 617 99 25 sleepless.
2714 602 8 19 3
2778 602 4 40 '
2809 605 56 13 aniou
2869 606 12 18 S
2882 602 18 17 st
2916 602 56 20 tLose
2985 605 42 19 *ho
3036 605 49 19 have
3097 607 59 19 found
3169 608 57 20 relief

1929 635 92 20 Rotorua
2031 636 17 20 is
2057 637 35 19 the
2110 641 67 15 centre
2196 639 51 19 from
2266 640 64 19 which
2350 642 28 18 all
2398 643 67 24 points
2476 644 21 17 of
2505 643 84 21 interest
2599 646 21 18 in
2636 647 35 18 tho
2681 647 92 20 Thermal
2784 649 84 19 Bnrine-s
2884 652 61 16 D.-.t..;
2958 656 7 12 t
2982 662 10 6 ~
3006 661 5 7 ,
3042 657 6 11 i
3125 635 4 33 i
3151 658 10 10 *

1903 661 75 26 special
1986 661 96 21 facilities
2091 668 35 14 are
2135 663 97 25 provided
2239 665 35 20 for
2278 666 60 20 those
2345 667 22 20 in
2375 668 71 20 search
2455 670 21 18 of
2483 669 34 20 the
2523 670 106 20 .beautiful
2639 657 69 35 and
3124 657 37 20 d
3165 657 3 35 '
3187 665 39 13 ana

1996 694 181 17 MAGNIFICENT
2190 696 176 19 APARTMENTS.
2495 701 83 18 LOFTY
2591 703 144 19 BEDROOMS.
2851 708 112 19 PFKFECT
2978 711 149 16 SAOTTATTOV

2047 717 25 20 ln
2083 717 57 19 short
2149 725 13 11 a
2171 724 124 15 i-iitsx-cxASs
2309 721 170 20 Establishment
2489 724 86 26 offering
2584 726 60 24 eyual
2653 728 94 18 comforts
2757 730 20 17 to
2787 729 33 19 the
2829 730 44 20 best
2887 732 63 21 hoteh
2959 734 21 19 in
2989 735 78 25 Evirope

2143 769 86 24 Suites
2246 772 28 21 of
2284 772 169 29 Apartments
2463 775 65 22 with
2539 777 98 28 special
2650 778 153 24 attendance
2818 781 37 22 for
2870 783 119 25 Families

1902 800 98 26 Spacious
2011 802 127 20 Promenade
2148 803 111 25 Balconies,
2270 806 58 25 Snug
2339 807 90 24 Alcoves,
2441 809 40 18 and
2496 809 127 26 luxuriously
2639 812 108 25 appointed
2758 814 100 26 Drawing,
2878 817 68 24 Music,
2960 819 142 21 'Conversation
3126 821 90 20 Readin*

2353 833 99 26 Smoking
2459 835 41 19 and
2509 834 88 22 Billiard
2604 837 83 20 Rooms.
2716 837 68 22 Baths.
3031 835 7 4 '
3105 833 4 26 '
3146 833 35 9 ll,u
3184 833 31 15 "'*
3217 833 2 26 -
3220 838 6 9 '

2140 864 35 23 fcT
2190 864 117 20 SPECIAL
2321 866 159 21 ATTENTION
2493 869 68 19 PAID
2574 870 33 19 TO
2622 871 116 20 CUISINE
2752 873 59 19 AND
2825 874 121 23 SEPVICE.
2961 881 34 22 jH>

1927 894 34 19 All
1972 896 179 18 communications
2163 896 26 24 by
2199 896 59 19 letter
2270 894 4 33 <
2282 903 10 12 r
2300 897 100 24 telegram
2410 899 41 19 will
2460 900 76 19 receive
2545 905 80 22 prompt
2636 904 104 18 attention.

1959 944 77 46 W.
2063 948 59 42 A.
2149 946 38 45 B

2372 1008 58 24 (Late
2440 1010 21 17 of
2470 1009 112 21 Grosvenor
2592 1010 68 25 Hotel,
2673 1012 94 25 Sydney.)

2922 960 241 54 Manager.

2914 1081 36 17 TO
2963 1081 149 20 TOURISTS.

2814 1128 17 16 A
2844 1127 127 21 SOUVENIR
2984 1131 31 16 OF
3029 1131 50 17 THE
3092 1130 120 20 DISTRICT.

2805 1176 133 45 BEFORE
2950 1185 39 16 you
3003 1179 57 18 leave
3078 1177 94 25 Rotorua,
3190 1180 23 18 in-

2875 1208 54 18 spect
2937 1204 33 19 the
2977 1205 104 18 miniature
3089 1206 25 17 oil
3122 1206 102 21 paintings

2803 1228 19 18 of
2831 1228 32 20 the
2873 1228 43 20 Hot
2925 1230 64 18 Lakes
3003 1236 85 19 scenery,
3099 1230 31 19 far
3148 1231 40 18 sale
3203 1234 21 17 at

2803 1255 32 17 the
2847 1254 46 19 Uo-r
2909 1254 68 20 Lakes
2989 1255 117 20 Chkoxicle
3121 1256 64 23 Office,
3205 1260 21 15 at

2803 1279 50 19 from
2865 1282 20 17 Is
2895 1281 25 17 3d
2928 1281 54 19 each..

2861 1322 22 25 J.
2899 1323 25 24 P.
2940 1324 228 30 BACKHOUSE,

2949 1371 134 16 KRTIST,

2806 1404 126 26 NEWTON
2957 1406 83 28 ROAD,
3062 1405 164 26 AUCKLAND.

2911 1469 206 27 ROTORUA.

2802 1545 234 47 Tarawera
3058 1546 161 50 .House,

2853 1606 179 20 TUTANEKAI
3047 1608 116 19 STREET.

2825 1637 80 21 Within
2928 1646 43 17 easy
2998 1645 63 13 access
3086 1640 20 18 of
3121 1639 33 19 the
3173 1639 47 19 Post

2801 1665 64 23 Office,
2873 1665 69 23 Baths,
2951 1665 38 19 and
2997 1665 125 19 Sanatorium
3130 1665 90 19 Grounds

2801 1691 38 18 and
2849 1691 136 25 commanding
3000 1697 12 12 a
3029 1691 125 25 magnificent
3170 1691 51 19 view

2801 1717 20 18 of
2830 1716 34 19 the
2873 1717 62 19 Lake.

2826 1746 85 20 Visitors
2934 1747 38 19 will
2990 1747 42 19 find
3050 1752 59 19 every
3124 1747 96 18 attention,

2803 1773 45 24 paid
2858 1775 20 16 to
2887 1773 52 18 their
2948 1774 82 18 comfort
3040 1773 38 18 and
3090 1774 33 16 the
3133 1772 87 25 require>

2803 1801 62 16 ments
2874 1798 21 19 of
2905 1799 74 18 invalid
2988 1801 67 22 guests
3066 1797 39 20 will
3115 1798 24 19 bo
3156 1798 54 19 assid-

2803 1825 69 24 uously
2882 1825 92 18 attended
2984 1828 25 15 to.

2912 1858 69 21 Teems
2992 1859 117 19 Moderate.

2852 1898 34 33 C.
2902 1898 270 36 W3CLLMOTT,

2894 1947 235 19 PROPRI6TOR,

2825 1985 78 19 Letters
2921 1986 40 19 and
2985 1985 114 25 Telegrams
3121 1985 99 26 promptly

2801 2013 108 24 responded
2914 2014 26 16 to.

2803 2064 210 45 Rotoima
3053 2062 163 45 Tours.

2801 2145 182 43 IJASSENGERS
2991 2147 19 16 to
3020 2146 82 17 Rotorua
3111 2149 30 13 are
3147 2142 74 19 advised

2863 2168 41 19 that
2913 2175 10 10 a
2937 2169 73 21 regular
3021 2168 50 22 daily
3084 2167 55 18 coach
3155 2167 65 17 service

2800 2192 81 17 between
2891 2191 88 19 Okoroire
2987 2191 38 18 and
3034 2192 82 16 Rotorua
3130 2190 36 16 and
3182 2190 38 17 vice

2799 2221 51 11 versa
2858 2216 14 16 is
2881 2220 42 11 now
2932 2215 86 21 running.

2822 2238 37 17 The
2867 2237 113 23 advantages
2986 2243 10 11 o
3012 2237 36 17 this
3054 2237 52 16 route
3111 2241 29 12 are
3146 2241 61 12 numer-

2799 2266 39 16 ous,
2847 2267 11 11 a
2866 2261 100 17 somewhat
2979 2260 72 17 tedious
3059 2259 74 21 railway
3142 2258 77 22 journey

2799 2284 14 17 is
2822 2284 73 20 broken,
2906 2283 36 17 and
2951 2283 31 17 the
2998 2285 53 15 route
3066 2283 88 15 traverses
3170 2287 50 11 some

2799 2308 19 16 of
2836 2307 31 17 the
2882 2307 83 17 loveliest
2980 2306 52 17 Bush
3048 2305 78 21 Scenery
3141 2304 20 17 in
3173 2304 46 17 New

2799 2330 85 17 Zealand.

2838 2361 100 21 FARES,
2954 2361 40 17 10s
3004 2359 80 19 EACH
3096 2358 79 19 WAY.

2800 2389 88 23 Special
2904 2389 160 22 Conveyances
3081 2392 42 13 can
3142 2386 28 18 be
3186 2391 21 12 ar-

2940 2411 86 23 ranged
3034 2411 40 17 for.

2799 2459 84 18 Leave-
2897 2457 108 20 Okoroire
3013 2457 35 18 for
3059 2456 102 18 Rotorua
3173 2455 46 18 and

2867 2481 212 19 Whakarewarewa
3107 2478 60 23 daily
3193 2484 15 12 a

2869 2504 27 19 10
2905 2510 51 13 a.m.

2800 2528 82 19 Leave-
2897 2528 101 18 Rotorua
3006 2526 46 18 and-

2867 2556 60 13 rewa
2943 2552 34 17 tor
2991 2548 112 22 Okoroire,
3119 2547 60 23 daily
3191 2548 26 17 -at

2869 2574 27 18 10
2905 2578 50 14 a.m.

2822 2598 30 17 All
2871 2603 108 17 passengers
2998 2602 31 11 are
3045 2592 73 20 advised
3137 2595 19 16 to
3170 2593 48 18 avail

2799 2620 108 19 themselves
2915 2620 20 18 of
2942 2620 37 18 this
2995 2619 60 17 Route
3069 2623 19 11 as
3102 2617 87 17 Okoroire
3203 2617 15 16 is

2799 2650 33 11 one
2847 2645 18 16 of
2877 2644 32 17 the
2917 2644 49 17 show
2975 2643 61 21 places
3052 2641 20 18 of
3086 2640 32 17 the
3133 2639 84 18 Thermal

2799 2667 81 20 District,
2902 2666 36 18 and
2952 2672 23 11 no
2991 2665 43 17 visit
3048 2665 19 16 to
3083 2664 31 16 the
3128 2663 59 16 Lakes
3203 2662 14 17 is

2799 2690 89 22 complete
2896 2690 77 16 without
2980 2688 23 17 its
3008 2687 94 17 inclusion.

2822 2713 70 22 Special
2900 2712 90 18 attention
3002 2711 15 16 is
3031 2709 57 17 called
3100 2711 19 15 to
3133 2708 31 18 the
3180 2707 37 18 fact

2799 2737 41 17 that
2848 2742 10 11 a
2867 2736 55 17 coach
2931 2735 58 17 leaves
3003 2733 82 17 Rotorua
3093 2732 36 16 and
3139 2730 65 19 Whaka-

2799 2764 95 13 rewarewa
2903 2764 23 12 on
2935 2756 75 23 Sunday
3019 2756 19 17 at
3048 2756 20 16 10
3076 2761 42 11 a.m.

2929 2803 156 17 KCENTS:

2799 2831 69 19 THOS.
2880 2831 69 17 COOK
2964 2831 16 15 &
2999 2829 52 19 SOX,
3069 2826 96 19 Auckland
3182 2825 36 18 and

2964 2853 87 17 Rotorua.

2801 2900 15 18 A
2834 2898 108 19 MEMBER
2961 2897 30 17 OF
3012 2895 50 18 THE
3083 2894 83 17 HOUSE
3187 2893 31 17 OF

2886 2916 242 23 REPRESENTATIVES.

2822 2953 92 23 Speaking
2927 2958 24 11 on
2964 2951 31 18 the
3008 2950 103 20 Pharmacy
3123 2948 36 17 Bill
3172 2947 44 19 said,

2818 2983 24 11 no
2856 2975 101 24 profession
2970 2974 33 17 has
3015 2972 53 18 made
3083 2972 36 16 loss
3134 2975 84 18 progress

2799 3000 66 20 during
2873 2999 32 17 the
2921 2998 36 17 last
2973 2998 32 15 100
3020 3001 52 16 years
3086 2994 46 17 than
3145 2994 41 16 that
3199 2993 19 17 of

2914 3027 21 11 or
2942 3019 59 18 words
3010 3020 20 16 to
3039 3018 40 17 that
3092 3017 56 17 effect.
3180 3015 37 17 The

2799 3045 75 19 M.H.R.
2890 3044 55 23 spoke
2959 3042 79 18 without
3050 3040 92 20 thinking,
3159 3045 21 10 or
3194 3038 23 17 he

2799 3068 60 18 would
2872 3069 33 16 not
2921 3067 45 17 have
2982 3064 53 18 made
3052 3064 43 16 such
3112 3068 23 12 an
3151 3061 67 17 absurd

2799 3091 103 19 statement.
2925 3090 31 17 Ho
2965 3087 93 22 evidently
3071 3085 52 18 knew
3139 3084 79 22 nothing

2799 3116 19 16 of
2826 3115 31 17 the
2866 3120 40 11 new
2914 3112 73 21 remedy
2996 3109 70 19 termed

2937 3133 147 18 NEUROL

2799 3158 59 18 which
2867 3158 20 19 is,
2891 3158 20 16 in
2914 3156 113 22 comparison
3033 3153 44 18 with
3083 3152 85 17 remedies
3174 3150 45 18 used

2800 3189 44 10 even
2853 3182 21 17 25
2883 3186 52 17 years
2943 3186 41 14 ago,
2994 3184 20 11 as
3020 3177 50 22 light
3077 3177 20 16 to
3105 3175 90 17 darkness.

2937 3207 149 17 NEUROL

2799 3233 15 17 is
2822 3238 12 10 a
2846 3230 88 18 scientific
2936 3230 36 18 -illy
2987 3226 90 24 prepared
3093 3224 91 19 medicine,
3201 3229 19 11 nt

2800 3255 31 18 the
2840 3255 46 16 form
2895 3253 21 18 of
2923 3252 89 24 powders.
3037 3250 18 17 It
3062 3249 14 18 i?
3085 3250 32 15 not
3129 3248 79 18 disagree-

2800 3278 41 17 able
2847 3271 4 26 ;
2865 3277 14 17 it
2888 3276 14 18 is
2911 3278 33 15 not
2952 3273 98 23 expensive
3057 3271 3 26 ;
3074 3273 14 15 it
3097 3271 32 17 lies
3137 3276 19 11 m
3168 3271 53 16 small

2800 3306 81 16 compass
2889 3292 3 30 ;
2907 3299 14 17 it
2931 3297 81 19 contains
3021 3302 24 11 no
3054 3295 67 22 opium,
3139 3292 82 24 morphia

2800 3330 20 10 or
2834 3322 113 22 antipvrine;
2966 3321 15 16 it,
2998 3319 38 16 will
3052 3319 33 16 not
3100 3322 42 12 care
3158 3321 52 16 every-

2800 3347 54 20 thing
2862 3346 33 17 but
2910 3345 15 16 it
2938 3344 16 17 is
2966 3342 82 18 effective
3060 3342 20 16 in
3093 3340 26 17 all
3132 3344 48 12 cases
3192 3339 30 16 for

2801 3369 58 17 which
2867 3368 15 18 it
2890 3368 15 17 is
2918 3364 144 20 recommended.

2938 3393 150 19 NEUROL

2801 3417 36 19 will
2846 3418 65 17 relieve
2919 3422 54 16 every
2982 3415 47 17 form
3046 3414 19 16 of
3081 3412 91 17 headache
3188 3412 34 15 not

2800 3441 65 18 caused
2873 3441 25 21 by
2906 3440 53 17 brain
2968 3438 75 17 disease.

2937 3466 149 18 NEUROL

2801 3502 50 12 cures
2871 3495 95 21 neuralgia
2985 3493 20 17 of
3021 3492 32 17 the
3069 3491 39 16 face
3123 3488 36 19 and
3175 3487 48 19 head

2800 3525 49 12 more
2858 3518 94 22 promptly
2961 3517 44 17 than
3015 3515 80 22 quinine.

2822 3542 33 18 LA
2861 3541 99 17 GRIPPE,
2969 3546 20 10 or
2995 3536 147 19 INFLUENZA
3146 3535 47 17 loses
3198 3535 23 16 its

2800 3567 67 15 terrors
2875 3564 15 17 if
2898 3562 105 19 NEUROL
3010 3562 16 16 is
3034 3560 56 17 taken
3099 3559 20 17 at
3126 3559 32 16 the
3172 3562 36 13 com-

2800 3588 112 17 mencement
2922 3586 19 17 of
2950 3586 31 16 the
2989 3584 69 17 attack.

2822 3610 85 18 COLDS.
2947 3605 137 21 CATARRHS,
3119 3602 78 19 FEVEP

2800 3631 170 21 RHEUMATISM
2994 3636 31 11 arc
3051 3628 25 17 all
3096 3626 77 18 relieved

2799 3654 110 21 NEUROL.

2822 3679 36 16 For
2877 3683 72 12 women
2968 3674 105 19 NEUROL
3089 3673 15 17 is
3122 3676 40 18 peer

2799 3701 83 20 suitable,
2892 3701 15 17 it
2916 3706 51 11 cures
2976 3699 25 16 all
3015 3696 73 24 painful
3102 3697 56 23 cran£

2799 3725 52 17 other
2858 3723 59 23 pains.
3125 3728 15 16 j;
3149 3725 14 17 is

2821 3748 61 20 Every
2901 3746 64 19 miner,
2985 3743 93 18 bushman
3102 3745 19 13 ar

2799 3770 65 18 should
2872 3774 71 17 possess
2952 3774 11 10 a
2970 3767 38 17 box
3017 3766 20 18 of

2799 3800 11 10 a
2818 3793 89 17 medicine
2916 3792 50 16 chest
2975 3791 19 16 in
3003 3789 54 17 small
3065 3793 106 24 eo^-gp^QL

2822 3815 44 18 Sold
2873 3814 26 23 by
2908 3815 26 16 all
2942 3812 124 22 storekeepers
3076 3815 8 11 r

2799 3840 19 16 2s
2827 3844 33 17 per
2867 3838 44 19 box,
2921 3843 21 11 or
2949 3837 42 22 post
3006 3836 38 16 free
3059 3834 12 16 i>
3117 3842 15 17 p
3134 3846 30 12 ros
3165 3847 8 4 ..

2800 3862 39 18 Co.,
2849 3860 103 20 Auckland,
2963 3861 19 15 2s
2992 3858 28 17 Id.

2822 3883 103 18 Wholesale
2934 3883 47 16 from
2989 3882 58 17 Kemr

2799 3912 33 16 ser,
2842 3913 22 10 or
2872 3904 91 20 Sharland
2972 3904 37 17 and
3018 3903 20 17 C-
3038 3912 31 4 —-

2807 3970 159 18 Government
2984 3969 47 21 L(ge
3043 3966 97 20 uoSOSES.

2819 4005 46 12 LOW
2873 3999 154 21 PBEMIUM&jfBeo
3033 4004 27 10 htc
3069 4005 9 4 -

2972 4017 132 16 lif-v-hol'lors.

2806 4032 34 13 The
2846 4031 109 14 WatKliwnnlfi
2961 4030 10 12 ''
2979 4028 31 22 ii£
3011 4040 6 9 T
3018 4039 17 10 i3
3039 4028 4 22 l
3043 4035 16 14 ie
3061 4029 53 16 ment
3115 4028 4 22 '

2839 4049 105 14 Liberality
2954 4049 5 13 <.
2959 4045 11 9 n
2978 4043 124 25 lecOKITY.

2879 4064 81 14 Bconoi
3012 4063 4 18 ,
3028 4071 17 9 oi
3054 4067 67 14 Miliums
3131 4063 23 14 st-S-

2921 4080 30 14 ---Sls
2960 4075 59 15 exceed
3029 4075 16 12 sj

2806 4100 113 15 Accumulated
2936 4108 14 13 H
2952 4096 2 27 .
2963 4096 134 22 itlCllAßpsON.
3107 4109 57 14 BiQuoC%

2005 1187 29 41 11
2047 1187 191 42 RAWS?
2254 1187 175 45 HOUSE.
2480 1201 15 26 ?

2037 1247 130 24 (Formerly
2175 1248 40 18 the
2225 1248 147 24 Parsonage.)

2467 1287 247 34 ROTOBUA,

1949 1341 165 27 SITUATION
2133 1341 197 26 UNRIVALLED.

2082 1390 177 26 EXCELLENT
2279 1390 232 26 TESTIMONIALS.

1930 1494 59 25 Mrs
2008 1494 28 25 D.
2057 1493 201 31 GRIFFITHS,

2114 1606 191 18 TAEIFF—-Two
2319 1606 101 18 Guineas
2434 1610 40 18 per
2485 1604 71 19 week.

2070 1650 84 18 Seeclali
2166 1650 68 18 Teksis
2247 1654 37 14 fob
2298 1650 46 18 Two
2443 1654 41 12 and
2497 1653 102 14 ufvkabds.

2170 1815 133 21 L-KKE
2335 1814 170 22 THUPO.

1917 1952 94 19 Situated
2022 1959 24 12 on
2057 1953 34 18 the
2102 1952 53 19 maiu
2165 1952 59 19 roads
2232 1955 21 16 to
2267 1954 75 23 Napier
2352 1953 40 18 and
2408 1952 97 19 Tokaanu
2514 1951 40 20 and
2566 1951 71 20 within
2648 1954 38 16 two
2697 1950 57 19 miles

2192 1978 22 19 of
2224 1979 33 18 the
2267 1978 71 26 Taupo
2353 1979 48 18 Post
2411 1978 67 19 Office.

2159 2013 353 47 thkh'ousk

1892 2065 60 19 which
1969 2066 16 18 is
1993 2065 120 24 approached
2119 2065 27 24 by
2154 2071 12 12 a
2173 2065 68 24 gently
2248 2066 73 22 graded
2328 2065 47 19 road
2382 2066 16 18 is
2406 2065 82 19 situated
2496 2066 21 17 at
2525 2070 24 13 an
2563 2065 80 18 altitude
2657 2065 20 16 of
2691 2065 33 17 240
2742 2064 36 18 feet

1892 2090 58 16 above
1960 2089 52 18 Lake
2020 2090 65 22 Taupo
2094 2094 22 12 or
2126 2090 51 19 1,000
2186 2089 38 16 feet
2232 2090 58 16 above
2300 2095 30 12 sea
2339 2090 46 16 level
2395 2090 38 16 and
2441 2088 108 19 commands
2566 2095 11 10 a
2594 2088 121 22 magnificent
2732 2088 46 16 view

1892 2113 18 17 of
1919 2112 32 18 the
1960 2112 118 23 picturesque
2088 2112 79 22 country
2176 2112 127 23 surrounding
2312 2112 32 18 the
2353 2114 34 16 200
2396 2118 66 16 square
2472 2112 51 17 miles
2532 2112 20 17 of
2561 2112 33 17 the
2602 2112 51 16 Lake
2668 2111 62 21 Basin,
2742 2110 36 18 and

1892 2136 31 20 the
1932 2136 60 18 active
2001 2136 97 17 volcanoes
2108 2135 103 23 Tongariro
2220 2135 37 17 and
2266 2136 109 22 Ngaruhoe.

2173 2164 41 23 AS
2229 2164 24 22 A
2269 2164 218 23 SANATORIUM

1892 2196 30 17 (he
1938 2196 52 21 place
2000 2196 15 17 is
2025 2195 129 23 unsurpassed.
2180 2196 75 16 Besides
2264 2196 32 17 the
2305 2196 49 17 clear
2363 2196 36 17 and
2408 2196 78 21 braeing
2495 2194 118 23 atmosphere
2626 2200 20 11 so
2662 2194 83 21 salutary
2758 2194 20 16 to

1892 2218 84 22 invalids,
1987 2220 31 17 the
2029 2220 57 16 Baths
2096 2218 102 18 connected
2206 2219 46 17 with
2261 2219 33 17 the
2303 2219 142 17 establishment
2454 2224 31 11 are
2493 2218 105 18 unrivalled
2606 2218 30 18 for
2641 2217 50 18 their
2695 2217 83 18 curative

1892 2243 107 22 properties.
2025 2243 58 17 These
2092 2242 90 22 comprise
2198 2242 78 16 covered
2290 2243 19 16 in
2323 2242 55 17 baths
2396 2242 19 17 of
2432 2248 37 15 any
2485 2241 66 23 degree
2570 2241 20 17 of
2605 2241 128 21 temperature
2750 2240 28 17 for

1892 2265 84 21 invalids,
1985 2272 12 10 a
2006 2267 56 21 spout
2071 2265 46 17 bath
2126 2265 32 16 the
2164 2265 103 21 properties
2276 2266 21 16 of
2304 2265 62 17 which
2375 2271 31 11 an;
2416 2266 48 16 most
2472 2264 129 22 invigorating
2615 2261 37 20 and
2660 2264 33 17 the

2062 2288 115 17 LARGEST
2189 2288 53 17 HOT
2254 2288 92 17 WATEIt
2359 2287 139 20 SWIMMING

1892 2312 16 16 in
1917 2311 47 18 New
1973 2312 89 17 Zealand.
2088 2311 38 17 The
2135 2311 56 17 latter
2199 2317 63 11 covers
2272 2318 23 10 an
2308 2318 43 11 area
2361 2312 19 16 of
2389 2318 43 10 over
2441 2312 37 16 two
2486 2316 50 12 acres
2545 2311 20 17 in
2573 2312 72 16 extent.

1913 2335 39 17 The
1960 2334 52 18 Lako
2021 2336 88 16 steamers
2119 2335 19 16 to
2148 2335 37 16 and
2194 2335 47 16 from
2258 2335 92 16 Tokaanu
2363 2335 45 17 land
2421 2340 21 12 or
2455 2334 43 17 take
2514 2334 27 18 off
2555 2339 112 17 passengers
2684 2332 65 17 within
2766 2338 11 11 a

1892 2359 74 21 quarter
1973 2359 19 16 of
2001 2364 11 11 a
2021 2359 43 16 mile
2073 2360 19 15 of
2101 2358 32 16 the
2142 2358 63 17 house.

2077 2381 87 17 ROOMS
2173 2380 84 18 LOFTY
2270 2381 53 17 AND
2337 2380 73 18 WELL
2418 2379 172 19 VENTILATED.

1912 2404 39 18 The
1961 2404 47 17 Mail
2017 2404 81 18 Coaches
2108 2406 20 14 to
2137 2403 70 23 Napier
2215 2404 37 16 and
2260 2404 91 17 Tokaanu
2366 2403 39 23 (the
2418 2403 106 24 Wanganui
2537 2403 57 19 River
2607 2402 62 23 route)
2686 2408 42 16 pass
2744 2401 32 17 the

1892 2427 48 21 3oor,
1952 2427 37 18 and
1998 2427 32 18 the
2038 2429 85 16 ltotorua
2135 2427 61 17 Coach
2204 2427 15 16 is
2231 2429 40 15 met
2279 2433 24 11 on
2312 2427 68 17 arrival
2390 2429 19 15 at
2417 2427 70 21 Taupo.

2152 2474 131 16 TERMS
2305 2474 214 17 MODSFJHTe.

1912 2580 101 19 COOKS
2027 2580 141 19 COUPONS
2185 2580 164 19 ACCEPTED.

2117 2748 176 29 Lj-A-lecie
2326 2747 249 30 t_^tt:po.

2227 2791 3 14 ■
2323 2791 22 14 :o:

1914 2815 112 19 TARIFF
2034 2813 4 25 :
2051 2814 63 19 Pour
2123 2813 111 24 Shilling's
2242 2819 41 19 per
2293 2814 67 19 Diem
2368 2813 4 25 ;
2393 2815 97 22 Twenty
2502 2813 111 24 Shillings
2622 2819 40 17 per

1938 2872 140 42 ROBERT
2104 2871 157 42 WILLIAM
2289 2872 117 46 PRIM,

2538 2893 192 19 PROPRIETOR.

2162 3080 344 41 TATJPO,

2177 3195 322 32 TIME-TABLE.

2397 3329 99 23 Thursday
2504 3330 37 17 and
2551 3330 81 22 Sunday.

2399 3353 69 19 Friday
2478 3353 36 17 and
2523 3354 90 18 Monday.

1914 3286 86 17 ltotorua
2009 3287 20 15 to
2036 3285 71 22 Taupo,
2271 3285 30 15 10s
2312 3284 26 16 Ad
2397 3284 84 22 Tuesday
2490 3284 37 16 and
2538 3284 77 22 Friday.

1914 3309 66 22 Taupo
1988 3311 21 15 to
2017 3309 91 18 ltotorua,
2272 3308 30 15 10s
2314 3307 24 16 Od
2398 3307 97 21 Thursday
2504 3307 36 17 and
2549 3307 77 22 Sunday
2636 3313 20 11 or
2665 3307 8 16 J

1914 3333 66 21 Taupo
1988 3334 20 15 to
2017 3332 96 19 Tokaanu,
2283 3331 20 16 5s
2314 3330 26 17 Ad
2397 3329 99 23 Thursday
2504 3330 37 17 and
2551 3329 82 23 Sunday.

1914 3355 91 18 Tokaanu
2014 3356 20 16 to
2043 3355 71 21 Taupo,
2283 3354 20 16 5s
2316 3353 25 17 Od
2399 3353 69 21 Friday
2478 3353 36 17 and
2523 3354 90 21 Monday.

1914 3379 66 21 Taupo
1988 3380 21 15 to
2283 3377 21 16 2s
2316 3377 25 16 (id
2399 3376 62 21 Daily.

1914 3400 94 19 Wairakei
2018 3402 20 15 to
2047 3401 70 21 Taupo,
2283 3401 20 14 2s
2316 3400 24 16 (id
2399 3399 61 21 Daily.

1914 3424 66 23 Taupo
1989 3426 19 15 to
2018 3422 76 25 Rapids,
2283 3424 21 15 5s
2316 3423 25 16 0d
2399 3422 62 21 Daily.

1914 3448 66 21 Taupo
1989 3449 22 15 to
2017 3446 59 18 Huka
2084 3445 58 21 Falls,
2283 3445 47 18 Free
2401 3445 62 22 Daily.

2044 3486 47 18 SPA
2104 3485 81 18 Coaches
2193 3486 50 16 meet
2251 3485 91 17 Tokaanu
2351 3486 79 16 steamer
2439 3485 73 21 coming
2521 3484 38 17 and
2568 3485 64 22 going.

2009 3530 150 20 ROTORUA
2171 3531 25 18 to
2213 3530 153 19 TOKAANU
2379 3530 31 18 94
2416 3530 68 18 miles
2491 3530 37 18 for
2536 3530 36 19 £1
2583 3530 29 19 Os
2624 3530 38 19 Od.

1895 3563 136 26 Rotorua
2046 3563 271 32 Representative:
2343 3562 26 25 F.
2382 3561 104 31 TUFT,
2602 3561 162 33 Langham.

1918 3655 44 19 The
1973 3654 63 24 SPA
2051 3654 109 24 HOTEL
2168 3655 17 18 is
2196 3654 35 19 the
2241 3654 67 19 Home
2318 3655 22 19 of
2350 3655 35 19 the
2394 3654 88 20 Famous
2492 3654 94 24 Crow's
2597 3654 66 22 Nest
2673 3654 102 28 Geyser,

1963 3697 73 19 Maori
2047 3697 90 18 Carved
2145 3696 86 24 Dining
2239 3695 61 20 Hall.
2472 3696 38 19 All
2518 3696 71 19 kinds
2597 3697 27 18 of
2629 3695 80 20 Baths.

1933 3736 76 20 Tennis
2019 3737 40 19 and
2069 3736 125 19 Promenade
2204 3736 79 23 Lawns,
2295 3736 98 24 Gardens,
2405 3736 139 24 Shrubberies,
2559 3736 76 25 Lovely
2645 3735 94 20 Flowers.

2182 3769 191 20 FIRST-CLASS
2387 3770 103 19 TABLE.

1893 3821 42 40 G.
1966 3821 45 41 H.
2048 3820 277 49 BBGCBIffIB©,

1933 3873 101 26 SHIPS
2044 3872 102 25 YACHT
2160 3872 125 26 BROKER.

1954 3904 191 19 COMMISSION
2158 3904 108 23 AGENT,

1901 3937 81 45 HAH
2005 3937 54 19 FOE
2083 3937 69 19 SALE
2171 3944 13 12 a
2201 3938 86 19 number
2305 3939 22 19 of

1976 3966 64 16 steam
2063 3963 103 23 launches,
2185 3964 77 23 yachts,
2286 3965 40 18 and

1894 3989 81 25 pulling
1986 3989 58 19 boats
2064 3988 87 19 suitable
2171 3989 32 19 for
2221 3989 46 20 lake
2286 3993 39 16 and

1894 4016 53 18 river
1956 4015 61 19 work.

1961 4045 185 19 CoiIIVESrONDENCE
2166 4043 95 21 INVITED.

2060 4096 103 19 Address:

1923 4136 31 21 15,
1968 4130 155 25 QTJJEEN-ST.,
2137 4131 163 21 AUCKLAND.

2454 3822 220 20 MASSAGE.

2350 3913 92 42 MISS
2461 3913 114 19 FRASER.
2587 3913 96 24 qualified
2699 3913 65 19 Ameri-

2427 3946 38 12 can
2483 3941 111 21 Masseuse,
2614 3939 16 18 is
2640 3938 136 25 permanently

2349 3965 78 19 located
2443 3966 21 18 in
2479 3965 96 19 Rotorua.
2614 3965 39 17 She
2678 3964 37 18 has
2737 3964 39 18 had

2349 3991 137 19 considerable
2500 3991 117 24 experience
2625 3989 21 19 in
2663 3991 34 17 the
2715 3991 51 17 treat-

2349 4019 56 16 ment
2424 4017 21 18 of
2461 4017 62 18 ladies
2533 4015 40 20 and
2583 4015 113 24 gentlemen
2707 4015 60 18 suffer-

2349 4042 37 24 ing
2394 4043 52 18 from
2465 4042 87 22 Scintica,
2571 4041 147 22 Rheumatism,
2730 4040 46 20 Stiff

2349 4068 73 22 Joints,
2443 4068 113 24 Dyspepsia
2574 4068 41 18 and
2632 4068 28 18 all
2677 4068 62 18 forms
2756 4068 21 18 of

2349 4093 93 19 Nervous
2457 4090 111 22 Disorders.

2401 4136 101 19 Adduess:
2518 4135 99 20 GRAND
2630 4136 98 19 HOTEL.
