3300 4360
1235 139 57 20 THE
1306 140 57 19 lIOT
1377 140 92 19 LAKES
1483 140 166 21 CHRONICLE
1661 142 159 23 SATURDAY,
1835 142 136 20 JANUARY
1984 144 32 21 23,
2032 144 50 17 1897

3198 4093 47 17 pors
3255 4094 24 14 Pfi

2811 4104 79 17 Printed
2906 4105 39 15 and
2960 4104 103 22 published
3073 4105 26 22 by
3108 4105 22 18 F.
3141 4106 21 16 F.

2832 4128 21 16 ut
2861 4127 33 17 the
2902 4127 104 22 registered
3019 4128 89 22 printing
3118 4129 56 18 office,
3185 4130 32 20 1fc.
3218 4142 12 8 0
3232 4139 26 11 „4.
3266 4140 12 10 f

2832 4155 43 12 inoa
2884 4151 63 19 street,
2957 4150 91 17 Kotoruu.
3195 4144 26 28 E,
3239 4162 5 10 ,
3266 4144 13 13 r<

3196 4162 83 22 fnaker

2833 4181 143 18 SATURDAY,
2991 4182 124 17 JANUARY
3125 4183 27 16 23,
3165 4175 58 24 IS!iP

229 355 44 19 One
289 355 22 19 of
326 355 33 19 the
369 355 118 19 necessities
498 355 22 19 of
529 355 35 19 the
573 356 79 25 coming
663 357 74 19 Season
748 357 40 19 will
799 357 24 19 be

85 409 23 24 A
147 411 113 23 COOL
299 411 96 23 AND
437 410 332 26 REFRESHING
807 413 160 24 DRINK

111 470 139 21 UntiQctured
262 470 25 25 hy
295 477 38 16 any
343 470 129 20 Deleterious
487 471 101 19 Chemical
599 471 135 26 Compounds.
763 471 18 19 A
792 471 59 20 drink
861 474 22 16 at
893 478 48 13 once

305 524 184 29 Exhilarating
510 525 52 22 and
578 524 165 30 Refreshing,

85 579 37 18 and
136 579 64 19 which
216 579 36 19 .vill
264 586 60 18 prove
334 586 11 12 a
355 580 118 24 preventive
483 580 22 18 of
513 580 114 24 Dyspepsia
644 580 38 18 and
698 581 28 17 all
742 580 93 20 Internal
853 581 114 21 Disorders.

111 605 88 20 Aerated
209 605 83 20 AYatera
301 606 40 19 and
350 606 98 23 Cordials,
468 607 120 24 comprising
605 606 34 18 the
648 606 73 19 Purest
731 607 120 23 Lemonade,
869 609 35 18 the
913 608 54 20 Most

85 631 102 20 Delicious
199 632 33 18 Gn
242 638 34 20 gel
285 632 45 23 Ale,
344 632 178 26 Highly-charged
539 632 53 19 Soda
602 632 78 24 Water,

290 682 396 36 ZOUKKON
707 686 57 37 E,

85 747 9 13 a
104 748 43 12 new
156 741 149 26 Invigorating,
316 741 147 21 non-alcoholic
474 742 102 25 Beverage
585 751 5 14 ;
607 743 54 18 Lime
669 743 60 19 Juice
746 744 87 23 Cordial,
845 744 122 25 Raspberry,

85 767 138 26 Peppermint,
235 768 76 23 Cloves,
323 766 49 20 Piue
383 767 73 25 Apple,
468 769 39 18 and
519 769 74 18 Lnuou
604 769 76 24 Syrups
690 771 38 17 and
748 770 134 25 fSarsaparilla
899 778 34 12 are
942 771 25 19 all

351 796 155 17 manulactured
517 802 25 11 on
552 794 34 19 the
594 795 103 24 premises.

275 818 113 20 Lemonade
397 820 40 18 and
449 821 76 23 Ginger
534 820 44 23 Ale,
590 823 69 22 quarts
670 821 39 19 and
715 821 63 25 pints.

110 962 73 35 VA
234 946 79 49 J%„
437 943 333 52 JL^i%r\x\jLi
776 982 11 24 ?
839 943 103 56 JR«

125 1063 272 45 CUTLERY
418 1064 101 44 and
545 1063 107 45 E.P.
681 1064 246 55 CRUETS,

84 1163 135 31 Teapots
249 1162 61 26 and
339 1163 115 25 Butter
485 1162 117 26 Disfces
630 1162 35 26 in
695 1163 100 26 Great
825 1163 142 33 Variety.

153 1240 150 20 SUITABLE
317 1240 59 19 FOR
389 1240 124 23 HOTELS,
525 1240 149 19 WEDDING
684 1240 160 23 PRESENTS,
858 1240 40 19 &c.

210 1353 119 41 GOOD
356 1353 156 41 VALUE
541 1355 49 39 IN
618 1355 227 40 CUTLERY.

116 1486 117 19 Tea-table
242 1486 45 18 and
296 1486 73 19 Bread
378 1486 95 23 Knives,
489 1487 80 21 Steels,
581 1487 103 22 Carvers,
694 1487 90 19 Pocket
792 1489 90 18 Knives
891 1489 47 18 and

409 1519 120 17 Butchers'
543 1519 95 17 Knives.

138 1616 24 23 A
175 1616 111 23 LARGE
296 1616 217 23 ASSORTMENT
527 1616 145 23 SCISSORS
686 1618 64 22 ALL
767 1618 89 24 SIZES
871 1619 46 23 AT

679 1679 33 19 £3*
720 1677 75 19 NEW

748 1710 160 20 PREMISES.
917 1713 32 20 <£S

514 1768 302 36 STREET,

505 1827 47 17 OF
572 1828 86 14 NEM
675 1829 185 17 ZEHLHND,

379 2012 65 22 (Late
453 2012 27 18 of
484 2011 151 23 Melbourne.)

370 2061 166 26 ICTICAL
559 2062 158 23 TAILOR.

274 2168 124 26 Clothes
414 2170 91 24 made
524 2172 34 23 to
580 2169 91 25 order
694 2176 36 18 on

329 2202 54 25 the
397 2202 143 26 Shortest
557 2203 113 24 Notice.

284 2260 41 17 FIT
334 2260 52 17 AND
396 2261 81 17 STYLE
483 2261 50 18 NOT
541 2261 32 18 TO
583 2261 33 17 BE
624 2261 81 19 EQUAL-

409 2301 52 16 LED
471 2301 29 17 IX
511 2301 80 17 TOWN.

308 2392 102 19 Address
420 2392 149 19 :—ARAWA
582 2392 119 21 STREET,

409 2432 184 17 ROTORUH.

338 2860 50 32 By
406 2860 165 26 ELSDON
592 2860 112 26 BEST.

205 2970 120 32 Papers
340 2971 105 25 which,
459 2972 157 32 appeared
625 2972 34 24 in
668 2972 54 24 the
731 2972 85 25 HOT
828 2972 136 26 LAKES

92 2997 19 36 1
161 3003 241 26 CHRONICLE
416 3005 103 24 under
531 3005 54 24 the
608 3005 102 24 above
729 3005 72 24 title
822 3011 53 20 are
893 3012 71 19 now

75 3036 169 31 published
256 3036 33 25 in
300 3037 162 31 pamphlet
475 3038 91 24 form.

280 3092 129 47 Price
433 3093 95 46 One
562 3092 199 57 Shilling.

211 3182 69 26 Post
296 3183 73 25 Free
381 3184 77 24 from
486 3183 216 25 CHRONICLE
724 3184 109 26 Office.

75 3311 80 19 Under
162 3313 40 18 the
209 3312 169 25 distinguished
383 3314 128 23 patronage
519 3314 26 18 of
548 3314 42 18 His
597 3314 138 23 Excellency
745 3314 60 19 Lord
816 3316 140 23 Carrington

97 3344 119 18 Governor
226 3345 26 18 of
258 3344 98 22 N.S.W.,
367 3345 45 18 and
421 3345 61 18 Lord
500 3345 94 18 Onslow
603 3345 119 19 Governor
730 3346 27 18 of
763 3346 58 19 New
830 3347 108 19 Zealand.

235 3546 574 37 TKURKNCK.

319 3628 15 18 is
345 3628 128 24 pronounced
483 3628 27 25 by
526 3629 26 18 its
563 3629 87 18 Patrons
667 3629 60 19 to.be
742 3629 36 19 the
795 3630 46 19 best
853 3631 54 19 built
921 3633 40 18 and

164 3652 9 10 L
174 3656 13 18 ?t
196 3653 107 20 furnished
313 3654 61 19 Ilotcl
384 3654 21 19 in
414 3655 35 18 the
460 3654 68 19 North
537 3655 76 18 Island.

181 3689 10 9 T
192 3685 51 26 ate
257 3685 104 26 SlliteS
400 3686 134 24 Apartments
543 3686 33 18 for
586 3685 101 20 Families.

120 3716 93 29 CooshoV
387 3718 102 30 Sample
505 3720 94 22 Rooms
620 3720 31 19 for
666 3721 132 20 Commercial
807 3722 127 20 Gentlemen.

237 3751 35 19 the
281 3751 63 19 Hotel
352 3752 31 18 for
399 3753 34 18 the
446 3753 68 19 Lakes
533 3760 26 12 on
575 3754 74 19 arrival
665 3755 21 19 of
702 3755 26 19 all
747 3758 104 17 steamers.
880 3758 80 24 Special

222 3773 51 22 Vies
288 3777 41 19 and
338 3778 75 18 Saddle
423 3779 79 19 Horses
512 3786 36 12 can
565 3780 25 18 be
606 3780 97 20 obtained
719 3782 32 18 for
761 3782 27 19 all
801 3787 55 20 parts

115 3801 142 32 Firsf-nX
459 3805 34 18 *he
510 3805 96 25 Country.

247 3824 149 45 \Sailing
409 3838 61 25 and
484 3839 137 32 Rowing-
634 3838 97 28 Boats
743 3841 49 26 for
805 3843 154 26 Pleasure

113 3880 59 28 The
204 3887 91 30 SaltvV
335 3871 62 24 and
414 3871 113 26 Fisllin
529 3878 21 25 &
562 3873 133 25 Parties.

360 3911 127 33 Bathing
522 3913 126 25 Pavilion
684 3914 23 25 is
741 3916 102 25 within
868 3917 89 25 three

303 3940 108 35 Votes'
433 3946 76 24 walk
530 3946 32 24 of
578 3946 53 25 the

331 3987 77 21 egrams
427 3986 79 19 receive
533 3989 80 22 prompt
632 3988 105 19 attention.

212 4045 95 45 IMI.

423 4128 233 30 iOPRIETOR.

1320 220 230 26 JbiUTUJtiUA.

1382 303 100 21 THE

1260 409 87 23 (Under
1360 409 59 19 New
1431 410 181 22 Management.)

1017 475 93 19 Situated
1121 475 21 19 in
1153 475 34 19 the
1197 479 52 16 most
1257 477 75 18 central
1348 477 87 24 position
1453 477 21 17 in
1493 476 34 19 the
1547 482 44 14 new
1607 477 107 26 township,
1734 478 93 24 opposite
1842 478 34 18 the

992 501 126 19 Courthouse
1128 501 40 19 and
1179 502 20 19 in
1210 502 51 20 close
1272 503 108 24 proximity
1390 505 20 16 to
1420 503 35 18 the
1466 502 49 19 Poat
1524 502 68 24 Office,
1602 503 134 24 Sanatorium,
1757 504 64 18 Baths
1837 503 39 19 and

992 527 92 25 Railway
1098 527 86 19 Station.

1017 561 43 19 The
1070 561 73 19 Hotel
1153 562 115 19 commands
1279 569 11 12 a
1299 562 131 25 magnificent
1439 562 51 19 view
1501 562 21 19 of
1531 562 35 19 the
1575 562 57 20 Lake
1642 563 40 19 and
1691 564 17 18 is
1714 564 107 19 furnished
1828 564 48 19 witli

992 594 25 12 an
1026 594 37 17 eye
1072 590 20 16 to
1101 588 36 18 the
1146 588 86 19 comfort
1241 589 21 18 of
1272 589 25 18 its
1306 592 90 21 patrons.

1018 621 42 20 The
1070 622 88 24 position
1168 622 21 19 of
1199 623 34 18 the
1245 623 69 18 House
1329 622 83 19 renders
1429 623 16 18 it
1464 622 112 26 peculiarly
1594 623 87 20 suitahlo
1700 625 31 18 for
1752 625 124 19 commercial

992 654 45 13 men
1047 648 85 25 visiting
1141 648 35 19 the
1186 651 60 16 town.

1026 694 169 27 BILLIARD
1217 696 112 25 ROOM.
1473 695 147 26 SAMPLE
1642 698 136 32 ROOMS,
1792 699 52 25 &c.

1159 748 175 33 Telegrams
1349 749 154 32 promptly
1515 751 150 25 attended
1679 754 41 23 to.

993 821 48 46 F.
1066 821 269 54 WATERS,

1192 1194 55 25 AT
1266 1195 239 27 AUCKLAND
1517 1198 157 27 PRICES.

1423 1238 65 18 ALSO

992 1266 191 19 HOUSEHOLD
1200 1266 185 24 FURNITURE,

1271 1298 162 25 CLOTHING,
1447 1301 153 23 DRAPERY,

1595 1333 145 21 GENERAL
1755 1336 115 19 STORES

1432 1371 10 12 o

1216 1398 52 34 S.
1311 1399 342 37 DHNDO,

1035 1454 239 26 AUCKLAND
1300 1456 89 25 AND
1419 1457 205 26 WAIKATO
1650 1460 182 32 AGENCY,

1233 1504 84 19 NEAR
1335 1505 152 19 CATHOLIC
1501 1506 133 21 CHURCH.

1315 1547 241 24 ROTORUK,

1354 1636 151 32 THE

993 1916 239 54 Published
1270 1929 141 45 every
1447 1919 236 59 Saturday
1716 1923 159 47 ilorn-

1197 2101 110 41 RATES
1332 2101 45 41 OF
1402 2103 253 42 SUBSCRIPTION

1154 2171 61 18 PAID
1231 2173 27 16 IX
1271 2173 128 18 ADVANCE.

1175 2204 44 22 Six
1230 2204 106 23 Months
1348 2206 44 27 ss;

1174 2230 51 22 One
1242 2230 67 23 Year
1319 2231 60 28 10s;

1587 2176 111 20 BOOKED.

1630 2209 35 23 6s.

1615 2236 49 22 12s.

1169 2326 335 34 ADVERTISING
1523 2330 175 34 BATHS:

1016 2380 64 19 Three
1092 2380 99 26 Shillings
1202 2387 35 19 per
1248 2381 44 20 inci.
1301 2389 35 18 per
1347 2383 59 22 issue,
1417 2390 26 19 up
1452 2387 20 16 to
1480 2386 11 17 3
1499 2384 113 21 insertions.
1629 2387 128 26 Subsequent
1764 2389 114 19 Insertions

991 2405 43 20 half
1043 2411 60 14 rates.
1134 2406 80 26 Special
1225 2411 61 15 terms
1298 2410 31 17 tor
1339 2408 71 27 longer
1423 2410 86 25 periods.

1016 2460 179 20 Announcements
1205 2461 21 19 of
1237 2461 69 20 Births
1317 2463 40 18 and
1367 2462 78 21 Deaths
1454 2470 35 12 are
1499 2464 86 23 charged
1602 2467 21 17 2s
1639 2467 54 24 each,
1715 2472 33 14 no*,
1768 2469 110 23 exceeding

991 2488 23 18 30
1025 2488 71 17 words.
1126 2487 103 24 Marriage
1240 2491 169 17 announcements
1425 2491 29 18 3s.
1480 2490 120 24 NOTE.—
1604 2483 89 33 These'
1701 2495 110 23 charees
1835 2503 42 16 are

990 2513 38 23 for
1038 2513 177 29 Prepayment
1226 2514 72 29 Only-

1227 2597 105 47 JOB
1369 2600 264 50 PRINTING

1167 2681 52 26 OF
1244 2684 144 27 EVERY
1418 2685 283 31 DESCRIPTION

1051 2741 123 48 Done
1209 2750 50 40 at
1296 2746 80 53 the
1397 2747 221 53 Shortest
1639 2752 177 49 Notice.

978 2946 1 81 I
1301 2946 568 62 oTATIONERY!!

1249 3025 55 46 )n
1329 3027 111 44 Sale
1470 3032 52 40 at
1557 3032 84 45 the

1056 3103 430 67 CHRONieLe
1523 3109 279 71 oraee.

978 3192 1 29 j
987 3193 65 19 Plain
1061 3194 46 19 and
1117 3195 79 24 Fancy
1205 3196 67 23 Note,
1287 3197 129 23 Envelopes
1425 3198 31 17 all
1465 3198 64 23 sizes,

986 3216 127 25 Mourning-
1120 3219 75 22 Paper
1204 3220 45 18 and
1258 3220 135 23 Envelopes,
1408 3221 151 20 Commercial
1568 3225 134 21 Stationery

987 3240 113 24 Foolscap
1111 3241 73 23 Paper
1193 3243 46 17 and
1249 3243 87 18 Official
1345 3243 135 23 Envelopes,
1686 3240 12 12 J
1702 3243 6 9 *

986 3262 115 25 Drawing,
1114 3264 112 24 Exercise,
1235 3266 177 19 Memorandum
1421 3267 45 18 and
1475 3268 108 20 Account
1592 3272 76 20 Books

986 3285 107 22 Ledgers,
1105 3287 115 19 Journals.
1232 3289 51 17 Dav
1292 3290 44 17 and
1346 3290 58 16 Cash
1414 3290 77 16 RnnVs

1287 3313 82 18 Water
1468 3314 34 18 &c
1511 3308 4 29 ,

1183 3334 39 24 ing
1230 3336 47 18 and
1286 3335 104 24 Copying
1399 3336 62 22 Inks,

1061 3367 13 6 n
1075 3367 14 12 5
1099 3367 12 7 j.
1118 3367 51 13 ajjoi
1175 3358 3 26 ,
1190 3358 111 19 Business
1309 3359 46 18 and
1364 3359 102 23 Visiting
1475 3360 77 24 Cards,

986 3382 56 15 aiue
1051 3379 97 23 Pencils,
1159 3380 62 19 Lead
1230 3382 45 17 and
1285 3382 63 18 Slate
1357 3381 97 24 Pencils,
1464 3384 46 17 and
1519 3385 75 20 Slates

985 3401 109 25 Marking
1102 3403 50 22 Ink,
1164 3404 65 18 India
1238 3405 92 18 Rubber
1339 3405 83 22 Bands,
1433 3406 61 18 Gum
1503 3409 45 17 and
1557 3410 114 20 Gummed
1680 3413 75 17 Paner

985 3424 103 19 Indexed
1097 3426 67 22 Files,
1178 3427 47 18 and
1233 3427 74 24 Paper
1315 3428 68 23 Clips,
1656 3418 15 13 a
1698 3419 14 12 a
1713 3419 16 19 P
1731 3419 24 14 er
1755 3418 4 33 .

985 3447 133 24 Inkstands,
1129 3450 47 18 and
1185 3450 96 20 Bottles.

1381 3484 94 17 7tL_SO

1018 3509 20 24 A
1059 3509 139 27 CHOICE
1214 3511 207 26 SELECTION
1441 3513 46 25 OF
1504 3514 183 31 BIRTHDAY
1708 3521 129 26 CARDS.

987 3593 343 61 NEWS
1395 3597 470 69 AGENCY.

1045 3680 195 55 English,
1265 3681 203 56 Foreign,
1498 3687 88 45 and
1611 3687 200 51 Colonial

1137 3738 178 55 Papers,
1336 3738 280 56 .Magazines,
1640 3746 86 48 &e.

986 3799 185 41 SYDNEY
1212 3800 234 42 BULLETIN
1485 3805 29 40 &
1553 3807 317 47 CANTERBURY

1232 3845 144 42 TIMES
1404 3847 61 42 ON
1494 3851 128 43 SALE.

978 4062 196 58 Agency
1198 4064 76 49 for
1293 4066 217 50 .Martin's
1536 4073 167 54 Photos
1722 4077 56 44 of
1788 4078 82 46 the

1321 4123 211 48 District.

2178 214 426 71 iaSMI^

1928 331 339 56 Hydropathic
2310 332 162 51 Hotel,
2520 333 234 46 Rotorua.

2183 414 224 32 ESTABLISHED
2429 415 74 31 IBBL

1899 473 72 20 Under
1985 472 34 19 the
2028 473 113 24 patronage
2152 472 21 18 of
2183 473 32 18 Sir
2226 472 34 20 W.
2280 472 88 25 Jervois,
2385 473 48 19 Pari
2452 475 36 17 and
2507 474 102 19 Countess
2628 475 21 19 of
2669 475 118 25 Hopctoun,

2070 498 35 19 the
2115 499 56 18 lion.
2182 499 88 19 Premier
2280 499 39 19 and
2334 499 104 20 Members
2454 500 21 19 of
2486 501 129 19 Parliament.

1925 602 42 19 The
1977 602 65 19 Hotel
2053 602 17 19 is
2079 602 89 19 situated
2179 609 24 12 on
2214 609 25 12 an
2249 603 91 19 elcvatpd
2353 603 88 25 position
2453 610 24 12 on
2488 604 34 20 the
2532 605 69 19 shores
2617 605 22 19 of
2655 605 55 19 Lake
2726 605 50 19 Roto-

1899 635 44 17 rua,
1953 629 122 19 convenient
2086 632 21 15 to
2117 629 27 18 all
2154 628 34 19 the
2199 629 64 24 sights
2273 629 19 20 in
2305 629 34 20 the
2349 630 89 19 district.

1971 679 113 30 Sulphur
2097 680 52 23 and
2161 680 112 24 Mineral
2287 682 82 22 Baths
2416 682 36 19 the
2463 682 95 20 Grounds
2569 683 23 18 of
2601 683 36 19 the
2647 683 70 19 Hotel.

2031 784 19 19 A
2068 784 106 19 reduction
2190 784 16 19 is
2224 785 58 19 made
2298 788 22 17 to
2330 785 78 26 weekly
2418 791 24 14 or
2451 786 90 26 monthly
2551 786 106 21 boarders.

1901 835 68 20 Guido
1979 835 68 20 Books
2058 836 39 19 and
2106 836 133 20 information
2251 837 62 22 giati-i
2324 840 21 16 at
2357 837 54 19 C»'k
2428 838 38 18 an.l
2485 838 57 19 Sons'
2559 840 51 24 (sole
2627 840 81 24 agent-)
2724 839 64 19 offices

2212 863 172 24 throughoutlhe
2395 864 84 24 Colony.

1899 913 45 44 T.
1968 908 395 57 C.'URQO.HJIrVr.
2420 941 18 6 -
2491 942 15 5 -
2551 916 237 51 .Manager.

1934 1143 274 66 NOTiee
2242 1145 102 64 TO
2373 1145 381 66 TOURISTS.

1932 1283 65 25 The
2016 1285 216 32 undersigned
2251 1285 28 25 is
2302 1292 73 19 now
2398 1283 140 35 running
2561 1287 143 31 Buggies
2727 1288 62 25 and

1899 1317 141 25 Coaches
2062 1319 34 24 to
2116 1318 53 25 the
2183 1318 165 32 following
2360 1318 108 32 places
2481 1319 34 25 of
2529 1320 134 25 interest
2683 1320 34 25 in
2737 1321 52 25 the

1899 1349 241 31 neighborhood
2157 1355 33 21 at
2207 1352 129 31 greatly
2360 1352 138 25 reduced
2522 1354 93 24 rates.
2665 1353 124 32 Special

1899 1383 183 26 reductions
2091 1383 48 26 for
2153 1384 88 32 large
2250 1384 128 32 parties.

1899 1423 328 24 WHAKAEEWAREWA;
2264 1424 174 23 WAIRAKEI,
2460 1426 100 18 TAUPO
2576 1426 20 19 &
2614 1426 60 19 THE

2039 1447 145 19 TIKITERE
2197 1448 19 18 &
2230 1447 104 19 OKERE
2348 1449 112 21 PALLS;
2473 1449 174 20 WAIOTAPU.

1922 1477 129 19 N.B.—The
2059 1478 102 19 Tikitere
2171 1479 52 23 Trip
2233 1484 44 13 can
2286 1485 53 13 now
2347 1480 29 18 be
2385 1480 116 18 extended
2510 1481 24 17 to
2543 1480 40 19 the
2593 1482 58 17 head
2661 1482 27 18 of
2694 1482 94 22 Rotoiti,

1899 1501 84 18 thence
1997 1502 26 17 to
2037 1502 113 23 Rotoehu,
2167 1502 101 24 opening
2282 1508 31 17 up
2331 1508 66 13 some
2414 1503 26 18 of
2454 1503 39 19 the
2515 1504 115 19 Grandest
2644 1505 102 24 Scenery
2766 1506 23 18 in

1899 1524 58 18 New
1965 1524 107 20 Zealand.

1911 1572 94 26 Special
2016 1574 170 26 Conveyances
2197 1573 46 19 and
2255 1574 86 19 Saddle
2353 1574 84 20 Horses
2449 1578 21 15 to
2482 1574 27 19 all
2520 1578 61 23 parts
2598 1576 22 19 of
2634 1576 38 19 the
2689 1576 86 20 district

2223 1604 23 15 at
2258 1601 116 22 JVloderace
2386 1602 78 19 Rates.

1945 1646 47 19 Bus
1998 1647 78 19 leaves
2084 1648 64 18 Lake
2154 1648 85 22 House,
2247 1649 85 22 calling
2338 1650 26 17 at
2371 1649 30 18 all
2409 1649 82 18 Hotels
2496 1649 46 18 and
2550 1649 116 24 Boarding
2672 1651 94 18 Houses

1921 1670 36 18 for
1965 1670 226 24 Whakarewarewa,
2201 1671 68 19 twice
2279 1672 118 22 forenoon,
2407 1672 68 19 twice
2484 1673 129 19 afternoon.

2051 1856 134 25 STABLES
2209 1856 78 25 NEAR
2313 1856 77 26 LAKE
2411 1856 97 26 HOUSE
2532 1856 103 26 HOTEL.

1921 2727 57 16 t::;"'S",.
1979 2727 1 16 ;
1981 2727 2 16 '
1987 2727 7 10 Jj

1994 2746 5 3 -
2016 2746 2 8 ,

1921 2770 7 4 ..

1995 2775 26 23 &

2035 2630 42 20 WW
2083 2629 44 21 OLD
2136 2629 71 22 SPECIAL

2011 2823 40 28 Ii'D
2054 2820 4 31 :
2061 2820 150 31 C.L'^RANDii

2605 2111 141 43 PAS/O

2694 2687 58 47 JK

2694 2724 44 21 'Si*
2745 2724 4 21 i

2249 2889 178 46 Propr/efors
2427 2898 29 26 ■'.-
2523 2889 4 46 <

2218 2947 38 44 %
2278 2937 283 56 DISTILLERS
2599 2942 46 51 C?

2307 3016 169 34 cMMM/f,
2498 3018 142 29 SCOHAM

1938 3082 285 30 WHOLE!

2438 3086 300 33 AGEITTS

1994 3293 166 37 QUEEH
2187 3297 204 36 STREET,
2410 3298 274 34 AUCKLAND.

2122 3336 107 19 UNDER
2242 3338 75 18 NEW
2329 3338 225 19 MANAGEMENT.

2110 3369 459 65 JOSEPJTXeRJIE,

2020 3452 60 25 (Late
2091 3455 22 17 of
2122 3455 35 18 t]ie
2167 3455 57 19 Lake
2234 3455 70 20 House
2319 3457 40 18 and
2373 3457 75 19 Palace
2458 3456 79 23 Hotels,
2548 3457 110 26 Rolorua,)

2141 3485 49 19 Has
2196 3486 51 23 just
2256 3486 72 19 taken
2340 3493 55 13 over
2404 3487 47 18 this
2461 3487 76 19 Hotel.

1895 3505 128 19 Travellers
2031 3507 47 18 will
2087 3507 49 19 find
2145 3514 69 18 every
2223 3509 97 19 Modern
2329 3510 162 19 Convenience
2500 3511 185 19 combined-with
2691 3512 95 25 Civility

2199 3533 46 18 and
2252 3533 96 23 Prompt
2354 3533 125 19 attention.

1919 3573 44 18 The
1975 3573 99 20 situation
2082 3577 23 17 of
2120 3576 35 19 the
2314 3579 81 18 renders
2416 3579 16 17 it
2450 3577 97 26 specially
2566 3580 120 18 convenient
2703 3580 33 19 for
2750 3581 35 18 the

1894 3598 118 26 Travelling
2023 3599 74 22 Public
2107 3602 40 18 and
2166 3602 87 20 Visitors
2269 3608 20 14 to
2306 3604 35 19 the
2358 3604 46 25 City
2419 3605 53 17 from
2488 3604 34 19 the
2538 3604 91 26 Country
2645 3605 27 25 by
2692 3607 55 19 train
2763 3614 22 12 or

1894 3627 93 16 steamer.

1895 3650 104 30 Special
2008 3652 208 30 Arrangements
2227 3655 75 23 made
2312 3655 39 23 for
2362 3656 46 22 the
2423 3656 177 23 convenience
2614 3657 27 22 of
2653 3657 130 25 Families.

2088 3692 200 17 NIGHT
2333 3694 262 17 PORTER.

1896 3729 176 28 First-class
2088 3733 118 26 Billiard
2222 3721 118 39 Rooms!
2377 3735 101 26 Wines
2491 3736 61 25 and
2568 3736 109 31 Spirits
2691 3737 33 24 of
2730 3737 54 26 the

1973 3763 69 26 best
2059 3765 126 27 Brands.
2230 3767 170 27 Hancock's
2422 3768 83 25 Prize
2519 3769 104 25 XXXX
2637 3769 69 25 Ales

2168 3800 112 32 always
2299 3807 37 19 on
2364 3801 141 32 draught.

1894 3868 69 45 M*
2000 3869 76 46 W-.
2117 3873 45 43 J.
2195 3873 45 43 N
2242 3874 79 18 APIE,;
2325 3868 3 57 '
2355 3868 210 46 Rotorua
2592 3868 193 57 Library

1895 3971 145 19 Commissioner
2055 3974 21 17 of
2087 3975 34 16 tlio
2134 3975 91 23 Supreme
2239 3977 59 17 Court
2309 3981 15 13 oi

2088 3998 44 22 Fiji.

2400 3956 56 19 PEN
2467 3957 53 19 from
2533 3959 22 16 10
2567 3963 46 12 a.m.
2624 3960 20 15 to
2655 3959 12 16 5
2676 3964 49 18 p.m.
2745 3958 40 19 and

2413 3984 45 17 6.30
2468 3986 21 15 to
2500 3985 22 16 10
2530 3983 147 25 p.m.Sundays
2682 3984 67 25 tillOp
2758 3991 27 13 m.

1894 4025 88 18 Solicitor
1990 4028 20 16 to
2018 4027 34 17 the
2063 4028 47 18 N.Z.
2126 4029 128 19 Government
2268 4031 60 18 under
2370 4020 164 24 Subscription
2542 4020 4 29 :
2558 4021 43 18 20s
2609 4021 44 18 Per
2662 4021 103 20 Annum.

2006 4050 99 19 Advances
2112 4052 22 18 to
2140 4052 79 19 Settlers
2337 4045 3 29 I
2376 4050 89 19 Visitors
2482 4056 47 18 may
2546 4056 84 18 procure
2645 4050 70 19 Books
2733 4051 52 18 from

1894 4087 93 12 v,™,,,,
2006 4090 17 9 ~
2100 4091 15 8 n
2229 4073 3 26 .
2261 4093 20 6 ~
2312 4094 7 5 ,
2338 4073 2 26 |
2350 4076 35 18 the
2395 4076 87 21 Library
2493 4082 26 11 on
2537 4075 86 24 making
2640 4083 11 12 a
2670 4076 80 23 deposit
2766 4077 21 18 of

1896 4090 7 14 \
1910 4092 81 14 ictoiiia
1999 4090 88 20 Aiicade,
2100 4092 71 18 Queex
2185 4097 26 14 ST,
2221 4093 99 18 Auckland
2377 4104 7 7 l
2395 4101 5 10 i
2446 4101 13 10 .1
2518 4103 6 3 -
2597 4090 4 21 i
2670 4102 5 9 i
2710 4090 4 21 •
2767 4090 4 21 .

2084 4102 3 25 ,
2107 4102 9 8 *
2146 4102 23 7 c.y
2185 4102 16 8 3J
2201 4106 11 7 .,
2219 4102 107 10 auuuiuiu,
2337 4102 3 25 i
2348 4104 37 17 not
2394 4102 8 18 j
2402 4107 34 13 ess
2444 4102 23 18 j.jj
2469 4107 26 13 an
2515 4102 11 17 5
2529 4107 15 16 Sj
2562 4107 40 13 ana
2620 4102 125 25 purchasing
2767 4105 20 16 Is

1916 4127 71 23 Money
1995 4130 19 16 to
2021 4129 55 17 Lend
2084 4136 23 11 on
2117 4130 64 19 freeho
2195 4132 8 16 1
2218 4133 81 22 security
2307 4135 20 16 at
2336 4127 4 30 j
2350 4133 78 18 coupon
2439 4127 33 18 for
2481 4133 60 18 every
2554 4127 53 18 Four
2617 4127 72 20 books,

1894 4149 36 18 low
1946 4154 50 14 rates
2012 4152 21 16 of
2044 4153 85 17 interest.
2159 4154 29 18 Mi
2201 4160 27 17 ley
2242 4156 84 18 invested
2374 4153 44 18 The
2437 4152 87 25 Library
2547 4152 17 19 is
2584 4159 51 18 open
2653 4153 82 26 .during
2751 4154 36 19 the

1894 4173 30 16 for
1931 4174 66 17 clients
2006 4175 38 17 free
2053 4176 22 16 of
2082 4176 75 23 charge.
2336 4171 2 28 |

2812 204 47 40 HI
2876 204 54 40 HE
2947 205 95 40 BOA
3073 207 165 44 STORE,

2819 271 158 31 %\/ILLLLM
2999 273 109 21 ROGERS
3123 275 73 20 directs
3212 280 27 17 at:

2830 305 6 9 »
2846 301 10 14 ?
2889 299 78 18 tention
2977 301 22 16 to
3005 300 36 19 the
3050 299 106 28 following
3162 302 50 20 linos
3222 306 19 18 of

2833 329 177 42 cities
3058 333 162 41 mms,

2812 377 100 24 Bycroft's
2922 378 111 19 Snowdrift
3044 379 51 18 N.Z.
3105 379 61 20 Flour

2812 403 102 23 Sultanas,
2926 403 100 20 Muscatel
3034 405 40 18 and
3083 405 97 20 Valencia
3194 408 48 20 Tlni*

2864 429 47 20 sins,
2924 430 39 18 and
2973 430 98 19 Currants

2812 454 50 24 Figs
2869 455 40 18 and
2919 456 112 19 Preserved
3042 456 83 25 Ginger,
3137 457 50 27 Spici
3196 466 9 12 s

2812 480 75 19 Lemon
2898 481 39 19 and
2949 481 80 25 Orange
3042 482 48 19 Peel

2867 507 69 18 White
2947 508 113 24 Sugar—A
3076 510 115 24 Speciality.

2813 533 51 18 New
2873 533 91 19 Zealand
2972 533 63 26 Dairy
3043 535 144 20 Association's
3195 536 48 21 But*

2916 560 37 18 ter.

2838 584 60 18 TEA.
2957 585 114 19 COFFEE.
3126 587 93 20 COCOA.

2813 632 87 19 General
2912 634 128 19 Assortment
3057 636 22 18 of
3096 635 149 28 Storekeeper'*

2990 660 75 19 Goods.

2872 711 160 42 HINEMOA
3063 714 123 40 STORE,

2815 788 52 45 B.
2908 788 43 46 S.
3001 791 34 43 c
3055 792 153 19 oELET

2920 846 222 24 ARCHITECT,

2893 880 98 25 Building
3006 881 108 26 Surveyor,
3133 889 35 12 <v.c.

2816 955 70 22 Agent
2905 953 32 20 for
2957 954 34 19 the
3015 954 98 20 National
3139 955 46 21 Fire
3208 958 39 19 and

2906 979 81 20 Marine
2993 980 116 21 Insurance
3120 982 36 19 Co.

2815 1044 118 42 Jfok
2950 1047 44 18 oi
3010 1048 18 19 a
3099 1048 48 40 -y
3161 1049 44 19 IE
3220 1049 26 21 W

2968 1098 125 20 PRIVATE

2814 1129 245 34 BOAHDIKG
3077 1132 169 35 HOUSE,

2814 1188 111 28 Opposite
2940 1190 39 19 the
2996 1192 54 17 Post
3061 1192 47 19 and
3119 1194 128 24 Teleqrapb

2991 1217 80 20 Office.

2815 1247 44 18 And
2880 1254 50 12 near
2949 1248 34 19 the
3004 1249 121 20 Celebrated
3149 1249 99 23 PBLEST

2853 1274 117 19 RACHEL
2987 1275 40 20 and
3040 1275 58 20 other
3108 1276 99 25 BATHS,

2958 1300 145 21 ROTORUA.

2814 1349 111 31 TERMS:
2935 1352 42 19 25s
2984 1357 42 18 per
3032 1354 72 22 week,
3115 1354 28 19 5s
3149 1359 42 18 per
3197 1354 44 26 day

2848 1383 113 39 MRS
3006 1384 207 48 YOUNG,

2947 1432 173 22 PBOPRIETXEBB.

2815 1500 219 47 Rotorua
3053 1503 194 60 Bakery

2827 1700 103 33 BAKER
2942 1702 25 31 &
2979 1702 254 34 CONFECTIONER.

2865 1779 84 24 Bread
2962 1781 134 24 delivered
3113 1783 78 30 daily.

2864 1847 166 27 GROCERIES,

3009 1886 144 21 DRAPERY,

3002 1923 44 14 AND

2810 1949 123 19 GENERAL
2940 1950 207 21 STOREKEEPER'S
3154 1953 91 18 GOODS.

2829 2001 42 46 J.
2900 2003 47 45 R.
2984 2003 238 53 LONDON,

2942 2073 166 23 SOLICITOR,

2807 2107 83 18 Tempie
2896 2107 118 24 Chaiebees,
3019 2109 97 23 High-st,
3121 2111 120 20 Auckland.

2805 2152 155 21 N.B.—Attends
2970 2156 80 22 country
3059 2156 67 18 Courts
3135 2157 26 23 by
3172 2159 69 21 special

2805 2178 139 21 arrangement.

2862 2231 313 52 AQCHLMd

2818 2302 174 42 COFFEE
3032 2305 192 44 PALACE.

2856 2375 143 30 QUEEN
3020 2377 166 35 STREET,

2804 2432 62 25 Also
2890 2436 107 29 opposite
3021 2436 108 24 Herald
3156 2437 84 32 OJ/'ue.

2833 2544 51 47 E.
2935 2546 270 59 WATERS,
3266 2544 14 59 I

2902 2625 241 27 PROPRIETOR.

2853 2691 28 26 J.
2903 2692 49 26 W.
2975 2693 205 27 WRIGLEY

2826 2758 334 21 ARCHITEC
3191 2762 7 8 r

2933 2792 183 18 ROTORUR.

2831 2854 68 24 Agent
2909 2855 31 18 for
2955 2855 36 19 the
3008 2855 66 20 South
3095 2857 79 19 British
3193 2859 43 19 Fire

2804 2879 41 20 and
2855 2881 80 18 Marine
2944 2880 112 21 Insurance
3067 2883 112 26 Company.

3234 2904 5 21 1

2852 2942 30 39 A,
2911 2942 69 40 AND
3006 2943 31 41 C,
3066 2944 125 48 BROOK,

2807 3001 81 23 BOOT
2902 3002 70 23 AND
2989 3003 82 23 SHOE
3093 3004 136 25 MAKERS

2864 3042 88 19 Feston
2968 3045 89 22 Street,
3083 3045 104 21 Botobua.

2807 3074 46 18 And
2874 3076 23 17 at
2926 3074 83 20 Parnell
3032 3076 41 18 and
3102 3076 129 22 Newmarket

2833 3142 66 24 Largo
2909 3143 38 18 and
2959 3144 68 18 varied
3044 3144 62 20 Stock
3118 3145 21 19 of
3149 3146 77 24 Englis!

2809 3169 86 24 Foreign
2907 3170 38 18 and
2957 3170 91 19 Colonial
3060 3170 61 21 Boots
3133 3174 37 17 and
3179 3173 60 19 Shoe.

2869 3197 22 17 to
2902 3196 71 19 choose
2985 3198 49 18 from
3047 3200 22 16 at
3079 3198 35 19 the
3125 3201 52 16 must
3235 3197 5 17 <

2845 3233 214 33 REASONABLE
3081 3235 127 32 PRSCES.

2900 3273 92 21 FRESH
3010 3275 89 19 STOCK
3113 3277 36 18 OF

2809 3307 168 24 FOOTBALL
2992 3309 99 24 BOOTS
3101 3311 43 25 just
3158 3312 62 18 arrive

2809 3348 35 19 All
2859 3349 70 19 orders
2945 3349 39 19 and
3002 3350 76 25 repairs
3094 3352 127 24 expeditious

2972 3377 104 19 executed.

2810 3408 22 19 S.
2847 3408 25 18 E.
2887 3408 148 24 FORBYCE,
3062 3421 9 3 -
3095 3419 8 4 -
3128 3411 94 23 Manage

2808 3457 30 17 W.
2845 3457 21 16 L.
2873 3458 99 20 FOBSTEB,
2982 3462 44 16 C.E.,
3052 3459 28 16 11..
3089 3459 30 17 W.

2892 3493 39 11 LATE
3062 3495 99 11 AUTHORISED
3170 3495 41 12 LAND
3220 3485 6 26 j

2808 3509 80 11 ENGINEER
2895 3509 68 11 MIDLAND
2970 3511 77 12 RAIL*'AY.
3067 3512 9 9 4
3086 3511 55 11 MINING
3157 3512 68 11 SURVEY!

2809 3526 86 15 HaUIUKI
2904 3527 107 16 I'hNIN&ULA.
3050 3527 84 17 ItoTOKUA
3142 3529 14 15 &
3165 3521 59 24 I'AEIJ

2810 3587 158 41 FORSTER
2996 3589 24 39 &
3054 3583 225 53 MITCHELfIi

2836 3646 111 26 MINING
2963 3647 172 26 ENGINEERS
3154 3648 65 34 AND]

2936 3681 187 28 SURVEYORS.
3213 3676 6 26 '
3220 3679 60 19 ADD]

2808 3722 118 19 VALUERS
2940 3723 32 18 OP
2981 3725 100 17 MINING
3093 3725 54 17 AND
3156 3725 52 18 OTH

2940 3747 167 21 PROPERTIES,
3243 3751 37 19 FE

2877 3782 107 23 Haubaklj
3002 3784 52 17 New
3068 3784 104 18 Zealand.

3021 3821 11 11 o
3208 3810 72 23 laddie

2831 3845 94 17 Members
2934 3847 20 16 of
2962 3847 32 16 the
3003 3847 49 16 N.Z.
3061 3847 91 17 Institute
3165 3848 20 16 of

2878 3937 118 19 NOEWANBT
3008 3938 64 18 KOAD.
3084 3939 89 17 PaEUOA.
