3412 4424
346 26 2978 148 THE

346 174 1191 147 OXFORD
1736 174 1588 147 OBSERVER

346 321 1560 147 CIRCULATING
2048 321 1276 147 THROUGHUT

346 468 931 147 NORTH
1463 468 1861 147 CANTERBURY

1664 685 222 38 Established
1925 691 90 29 1889.

65 845 147 32 Volumn
242 847 58 32 IX.
343 848 101 32 NEW
471 851 153 31 SERIES.

1182 854 109 31 EAST
1336 856 184 38 OXFORD,
1565 859 244 39 SATURDAY,
1855 864 111 30 JUNE
2020 868 38 29 11
2104 870 89 28 1898.

2948 882 142 31 Price—
3092 883 85 32 ONE
3200 884 148 31 PENNY.

2495 1015 213 63 JOHN
2909 1022 296 75 eOOK|>

2492 1112 116 47 THE
2642 1115 273 53 PEOPLE'S
2943 1121 267 59 €BEJBIST,

2405 1208 116 33 XTS
2538 1210 5 42 j
2586 1211 230 37 Casbel
2862 1218 227 44 Street,
3156 1223 133 32 180.

2632 1288 165 42 )Opposite
2811 1290 52 32 the
2877 1293 39 30 A.
2941 1291 43 41 I.)

2447 1352 234 46 OHRI
2699 1359 38 40 S
2755 1359 46 42 T
2817 1361 115 41 OH
3012 1364 64 45 Jl
3093 1364 42 44 Q
3152 1366 55 40 H!
3219 1395 15 11 .

2379 1516 103 29 Allow
2503 1529 50 20 me
2575 1524 33 26 to
2629 1523 117 30 submit
2766 1527 33 27 to
2814 1536 79 28 your
2908 1529 226 31 consideration
3150 1531 54 30 the
3219 1531 161 42 following

2297 1563 202 41 Specialities,
2523 1570 42 30 all
2587 1572 33 29 of
2640 1573 104 31 which
2763 1575 96 42 being
2881 1588 51 30 my
2947 1589 70 21 own
3033 1583 243 40 compounding,
3291 1584 17 30 I
3324 1594 55 19 can

2297 1618 191 42 confidently
2509 1626 204 36 recommend,
2735 1626 118 42 having
2866 1632 210 40 successfully
3108 1635 75 29 used
3215 1635 85 30 them
3332 1636 46 29 for

2296 1677 83 22 some
2400 1681 110 28 years:
2511 1690 43 6 —

2431 1726 13 20 I
2458 1733 36 15 am
2508 1730 147 28 exceedingly
2667 1734 125 20 successful
2805 1735 25 21 m
2845 1742 40 21 my
2893 1738 110 21 remedies
3012 1738 36 21 for
3064 1739 65 22 these
3139 1742 142 25 complaints,
3294 1743 59 21 have
3363 1749 17 15 a

2279 1772 2 19 ;
2405 1764 64 27 large
2478 1767 97 21 number
2588 1768 25 21 of
2625 1770 159 23 testimonials.

2299 1807 85 29 NEW
2402 1810 154 29 REMEDY
2574 1813 72 28 FOR
2664 1815 106 29 LIVER
2781 1818 238 32 COMPLAINTS
3029 1822 58 28 W»
3099 1824 280 30 INDIGESTIONI:-

2433 1848 55 22 This
2497 1850 42 22 has
2549 1851 58 22 been
2615 1854 53 20 well
2676 1855 77 21 tested
2762 1857 46 21 and
2817 1859 86 25 proved
2912 1860 83 26 highly
3003 1862 153 28 satisfactory.

2295 1891 168 29 GOLDEN
2486 1895 124 29 CROSS
2633 1898 240 31 NEURALGIA
2890 1904 184 29 MIXTURE
3088 1914 27 18 :-

2405 1938 37 26 By
2450 1939 76 21 which
2538 1941 41 21 the
2587 1942 55 26 pain
2652 1943 21 21 is
2682 1945 76 25 cured,
2768 1952 52 15 ease
2829 1947 115 25 obtained,
2958 1949 31 26 by
2998 1957 15 13 a
3021 1950 44 21 few
3075 1951 71 21 doses.

2295 1984 171 28 Bronchitis
2478 1989 61 24 and
2549 1988 129 26 Asthma
2688 1999 5 16 :
2697 2005 32 3 —

2406 2030 113 27 Eelieyed
2534 2032 46 21 and
2593 2033 92 27 rapidly
2699 2034 71 21 cured
2782 2035 32 27 by
2827 2042 39 20 my
2880 2036 87 21 Acacia
2981 2043 110 15 mixture.

2295 2069 222 29 CHILDREN'S
2534 2072 203 32 WHOOPING
2753 2077 165 28 COUGH-

2274 2128 3 1 .
2407 2109 45 21 For
2460 2109 72 22 which
2549 2111 14 20 I
2572 2111 58 23 haye
2643 2113 41 21 the
2698 2114 52 21 best
2762 2116 99 21 mixture
2874 2116 26 21 m
2913 2117 169 27 Christchurch,
3097 2119 63 26 gives
3170 2120 84 27 speedy
3267 2121 72 21 relief.

2269 2155 227 31 fDIARRHCEA
2511 2159 75 26 AND
2613 2161 230 29 DYSENTERY
2894 2166 28 25 m
2941 2167 118 25 Infants
3076 2168 58 25 and
3149 2165 147 31 Adults-

2429 2196 13 19 I
2455 2202 43 14 can
2512 2197 53 26 give
2579 2203 14 14 a
2607 2198 48 21 safe
2669 2199 46 21 and
2728 2201 85 26 speedy
2827 2209 52 16 cure
2967 2205 45 21 few
3026 2205 71 21 doses.

2296 2238 77 26 Sore
2390 2240 101 26 Heads
2507 2244 26 23 &
2551 2245 106 31 Legs—

2404 2278 74 21 Cured
2487 2279 32 28 by
2528 2286 30 15 an
2567 2283 120 25 agreeable
2696 2285 47 21 and
2751 2285 106 27 pleasant
2870 2289 146 27 application,
3031 2292 49 22 also
3088 2293 98 23 relieves
3195 2297 63 25 pain,

2297 2330 155 27 Influenza
2458 2344 29 3 —

2403 2369 73 22 Cared
2484 2370 37 22 for
2530 2373 30 19 2s.
2575 2372 35 21 6d.
2621 2373 123 23 Hundreds
2759 2382 42 15 can
2814 2377 83 28 testify
2911 2379 25 21 to
2958 2380 45 22 the.
3010 2382 59 26 good
3080 2384 90 27 quality
3180 2386 25 20 of
3212 2386 49 21 this
3270 2387 104 23 mixture.

2296 2422 189 33 Superlative
2508 2427 130 27 Mixture
2649 2429 48 26 for
2713 2431 60 26 Bad
2784 2432 127 34 Coughs
2920 2446 29 4 —

2405 2462 85 29 Brings
2504 2471 64 22 away
2580 2467 102 27 phlegm,
2697 2469 73 28 allays
2782 2471 136 26 irritations,
2932 2473 46 21 and
2996 2475 93 27 quickly
3103 2483 72 16 cures.
3247 2498 3 2 .

2299 2503 153 26 Eureka—
3254 2505 4 11 ;
3266 2503 17 27 t

2405 2542 21 20 A
2440 2549 52 15 sure
2507 2550 53 16 cure
2574 2546 36 21 for
2622 2547 33 20 all
2668 2547 68 21 kinds
2750 2548 25 21 of
2788 2549 51 21 skin
2852 2549 125 23 irritation.
3236 2542 4 3 '
3266 2550 16 17 r

2297 2584 181 23 CHILDEEN'S
2492 2587 149 23 TASTLESS
2656 2589 157 21 TEETHING
2827 2590 178 24 POWDERS—

2406 2638 48 21 The
2471 2639 53 21 best
2537 2640 26 20 m
2577 2641 149 26 Canterbury,
2739 2648 15 14 a
2767 2643 56 21 trial
2835 2645 48 19 will
2901 2651 71 20 prove
2986 2647 26 20 it.
3031 2648 84 26 highly
3129 2652 179 26 recommended:
3312 2652 32 27 by

2444 2676 97 21 medical
2554 2684 60 15 men.
3226 2676 52 25 ..*''••
3312 2694 3 3 .

2423 2746 612 41 CONSULTATIONS

2315 2818 285 29 PRESCRIPTIONS
2614 2822 214 26 CAREFULLY
2843 2825 77 25 AND
2939 2826 212 27 CORRECTLY
3159 2829 205 27 DISPENSED

2591 2987 124 46 Just
2746 2989 321 47 Purchased

2295 3081 31 30 A
2347 3080 268 36 WHOLESALE
2638 3087 390 33 WAREHOUSEMANS
3050 3092 161 31 ENTIRE
3236 3094 137 33 STOCK

2793 3151 40 23 OF

2746 3178 78 11 ■.
2829 3184 3 3 ■
2887 3179 3 9 i

2299 3196 311 88 Black
2654 3202 80 83 &
2777 3203 296 117 Navy
3116 3207 253 88 Blue

2515 3348 176 31 DOUBLE
2720 3349 148 32 WIDTH
2889 3351 82 30 ALL
2993 3353 122 33 WOOL

2298 3420 455 91 DEESS
2821 3417 549 99 SERGES

2326 3581 240 46 Reduced
2586 3581 131 45 from
2749 3580 65 46 2s.
2845 3583 55 43 to
2929 3579 52 45 Is
3014 3580 70 44 6d.
3104 3595 92 42 per
3210 3583 134 55 yard.

2712 3670 244 41 ALSO

2458 3741 103 46 -750
2585 3740 206 44 YARDS
2814 3739 76 44 OF
2914 3740 286 44 GENUINE

2318 3824 257 109 ROUGH
2654 3821 266 102 BROWN
3009 3824 338 101 HOLLAND

2622 3983 101 53 6cL
2759 3997 114 53 per
2896 3984 163 66 yard

2299 4077 63 31 this
2373 4076 27 31 is
2415 4076 53 31 the
2482 4076 85 40 good
2581 4075 51 31 old
2645 4075 92 31 make
2751 4075 36 31 of
2796 4076 106 30 brown
2919 4075 137 39 holland,
3079 4075 15 29 1
3109 4075 80 31 have
3203 4074 173 41 purchased

2403 4128 43 31 all
2459 4127 36 33 of
2505 4128 62 31 this
2581 4127 170 40 particular
2764 4127 64 31 line
2841 4132 34 26 at
2888 4130 123 37 present
3026 4127 34 30 m
3075 4126 53 31 the
3142 4126 131 33 market.

2320 4258 73 33 R.
2429 4257 78 32 H.
2546 4253 311 42 PARISH,
2922 4252 156 33 East
3099 4252 257 37 Oxford.

1725 1006 178 48 JOHN
1934 1010 271 52 INGRAM.

1711 1112 496 38 AUCTIONEER,

1695 1305 161 42 LICENSED
1889 1310 84 37 LAND
1998 1310 136 39 BROKER,
2159 1312 72 38 VAL-

1695 1361 118 45 UATOR,
1855 1362 17 37 E
1885 1363 106 44 JATE,
2033 1363 198 47 INSURANCE,

1693 1413 24 38 &
1733 1413 150 39 GENERAL
1895 1415 335 39 COMMIBSIONA6ENT.

1725 1465 78 31 Agent
1814 1467 41 27 for
1866 1467 38 23 the
1925 1467 121 24 National
2067 1469 133 23 Insurance

1905 1510 120 30 Company

1843 1543 30 30 of
1879 1543 61 24 New
1962 1544 119 23 Zealand.

1716 1574 174 32 OXFORD
1906 1576 27 30 &
1959 1577 251 31 SHEFFIELD.

1948 1655 33 19 .?.
2043 1653 2 14 ;

1691 1751 154 30 Fortnightly
1866 1751 106 26 Auction
1994 1752 72 25 Sales
2081 1752 58 25 held
2159 1754 26 23 m
2197 1754 37 24 the

1691 1784 99 24 Market
1813 1785 89 29 Yards,
1929 1785 103 32 Oxford,
2059 1794 67 23 every
2149 1788 85 23 second

1694 1817 134 32 Thursday.
1862 1819 113 31 Monthly
1996 1819 72 25 Sales
2079 1820 56 25 held
2149 1825 26 20 at
2195 1821 38 24 the

1691 1851 100 25 Market
1822 1852 89 29 Yards,
1942 1853 124 32 Sheffield.
2135 1854 99 25 Privvte

1691 1883 105 26 Auction
1809 1885 72 25 Sales
1892 1886 150 25 undertaken
2064 1887 26 24 m
2114 1895 47 23 any
2172 1891 64 29 part

1691 1919 30 25 of
1728 1918 36 23 the
1775 1923 107 26 country.
1917 1920 121 32 Property
2046 1921 93 30 Bought
2163 1922 62 24 Sold

1691 1958 28 15 or
1730 1951 52 28 Let,
1801 1952 50 23 and
1864 1952 144 24 Valuations
2025 1954 119 29 carefully
2156 1957 77 20 made.

1691 1983 72 23 Land
1774 1984 95 33 Bought
1878 1985 77 25 tender
1972 1985 40 25 the
2035 1987 119 30 Transfer
2176 1987 58 28 Act.,

1693 2017 136 31 Transfers,
1842 2018 97 28 Leases,
1952 2020 49 22 and
2026 2020 72 23 deeds
2114 2020 32 30 of
2158 2020 75 23 Mort-

1688 2058 74 24 gages
1773 2051 85 23 drawn
1876 2060 41 25 vp.
1951 2052 89 31 Money
2060 2053 105 25 invested
2184 2053 50 25 and

1691 2083 108 25 obtained
1812 2090 41 25 for
1873 2086 89 24 Clients
1973 2094 31 15 on
2026 2087 135 30 Mortgage.
2191 2088 42 24 In-

1718 2125 100 17 surance
1828 2119 93 30 effected
1932 2127 31 15 on
1975 2120 133 31 Buildings
2120 2122 31 29 of
2158 2128 47 23 any

1691 2158 148 33 description,
1845 2159 50 23 and
1907 2159 59 24 their
1975 2163 112 21 contents.
2137 2167 12 7 '••
2172 2161 8 9 *
2205 2165 5 19 :

1717 2266 42 19 200
1768 2271 50 15 acre
1837 2266 68 19 Farm
1914 2266 26 20 at
1958 2266 65 21 View
2041 2267 56 21 Hill.
2137 2267 99 22 Divided

1689 2292 50 21 into
1748 2293 15 20 4
1773 2293 124 25 Paddocks,
1911 2293 40 21 the
1967 2294 55 20 land
2030 2294 42 20 has
2080 2295 59 20 been
2147 2295 33 20 all
2189 2296 38 20 cul

1689 2319 96 25 tivated,
1796 2320 20 20 is
1825 2327 51 14 now
1884 2321 26 20 m
1919 2321 59 26 good
1986 2321 74 25 heart,
2068 2321 20 21 is
2097 2322 52 20 well
2156 2323 80 21 water-

1690 2347 29 21 ed
1727 2348 31 25 by
1767 2348 41 20 the
1817 2348 65 20 View
1891 2349 51 20 Hill
1950 2349 81 21 Water
2036 2349 67 25 Eace,
2113 2350 20 20 is
2142 2356 14 14 a
2161 2351 74 26 splen-

1690 2375 40 21 did
1738 2375 69 27 sheep
1816 2375 65 21 farm.

1676 2412 2 10 i

1719 2467 40 19 150
1777 2473 51 14 acre
1848 2466 69 21 Farm
1933 2467 28 26 2£
1979 2467 65 21 miles
2059 2467 60 21 from
2144 2468 85 21 Oxford

1691 2493 141 20 Subdivided
1850 2494 49 20 into
1923 2495 160 26 conveniently
2100 2495 62 20 sized
2177 2496 60 25 pad-

1691 2520 75 24 docks,
1780 2521 52 19 well
1841 2521 106 24 watered,
1963 2521 59 26 good
2036 2522 108 26 dwelling
2158 2523 78 23 house,

1690 2547 85 21 stables
1793 2548 46 20 and
1858 2548 67 20 sheds
1944 2549 101 24 thereon,
2059 2549 47 21 and
2123 2549 41 21 the
2182 2549 56 21 land

1691 2575 65 27 good.

1677 2619 1 36 |
1719 2626 54 19 1100
1782 2625 58 21 Acre
1850 2625 68 20 Farm
1927 2626 25 20 at
1961 2626 66 20 View
2041 2626 45 18 FfiH
2095 2626 59 26 good
2163 2627 74 26 heavy

1690 2652 62 24 land,
1766 2652 59 26 good
1843 2652 108 26 dwelling
1970 2653 69 20 house
2057 2653 47 20 and
2112 2653 33 20 all
2162 2660 73 14 neces-

1690 2685 53 20 sary
1761 2680 157 26 outbuildings
1936 2680 102 20 thereon.
2077 2681 22 19 A
2116 2681 49 19 real
2179 2681 59 25 good

1691 2706 70 26 sheep
1770 2706 65 20 farm.

1794 2771 29 15 on
1833 2771 32 15 ac.
1876 2765 40 21 Mb
1926 2765 111 21 William
2045 2766 88 21 House.

1719 2793 26 19 16
1754 2799 63 14 acres
1826 2793 66 20 Land
1900 2793 56 21 with
1966 2800 14 13 a
1988 2793 50 21 nice
2048 2794 13 20 6
2065 2794 91 20 roomed
2165 2794 71 20 house

1690 2820 102 24 thereon,
1807 2821 58 26 good
1878 2821 136 26 plantation,
2029 2821 92 26 garden,
2140 2822 96 21 orchard

1691 2848 46 19 and
1745 2848 59 20 well.

1719 2902 14 19 4
1751 2907 63 15 acres
1824 2902 24 20 of
1865 2902 55 21 land
1928 2908 56 15 near
2001 2903 41 20 the
2061 2904 81 20 Water
2159 2904 77 21 Board

1692 2928 73 21 Office.

1720 3071 48 21 The
1777 3071 116 28 following
1903 3071 72 22 farms
1984 3078 38 15 are
2041 3071 36 22 for
2086 3072 48 21 sale
2143 3072 83 27 bypri-

1692 3111 53 20 vate
1755 3111 84 25 treaty.
2014 3114 6 6 '
2198 3115 4 3 ■

1720 3170 45 20 For
1784 3170 47 20 sale
1850 3170 31 26 by
1894 3169 86 27 privite
1997 3170 84 27 treaty,
2100 3177 14 14 a
2132 3172 104 26 compact

1693 3207 69 21 Farm
1772 3207 24 21 of
1805 3208 41 20 200
1857 3214 62 14 acres
1928 3208 24 20 of
1970 3208 59 26 good
2048 3208 55 21 land
2123 3209 25 20 at
2169 3208 64 21 View

1692 3245 58 21 Hill.

1721 3345 41 20 360
1780 3351 63 14 acres
1862 3345 57 20 with
1933 3345 59 25 good
2009 3344 119 26 buildings
2138 3345 46 20 and
2190 3345 3 4 '
2202 3344 33 21 all

1693 3382 82 21 fenced
1794 3382 47 20 and
1860 3382 141 21 subdivided.
2040 3381 40 22 173
2099 3388 62 15 acres
2175 3382 60 27 good

1692 3420 151 27 agricultural
1855 3420 72 20 Land.

1716 3487 45 25 .796
1771 3494 62 15 acras
1843 3489 59 26 good
1916 3489 97 26 grazing
2021 3488 57 20 land
2087 3488 92 21 .fenced
2187 3488 46 21 and

1693 3525 144 21 subdivided.

1719 3728 169 46 JOHN
1939 3727 255 46 INGEAM

1793 3827 307 32 OXFORD.

1697 4082 158 32 WATCH
1943 4101 30 24 .a
2046 4082 27 29 &
2100 4079 138 32 CLOCK

1950 4308 25 20 at

1741 4352 160 33 Parish's.
1935 4350 91 34 East
2052 4348 135 43 oxford
2186 4370 8 13 t

1154 993 245 21 EXTRAORDINAY
1423 995 220 24 OPPORTUNITY.

1126 1026 83 22 FROM
1220 1026 61 21 TELE
1439 1028 110 23 DIRECT
1559 1030 37 21 TO
1608 1031 62 21 THE

1317 1065 165 22 CUSIOMER,

1129 1106 20 14 r\
1157 1101 38 21 OR
1206 1101 111 25 Company
1340 1101 20 20 is
1374 1102 77 25 selling
1471 1103 66 21 direct
1583 1106 23 19 to
1634 1107 36 19 the

1128 1123 22 29 \)
1171 1129 114 23 customer,
1300 1128 52 20 thus
1365 1130 114 24 procuriug
1490 1131 35 19 for
1535 1131 38 20 the
1581 1132 67 20 latter
1658 1139 12 14 a

1128 1155 78 21 double
1225 1160 110 20 economy,
1355 1156 93 25 namely,
1469 1157 37 20 the
1520 1158 65 25 profit
1596 1159 23 20 of
1634 1159 36 20 the

1128 1181 113 22 wholesale
1252 1181 76 26 dealer,
1347 1182 43 20 and
1401 1183 36 20 the
1455 1190 58 15 more
1523 1185 147 21 considerable

1127 1216 39 14 one
1168 1222 8 18 t
1178 1209 22 20 of
1210 1209 36 19 the
1256 1209 63 19 retail
1330 1209 76 24 dealer,
1432 1211 129 25 amounting
1572 1213 23 19 to
1613 1213 56 20 from

1127 1237 30 19 ss.
1186 1242 12 13 o
1206 1236 47 20 i>lo
1262 1240 57 20 upon
1329 1242 13 13 a
1352 1235 71 27 single
1430 1237 76 21 watch.
1522 1237 73 22 Retail
1602 1239 68 21 watch

1126 1260 84 23 dea'ers
1220 1262 44 20 and
1282 1261 112 26 jewellers,
1405 1264 86 24 usually
1505 1265 79 26 selling
1604 1265 39 21 but
1657 1272 13 14 a

1128 1290 37 20 few
1178 1289 92 20 watches
1281 1288 65 25 daily,
1361 1296 37 14 are
1416 1290 72 20 forced
1507 1292 24 19 to
1554 1292 63 20 make
1641 1299 28 14 an

1126 1315 165 27 extraordinary
1305 1315 65 26 profit
1380 1322 58 20 upon
1458 1318 53 20 each
1526 1324 40 15 one
1579 1319 49 21 sold
1646 1320 23 20 m

1127 1343 63 21 order
1202 1345 22 18 to
1235 1342 75 29 defray
1319 1348 110 21 expences.

1153 1370 44 20 We
1216 1371 192 21 manufacturers
1418 1377 44 15 our
1476 1373 121 27 speciality
1615 1375 55 26 only

1128 1397 97 26 sterling
1237 1398 70 22 silver
1315 1404 27 15 or
1359 1399 55 26 gold,
1422 1399 156 23 stemwinders
1608 1401 62 27 (key-

1127 1425 33 21 lss
1173 1425 100 21 watches.

1155 1451 47 21 The
1212 1452 85 26 keyless
1314 1453 137 21 mechanism
1460 1454 22 20 of
1496 1455 95 21 watches
1598 1455 19 21 is
1627 1462 42 15 one

1128 1479 22 21 of
1164 1477 38 22 tbe
1211 1480 57 19 most
1278 1480 122 26 importart
1410 1480 43 20 and
1464 1481 72 20 useful
1545 1482 125 22 inventions

1128 1507 22 19 of
1166 1506 90 20 modern
1277 1507 74 20 times,
1379 1507 87 19 instead
1480 1507 24 19 of
1517 1509 113 26 fumbling
1646 1505 24 31 inj

1128 1533 60 20 one's
1199 1532 90 27 pocketd
1305 1534 23 19 to
1338 1533 45 21 find
1400 1533 40 21 the
1457 1533 48 26 key,
1522 1535 71 20 which
1607 1536 62 21 when

1129 1559 68 21 found
1211 1560 19 20 is
1244 1560 58 20 most
1316 1560 83 27 always
1408 1560 62 21 filled
1480 1561 54 20 with
1544 1562 126 21 du^t-this

1128 1587 22 20 of
1160 1593 78 16 course
1247 1587 68 27 being
1330 1587 130 21 transferred
1474 1588 24 21 to
1513 1588 41 21 the
1567 1589 73 21 watah
1643 1602 27 2 —

1129 1621 42 15 one
1181 1616 41 19 has
1231 1614 43 21 ).ut
1282 1616 25 19 to
1317 1614 55 21 turn
1382 1621 10 14 a
1404 1615 96 21 knurled
1511 1616 82 21 button
1602 1617 68 22 fitted

1128 1642 24 21 to
1161 1643 41 20 the
1215 1642 103 26 pendant
1335 1643 32 24 (or
1377 1642 67 27 ring),
1455 1643 54 20 thus
1519 1644 102 27 winding
1630 1645 39 20 the

1129 1670 72 20 watch
1220 1670 45 19 and
1295 1669 131 27 regulating
1444 1670 40 20 the
1500 1670 74 21 hands
1586 1672 32 26 by
1629 1672 41 21 the

1129 1703 62 14 same
1200 1702 84 15 means.
1296 1715 4 2 .

1155 1724 48 20 Our
1212 1724 98 21 watches
1329 1731 39 14 are
1377 1726 143 25 everywhere
1537 1726 133 26 recognised

1128 1751 25 20 to
1162 1751 29 21 be
1209 1750 41 21 the
1263 1751 52 21 best
1331 1752 25 20 m
1374 1752 41 21 the
1425 1752 96 24 market,
1535 1748 135 35 surpassingj

1128 1778 33 21 all
1171 1778 77 21 others
1258 1778 31 27 by
1307 1779 40 21 the
1357 1780 113 26 precision
1480 1780 25 21 of
1522 1780 63 21 their
1594 1787 76 15 move-

1126 1806 76 21 ments
1222 1812 25 15 as
1265 1806 52 21 well
1326 1813 26 15 as
1371 1807 30 27 by
1419 1808 62 20 their
1495 1813 110 22 accuracy
1623 1809 46 21 and

1129 1834 131 26 cheapness.

1156 1861 47 20 Our
1211 1861 95 27 factory,
1319 1861 61 21 since
1389 1861 31 21 its
1426 1861 138 21 foundation
1572 1863 25 20 m
1608 1863 61 25 1852,

1128 1888 42 21 has
1180 1888 95 27 aquired
1284 1896 15 14 a
1309 1889 142 21 world-wide
1461 1890 142 26 reputation,
1620 1891 46 20 and

1127 1916 109 21 obtained
1244 1917 41 20 the
1295 1917 94 25 highest
1397 1917 89 21 awards
1505 1917 59 21 from
1577 1918 34 20 all
1628 1918 41 21 the

1127 1943 128 26 important
1268 1942 153 22 Exhibitions.
1450 1944 35 20 No
1498 1945 77 20 watch
1592 1945 77 21 leaves

1128 1976 41 14 our
1181 1970 90 26 factory
1284 1971 96 21 without
1397 1971 85 26 haring
1491 1971 58 21 been
1559 1972 110 26 carefully

1128 1997 120 21 examined
1261 1997 46 21 and
1322 1998 101 24 verified,
1437 1999 56 20 thus
1510 1998 71 27 being
1599 1999 70 27 ready

1127 2025 37 20 for
1173 2025 132 21 immediate
1315 2032 46 13 me.
1390 2026 63 20 Each
1463 2032 42 14 one
1514 2026 21 20 is
1549 2027 44 25 put
1601 2033 33 20 up
1644 2027 25 20 m

1128 2058 29 14 an
1167 2052 92 27 elegant
1268 2052 122 21 silk-lined
1399 2060 57 19 case,
1473 2053 46 21 and
1533 2060 136 21 accompan-

1128 2080 37 20 ied
1174 2080 29 26 by
1215 2087 14 13 a
1237 2081 115 26 warranty
1361 2081 35 20 for
1405 2081 65 21 three
1480 2088 72 19 years.

1155 2107 48 21 The
1208 2107 73 26 buyer
1290 2114 52 19 may
1348 2109 76 19 return
1435 2115 46 20 any
1488 2110 22 19 of
1519 2116 42 13 our
1571 2109 98 21 watches

1128 2135 81 20 within
1218 2135 35 20 six
1272 2135 90 20 months
1377 2135 82 21 should
1477 2136 41 21 the
1536 2136 73 21 latter
1627 2137 42 20 not

1128 2162 72 20 afford
1209 2162 48 20 him
1266 2162 41 21 the
1316 2164 60 19 most
1385 2164 111 25 complete
1503 2164 150 21 satisfaction.
1664 2184 5 2 .

1155 2189 39 20 All
1202 2189 94 20 articles
1306 2189 50 21 sold
1375 2196 39 14 are
1423 2190 114 21 delivered
1552 2191 51 25 post
1611 2190 57 25 free,

1128 2216 45 20 and
1183 2216 103 20 Customs
1300 2216 57 26 duty
1366 2216 56 26 paid
1437 2218 25 19 to
1471 2223 46 19 any
1531 2218 54 25 part
1594 2218 25 19 of
1627 2218 41 19 the

1128 2242 76 24 world,
1220 2242 54 20 thus
1284 2243 97 20 without
1400 2244 41 19 the
1450 2244 109 25 slightest
1577 2244 91 20 trouble

1128 2276 26 14 or
1162 2269 118 26 formality
1288 2270 24 20 to
1322 2270 40 20 the
1371 2270 107 21 receiver.

1155 2296 39 21 All
1207 2297 87 25 repairs
1314 2297 84 26 during
1415 2297 41 21 the
1475 2298 66 20 three
1559 2304 66 20 years
1644 2298 25 20 of

1128 2324 125 26 guarantee
1272 2329 38 15 are
1330 2325 111 20 executed
1455 2325 181 27 gratituilously,
1650 2325 18 20 if

1128 2352 40 20 the
1187 2351 75 21 watch
1283 2352 29 21 be
1329 2352 126 21 forwarded
1471 2354 25 19 to
1515 2359 42 14 our
1574 2352 95 21 London

1129 2379 66 20 office.

1128 2406 48 21 The
1199 2406 118 27 following
1335 2412 38 15 are
1397 2406 54 21 ca^h
1474 2407 75 26 prices
1568 2407 101 21 without

1128 2434 111 21 discount.

1602 2463 20 20 £
1649 2469 18 14 s.

1155 2490 27 19 A.
1194 2488 162 24 Stem-winder,
1363 2489 98 25 sterling
1465 2490 76 22 silver,
1548 2489 49 20 hall

1209 2515 100 23 marked,
1322 2516 104 25 jewelled
1435 2516 25 19 m
1469 2516 13 19 6
1492 2516 95 24 actions,

1209 2542 85 26 cystal
1301 2542 62 26 glass
1373 2549 14 14 a
1396 2543 80 26 strong
1482 2543 47 20 and
1533 2542 53 21 dur-

1209 2569 52 21 able
1274 2570 75 20 watch
1642 2571 27 20 12

1129 2597 54 21 A.A.
1194 2596 48 22 The
1262 2603 61 15 same
1341 2597 58 22 with
1427 2597 83 22 double
1531 2597 70 22 silver

1213 2631 50 15 case
1277 2625 121 27 (Hunter),
1417 2625 117 26 elegantly
1550 2632 38 14 en-
1669 2632 2 22 j

1197 2652 87 27 graved
1653 2654 14 20 8

1167 2672 88 27 B.&old
1265 2679 160 25 stem-winder,
1435 2680 49 19 hall
1497 2679 100 24 marked,

1212 2706 79 25 strong
1300 2706 90 25 keyless
1397 2707 80 23 action,
1488 2705 103 27 jewelled

1209 2732 38 20 ml
1259 2732 7 20 3
1270 2733 92 24 actions,
1373 2733 54 21 with
1435 2733 55 27 gold
1499 2740 25 14 or
1531 2732 57 22 steel

1211 2759 80 25 hands,
1305 2760 67 20 small
1386 2761 83 20 second
1486 2761 53 23 dial,
1549 2766 38 15 en-

1212 2787 86 25 graved
1311 2787 25 20 m
1354 2787 115 21 beautiful
1488 2788 98 25 designs,

1210 2814 82 27 engine
1302 2815 83 21 turned
1394 2822 25 14 or
1427 2816 63 26 plain
1499 2815 90 28 polish-

1211 2842 34 23 ed,
1268 2842 56 21 with
1343 2849 138 20 monogram,
1503 2842 84 24 initial,

1210 2875 59 14 arms
1279 2868 30 21 &c
1601 2870 12 19 2
1655 2869 14 20 0

1129 2894 54 20 8.8.
1203 2895 45 21 The
1267 2902 61 15 same
1355 2904 25 13 as
1396 2897 25 25 B,
1444 2898 51 19 with
1513 2900 74 23 strong

1210 2923 78 19 doab'e
1296 2923 50 24 gold
1361 2930 55 18 case,
1436 2931 29 13 an
1481 2924 105 21 excellent

1211 2949 44 20 and
1265 2955 49 20 very
1324 2951 84 24 elegant
1418 2951 134 26 timekeeper.
1564 2967 23 4 ...
1600 2952 13 18 3
1643 2951 27 20 10

1156 2974 24 20 0.
1191 2974 69 22 Roxal
1267 2975 156 29 chronograph,
1439 2978 23 20 18
1472 2980 59 18 carat
1536 2978 51 26 gold
1669 2971 2 26 I

1211 3006 57 18 most
1293 3004 99 26 superior
1413 3005 80 25 keyless
1517 3011 69 14 move-
1669 2998 2 24 I

1211 3034 67 21 inent,
1303 3034 21 17 of
1349 3031 36 21 (he
1409 3035 58 18 most
1486 3036 101 18 accurate

1211 3058 167 27 workmanship,
1399 3060 43 20 and
1461 3066 41 14 one
1512 3061 21 18 of
1552 3060 37 21 the

1211 3085 47 20 best
1270 3092 56 13 wear
1336 3087 99 24 resisting
1446 3087 92 20 watches
1550 3103 22 4 ...
1601 3088 15 19 4

1131 3111 47 20 C.C.
1189 3111 46 20 The
1249 3119 59 13 sams
1319 3114 70 19 watch
1399 3114 52 19 with
1462 3114 76 19 double
1545 3114 44 19 and

1213 3140 60 19 extra
1283 3140 76 24 strong
1368 3147 55 18 case,
1434 3142 96 19 18-carat
1538 3140 50 26 goll

1211 3166 78 21 aitisli.
1298 3167 46 25 a'iy
1361 3168 110 24 engraved,
1496 3168 93 24 engine-

1211 3194 78 19 turned
1300 3199 24 14 or
1343 3194 58 24 plain
1416 3194 103 25 polished;
1536 3195 52 20 with

1212 3226 147 19 monograms,
1373 3220 89 24 initials,
1473 3221 36 20 &c.
1549 3238 23 4 ...
1603 3222 12 21 6
1644 3223 26 20 10

1157 3247 26 20 D.
1206 3246 102 27 Impsiial
1321 3247 100 20 calendar
1430 3248 156 24 chronometer,

1214 3275 96 20 18-carat
1334 3274 55 24 gold,
1413 3275 120 25 indicating
1552 3276 37 20 the

1212 3302 48 25 day,
1272 3302 35 20 the
1317 3302 66 23 week,
1394 3302 36 21 the
1440 3302 84 26 month,
1542 3303 45 20 and

1213 3330 48 19 da'e
1280 3330 22 19 of
1311 3329 85 24 month,
1406 3330 97 26 jewelled
1519 3330 21 19 m
1552 3331 35 19 18-

1213 3356 91 24 --acionp,
1324 3356 50 20 with
1385 3356 31 20 all
1427 3356 110 23 the.la^est
1547 3357 41 20 im-

1213 3384 146 25 provements
1382 3384 47 19 and
1451 3383 137 24 invenlions,

1213 3416 42 13 one
1265 3410 24 19 of
1298 3410 40 20 the
1348 3410 51 20 best
1408 3410 47 20 and
1460 3411 57 19 most
1526 3417 63 20 mag-

1211 3436 96 21 nificent
1310 3437 99 21 watches
1415 3438 174 21 manufactured

1213 3464 55 21 such
1279 3471 25 14 as
1319 3471 39 14 are
1367 3471 70 15 never
1447 3465 49 21 sold
1514 3465 30 27 by
1555 3472 34 15 re-

1213 3492 43 20 tail
1266 3492 87 20 dealers
1362 3492 36 21 for
1408 3493 43 20 less
1461 3492 58 21 than
1527 3486 48 28 Jg2s
1603 3495 27 19 10
1658 3495 12 20 0

1157 3519 40 21 All
1206 3525 42 15 our
1256 3519 98 20 watches
1364 3525 38 14 are
1411 3525 69 14 manu
1482 3522 6 9 r
1489 3520 94 20 actured
1592 3521 24 19 m
1626 3521 44 21 two

1131 3547 106 20 different
1246 3547 63 23 size-*,
1323 3546 64 26 large
1397 3546 45 20 and
1451 3547 68 19 small
1530 3547 45 25 (for
1584 3549 86 25 gentle-

1132 3580 51 14 men
1202 3573 47 20 and
1271 3573 78 25 ladies,
1355 3577 7 22 )
1385 3573 98 21 withotit
1506 3573 123 23 difference
1648 3575 22 21 of

1131 3601 68 26 price.

1159 3627 45 21 Old
1214 3627 104 24 watches,
1333 3627 38 20 old
1380 3627 55 26 gold
1443 3627 46 21 and
1507 3628 71 20 silver
1587 3629 47 20 will
1643 3629 27 21 be

1132 3656 69 19 taken
1209 3655 25 19 m
1242 3655 110 25 payment
1361 3655 26 19 at
1395 3654 41 20 the
1445 3655 94 25 highest
1552 3656 75 20 value:
1652 3657 18 19 if

1133 3681 126 21 forwarded
1268 3681 31 25 by
1308 3681 77 26 parcel
1393 3681 54 26 post
1456 3681 24 20 to
1491 3688 42 13 our
1542 3682 101 21 address.

1159 3709 157 21 Remittances
1335 3714 54 21 may
1411 3708 29 21 be
1462 3708 66 21 made
1547 3709 75 21 either
1641 3710 29 27 by

1133 3737 80 21 Postal
1222 3736 78 24 Order,
1311 3736 98 25 Cheque,
1419 3736 67 20 Bank
1495 3737 66 20 notes
1567 3737 103 27 (postage

1133 3765 86 25 stamps
1228 3763 37 21 for
1275 3763 67 20 small
1349 3763 120 27 amounts,)
1486 3763 24 21 of
1519 3770 46 20 any
1569 3766 101 25 country,

1133 3793 24 19 m
1165 3790 127 27 registered
1300 3790 68 21 letter.

1161 3818 22 20 It
1193 3819 20 19 is
1223 3824 41 13 our
1273 3817 46 20 aim
1328 3817 25 20 to
1364 3817 46 25 give
1420 3817 40 21 the
1477 3817 88 21 utmost
1573 3818 97 25 possible

1134 3844 141 21 satisfaction
1284 3844 25 20 to
1320 3850 40 13 our
1369 3843 89 25 client*,,
1477 3844 106 27 knowing
1592 3845 47 21 this
1648 3847 22 19 to

1133 3873 29 20 be
1171 3873 41 19 the
1221 3872 52 20 best
1282 3878 14 13 a
1303 3871 150 21 Iveitis-einent
1462 3871 36 21 for
1511 3878 42 14 our
1561 3873 109 24 products,

1133 3899 47 21 and
1188 3899 34 20 all
1230 3898 49 20 who
1289 3897 59 21 hive
1361 3904 54 14 once
1430 3898 95 21 entered
1542 3898 50 20 into
1607 3899 63 20 busi-

1134 3933 52 15 ness
1195 3925 110 22 relations
1315 3925 56 21 with
1391 3932 26 14 us
1434 3925 77 28 gladly
1530 3926 140 21 recommend

1135 3961 26 14 us
1170 3956 25 19 to
1206 3954 59 20 their
1273 3953 89 20 friends
1371 3953 47 21 and
1426 3954 182 26 acquaintances.

1189 4021 101 20 Address
1300 4020 35 20 for
1345 4020 82 21 letters
1434 4021 47 20 and
1489 4021 52 21 orde
1552 4028 11 13 s
1571 4037 5 5 .

1150 4089 97 21 MORSE
1258 4088 260 21 MANUFACTURING
1528 4089 139 23 COMPANY

1299 4116 20 26 7,
1332 4116 29 21 ed
1370 4116 57 21 Lion
1437 4115 77 27 Court,
1537 4135 6 6 

1382 4144 94 20 London
1484 4141 52 24 Ji.C.

1154 4238 173 26 'flC^TWantei,
1342 4240 25 19 at
1376 4245 63 19 onje,
1454 4240 24 20 m
1488 4246 69 21 ever/
1576 4240 94 26 ljcality,

1134 4273 30 15 an
1174 4267 124 25 intelligent
1315 4273 80 22 penoa
1411 4272 23 15 to
1443 4270 37 18 act
1498 4274 26 14 as
1540 4274 42 14 our
1599 4271 71 22 Agent.

1135 4294 35 20 No
1180 4294 83 27 special
1272 4293 129 26 knowledge
1409 4295 87 26 requhe
1503 4295 6 14 !
1510 4311 7 9 ,
1526 4295 44 21 aid
1580 4295 90 21 without

1135 4321 132 25 interfering-
1283 4320 56 22 with
1361 4323 87 24 present
1469 4321 135 27 cc-upation.
1642 4323 28 19 An

1135 4348 111 24 excellent
1262 4348 135 27 occupation
1415 4348 37 21 for
1460 4348 25 27 a£
1494 4355 34 20 caj
1536 4348 134 28 a'rfe^young

1135 4382 53 14 man
1197 4382 25 14 or
1230 4375 61 26 lady.
1493 4395 3 3 .
1531 4374 12 24 .'
1592 4380 17 19 y-

668 1001 67 46 H.
763 1000 272 47 LAMING

719 1101 250 44 Saddler

791 1189 107 33 and

592 1242 260 49 HARNESS
891 1242 204 46 MAKER

734 1319 67 24 Near
820 1318 142 32 Saleyards.

677 1395 339 40 OXFORD.

581 1478 114 31 Orders
710 1479 62 29 and
802 1479 118 38 repairs
956 1478 155 40 promptly

579 1520 59 30 and
653 1520 106 40 neatly
774 1520 150 29 executed
950 1523 32 25 at
1007 1519 104 30 lowest

800 1569 92 21 rates.

675 1644 143 30 HOESE
842 1643 169 31 COVERS

600 1726 89 30 made
705 1731 31 25 to
752 1727 91 29 order
858 1726 61 30 and
945 1726 149 40 repaired.

621 1799 21 20 A
652 1799 64 20 stock
725 1799 22 20 of
756 1799 67 21 horse
834 1798 122 21 medicines
966 1804 29 14 on
1005 1798 68 25 hand,

647 1853 164 21 SOLOMON'S
837 1853 148 21 SOLUTION
1011 1853 37 21 &c.

579 1985 53 46 G.
655 1983 71 45 W.
749 1982 42 46 J.
813 1980 298 48 PARSONS

598 2088 316 45 MONUMENTAL
929 2087 164 42 MASON.

660 2159 60 25 Begs
729 2159 26 20 to
764 2164 117 14 announce
890 2157 54 21 that
953 2157 29 20 he
992 2157 42 19 has

609 2213 148 24 removed
762 2215 33 21 to
805 2211 40 25 56
854 2212 61 24 and
923 2211 40 24 58
975 2210 107 25 MAN-

669 2270 188 26 CHESTER
869 2269 156 26 STREET

696 2339 128 31 {Opposite
840 2337 63 26 Scot.
916 2336 82 33 Bros.)

580 2408 78 28 Every
681 2406 141 30 description
845 2406 27 28 of
893 2404 157 24 monumental
1067 2404 44 23 and

593 2467 90 24 marble
696 2467 63 23 work,
773 2466 101 24 excuted
894 2469 25 20 at
931 2466 78 23 lowest
1028 2469 70 20 rates.

714 2531 128 32 Telephone
863 2532 47 27 No.
926 2531 56 24 682.

714 2608 93 30 Oxford
817 2607 79 32 Agent

770 2670 31 23 R.
819 2669 35 23 H.
873 2667 143 25 PARISH.

566 2735 2 11 i

650 2821 52 44 G.
764 2818 290 47 SMITH.

590 2920 107 44 ZINC,
722 2919 87 45 TIUT,
835 2919 107 38 AND'
960 2916 143 41 SHEET

659 3000 136 42 STEEL
810 2999 220 42 WORKER.

598 3085 81 41 HIGH
698 3085 139 38 STREET.
857 3084 83 38 EAST
955 3083 138 38 OXFORD.

576 3178 44 23 All
630 3178 82 23 Kinds
724 3178 31 28 of
760 3177 92 30 Pumps
862 3176 79 23 Fixed
951 3175 50 24 and
1011 3175 100 30 Repair-

684 3242 28 23 ed
724 3244 28 21 at
764 3241 36 23 the
812 3240 101 24 shortest
924 3241 83 25 notice,

603 3370 71 45 W.
707 3371 66 44 H.
806 3368 285 47 ALFORD.

577 3594 48 21 WO
630 3593 97 20 RKING
737 3593 11 20 J
753 3591 18 19 E
775 3590 106 22 WELLE
886 3591 25 24 R,
926 3590 69 21 OPTI
999 3590 30 20 CI
1031 3589 41 21 AN
1082 3589 29 21 &c.

646 3652 174 32 Main
856 3649 220 40 s-tx»@@t,

583 3826 168 38 Jewellery
766 3825 33 28 of
815 3834 97 28 every
927 3822 184 39 description

620 3887 87 30 made
722 3890 32 26 io
769 3886 101 35 order,
893 3883 118 31 altered
1026 3883 62 30 and

775 3944 151 40 repaired.

753 4000 55 5 —
813 3999 6 5 .
830 3992 40 18 ■«»

584 4029 103 48 Pipes
701 4026 172 40 mounted
884 4026 71 38 and
963 4024 148 50 repaired

585 4095 59 41 Old
660 4095 81 40 Gold
756 4095 71 40 and
843 4094 111 40 silver

668 4165 138 33 Spectacles
823 4168 21 19 to
862 4165 47 22 suit
926 4164 37 23 all
980 4163 76 33 sights

582 4246 79 30 Agent
663 4245 47 31 for
720 4243 101 25 Adam's
831 4242 60 26 Star
908 4242 70 31 Cycle
992 4241 119 33 Company

646 4299 77 31 W.
751 4298 52 32 H.
833 4295 227 37 ALFORD

708 4377 2 4 .
836 4351 130 30 Oxford,

146 42 21 15 to

82 127 83 55 Sg

81 200 84 50 fe:g
219 192 22 38 §

80 430 40 25 fe,
143 433 21 18 h!
183 431 56 19 wW

80 441 83 31 So
218 451 20 20 W

80 468 29 12 *—
109 468 10 11 *
141 471 20 16 c
218 474 21 13 m

77 667 38 21 Ul
139 670 20 22 3

157 1423 269 47 NOTICE.

52 1524 117 45 JOB
185 1520 350 47 PRINTING.

40 1613 115 45 JOB
185 1609 368 49 PRINTING!

85 1691 173 32 OXFORD
291 1687 225 34 OBSERVER

110 1764 163 40 Machine
310 1761 172 50 Printing

202 1809 179 42 WORKS.

75 1860 96 24 MAIN
188 1857 146 28 STREET,
365 1854 150 27 OXFORB.

132 1926 89 24 FINE
238 1922 185 26 PRINTING.

49 1968 42 38 In
104 1976 73 39 any
192 1963 154 49 Variety
362 1971 36 28 or
418 1959 112 47 Style.

25 2109 39 38 m
79 2117 82 30 new
176 2105 71 40 and
263 2103 122 40 chaste
406 2101 154 51 designs.

174 2160 52 39 ss.
256 2168 61 40 per
341 2157 72 37 doz.

110 2204 207 42 Statement
334 2201 128 44 Heads,

108 2264 79 39 Ball
202 2263 257 49 Programmes,

108 2313 151 40 Posters,
286 2307 198 44 Handbills,

108 2368 190 45 Billheads,
326 2366 163 48 Cheques,

106 2429 124 40 Letter
246 2425 69 41 and
329 2424 89 40 Note
432 2421 128 47 Heads,

111 2486 182 42 Circulars,
320 2483 136 42 Menus,

60 2544 221 50 Catalogues,
308 2540 56 38 &c.
384 2538 57 39 &c.
468 2537 61 39 &c.

66 2606 78 31 New
161 2603 24 31 si
192 2603 63 29 vies
270 2601 32 30 m
317 2599 131 39 visiting-
463 2597 61 30 and

164 2660 139 30 business
326 2656 99 31 cards.

25 2721 73 39 The
110 2716 139 41 newest
275 2713 116 49 styles
406 2711 38 38 m
458 2710 102 49 types

104 2774 69 41 and
200 2767 284 44 ORNAMENTS.

68 4090 122 48 From
208 4090 55 49 Is.
284 4102 71 47 gor
389 4089 147 48 Umn.

266 4166 43 21 AT

47 4356 192 35 EAST
260 4356 296 35 OXFORD
