3530 4580
40 163 21 18 to'
148 162 2 1 ■
164 169 1 1 ■
251 162 2 2 ■
327 167 23 14 .-.
447 166 2 6 :
606 166 7 3 •■

67 193 134 37 commit,
240 204 66 21 was
331 196 53 30 the
409 200 139 26 outcome
578 196 34 30 of

65 234 177 30 inordinate
307 236 172 31 selfishness
546 238 62 28 and

67 276 118 39 greed?
228 276 45 31 As
289 281 33 26 to
350 287 62 29 any
440 288 167 29 compunc-

66 318 66 28 tion
144 317 33 29 of
191 318 190 37 conscience,
411 329 40 19 on
478 322 131 27 account

68 357 34 29 of
115 358 48 28 his
191 358 161 39 misdeeds,
353 376 42 4 —
395 358 98 32 None.
550 358 57 31 His

68 407 144 30 compeer
236 399 32 29 m
293 399 89 39 guilt.
447 399 66 31 The
541 400 67 30 Rev

67 438 135 30 Dawson
218 438 113 36 Burns,
348 449 62 20 was
438 440 125 40 equally
574 450 33 20 as

67 478 72 36 bad,
160 479 63 29 and
238 479 108 39 acting
370 490 34 20 as
434 481 173 38 Secretary,

70 521 34 27 to
127 518 54 31 the
217 518 134 41 Society,
381 521 120 39 opened
526 522 83 29 their

66 560 153 39 meetings
241 560 77 30 with
340 571 122 29 prayer,
498 561 109 30 thank-

68 602 56 38 ing
159 601 69 30 God
263 601 52 30 for
349 602 173 40 bestowing
558 603 48 29 his

67 642 139 40 blessing
237 652 84 30 upon
339 642 83 31 their
439 643 166 30 undertak-

66 684 65 39 ing,
143 687 34 26 at
190 684 54 30 the
259 694 84 20 same
367 684 75 29 time
459 684 148 39 knowing

67 724 86 39 right
167 725 80 35 well,
267 725 71 29 that
372 724 173 31 thousands
576 725 35 28 of

40 780 5 11 r
69 765 82 30 their
177 766 174 29 fellowmen
396 776 80 19 were
513 766 94 38 being

60 800 128 44 Truelly
200 805 114 30 robbed
337 805 34 30 of
383 805 83 30 their
480 806 50 28 all:
574 805 31 28 It

66 837 235 47 is^atisfactory
317 849 31 25 to
360 846 95 34 learn,
472 856 75 19 even
574 850 31 24 at

66 884 65 29 this
146 884 79 36 date,
242 884 71 30 that
329 896 19 19 a
362 886 115 29 second
491 885 114 30 edition

66 924 35 29 of
114 925 102 35 fraud,
231 925 27 30 is
273 925 98 40 likely
392 929 34 26 to
448 927 38 28 be
510 927 94 28 intro-

66 965 103 30 duced
183 970 31 25 to
243 965 55 30 the
326 966 126 30 readers
481 967 33 28 of
528 966 77 30 New

66 1004 143 37 Zealand,
233 1006 81 36 who,
343 1018 46 19 we
417 1007 96 37 thiuk,
541 1007 63 30 will

67 1049 58 26 not
138 1047 118 30 lament
282 1048 69 30 that
379 1051 86 27 stern
490 1048 114 39 justice

65 1087 57 29 has
145 1092 32 25 at
214 1088 110 40 length
355 1089 63 30 laid
452 1089 56 30 her
536 1089 68 29 iron

64 1127 84 31 hand
165 1138 82 29 upon
277 1140 57 19 one
356 1130 69 28 who
452 1131 27 28 is
514 1130 32 28 m
564 1139 40 18 no

65 1168 76 30 wise
162 1169 131 30 inferior
315 1174 31 23 to
381 1169 54 29 the
472 1169 130 38 original

66 1209 96 30 Jabez
171 1210 74 29 Balf
247 1219 65 20 our.

144 1374 111 25 PARTY
275 1374 251 25 GOVERNMENT.

100 1477 31 23 In
144 1476 44 26 the
199 1477 95 24 Review
307 1477 32 30 of
343 1477 108 24 Reviews
462 1476 69 24 there
542 1476 20 24 is
574 1484 33 16 an

68 1516 85 26 article
181 1516 32 32 by
242 1517 44 25 tbe
305 1516 69 26 Hon.
387 1516 24 26 J.
425 1516 30 26 A.
468 1516 138 30 Cockburn,

68 1555 116 24 Minister
204 1554 38 25 for
260 1554 141 25 Education
426 1554 27 26 S.
466 1554 29 24 A.
508 1562 33 17 on
564 1554 43 25 the

67 1594 125 32 question.
258 1594 94 26 Should
364 1594 43 25 the
430 1593 106 26 Cabinet
556 1603 51 24 sys-

68 1636 51 23 tem
130 1634 32 24 be

101 1672 56 25 The
169 1672 82 25 writer
272 1672 83 25 shows
374 1672 87 32 briefly
491 1672 55 25 how
566 1672 43 26 the

68 1710 96 30 system
176 1709 139 31 originated
327 1709 51 24 and
397 1709 141 31 developed,
559 1709 50 24 and

67 1748 69 24 what
148 1756 42 16 are
202 1747 44 25 the
269 1748 69 24 main
347 1750 146 30 arguments
512 1749 96 31 against

66 1787 30 24 it.
132 1787 54 24 The
198 1787 117 25 essential
324 1787 96 26 feature
428 1788 26 25 of
460 1788 43 25 the
512 1788 97 25 British

67 1826 172 26 Constitution
268 1827 47 26 lies
336 1827 29 25 m
421 1827 33 26 its
482 1836 81 23 power
585 1828 25 25 of

68 1864 148 32 adoptation
242 1867 26 23 to
286 1865 50 25 suit
364 1865 43 25 the
430 1867 178 31 requirements

67 1902 51 25 and
129 1911 116 23 pressure
258 1904 26 24 of
291 1904 44 24 the
474 1904 36 25 Its
522 1904 85 32 plasti-

67 1943 52 32 city
129 1944 23 24 is
162 1943 35 25 its
219 1944 147 31 perfection.
417 1944 72 26 Prior
516 1946 26 24 to
565 1944 43 25 the

67 1986 214 22 commencement
293 1984 27 24 of
329 1984 44 24 the
394 1984 144 31 eighteenth
550 1992 56 16 cen-

47 2022 79 32 *£ury
138 2020 44 24 the
193 2021 129 24 ministers
334 2029 63 17 were
418 2023 90 23 chosen
520 2021 33 32 by
564 2022 44 24 tbe

68 2058 143 32 Sovereign,
225 2058 50 25 and
287 2067 27 17 so
338 2067 64 16 were
425 2059 133 25 amenable-
583 2061 25 23 to

66 2098 63 24 him.
176 2098 83 25 About
268 2098 43 25 the
328 2098 50 25 end
400 2099 27 24 of
448 2098 45 25 the
515 2098 92 27 Seven-

67 2137 88 24 teenth
167 2137 110 31 Century
288 2138 92 30 parties
392 2146 68 16 came
472 2140 24 21 to
517 2138 30 25 be
566 2139 40 24 de-

66 2174 76 29 fined,
167 2173 51 25 and
235 2174 72 25 while
332 2174 42 25 the
399 2175 133 33 Sovereign
555 2176 53 25 still

67 2212 93 25 elected
172 2212 43 25 the
227 2212 131 31 ministers,
371 2213 33 25 he
420 2222 48 17 was
481 2214 82 25 forced
574 2214 34 32 by

66 2252 195 26 circumstances
273 2253 26 25 to
317 2253 77 25 select
405 2253 68 26 them
485 2254 63 25 from
561 2263 47 17 one

66 2292 80 29 party,
159 2290 78 24 either
249 2290 75 31 Whig
335 2298 28 16 or
375 2291 71 31 Tory.
482 2292 51 24 The
547 2293 59 24 Sov-

67 2329 92 31 ereign,
174 2330 51 24 still
236 2330 112 31 presided
362 2330 45 25 but
425 2331 70 25 when
508 2332 99 31 George

66 2366 14 25 I
98 2373 70 18 came
180 2368 26 23 to
228 2367 44 25 the
284 2374 82 19 crown
384 2368 27 25 of
417 2368 127 33 England,
557 2370 51 25 and

68 2414 52 17 was
132 2406 89 25 unable
235 2408 25 23 to
273 2407 75 31 speak
360 2408 119 31 English,
500 2409 50 24 and
569 2410 39 24 his

68 2444 127 25 Ministers
206 2453 61 16 were
274 2445 92 25 unable
374 2450 26 21 to
408 2448 76 30 speak
497 2447 109 25 German

67 2482 43 24 the
124 2483 134 31 Sovereign
280 2484 87 23 ceased
387 2485 26 24 to
430 2485 97 31 preside
550 2493 58 18 over

66 2520 44 25 the
122 2520 115 31 Cabinet,
251 2521 49 25 and
312 2522 42 24 the
366 2521 126 26 Ministers
515 2523 26 25 of
562 2524 44 24 the

66 2559 96 33 Crowp,
176 2560 63 26 have
262 2561 68 25 since
350 2561 61 25 been
432 2561 129 27 Ministers
581 2565 27 22 of

52 2599 168 36 JEarliament
231 2608 23 16 01
270 2600 26 24 of
306 2600 44 25 the
362 2602 82 30 larger
457 2601 26 25 of
493 2604 40 23 the
546 2603 59 24 Par-

65 2637 48 25 ties
124 2637 27 24 m
173 2637 164 25 Parliament.
384 2639 54 24 The
461 2640 79 25 result
559 2641 47 25 has

138 2676 57 23 tbat
206 2676 98 24 instead
315 2676 29 24 of
360 2676 44 25 the
416 2681 105 28 country
532 2678 74 32 being

65 2713 124 31 governed
199 2713 31 31 by
243 2713 43 25 the
294 2714 156 30 parliament,
458 2715 21 24 it
487 2715 47 25 has
543 2716 63 25 been

63 2752 125 31 governed
200 2753 33 31 by
249 2752 42 25 the
303 2753 81 31 larger
406 2754 27 25 of
453 2754 43 25 the
513 2756 93 31 parties

63 2798 28 24 m
103 2792 57 25 that
169 2793 133 32 assembly,
312 2794 50 24 and
369 2796 142 24 sometimes
521 2796 33 31 by
562 2797 44 25 the

63 2831 106 25 Cabinet
181 2833 80 23 alone.
298 2832 53 24 One
362 2834 74 30 party
454 2833 74 26 binds
540 2834 68 25 itself

63 2878 26 17 to
119 2879 93 23 oppose
240 2872 35 24 all
298 2872 56 25 that
377 2872 44 25 the
440 2873 73 25 other
533 2876 73 31 party

63 2911 66 29 does,
144 2911 49 25 and
206 2920 15 16 a
232 2913 131 31 perpetual
381 2914 108 31 wrangle
512 2914 22 25 is
547 2914 59 32 kept

62 2959 34 23 up
109 2959 26 16 as
146 2956 26 20 to
184 2951 57 26 who
254 2952 63 25 shall
326 2960 94 24 occupy
429 2953 43 25 the
483 2954 122 31 Treasury

61 2989 114 26 benches.
242 2991 52 24 The
317 2991 131 29 members,
473 2992 27 24 m
521 2993 85 32 giving

61 3027 65 25 their
134 3030 69 24 votes
222 3037 42 17 are
277 3031 45 23 not
334 3029 117 26 actuated
463 3030 31 31 by
517 3031 93 30 regard,

60 3067 38 25 for
110 3068 43 25 the
165 3069 86 29 public
264 3069 98 26 welfare
374 3078 5 20 ;
393 3070 38 25 for
454 3071 44 25 the
515 3072 52 25 fact
579 3074 26 22 of

60 3116 50 24 any
117 3110 116 30 proposal
246 3109 75 33 being
332 3109 110 33 brought
453 3111 106 25 forward
571 3112 32 31 by

54 3153 28 17 .a*
88 3146 170 25 Government
266 3147 23 24 is
303 3147 123 25 sufficient
436 3149 25 24 to
470 3157 85 16 secure
565 3150 38 23 for

59 3187 20 23 it
92 3187 26 23 at
131 3194 60 17 once
204 3195 33 16 an
249 3187 132 31 organised
393 3187 51 24 and
456 3188 148 32 implacable

223 3226 50 24 and
298 3226 59 27 this,
378 3234 33 17 no
433 3229 92 22 matter
548 3227 56 25 how

59 3263 145 25 reasonable
216 3271 27 17 or
256 3263 186 32 advantageous
452 3266 42 23 the
501 3273 101 24 propos-

59 3301 24 23 al
97 3309 58 23 may
574 3313 4 4 •

94 3337 80 27 •The
187 3339 80 25 whole
280 3339 112 32 political
410 3341 159 32 atmosphere
580 3342 23 25 is

58 3380 104 24 vitiated
181 3380 33 31 by
226 3382 73 29 party
311 3380 98 31 feeling.
456 3381 22 23 A
504 3382 98 24 Section

58 3418 26 23 of
96 3417 43 24 the
150 3418 101 30 leading
261 3417 125 24 members
398 3418 28 25 of
444 3418 159 26 Parliament

58 3456 75 23 strive
146 3457 25 22 to
186 3455 44 24 the
253 3455 54 24 best
330 3455 27 25 of
378 3456 64 24 their
464 3456 88 32 ability
560 3459 42 32 .;^o

57 3501 73 23 carry
142 3500 33 17 on
188 3493 42 24 the
245 3493 113 25 business
371 3495 27 23 of
420 3494 50 29 the;
486 3493 119 36 country'"}'

58 3533 107 24 another
188 3533 92 24 section
305 3533 27 24 of
356 3533 122 25 members
492 3535 28 26 .is
543 3543 62 18 con,-.

58 3571 94 32 stantly
165 3571 112 32 engaged
300 3571 27 23 m
357 3572 149 32 preventing
529 3573 71 25 them

59 3609 73 30 doing
146 3616 36 16 so.
231 3608 181 31 Stonewalling
440 3610 115 25 becomes
587 3620 15 16 a

57 3646 89 24 virtue.
181 3646 120 24 Personal
318 3646 135 30 animosity
465 3646 50 25 arid
538 3649 63 23 vitu-

58 3685 115 31 peratioti
185 3693 40 17 are
235 3685 44 24 the
291 3686 70 23 order
372 3685 27 24 of
409 3686 42 24 the
472 3686 56 32 day,
552 3687 49 25 and

175 3723 67 24 often
266 3723 152 25 Parliament
440 3723 111 28 becomes
574 3726 27 24 m

54 3763 49 29 4he
112 3761 79 24 words
199 3760 28 25 of
234 3760 116 25 Goldwin
361 3761 83 24 Smith
458 3766 5 10 '
470 3762 43 24 the
522 3765 79 29 grand

61 3799 99 30 cockpit
173 3799 26 24 of
215 3798 43 24 the

95 3850 34 23 As
140 3849 79 23 stated
233 3847 84 31 above,
331 3849 131 32 originally
474 3851 126 25 ministers

60 3894 64 18 were
142 3885 145 26 nominated
305 3886 76 32 solely
392 3886 33 32 by
448 3888 44 25 the
504 3889 96 29 Crown,

60 3926 47 24 but
119 3933 61 16 even
194 3925 39 24 the
246 3925 98 25 earliest
352 3926 162 30 parliaments
523 3928 77 25 clam-

61 3965 77 25 oured
150 3964 37 25 for
200 3965 41 24 the
254 3966 95 24 control
369 3965 26 26 of
405 3966 64 25 their
488 3969 112 31 appoint-

60 4006 69 23 ment
142 4013 6 21 ;
172 4003 37 25 for
230 4004 128 25 Ministers
376 4006 80 24 would
476 4009 124 30 naturally

62 4045 55 29 give
134 4043 66 25 their
212 4044 133 30 allegiance
356 4047 26 22 to
390 4045 43 24 the
446 4054 83 17 source
536 4048 64 25 from

62 4082 81 24 which
157 4083 58 30 they
232 4085 43 27 got
287 4083 62 24 their
376 4092 87 22 power.
512 4086 88 25 Minis-

41 4130 15 16 l
62 4123 50 21 tecs
125 4126 55 17 now
192 4121 42 28 get
246 4120 63 22 thnir
324 4128 81 22 power
416 4121 61 25 from
490 4131 15 16 a
522 4126 79 29 party,

63 4158 52 25 and
127 4158 28 25 of
164 4165 87 17 course
262 4158 55 32 give
329 4160 54 26 that
394 4165 71 28 parly
477 4161 68 27 their
566 4164 35 25 al-

58 4196 125 34 Jfpgiancfl.
232 4199 70 24 Were
326 4200 59 33 they
413 4203 132 31 appointed
562 4204 38 25 in-

63 4235 136 32 dividually
223 4243 26 23 *>y
270 4236 149 28 Parliament
441 4240 58 31 they
522 4242 79 24 would

64 4267 55 41 g*tve
131 4274 66 26 their
206 4276 132 33 allegiance
349 4280 23 23 to
381 4279 159 34 parliament,
552 4282 49 25 and

64 4322 28 17 so
105 4316 25 23 to
140 4314 42 24 the
190 4316 113 30 country.

98 4351 52 25 The
291 4354 22 24 is
327 4354 62 28 that,
413 4357 26 23 at
451 4356 44 25 the
517 4358 84 31 begin-

64 4392 62 30 ning
138 4392 25 24 of
175 4392 59 23 each
248 4393 91 24 session
352 4394 128 26 Ministers
491 4396 31 25 be
529 4397 72 25 elect-

65 4431 38 31 eel,
114 4438 33 18 on
161 4430 43 25 tho
216 4433 68 24 votes
296 4433 26 24 of
340 4434 42 25 the
395 4435 116 32 majority
523 4436 27 26 of
560 4437 41 25 the

51 4495 3 2 .
63 4468 133 29 members,
215 4471 26 22 to
263 4470 62 24 their
348 4473 134 29 respective
510 4474 91 26 offices.

637 189 43 25 An
692 190 112 26 absolute
814 189 116 32 majority
942 189 25 24 of
976 190 70 24 votes
1053 189 84 25 would
1145 189 29 24 be

637 228 111 31 required
776 228 38 24 for
842 228 59 24 each
929 226 113 25 member
1069 227 103 25 elected.

637 264 53 25 The
708 266 87 24 House
807 266 80 24 would
899 266 60 23 thus
970 264 30 25 be
1013 264 55 26 able
1081 267 27 23 to
1126 265 46 25 sel-

637 306 37 24 ect
686 305 43 25 the
747 306 55 24 be3t
813 313 59 17 men
884 305 38 24 for
933 304 59 25 each
1005 304 78 25 office.
1119 305 54 24 The

636 352 56 17 area
703 344 28 26 of
750 345 118 25 selection
891 344 78 25 would
992 343 31 26 be
1046 344 126 32 enlarged,

636 384 41 24 the
689 384 127 25 ministers
835 384 75 30 being
931 381 92 26 chosen
1046 383 66 25 from
1130 384 43 24 the

635 423 80 25 whole
727 423 98 26 instead
837 424 27 24 of
869 424 64 23 from
945 431 14 16 a
971 424 66 30 part.
1084 423 87 24 Minis-

635 461 51 24 ters
710 461 73 32 being
798 460 164 32 individually
991 460 130 25 amenable
1147 463 26 22 to

635 499 162 30 Parliament,
811 499 82 26 would
905 499 62 25 have
983 499 64 25 their
1058 506 71 18 sense
1148 499 26 23 of

635 538 183 31 independence
846 538 135 29 increased,
1011 538 49 24 and
1090 538 83 25 would

635 576 139 25 endeavour
797 579 26 23 to
846 577 93 31 qualify
962 576 151 26 themselves
1136 577 37 24 for

635 614 65 24 their
712 615 81 24 offices
805 615 32 30 by
847 614 127 31 acquiring
986 614 44 24 the
1040 622 131 22 necessary

635 649 148 34 knowledge,
797 651 82 26 rather
893 652 61 24 than
966 651 33 33 by
1010 651 163 33 establishing

635 689 86 25 claims
741 689 38 25 for
802 690 103 25 services
932 689 120 25 rendered
1074 692 27 23 to
1124 697 48 23 any

633 736 90 24 person
734 737 28 16 or
773 731 81 30 party.
901 727 129 28 Measures
1050 729 82 26 would
1144 731 29 23 be

633 766 102 25 decided
746 774 33 17 on
793 767 63 24 their
866 767 96 28 merits,
981 767 51 24 and
1049 768 123 24 members

634 805 79 25 would
725 806 28 24 be
776 806 50 24 free
844 807 26 23 to
893 809 57 21 vote
972 807 28 23 m
1023 807 149 24 accordance

633 842 62 24 with
704 843 66 24 their
778 844 84 24 views.
898 843 143 25 Individual
1065 844 107 24 election

633 882 83 24 would
739 882 110 25 increase
872 882 45 25 the
938 882 185 31 responsibility
1146 884 27 23 of

822 921 34 25 At
867 923 99 29 present
988 922 185 31 responsibility

632 959 22 25 is
663 959 91 26 evaded
762 960 105 25 because
875 960 43 25 the
928 969 98 24 secrecy
1035 961 27 25 of
1067 961 106 25 Cabinet

633 1000 53 24 acts
695 1007 28 17 as
734 1007 14 16 a
760 1007 86 18 screen
858 1000 50 25 and
920 1001 142 32 frequently
1073 1001 100 25 aeither

632 1038 149 32 parliament
792 1047 47 19 nor
848 1040 44 25 the
901 1040 84 32 public
994 1048 43 18 can
1047 1041 125 25 ascertain

632 1078 83 25 which
726 1080 127 25 ministers
860 1087 42 17 are
910 1080 155 32 responsible
1072 1081 39 24 for
1122 1089 51 23 any

632 1118 71 30 given
719 1120 90 24 action.
855 1119 40 25 No
906 1120 115 25 minister
1041 1120 83 25 would
1142 1120 31 25 be

632 1157 80 25 called
724 1165 65 24 upon
807 1160 26 23 to
846 1159 99 28 defend,
969 1167 28 17 or
1014 1160 27 25 to
1063 1161 110 30 attempt

628 1199 31 21 to
667 1195 97 33 justify,
777 1199 104 27 actions,
898 1198 83 25 which
1002 1199 28 24 m
1047 1199 41 25 his
1100 1199 73 24 heart

632 1235 33 25 he
676 1236 145 30 condemns;
833 1237 51 24 and
904 1237 126 26 ministers
1042 1242 45 21 nol
1098 1237 73 33 being

633 1275 136 31 compelled
781 1277 26 24 to
819 1278 56 23 vote
884 1277 60 24 with
956 1278 67 24 their
1030 1278 142 32 colleagues

633 1322 35 17 we
677 1315 90 24 should
778 1315 31 24 be
821 1315 89 33 spared
922 1316 44 24 the
978 1319 121 29 spectacle
1120 1319 26 24 of
1157 1326 16 17 a

633 1354 111 25 member
755 1355 66 24 from
839 1355 44 24 the
906 1355 124 33 Treasury
1054 1356 117 31 benches,

633 1394 150 33 exhausting
793 1395 39 25 his
849 1403 95 23 powers
965 1396 27 25 of
1002 1397 132 31 eloquence
1145 1398 28 24 m

634 1432 87 25 favour
732 1432 28 25 of
776 1440 15 17 a
813 1440 124 22 measure,
961 1433 84 26 which
1066 1435 107 31 perhaps

635 1471 57 30 only
703 1479 16 15 a
729 1470 70 26 short
811 1472 58 23 time
878 1470 91 30 before,
978 1471 33 25 he
1018 1480 50 17 was
1075 1472 99 33 fiercely

635 1508 155 33 denouncing
801 1509 64 26 from
876 1509 44 26 the
932 1510 74 26 other
1018 1510 52 26 side
1088 1511 27 25 of
1132 1513 42 25 the

670 1587 37 25 To
719 1587 73 33 bring
803 1589 77 24 about
891 1588 44 25 the
947 1590 106 25 election
1065 1591 28 24 of
1108 1590 67 25 Min-

636 1625 82 30 isters,
729 1634 35 17 no
775 1626 132 26 alteration
929 1627 27 24 of
973 1636 47 17 our
1048 1629 127 26 Constitu-

637 1665 53 24 tion
702 1665 60 25 Acts
774 1666 21 24 is
824 1665 121 32 required,
971 1667 42 24 but
1042 1668 94 30 merely
1160 1676 16 16 a

637 1703 96 32 change
744 1703 28 25 of
780 1706 107 24 custom.
929 1704 56 26 The
1008 1713 88 18 names
1119 1708 56 23 sub-

637 1741 86 25 mitted
745 1743 26 23 to
788 1742 44 25 the
849 1742 171 26 Government
1042 1744 82 25 would
1147 1745 29 25 be

636 1780 74 26 those
721 1781 26 25 of
761 1782 126 25 members
900 1783 93 25 elected
1005 1784 32 32 by
1056 1784 66 26 their
1132 1785 43 25 fel-

636 1820 48 25 low
694 1820 208 31 representatives
913 1821 98 25 instead
1034 1822 26 26 of
1079 1823 33 32 by
1132 1824 44 24 the

636 1858 119 26 Premier.
791 1860 126 26 Removed
929 1862 65 24 from
1008 1865 73 29 party
1099 1865 76 23 tram-

636 1900 62 23 mels
718 1907 36 17 we
767 1900 65 25 shall
844 1900 30 26 be
886 1909 33 17 on
939 1909 15 17 a
966 1902 59 25 road
1049 1902 32 32 by
1093 1904 81 25 which

635 1937 153 27 Parliament
799 1947 47 17 can
863 1940 110 25 advance
985 1944 26 22 to
1030 1940 42 26 the
1084 1944 91 23 attain-

637 1980 67 22 ment
715 1978 28 24 of
748 1979 33 24 its
795 1979 113 25 ultimate
921 1980 61 24 ideal
995 1989 5 15 :
1031 1990 15 15 a
1064 1982 111 25 Govern-

635 2017 70 22 ment
714 2018 27 21 of
751 2016 43 25 the
811 2018 94 30 people,
918 2018 38 25 for
969 2018 42 25 the
1035 2020 95 31 people,
1145 2021 31 31 by

636 2051 43 25 the
691 2053 94 31 people.

962 2102 146 26 Bernardo.

744 2257 104 25 PRICE
868 2258 44 24 OF
930 2259 126 23 WHEAT.

668 2357 54 25 The
734 2358 89 32 figures
836 2359 72 32 given
920 2360 32 32 by
975 2362 44 24 the
1032 2362 141 32 Registrar-

635 2400 108 25 General
752 2401 27 24 m
792 2402 120 25 reference
924 2405 26 23 to
962 2412 45 16 our
1018 2405 57 25 food
1087 2407 87 31 supply

635 2452 42 16 are
688 2446 83 23 rather
792 2446 125 31 startling.
971 2448 97 33 Briefly^
1086 2451 87 27 stated,

634 2487 32 25 he
678 2495 57 24 says
748 2489 56 25 that
816 2498 37 16 we
860 2489 64 26 have
933 2493 44 23 not
985 2493 99 31 enough
1096 2493 79 26 wheat

635 2533 25 22 to
672 2531 54 25 feed
739 2540 46 17 our
796 2541 55 16 own
873 2536 154 29 population,
1048 2537 48 24 and
1119 2538 55 24 that

633 2575 120 31 probably
764 2584 36 17 we
814 2577 63 24 shall
888 2578 64 24 have
965 2581 25 21 to
998 2578 92 32 import
1100 2581 75 24 about

633 2616 56 25 half
698 2625 15 17 a
726 2618 98 26 million
842 2620 99 25 bushels
953 2621 27 24 of
990 2621 28 25 it.
1065 2622 110 26 Victoria

633 2658 47 26 has
692 2668 65 17 none
769 2663 26 23 to
808 2670 79 24 spare,
902 2672 27 16 so
941 2664 44 24 the
1006 2665 168 30 probabilities

634 2710 41 18 are
699 2703 57 26 that
787 2705 71 25 there
878 2706 50 25 will
952 2707 28 24 be
999 2715 14 16 a
1032 2708 75 32 sharp
1125 2710 48 24 and

633 2745 95 26 sudden
740 2747 47 25 rise
801 2748 24 25 m
838 2748 42 25 the
893 2750 65 30 price
981 2750 28 25 of
1019 2752 81 24 wheat
1124 2754 49 24 this

633 2798 65 23 year.
734 2791 52 25 The
798 2801 68 17 news
879 2794 54 24 that
945 2794 69 26 there
1032 2796 21 24 is
1067 2804 13 16 a
1093 2797 81 25 short-

633 2841 46 24 age
690 2834 51 25 -will
752 2835 90 25 induce
854 2836 91 32 buyers
957 2839 26 23 to
995 2839 42 31 lay
1049 2840 26 23 m
1089 2841 83 24 stocks

633 2877 49 25 and
705 2877 41 25 the
759 2879 99 25 settlers
871 2880 50 24 will
929 2881 171 34 undoubtedly
1114 2883 59 26 hold

633 2922 44 23 out
689 2922 37 23 for
735 2922 81 25 better
826 2924 89 30 prices.
1023 2926 82 24 advise
1129 2935 45 16 our

633 2963 100 25 readers
742 2967 44 22 not
799 2968 26 21 to
837 2966 30 24 be
887 2968 26 21 m
938 2975 48 22 any
1009 2971 70 28 great
1096 2969 78 31 hurry

635 3007 25 22 to
673 3006 45 24 sell
727 3007 54 31 just
793 3015 63 23 now,
870 3008 45 25 but
927 3013 27 21 at
969 3018 46 24 auy
1027 3011 59 25 time
1094 3015 45 21 not
1149 3015 25 21 to

624 3049 70 26 'hold
710 3051 21 24 it
743 3052 42 24 too
811 3051 66 32 long,
903 3061 28 16 or
954 3053 57 25 look
1042 3056 37 23 for
1103 3055 70 32 fancy

633 3094 87 30 prices.
759 3094 89 25 Wheat
880 3103 58 23 may
967 3104 58 24 very
1054 3105 61 16 soon
1145 3098 29 24 be

633 3137 106 31 brought
759 3138 64 24 from
842 3138 117 24 America
979 3147 28 16 or
1035 3141 138 27 elsewhere,

632 3180 55 24 and'
705 3180 73 31 bring
801 3182 70 24 down
898 3181 43 25 the
966 3182 95 25 market
1090 3183 83 32 again.

633 3223 194 33 Unfortunately
844 3233 36 17 we
901 3232 42 18 are
967 3225 74 25 afraid
1063 3229 68 22 most
1150 3227 27 24 of

632 3266 44 25 the
687 3267 106 25 farmers
802 3268 64 24 have
879 3268 54 24 sold
946 3269 64 23 their
1020 3270 80 23 wheat
1108 3277 65 20 now,

632 3310 49 23 arid
692 3310 55 25 that
759 3311 41 24 the
813 3311 47 24 rise
882 3310 51 25 will
956 3316 43 19 not
1023 3312 31 25 do
1072 3312 102 31 general

630 3354 72 31 good.
755 3353 52 29 T,he
839 3354 142 25 merchants
1023 3356 52 24 who
1111 3356 63 24 have

632 3396 94 32 bought
738 3397 104 32 cheaply
854 3397 49 25 will
916 3397 73 25 alone
1004 3399 74 31 p-ofit
1091 3400 31 30 by
1145 3400 26 24 it.

621 3464 2 2 .
631 3439 131 30 However,
776 3440 34 31 by
823 3441 35 24 all
882 3443 118 22 accounts
1024 3442 70 25 there
1114 3443 22 24 is
1160 3451 14 16 a.

622 3479 125 35 'shortage
759 3484 34 24 all
817 3492 58 17 over
898 3484 43 25 the
962 3485 81 30 world,
1063 3487 48 23 and
1131 3487 43 24 the

630 3526 100 31 general
738 3526 150 26 indications
898 3527 88 25 favour
1006 3529 63 30 good
1093 3530 80 31 prices

630 3568 38 25 for
675 3571 65 24 'next
752 3573 80 28 year's
844 3578 81 25 crops.
964 3571 44 26 We
1027 3580 41 17 are
1080 3573 57 31 glad
1147 3576 26 23 to

630 3613 61 24 hear
703 3615 54 23 that
769 3615 104 24 farmers
886 3624 40 15 are
938 3617 76 31 going
1037 3617 26 24 m
1074 3617 98 32 heavily

630 3655 168 36 forjcropping
810 3658 50 23 this
871 3665 68 23 year,
953 3658 38 24 for
1003 3658 70 25 there
1086 3667 47 17 can
1143 3660 30 24 be

630 3706 58 25 very
700 3699 66 25 little
778 3700 78 26 doubt
879 3701 57 25 that
964 3705 62 21 next
1049 3703 123 26 harvest's

630 3749 57 28 crojj
698 3742 50 24 will
759 3744 45 24 sell
822 3744 65 26 well.

915 3789 106 23 Temuha
1036 3790 102 24 Leader.

648 3954 125 25 WATER
790 3954 43 25 AS
851 3954 22 24 A
885 3954 259 26 DISINFECTANT.

663 4047 25 24 It
700 4047 23 24 is
734 4056 16 16 a
761 4048 58 24 fact-
834 4049 57 24 that
914 4056 104 25 appears
1029 4053 27 21 to
1079 4050 32 24 be
1130 4053 42 21 not

630 4090 130 31 generally
768 4090 100 30 known,
892 4091 109 31 perhaps
1024 4090 105 27 because
1152 4092 20 26 it

630 4139 59 24 may
700 4133 46 24 not
769 4133 29 24 be
821 4133 128 32 generally
973 4133 119 32 credited,
1117 4134 55 26 that

629 4182 71 24 pure,
712 4175 76 30 fresh,
801 4176 57 25 cold
881 4178 76 24 water
968 4176 23 27 is
1011 4186 49 17 one
1080 4178 28 25 of
1129 4179 42 24 the

630 4220 67 23 most
717 4219 116 25 valuable
853 4219 28 26 of
900 4220 183 30 disinfectants,
1105 4222 66 25 inas-

630 4261 76 25 much
717 4269 29 17 as
768 4261 21 26 it
811 4262 23 25 is
857 4271 14 17 a
890 4263 121 31 powerful
1031 4264 140 26 absorbent.

630 4304 85 31 Every
727 4304 52 25 sick
783 4327 4 7 ;
790 4313 72 20 rqom
874 4307 92 25 should
989 4307 65 25 have
1077 4314 16 18 a
1104 4307 68 32 large

630 4346 114 26 vessel'of
754 4347 66 25 blear
829 4351 85 27 water,
926 4349 143 33 frequently
1080 4358 91 17 renew-

630 4389 40 29 ed,
679 4389 89 31 placed
779 4396 60 18 near
847 4390 43 25 the
902 4391 56 30 bed,
968 4401 28 16 or
1018 4400 62 17 even
1095 4394 77 24 under

630 4433 29 24 it.
695 4431 62 26 This
768 4434 46 24 not
825 4433 60 32 only
893 4433 226 29 absorbSTßuchof
1129 4436 43 26 the

630 4469 100 26 hurtful
740 4477 103 25 yapour,
855 4470 47 26 but
912 4471 33 34 by
956 4473 34 26 ita
1014 4474 157 33 eTaporTStHpn

1202 197 20 25 it
1234 197 92 26 softens
1337 199 51 25 and
1400 201 108 31 tempers
1519 200 44 25 the
1575 200 165 32 atmosphere,

1202 239 75 33 doing
1289 248 69 24 away
1370 242 64 25 with
1444 242 46 25 the
1509 242 104 32 dryness
1624 242 85 26 which
1719 243 23 25 is

1201 291 29 17 so
1241 284 86 31 trying
1338 284 51 24 and
1400 284 144 33 depressing
1555 288 26 23 to
1593 293 34 16 an
1637 286 103 29 invalid,

1201 334 28 16 or
1241 333 62 18 even
1315 328 27 23 to
1354 334 104 25 persons
1479 328 28 26 m
1528 328 85 25 health
1625 328 37 25 for
1684 328 57 25 that

1201 369 101 26 matter*
1336 369 25 25 It
1370 369 47 25 has
1425 369 140 33 frequently
1574 370 63 25 been
1645 371 94 29 shown,

1200 410 33 32 by
1253 411 82 25 actual
1358 413 161 30 experiment,
1543 413 58 25 that
1627 415 114 24 troubled

1201 454 67 31 sleep
1280 454 51 25 and
1342 455 147 26 threatened
1499 456 128 25 insomnia
1636 463 42 19 are
1687 464 53 18 cor-

1200 497 84 25 rected
1295 497 34 32 by
1352 505 28 18 so
1403 498 89 32 simple
1514 507 16 16 a
1552 499 75 32 thing
1646 508 28 16 as
1697 500 43 24 the

1200 541 102 32 placing
1313 542 27 23 of
1349 548 33 18 an
1394 549 64 24 open
1471 542 64 26 bowl
1546 543 28 25 of
1594 545 77 24 water
1681 542 61 27 hear

1201 583 44 26 the
1268 583 126 26 sufferer's
1406 585 56 25 bed.

1301 636 347 18 *****

1234 678 26 25 It
1270 679 23 25 is
1305 686 15 18 a
1338 682 71 30 great
1432 684 39 22 art
1488 683 28 24 to
1528 689 58 18 save
1606 691 16 17 a
1643 682 98 27 horse's

1200 722 116 32 strength
1337 723 108 26 without
1463 725 122 32 reducing
1604 726 41 25 his
1665 726 75 25 work.

1201 764 117 32 Trotting
1345 765 112 32 through
1486 767 80 32 sandy
1591 775 27 18 or
1647 768 95 33 muddy

1199 808 85 30 places
1295 808 51 24 and
1357 815 33 18 on
1403 809 80 31 rising
1493 809 89 32 grades
1594 809 121 27 exhausts
1726 818 16 18 a

1199 849 72 26 horse
1295 850 106 32 rapidly.
1454 851 34 25 In
1516 853 63 24 such
1603 852 84 32 places
1710 862 32 22 go

1201 891 92 33 slowly.

1429 938 132 25 Kaikoura
1575 938 68 26 Star.

1301 979 15 15 *
1385 979 15 17 •
1469 980 15 16 *
1552 982 15 14 *
1636 982 14 15 *

1235 1027 35 26 As
1279 1028 37 25 far
1327 1036 28 18 as
1366 1029 129 31 practical,
1509 1038 73 25 every
1594 1030 71 26 adult
1684 1039 59 25 may

1200 1066 32 25 be
1249 1068 98 25 trained
1359 1070 26 23 m
1397 1070 44 24 the
1453 1077 45 18 use
1518 1070 28 24 of
1567 1070 43 25 the
1632 1071 63 29 rifle,
1716 1079 27 17 so

1202 1110 56 25 that
1270 1110 93 26 should
1374 1112 115 25 occasion
1500 1112 66 25 arise
1578 1112 60 32 they
1660 1113 84 31 might

1202 1147 30 24 be
1248 1147 130 31 depended
1388 1156 69 23 upon
1469 1150 26 23 to
1507 1149 90 24 defend
1609 1150 67 25 their
1687 1158 57 18 own

1201 1183 104 26 hearths
1317 1184 52 25 and
1381 1185 94 25 homes.
1521 1186 26 25 If
1557 1194 45 18 our
1624 1187 120 26 National

1201 1225 95 29 system
1324 1224 26 25 of
1375 1225 132 26 education
1520 1234 64 17 were
1596 1234 68 17 more
1676 1234 66 18 com-
1750 1229 2 33 j

1201 1262 74 31 plete,
1289 1264 21 23 it
1323 1264 80 24 would
1413 1265 101 25 include
1538 1266 42 25 the
1596 1266 104 32 drilling
1719 1267 28 25 of

1201 1300 62 32 boys
1274 1301 50 25 and
1335 1309 104 24 prepare
1450 1304 72 24 them
1545 1305 28 25 to
1595 1304 30 26 be
1647 1305 98 26 further

1200 1338 140 26 instructed
1351 1341 27 23 m
1390 1341 112 32 military
1514 1343 90 25 tactics
1611 1343 64 25 after
1683 1344 61 33 they

1201 1376 46 27 left
1273 1378 95 26 school.

1304 1421 15 15 *
1388 1422 15 15 ♦
1472 1424 15 14 *
1556 1425 15 15 #
1639 1425 14 15 *

1235 1467 112 31 Apropos
1358 1466 27 26 of
1401 1467 42 25 Mr
1458 1468 97 33 George
1578 1469 166 28 Hutchison's

1203 1506 96 32 speech,
1313 1507 44 26 the
1368 1509 94 25 reward
1474 1510 28 25 of
1523 1512 44 23 the
1578 1511 68 31 truly
1657 1511 87 26 Liber-

1203 1544 25 24 al
1241 1545 138 25 statesmen
1397 1546 54 25 who
1477 1547 75 32 bring
1580 1549 56 26 into
1661 1551 84 24 actual

1203 1584 118 31 practical
1344 1587 130 30 operation
1497 1587 78 33 cheap
1597 1597 89 25 money
1708 1591 37 24 for

1203 1624 106 31 settlers,
1335 1625 98 26 shorter
1456 1627 77 25 hours
1551 1628 28 25 of
1599 1628 88 27 labour
1709 1630 36 25 for

1205 1670 57 17 men
1280 1663 51 25 and
1348 1672 102 21 women,
1461 1665 43 25 the
1516 1667 108 30 opening
1640 1668 27 23 of
1676 1668 69 30 large

1203 1700 92 25 estates
1309 1702 26 23 to
1354 1700 44 25 the
1410 1702 72 25 small
1493 1703 101 30 farmer,
1615 1704 72 25 relief
1707 1706 38 25 for

1203 1736 115 32 indigent
1330 1739 42 24 old
1383 1747 54 24 age,
1457 1741 49 24 and
1518 1742 141 31 equalising
1671 1743 73 31 legis-

1204 1775 80 26 lation
1312 1777 136 32 generally,
1467 1778 21 25 is
1509 1787 15 17 a
1552 1787 61 24 poor
1635 1782 110 30 pittance

1203 1814 73 25 when
1289 1815 27 24 m
1328 1816 78 29 office,
1420 1817 43 25 the
1480 1819 166 24 unmeasured
1668 1825 77 20 abuse

1204 1852 28 24 of
1241 1856 138 28 opponents
1391 1855 71 24 when
1486 1856 71 30 alive,
1582 1858 50 24 and
1657 1859 88 31 speedy

1204 1890 110 26 oblivion
1327 1892 72 25 when
1420 1893 70 25 dead.
1526 1894 55 26 The
1604 1897 93 24 reward
1721 1897 28 24 of

1203 1928 43 26 the
1258 1929 146 32 champions
1416 1932 28 24 of
1452 1932 144 33 plutocracy
1608 1934 22 25 is
1643 1936 26 23 to
1681 1935 30 24 sit
1719 1937 26 23 at

1203 1970 54 24 rich
1283 1972 81 24 men's
1396 1972 90 29 tables,
1516 1975 26 23 to
1560 1974 64 25 have
1641 1975 35 24 fat
1694 1976 51 25 fees

1204 2009 98 25 handed
1314 2010 69 25 them
1396 2012 62 24 from
1476 2013 62 24 time
1550 2016 25 22 to
1588 2015 70 28 time,
1672 2018 26 22 to
1716 2016 29 24 be

1204 2047 89 25 lauded
1309 2048 27 24 m
1361 2048 42 25 the
1425 2050 148 30 plutocrats'
1595 2059 77 24 pres?,
1697 2053 49 25 and

1203 2086 111 31 possibly
1326 2087 25 24 m
1364 2087 44 25 ihe
1420 2088 158 27 world-to-be
1585 2099 77 17 never
1673 2092 73 33 fairiy

1203 2124 109 24 revealed
1322 2126 25 23 to
1359 2125 42 24 the
1414 2126 84 32 people
1511 2128 60 31 they
1594 2129 99 25 ens'ave
1717 2131 27 23 m

1204 2163 66 25 their
1288 2165 55 23 true
1356 2165 105 25 colours.

1515 2206 126 30 Westport
1660 2208 85 25 Times.

1388 2349 178 27 WEDDING.

1236 2442 64 25 Last
1318 2443 123 33 Tuesday,
1457 2445 41 24 the
1519 2445 98 25 Roman
1633 2446 112 26 Catholic

1204 2484 101 26 Church
1318 2493 51 19 was
1382 2488 122 29 crowded,
1517 2488 43 25 the
1577 2490 113 26 occasion
1705 2491 39 25 be-

1203 2528 43 31 ing
1258 2529 42 25 the
1312 2531 124 31 marriage
1449 2532 27 24 of
1486 2532 40 24 Mr
1536 2533 114 25 William
1659 2535 87 24 Foster

1203 2577 26 19 to
1249 2573 61 24 Miss
1328 2573 101 25 Garlick
1460 2575 96 33 (eldest
1580 2576 121 33 daughter
1721 2579 26 24 of

1204 2615 42 24 Mr
1270 2616 30 25 F.
1326 2616 119 33 Garlick)

1238 2660 52 24 The
1303 2661 108 23 weather
1424 2669 49 17 was
1492 2663 35 24 all
1545 2663 56 24 that
1625 2664 72 24 could
1715 2664 29 25 be

1203 2702 104 25 desired.
1344 2703 52 25 The
1422 2703 68 25 bride
1503 2705 87 24 looked
1611 2707 133 31 charming

1203 2745 26 24 m
1240 2745 55 32 pale
1308 2755 74 23 green
1396 2747 69 25 dress
1486 2749 58 24 with
1565 2757 92 24 orange
1681 2750 63 26 blos-

1204 2797 67 17 soms
1283 2791 50 24 and
1346 2791 54 24 veil.
1436 2792 54 23 The
1502 2792 165 26 bridesmaids
1680 2803 63 16 were

1203 2833 89 24 Misses
1304 2834 31 24 L.
1347 2834 110 30 Garlick,
1472 2835 9 32 (
1490 2836 72 23 sister
1573 2836 27 24 of
1611 2837 42 24 the
1661 2837 82 33 bride)

1203 2876 125 29 Beamish,
1352 2877 105 26 Pavilka
1485 2879 49 25 and
1564 2880 96 30 Foster,
1684 2882 60 24 each

1202 2920 157 31 becomingly
1372 2922 98 23 attired.
1507 2923 21 22 A
1552 2923 68 31 large
1639 2924 105 25 number

1203 2963 27 24 of
1247 2964 91 22 friends
1352 2965 117 24 returned
1482 2966 25 23 to
1520 2966 41 23 Mr
1573 2966 29 24 F.
1624 2966 120 26 Garlick's

1203 3005 37 25 for
1262 3006 39 23 the
1322 3006 261 32 wedding-breakfast,
1615 3010 80 25 where
1730 3019 14 17 a

1204 3049 114 30 splendid
1330 3053 81 28 repast
1429 3060 50 16 was
1499 3055 95 27 spread.

1236 3092 98 32 During
1347 3093 42 25 the
1408 3095 106 31 evening
1543 3095 41 25 Mr
1607 3097 48 24 and
1691 3098 53 25 Mrs

1204 3133 99 25 Garlick
1315 3135 151 26 interfcained
1486 3146 14 15 a
1524 3139 68 31 large
1612 3141 132 32 gathering

1203 3179 26 24 of
1243 3179 100 24 friends.

1349 3315 71 24 THE
1441 3316 148 25 BICYCLE.

1236 3401 47 24 Old
1293 3401 64 25 Josh
1366 3402 160 25 Weodleman
1540 3405 103 30 stopped
1656 3405 32 31 by
1701 3405 43 26 the

1203 3441 120 29 roadside,
1337 3441 50 24 and
1410 3442 61 23 with
1496 3450 14 16 a
1528 3443 95 32 greatly
1640 3445 103 30 puzzled

1202 3485 44 29 air,
1261 3485 79 31 began
1354 3485 42 24 the.
1409 3485 138 31 in3pection
1561 3488 28 23 of
1607 3495 14 16 a
1650 3488 94 32 bicycle

1203 3528 64 24 from
1281 3528 82 24 which
1377 3536 14 16 a
1403 3536 85 24 young
1500 3537 56 16 man
1570 3530 48 24 had
1629 3530 54 31 just
1697 3532 45 24 Sis-

1201 3572 129 24 mounted.

1379 3616 49 25 call
1430 3616 6 11 :
1439 3624 34 24 ng
1504 3617 42 24 the
1571 3626 84 22 young
1683 3626 60 17 man

1229 3659 67 23 what
1308 3659 26 24 m
1345 3659 109 24 thunder
1466 3660 31 24 do
1510 3668 47 22 you
1567 3660 47 25 call
1625 3660 50 25 this
1684 3661 59 25 here

1203 3702 90 31 thing?

1236 3746 116 24 "That's
1370 3754 15 16 a

1263 3788 100 25 What's
1375 3788 21 25 it
1408 3789 62 31 good
1483 3789 37 24 for
1531 3791 11 22 ?

1236 3831 108 24 "Didn't
1356 3840 49 23 you
1417 3840 40 16 sec
1469 3840 40 17 me
1530 3833 81 31 riding
1623 3833 20 24 it

1263 3874 57 30 Yes,
1340 3877 41 22 an'
1401 3875 14 24 I
1432 3875 79 25 didn't
1537 3875 73 26 know
1632 3876 112 25 whether

1201 3925 42 22 yer
1255 3925 48 15 was
1328 3925 14 15 a
1350 3925 61 16 man
1423 3926 28 16 or
1471 3927 15 15 a
1495 3919 172 31 grasshopper,
1681 3920 62 24 Ride

1201 3959 40 25 it?
1258 3960 79 24 Don't
1364 3967 42 17 sec
1435 3960 74 24 think
1537 3961 57 26 that
1622 3962 83 32 riding
1728 3972 15 16 a

1201 4002 116 25 machine
1341 4002 20 25 is
1379 4002 133 34 cheating*:
1518 4004 43 24 the
1584 4005 60 25 boss
1665 4008 77 23 outen

1201 4045 39 24 his
1248 4046 103 23 natural
1363 4047 80 29 rights
1453 4048 12 21 ?
1494 4047 47 28 No,
1554 4048 14 23 I
1591 4048 92 24 reckon
1694 4057 47 24 you

1201 4087 68 25 dont.
1304 4087 93 25 Reckin
1417 4088 87 32 they'll
1517 4088 31 25 be
1559 4090 116 31 plowing^
1679 4086 59 29 with

1201 4130 46 24 the
1260 4130 85 32 things
1357 4131 75 25 airter
1444 4131 104 26 erwhile.
1584 4132 48 26 Let
1650 4142 40 16 me
1702 4142 48 18 see.

1200 4174 22 24 if
1232 4174 13 24 I
1258 4182 45 17 can
1316 4174 109 33 ride£the
1652 4191 3 2 -
1665 4189 4 4 •
1695 4174 11 23 i
1747 4170 6 28 \

1234 4217 55 24 The
1300 4225 85 23 young
1396 4225 61 17 man
1465 4219 106 24 assisted
1584 4219 43 25 the
1637 4220 40 24 old
1693 4213 49 35 ffel-
1745 4231 6 15 :

1201 4259 47 26 low
1260 4261 28 24 to
1298 4260 44 25 the
1365 4262 54 23 seat
1439 4261 64 25 after
1520 4262 145 33 explaining
1684 4264 56 26 how

1201 4303 54 27 the.
1267 4303 92 31 bicycle
1375 4311 51 17 was
1439 4304 124 31 operated.
1611 4302 131 39 Thejnexi

1201 4346 96 25 minute
1310 4346 40 24 Mr
1363 4346 98 25 Joshua
1486 4348 163 27 Weedleman
1662 4351 40 31 lay
1714 4351 26 24 m

1201 4389 42 24 the
1260 4389 69 25 road.
1365 4389 52 25 The
1446 4391 124 31 machire,
1598 4401 28 16 as
1654 4393 22 25 is
1700 4394 42 24 the

1201 4435 77 22 won't
1290 4432 27 24 of
1327 4428 189 31 this?eccentric
1528 4435 103 31 vehicle,
1652 4436 43 25 fell
1709 4445 33 17 on

1201 4475 43 24 the
1256 4475 40 25 old
1308 4476 162 31 gentleman's
1484 4478 72 24 head.

1832 195 67 26 Take
1917 197 21 26 it
1949 205 78 25 away,
2051 200 80 31 cap'n.
2147 214 3 2 -
2167 200 34 25 At
2223 200 57 24 first
2297 200 14 24 I

1769 238 106 32 thought
1886 240 21 24 it
1925 249 47 17 was
1983 249 16 17 a
2022 242 123 26 Yankee's
2168 243 72 29 trick,
2264 243 47 25 but

1769 289 56 17 now
1836 282 43 25 I'll
1890 282 31 26 be
1932 283 100 33 hanged
2043 285 20 25 if
2075 287 14 24 I
2103 287 70 24 don't
2184 287 95 25 believe
2290 287 21 25 it

1769 333 53 17 was
1833 327 44 30 got
1889 334 34 24 up
1934 327 32 31 by
1978 328 44 25 the
2031 329 43 25 old
2084 341 34 15 -?—

1847 464 400 33 CORRESPONDENCE.

1774 516 65 18 Wliile
1848 519 40 15 our
1895 516 93 19 columns
1997 521 37 14 are
2040 521 53 20 open
2102 517 21 19 to
2133 517 32 19 all
2183 524 30 13 we
2232 518 26 19 do
2276 523 26 14 nnto
2303 528 7 17 t

1794 548 93 26 identify
1892 549 104 20 ourselves
1999 550 100 27 withany
2102 552 98 24 opinions
2203 553 107 25 expressed

1795 584 88 19 therein.

1837 621 35 24 To
1884 622 38 23 the
1940 623 91 24 Editor
2042 626 31 26 of
2079 624 38 25 the
2136 628 7 11 '
2156 626 119 25 Observer.

1853 674 94 26 BAND
1966 676 45 25 OF
2025 677 199 27 LARRIKINS.

1804 754 49 29 Sir,
1855 767 33 6 —
1888 754 52 26 Not
1950 755 62 32 long
2023 764 47 24 ago
2086 757 15 25 I
2117 765 51 18 was
2179 759 133 25 awakened

1769 792 32 30 by
1812 800 15 16 a
1839 795 67 23 most
1918 795 137 32 unearthly
2074 797 78 30 noise,
2166 798 26 24 of
2204 805 106 19 scream-

1769 830 46 31 ing
1825 831 49 23 and
1884 831 102 32 yelling,
1999 831 45 26 the
2059 833 63 25 time
2133 835 75 31 being
2230 837 40 24 11.
2279 838 33 23 30

1769 876 54 23 p.m
1841 870 52 24 and
1915 870 15 24 I
1952 871 127 32 naturally
2100 875 139 24 concluded
2255 875 57 26 that

1770 905 51 25 this
1833 913 49 18 was
1895 906 43 26 the
1949 909 80 23 result
2041 910 26 24 of
2078 917 15 17 a
2112 910 55 25 Pub
2179 911 131 33 sling-out,

1771 945 45 26 but
1827 947 27 24 to
1870 946 75 26 make
1956 955 57 17 sure
2030 948 14 24 I
2065 949 95 32 slipped
2172 958 34 18 on
2228 960 14 16 a
2265 951 44 27 few

1771 984 63 25 duds
1842 985 51 24 and
1902 986 186 25 reconnoitered
2099 988 44 24 the
2149 987 85 34 happy
2241 992 71 30 party

1770 1023 107 28 without
1888 1024 76 34 being
1982 1034 59 18 seen
2052 1027 51 25 and
2120 1028 70 26 what
2206 1036 52 19 was
2269 1038 42 24 my

1769 1062 110 30 surprise
1890 1064 27 24 to
1933 1063 112 26 discover
2065 1066 54 24 that
2135 1066 59 32 they
2216 1074 64 18 were
2297 1076 15 17 a

1770 1101 81 30 party:
1864 1100 15 25 I
1889 1108 52 18 was
1952 1103 77 30 going
2049 1104 27 23 to
2096 1111 44 24 say
2153 1106 74 24 sweet
2249 1105 63 26 little

1771 1136 90 31 saints;
1873 1138 47 24 but
1936 1146 41 21 no,
1989 1141 48 23 two
2049 1141 28 24 of
2086 1142 67 24 them
2166 1150 66 17 were
2243 1144 69 30 girls,

1771 1174 56 26 who
1839 1174 123 33 although
1973 1177 115 30 youthful
2099 1188 6 21 ;
2119 1186 110 18 measure
2241 1188 71 18 near-

1771 1211 26 33 ly
1809 1212 39 25 six
1859 1212 50 25 feet
1920 1213 28 25 m
1971 1214 94 31 height.

1805 1251 83 26 These
1898 1255 77 24 sweet
1997 1254 114 26 children
2123 1265 64 17 were
2205 1266 32 16 on
2249 1259 64 25 their

1771 1296 55 25 way
1837 1289 76 26 home
1924 1291 66 26 from
2001 1300 16 17 a
2029 1292 73 27 Band
2112 1296 29 23 of
2151 1295 72 29 Hope
2235 1299 77 23 meet-

1771 1329 45 31 ing
1827 1330 50 24 and
1888 1330 15 25 I
1914 1339 41 16 am
1967 1339 70 25 sorry
2060 1336 26 22 to
2107 1341 45 25 say
2172 1336 57 24 that
2247 1337 66 25 their

1773 1367 124 27 behavour
1919 1377 126 25 compares
2069 1379 60 25 very
2158 1373 74 33 badly
2254 1377 59 24 with

1773 1406 78 26 Hotel
1861 1407 127 26 visitants.

1807 1447 39 25 On
1858 1447 44 25 the
1912 1448 128 33 following
2062 1452 117 31 morning
2201 1453 14 24 I
2236 1453 78 26 heard

1773 1486 57 27 that
1853 1487 52 26 this
1924 1488 131 35 charming
2077 1493 72 32 party
2172 1493 52 26 had
2241 1495 73 26 made

1773 1525 150 27 themselves
1935 1527 75 25 liable
2023 1530 24 24 to
2065 1537 15 17 a
2092 1530 116 27 criminal
2231 1540 82 24 prose-

1773 1566 85 25 cution
1871 1566 33 33 by
1926 1568 162 33 committing
2111 1571 94 32 sundry
2228 1572 86 32 depre-

1773 1603 108 30 dations,
1893 1605 84 25 which
1992 1606 60 32 they
2074 1608 27 24 m
2123 1609 67 24 their
2212 1611 102 25 teetotal

1773 1643 169 28 exhuberance
1971 1646 166 27 characterise
2172 1657 28 17 as
2223 1651 59 31 only
2300 1659 14 17 a

1772 1681 62 22 lark.

1806 1720 123 26 However
1949 1730 42 24 my
2020 1723 80 26 friend
2120 1725 68 32 Billy
2199 1726 57 32 Day
2267 1727 47 25 has

1772 1757 39 25 hit
1823 1758 37 24 off
1869 1759 42 23 the
1923 1762 94 23 matter
2027 1761 28 25 m
2078 1770 70 17 verse
2161 1763 80 26 better
2253 1765 60 25 than

1773 1795 13 24 I
1798 1803 47 17 can
1857 1797 31 24 do
1900 1797 27 25 m
1938 1805 73 24 prose
2023 1799 83 25 which
2118 1801 57 25 with
2196 1802 40 25 his
2259 1810 54 24 per-

1773 1834 104 25 mission
1889 1835 13 24 I
1923 1836 108 31 subjoin.

1973 1880 14 24 I
1999 1888 42 17 am
2052 1881 44 25 &c.

2073 1919 69 26 TEN
2162 1921 151 28 O'CLOCK.

1907 2018 35 24 Band
1942 2018 11 24 of
1953 2018 216 24 Larrikins.

1775 2103 12 23 I
1799 2103 22 25 is
1834 2112 14 16 a
1860 2107 79 22 smart
1951 2105 63 25 little
2027 2107 75 31 kiddy
2125 2109 13 23 I
2149 2109 31 28 is,

1810 2146 53 24 And
1877 2147 12 24 I
1902 2156 58 23 goes
1973 2150 26 23 to
2018 2149 43 25 the
2074 2150 73 25 Band
2168 2152 26 24 of
2209 2152 72 33 Hope

1776 2189 89 25 Where
1877 2190 49 25 I'm
1939 2192 51 24 told
2011 2194 26 23 to
2057 2192 74 26 drink
2155 2196 104 32 nothing
2270 2197 46 25 but

1908 2235 58 32 phz,

1808 2276 60 24 Else
1881 2277 40 23 I'll
1934 2278 39 24 die
1986 2286 32 17 on
2029 2279 43 24 the
2084 2281 49 24 end
2151 2281 27 26 of
2188 2290 14 17 a
2214 2290 66 24 rope.

1775 2329 54 23 The
1858 2329 57 25 boss
1945 2339 14 16 a
1982 2340 88 24 prayer
2098 2335 32 23 he
2149 2335 56 31 tips,

1809 2373 47 24 Let
1869 2375 43 22 the
1923 2375 64 24 little
2000 2383 58 18 ones
2071 2385 68 18 come
2152 2384 61 20 unto
2226 2388 47 22 me,

1775 2415 100 26 There's
1888 2418 106 32 rothing
2005 2419 43 25 hut
2058 2420 63 31 pisin
2141 2422 26 24 m
2180 2423 56 31 nips

1808 2459 55 24 And
1874 2462 109 24 Avemus
1994 2465 26 22 to
2039 2465 43 30 get
2094 2472 32 17 on
2139 2465 43 25 the
2202 2474 77 24 spree.

1773 2515 71 24 Then
1856 2523 37 17 we
1906 2517 86 25 stands
2011 2526 33 23 up
2057 2519 32 23 all
2117 2519 26 25 m
2157 2528 14 16 a
2189 2529 57 21 row,

1808 2558 60 24 And
1879 2567 36 15 we
1928 2559 61 25 rolis
1997 2566 43 19 out
2053 2570 15 15 a
2079 2564 158 30 temperance
2250 2566 64 32 ditty

1776 2601 64 24 Bout
1853 2601 57 25 beer
1923 2603 54 24 hem
1990 2604 30 23 fit
2032 2604 37 25 for
2081 2613 14 16 a
2108 2613 58 19 sow.

1806 2644 56 24 And
1879 2645 56 25 how
1948 2646 42 24 the
2001 2655 59 23 poor
2074 2648 87 26 boozer
2173 2658 35 17 we
2218 2652 59 30 pity.

1773 2697 72 24 Then
1857 2705 36 17 we
1905 2706 112 24 scnmprr
2038 2701 73 25 home
2123 2702 25 24 m
2164 2704 42 24 the
2218 2704 61 24 dark

1806 2740 83 33 Along
1906 2742 58 24 with
1977 2751 43 16 our
2032 2745 63 31 good
2107 2746 65 25 little
2182 2747 63 31 pals,

1773 2784 57 24 And
1854 2792 35 17 we
1910 2785 68 31 joins
1996 2788 27 22 m
2048 2796 14 15 a
2085 2789 55 24 nice
2164 2789 61 26 little
2248 2791 63 29 lark,

1807 2827 81 32 Along
1900 2830 59 23 witli
1972 2831 42 23 the
2031 2833 156 29 temperance
2200 2835 61 30 gals.

1775 2881 47 25 We
1833 2883 66 30 pulls
1911 2883 72 26 down
1996 2885 41 24 the
2050 2888 70 29 gates
2133 2888 58 23 with
2203 2896 14 16 a
2230 2889 80 30 rattle,

1806 2926 30 23 In
1856 2926 42 25 the
1911 2926 60 25 dark
1989 2928 70 25 there
2071 2929 60 25 is'nfc
2154 2938 33 17 no
2210 2931 102 28 danger,

1773 2968 55 24 And
1839 2972 43 21 out
1895 2977 82 17 comes
1992 2971 41 23 the
2043 2973 76 30 sheep
2129 2973 49 24 and
2189 2974 41 24 the
2237 2976 75 23 cattle

1807 3012 56 24 And
1893 3013 85 25 makes
2004 3022 14 17 a
2046 3016 64 30 good
2136 3016 45 32 job
2209 3017 38 25 for
2270 3018 44 25 the

1908 3064 95 24 ranger.

1774 3108 55 24 And
1848 3109 59 24 then
1921 3119 35 15 we
1968 3111 47 31 slip
2028 3120 58 17 over
2097 3122 13 15 a
2124 3114 54 28 rail,

1807 3151 56 24 And
1873 3161 34 16 we
1920 3152 81 27 lassoo
2013 3154 40 25 the
2067 3155 120 27 Dotnini's
2210 3158 69 30 hoss,

1773 3194 56 25 And
1842 3203 35 16 we-,
1889 3196 93 31 scillop
1995 3198 40 24 his
2048 3206 73 17 mane
2134 3201 50 23 and
2208 3201 40 25 his
2270 3202 44 24 tail

1806 3239 109 25 Because
1935 3243 76 23 we've
2021 3250 14 16 a
2048 3243 72 24 down
2143 3252 33 16 on
2197 3245 38 24 his
2248 3246 64 24 boss.

1773 3292 59 24 And
1862 3293 59 24 then
1956 3302 36 17 we
2022 3304 56 22 goes
2108 3297 72 24 home
2220 3303 26 20 to
2269 3307 45 17 our

1907 3337 119 29 mothers,

1806 3378 62 24 Like
1881 3380 62 29 good
1962 3380 65 25 little
2052 3382 82 24 lambs
2156 3384 55 24 that
2225 3393 33 16 we
2282 3386 30 29 is;

1772 3421 56 24 And
1845 3430 33 15 we
1902 3431 73 23 prays
2003 3425 54 25 that
2075 3434 46 16 our
2150 3428 85 25 sisters
2264 3430 50 23 and

1907 3466 122 30 brothers,

1806 3508 59 32 May
1889 3518 75 16 never
1982 3511 71 24 drink
2066 3514 107 32 nothing
2188 3514 46 25 but
2245 3516 67 30 phiz.

2071 3556 81 25 Billy
2169 3557 64 25 Day.

1839 3695 71 25 THE
1923 3697 90 25 LATE
2031 3699 54 25 MAORI
2085 3699 150 25 KING.

1806 3780 45 25 We
1863 3781 101 31 publish
1986 3783 41 24 th*
2046 3784 128 33 following
2192 3786 64 26 from
2280 3795 32 17 an

1771 3818 148 32 interesting
1927 3825 83 27 report
2019 3822 27 23 m
2057 3823 42 24 the
2116 3825 197 25 WaikatoTunes

1771 3859 26 24 of
1809 3859 43 24 the
1869 3860 109 32 opening
1990 3861 27 24 of
2041 3862 43 25 the
2103 3863 91 26 Native
2217 3865 94 25 Parlia-

1772 3901 67 20 ment
1855 3901 26 20 at
1893 3899 180 31 Muungukawa
2091 3907 28 18 at
2131 3902 83 25 which
2237 3904 76 24 about

1771 3936 49 23 800
1832 3935 97 25 nitives
1940 3944 64 17 were
2019 3942 107 26 present,
2139 3939 130 34 including
2280 3942 33 24 all

1772 3975 42 23 the
1826 3975 100 32 leading
1942 3977 83 24 chief-:
2030 3992 31 4 —
2241 3983 2 19 :

1806 4014 52 26 The
1871 4015 100 25 Throne
1984 4025 48 16 was
2055 4017 108 32 drapued
2187 4021 59 24 with
2270 4022 42 25 the

1771 4054 50 24 late
1830 4054 69 32 King
1921 4055 103 25 Tawhia
2032 4057 28 24 )'s
2072 4061 73 25 mats,
2163 4059 40 25 his
2218 4061 40 24 hat
2270 4061 41 24 be-

1769 4092 45 32 ing
1825 4093 52 25 laid
1888 4102 67 23 upon
1960 4094 86 27 Jtheni:
2074 4118 7 3 ..
2125 4111 14 5 -
2208 4097 8 26 i
2242 4101 32 22 V
2289 4109 7 16 ■.
2296 4099 24 27 ';':

1791 4132 97 35 ..Upon,
1897 4134 43 25 the
1952 4143 84 25 young
2047 4137 67 35 Kii.g
2135 4140 113 32 entering
2269 4141 43 27 the

1771 4172 123 32 buildiug)
1905 4173 34 25 nil
1957 4180 55 20 rose
2024 4175 51 25 and
2087 4177 135 31 remained;
2228 4181 83 24 stand-

1771 4210 51 32 ing,
1842 4210 59 32 and,,
1915 4212 82 29 stiipt;
2009 4213 92 25 silence
2119 4222 51 20 was
2194 4217 118 27 observed

1771 4248 82 27 whilst
1865 4250 130 27 Tawhiato
2004 4252 49 31 111,
2078 4261 28 17 as
2129 4254 32 26 lie
2180 4263 21 16 v
2225 4243 91 40 called*

1770 4292 202 27 overconrewjith
1985 4294 120 27 emotion,
2115 4295 95 24 Walked
2224 4304 32 23 up
2269 4297 42 25 the

1765 4329 73 29 ;,steps
1850 4325 27 31 6$
1887 4328 43 25 the
1943 4329 109 30 Throne,
2074 4330 50 26 arid
2143 4335 118 30 covering
2273 4335 38 25 his

1770 4367 53 25 face
1835 4371 70 28 wept.
1910 4370 92 31 quietly
2016 4378 56 17 over
2084 4372 43 24 the
2141 4374 72 24 relics
2236 4375 27 23 of
2272 4375 40 25 his

1765 4407 123 31 .deceased
1912 4409 104 36 father.
2021 4425 12 4 ■••
2052 4410 147 28 Tawhiao.-
2243 4416 70 32 A^..Oi'

1769 4449 75 24 about
1857 4450 42 22 ten
1912 4449 110 25 minutes
2035 4458 49 17 was
2094 4452 119 32 occupied
2223 4455 25 23 m
2261 4454 50 27 this

1771 4485 90 26 tribute
1873 4486 28 24 of
1910 4494 131 18 reverence
2054 4491 26 22 to
2158 4491 71 29 douJ,
2253 4493 15 23 d
2274 4502 36 15 jr-

2339 198 45 30 ing
2402 197 123 32 profound
2536 198 99 30 silence,
2648 201 61 30 only
2721 199 93 24 broken
2838 206 38 17 oc-

2339 236 137 31 casionally
2487 235 33 33 by
2533 236 43 25 the
2587 237 81 24 stifled
2679 237 56 25 sobs
2747 237 65 25 from
2836 237 42 24 the

2340 276 184 31 sympathising
2546 284 134 17 concourse
2702 277 28 24 of
2751 277 127 31 stamping

2339 316 105 30 natives,
2455 316 106 25 Mahuta
2573 316 117 25 Tawhiao
2701 318 89 24 turned
2800 319 26 22 to
2839 319 39 22 the

2340 355 87 32 people
2438 356 48 24 and
2499 357 62 23 then
2572 356 131 25 addressed
2714 354 70 28 them
2793 357 85 31 briefly

2340 401 28 16 as
2379 393 104 24 follows:

2375 432 156 27 Salutations
2543 435 26 25 to
2581 442 56 23 you,
2648 435 141 25 assembled
2800 436 53 24 chif
2856 436 23 24 fs

2340 478 47 17 one
2399 472 50 23 and
2460 472 42 23 all.
2538 472 14 24 I
2563 472 115 26 welcome
2689 482 49 23 you
2747 474 42 24 all.
2826 474 53 24 The

2340 511 109 29 greatest
2476 510 156 26 inheritance
2660 511 28 25 of
2719 512 122 24 mankind
2857 512 22 24 is

2339 548 64 26 love.
2460 549 68 25 Love
2556 551 120 24 descends
2698 551 64 25 from
2785 550 94 27 Father

2339 588 27 23 to
2378 595 44 16 son
2434 587 63 25 from
2509 596 45 17 our
2565 591 126 22 ancesters
2702 597 6 21 ;
2727 590 53 25 love
2802 590 21 24 is
2836 590 42 25 the

2339 626 66 23 most
2415 625 115 25 valuable
2549 625 27 26 of
2596 625 34 26 all
2647 626 132 27 heirlooms
2797 629 82 24 which

2339 672 60 17 man
2410 666 106 25 receives
2532 666 62 25 from
2618 667 41 25 his
2680 667 90 26 father.
2816 670 62 24 Man

2339 707 129 28 generates
2479 706 63 29 love,
2562 707 46 24 but
2626 707 56 26 God
2709 709 75 26 made
2808 718 69 17 man.

2340 743 48 25 Let
2410 744 55 25 God
2484 745 82 25 watch
2586 754 59 18 over
2667 756 38 22 us,
2730 756 73 24 every
2821 757 56 21 one,

2340 789 73 23 every
2424 782 90 29 where,
2527 785 27 23 at
2565 784 35 24 all
2622 785 74 24 times
2721 787 51 24 and
2787 788 28 23 m
2844 789 32 25 all

2338 820 91 30 places.
2464 822 14 23 I
2489 823 76 23 stand
2579 823 59 25 here
2650 827 26 21 to
2699 825 45 25 tell
2765 834 51 24 you
2837 827 41 26 his

2339 860 48 24 last
2399 861 79 23 words
2499 862 9 30 (
2518 861 139 27 Tawhiao's
2667 864 9 32 )
2689 865 83 25 before
2789 867 31 24 he
2838 867 39 24 de-

2339 897 96 31 parted.
2482 898 41 25 He
2534 899 53 25 said
2605 901 42 23 the
2658 902 81 24 words
2763 907 6 10 '
2777 904 35 24 let
2823 904 55 25 love

2339 936 68 32 reign
2425 940 117 30 amongst
2553 947 39 21 us,
2601 942 46 23 not
2658 942 61 31 only
2727 942 93 26 Maoris
2829 944 50 24 and

2340 973 102 31 Maoris,
2457 976 43 25 but
2511 977 54 25 also
2585 982 117 29 amongst
2724 980 93 26 Maoris
2829 982 50 25 and

2492 1016 32 26 he
2535 1017 54 26 also
2600 1018 75 33 spoke
2687 1019 44 25 the
2743 1021 68 25 word
2822 1022 57 26 that

2340 1061 51 18 war
2402 1056 90 24 should
2510 1056 29 25 be
2555 1058 39 25 for
2604 1067 57 16 ever
2683 1060 120 26 banished
2814 1062 64 25 from

2340 1091 61 27 New
2413 1095 117 29 Zealand,
2543 1095 33 26 he
2598 1096 50 25 had
2670 1098 77 26 ended
2771 1099 36 25 all
2828 1109 51 16 war

2340 1131 51 25 and
2402 1135 57 22 sent
2469 1142 70 22 away
2550 1135 34 24 all
2602 1136 34 25 its
2658 1138 121 26 emblems
2798 1140 26 23 to
2837 1140 42 24 the

2340 1169 71 25 other
2423 1170 51 26 side
2486 1171 28 25 of
2523 1172 41 25 the
2575 1181 63 21 seas,
2651 1183 49 16 war
2718 1178 66 24 must
2804 1185 75 18 never

2341 1207 29 25 be
2380 1209 134 29 permitted
2523 1210 26 24 to
2559 1210 57 26 take
2627 1213 70 30 place
2707 1213 28 25 m
2747 1214 61 26 New
2817 1215 61 26 Zea-

2340 1246 69 26 land.
2443 1248 70 26 Love
2524 1252 69 24 mu3t
2602 1252 78 32 reign,
2693 1255 116 30 goodwill
2829 1258 50 24 and

2340 1288 136 32 prosperity
2488 1291 26 23 to
2532 1291 35 24 all
2585 1294 68 23 must
2675 1293 32 25 be
2729 1302 46 18 our
2798 1296 81 32 object

2340 1324 63 25 from
2414 1325 154 27 henceforth.
2615 1330 14 24 I
2638 1334 68 27 greet
2716 1340 49 24 you
2777 1333 33 25 all
2830 1335 48 24 and

2341 1370 72 25 every
2425 1371 48 18 one
2484 1364 49 25 and
2545 1365 79 27 desire
2634 1376 64 23 your
2720 1371 97 26 welfare
2830 1373 49 24 and

2340 1401 142 32 happiness.
2518 1403 62 26 This
2591 1405 22 26 is
2624 1406 35 25 all
2669 1407 14 25 I
2695 1407 65 26 shall
2780 1417 45 25 say
2847 1418 32 18 on

2341 1441 52 25 this
2408 1443 123 23 occasion.

2375 1481 52 26 The
2436 1491 83 25 young
2525 1482 67 35 King
2601 1486 59 25 then
2668 1489 139 30 prostrated
2814 1490 65 26 him-

2342 1520 49 25 self
2406 1522 27 23 at
2457 1522 43 24 the
2522 1522 53 26 foot
2595 1524 26 24 of
2637 1524 43 26 the
2709 1528 68 30 steps
2799 1528 81 26 beside

2342 1557 139 27 Tawhiao's
2495 1562 54 23 seat
2572 1562 50 24 and
2644 1564 135 26 continued
2801 1575 79 24 weep-

2341 1597 45 31 ing
2397 1598 38 25 for
2446 1606 70 18 some
2528 1600 68 25 time.
2634 1602 41 25 All
2698 1604 84 25 seated
2800 1606 80 26 them-

2343 1634 81 26 selved
2434 1637 105 26 without
2557 1639 74 24 noise.

2376 1673 22 23 A
2410 1674 175 32 subscription,
2599 1684 28 18 or
2638 1679 133 32 voluntary
2794 1682 87 25 collec-

2342 1710 53 25 tion
2406 1719 52 17 was
2467 1712 74 25 made
2553 1715 27 23 at
2591 1714 44 26 the
2646 1715 73 26 doors
2732 1725 28 17 as
2783 1719 42 24 the
2837 1728 44 16 ni-

2342 1750 63 25 tives
2416 1752 87 30 passed
2515 1755 51 27 out,
2580 1755 146 34 everything
2734 1757 75 30 being
2815 1761 66 24 most

2342 1788 99 32 orderly
2457 1790 50 24 and
2524 1793 140 30 respectful.

2342 1933 72 25 THE
2427 1933 94 26 REAL
2533 1936 113 26 CURSE
2660 1938 44 25 OF
2715 1940 164 25 AMERICA.

2376 2008 41 25 Mr
2430 2009 127 27 Theodore
2570 2011 140 32 Roosevelt,
2740 2016 98 33 writing
2850 2025 30 16 on

2343 2046 56 24 true
2410 2046 133 27 American
2555 2049 84 32 ideals,
2664 2054 118 29 preaches
2806 2063 15 16 a
2832 2064 48 16 sjr-

2342 2091 61 18 mon
2415 2093 33 17 on
2460 2086 60 24 civic
2533 2088 87 30 virtue,
2643 2089 28 25 m
2694 2091 43 25 the
2760 2100 85 18 course
2857 2102 15 16 o

2343 2123 77 23 which
2433 2123 32 24 he
2477 2123 94 26 defines
2583 2126 24 23 m
2620 2126 44 25 the
2686 2128 129 33 following
2826 2138 54 18 sen-

2343 2160 70 24 tence
2420 2159 43 26 the
2476 2161 51 24 real
2539 2170 71 18 curse
2620 2164 27 25 of
2656 2164 124 26 America:

2377 2199 54 26 The
2443 2208 60 17 man
2515 2202 56 26 who
2583 2203 20 26 is
2616 2207 101 24 content
2740 2208 26 24 to
2777 2209 34 24 let
2820 2209 61 32 poli-

2343 2240 47 24 tics
2402 2249 30 23 go
2444 2241 65 26 from
2520 2243 49 24 bad
2581 2246 26 22 to
2629 2253 88 21 worse,
2740 2247 94 33 jesting
2857 2254 26 19 at

2343 2278 43 24 the
2398 2280 139 31 corruption
2549 2281 28 25 of
2585 2283 150 30 politicians,
2755 2285 44 25 the
2822 2295 59 16 man

2344 2317 52 25 who
2408 2318 22 25 is
2441 2322 101 22 content
2559 2323 26 22 to
2595 2330 41 16 see
2648 2323 43 24 the
2711 2325 170 25 maladminis-

2343 2357 90 25 tration
2445 2359 26 23 of
2480 2359 88 31 justice
2588 2362 105 25 without
2716 2372 33 17 an
2771 2366 108 24 immedi-

2343 2401 40 21 ate
2394 2398 50 24 and
2457 2399 106 26 resolute
2585 2401 72 26 effort
2667 2404 27 25 to
2716 2405 92 25 reform
2821 2406 27 28 it,
2860 2406 23 26 is

2342 2436 114 32 shirking
2467 2437 40 25 his
2519 2438 61 32 duty
2592 2441 50 24 and
2653 2441 21 24 is
2688 2444 130 31 preparing
2841 2444 41 25 the

2342 2483 54 24 way
2407 2476 38 25 for
2457 2477 97 27 infinite
2583 2488 52 18 woe
2664 2481 24 26 iv
2718 2483 43 24 the
2789 2484 91 25 future.

2343 2514 79 30 Hard,
2436 2516 81 24 brutal
2529 2517 157 27 indifference
2698 2522 25 23 to
2753 2522 41 25 the
2805 2523 76 31 right,

2342 2552 50 24 and
2405 2561 32 16 an
2451 2554 98 32 equally
2562 2556 81 25 brutal
2655 2558 228 33 shortsightedness

2342 2597 27 16 as
2383 2592 26 22 to
2420 2591 42 24 the
2474 2593 133 25 inevitable
2624 2596 91 25 results
2727 2597 27 25 of
2771 2601 110 30 corrupt-

2342 2629 41 24 ion
2397 2629 47 24 and
2457 2629 122 32 injustice,
2599 2641 41 17 are
2664 2633 91 26 baleful
2785 2636 97 32 beyond

2342 2676 115 17 measure
2467 2678 5 20 ;
2486 2671 51 24 and
2547 2674 43 28 yet
2602 2673 58 31 they
2683 2682 41 16 are
2745 2675 137 27 character-

2341 2707 55 24 istic
2409 2708 27 23 of
2445 2716 14 15 a
2471 2712 70 28 great
2560 2718 74 24 many
2657 2712 147 27 Americans
2827 2716 56 24 who

2341 2748 113 24 consider
2466 2749 148 26 themselves
2632 2752 117 32 perfectly
2778 2759 105 27 respect-

2341 2787 64 29 able,
2420 2789 49 24 and
2482 2789 53 26 who
2547 2798 40 17 are
2600 2792 142 26 considered
2763 2795 120 33 thriving*

2341 2836 148 23 prosperous
2501 2838 58 16 men
2589 2831 32 31 by
2644 2832 65 25 their
2738 2836 146 32 easy-going

2341 2865 207 27 fellow-citizens.

2408 2925 55 24 The
2484 2925 131 26 Wrangle
2638 2936 30 16 op
2695 2930 109 24 Pasties

2375 2975 80 25 There
2476 2977 20 23 is
2515 2978 53 24 also
2591 2986 33 17 on
2648 2980 44 25 the
2714 2984 58 29 part
2793 2982 26 25 of
2841 2982 42 26 the

2342 3013 83 31 public
2438 3022 14 16 a
2464 3016 112 32 growing
2587 3017 141 27 discontent
2754 3021 63 25 with
2840 3022 43 24 the

2342 3053 156 31 proceedings
2511 3054 27 24 m
2566 3055 162 26 Parliament.
2766 3059 51 24 The
2840 3060 43 24 ad-

2341 3100 70 16 verse
2424 3093 117 25 criticism
2562 3095 62 23 from
2643 3096 51 25 this
2718 3097 119 26 direction
2861 3100 22 24 is

2342 3132 91 31 chiefly
2445 3133 109 25 directed
2566 3135 99 31 against
2677 3136 69 25 what
2756 3137 23 24 is
2793 3136 89 27 known

2342 3178 28 16 as
2396 3173 70 29 p.irty
2492 3176 177 27 government;
2695 3176 57 24 that
2780 3177 30 29 is,
2841 3180 42 22 not

2342 3209 99 31 against
2459 3211 181 26 combinations
2663 3213 27 25 of
2708 3215 126 26 members
2847 3216 36 24 for

2343 3247 39 24 the
2394 3256 105 23 purpose
2510 3250 27 23 of
2547 3250 115 32 effecting
2673 3260 67 17 some
2752 3254 92 24 reform
2857 3255 24 23 m

2342 3287 148 30 legislation,
2504 3288 45 25 but
2575 3292 99 29 against
2687 3292 43 24 the
2743 3315 4 4 .
2760 3294 123 26 existence

2342 3326 27 25 of
2379 3326 128 32 organised
2521 3327 79 26 bands
2612 3330 28 24 of
2649 3331 125 26 members
2790 3333 93 32 rang>d

2342 3373 31 17 en
2387 3368 110 29 opposite
2509 3368 64 24 sides
2592 3370 27 23 of
2630 3370 43 24 the
2686 3371 93 30 House,
2793 3380 89 24 engag-

2342 3404 29 24 ed
2384 3404 26 24 m
2422 3413 16 16 a
2449 3406 119 25 ceaseless
2580 3409 110 30 struggle
2702 3410 38 24 for
2747 3412 134 29 possession

2342 3442 26 25 of
2379 3443 39 23 the
2431 3443 123 33 Treasury
2567 3445 113 26 benches.
2695 3446 54 34 /It;
2763 3449 21 23 is
2787 3459 4 4 1
2807 3450 74 31 urgel

2342 3483 55 24 that
2410 3483 41 24 the
2464 3485 118 31 exigency
2600 3486 27 24 of
2636 3479 68 32 such'
2720 3489 103 24 warfare
2835 3490 47 24 tle-

2344 3524 65 21 vat-'S
2420 3521 92 33 loyalty
2530 3525 26 22 to
2579 3526 71 30 party
2680 3526 53 25 into
2761 3535 14 16 a
2805 3528 78 24 virtua

2342 3563 111 29 superior
2471 3565 25 22 to
2509 3563 55 24 that
2571 3564 27 25 of
2607 3565 96 33 fidelity
2710 3565 32 27 *to
2772 3568 111 31 political

2342 3602 127 31 principle,
2482 3604 50 24 and
2544 3605 21 23 is
2578 3605 149 26 destructive
2737 3608 25 23 of
2775 3608 40 24 tho
2829 3612 54 21 true

2341 3641 93 31 objects
2446 3643 28 23 of
2490 3646 190 25 representative
2708 3651 174 25 government.

2375 3680 25 24 It
2413 3681 82 24 would
2508 3690 90 23 appear
2611 3686 25 23 to
2656 3693 31 23 go
2700 3686 105 25 without
2829 3695 53 23 pay-

2341 3717 43 32 ing
2404 3716 56 27 that
2488 3720 27 24 m
2545 3721 182 26 Parliament-
2735 3725 43 23 the
2808 3725 76 28 Giva.t

2341 3755 105 25 Council
2455 3758 27 23 of
2489 3758 42 24 the
2541 3760 85 24 nation
2630 3775 30 4 —
2662 3761 123 25 members
2794 3762 90 25 should
2893 3758 2 28 I

2341 3795 27 24 m
2379 3796 86 32 giving
2474 3797 64 25 their
2550 3803 77 24 votes,
2637 3800 29 25 ba
2679 3803 115 23 ac'.uated
2807 3803 77 31 solely

2341 3834 31 32 by
2385 3838 84 29 reganl
2487 3837 39 25 for
2538 3839 41 25 the
2597 3840 84 31 public
2710 3842 99 25 welfare
2820 3850 5 21 ;
2840 3845 44 22 but

2342 3876 77 25 under
2432 3878 40 24 ths
2485 3883 95 21 svstern
2592 3881 27 23 of
2630 3885 69 28 party
2723 3887 161 26 government
2893 3888 2 19 !

2341 3914 49 23 this
2402 3914 21 24 is
2434 3914 31 32 by
2477 3924 33 16 no
2524 3925 86 17 means
2619 3919 136 32 invariably
2769 3920 40 24 th<>
2820 3928 62 18 case.
2893 3917 2 32 |

2334 3953 61 37 <Th|
2406 3954 51 27 fact
2469 3956 27 24 of
2507 3965 49 23 any
2568 3960 112 29 proposal
2694 3960 74 31 being
2775 3960 109 33 brought

2334 3991 112 38 [forward
2460 3993 30 32 by
2500 4003 15 15 a
2528 3994 173 28 Government
2712 3998 23 24 is
2759 3999 125 25 sufficient

2341 4031 25 21 to
2379 4038 85 17 secure
2477 4033 37 22 for
2525 4033 21 24 it
2558 4036 27 21 at
2608 4042 60 17 oncj
2698 4043 33 16 an
2754 4038 130 28 organised

2341 4067 49 39 ai^d
2403 4068 142 31 implacable
2558 4073 151 29 opposition,
2728 4074 51 25 and
2793 4074 49 26 this
2851 4083 33 17 no

2336 4109 96 21 -matter
2444 4108 52 24 how
2505 4110 151 26 reasonable-
2662 4105 232 42 4r:adyantageoii3i

2330 4146 126 45 f^iP^p
2466 4149 42 25 .sil
2533 4159 55 23 may
2601 4151 38 26 be.
2675 4154 25 25 It
2725 4155 22 25 i^
2764 4158 46 23 not
2839 4165 44 16 un-

2329 4181 150 32 ?kno>£'for
2497 4196 14 15 a
2534 4191 157 29 pronounctd
2711 4194 175 30 oppositionist

2329 4219 69 37 io^aP
2411 4222 173 36 oo>ernment
2595 4235 131 27 supporter
2752 4236 54 23 who
2827 4240 56 26 pur-

2341 4272 72 22 poses
2430 4265 75 34 being
2529 4269 85 25 al.sent
2638 4271 64 27 from
2724 4273 159 30 Prirliamcrrt,
2893 4297 2 10 ,

2340 4306 24 20 to
2377 4303 69 26 leave
2459 4313 15 16 a
2486 4308 62 29 pair,
2562 4308 37 24 f.»r
2611 4316 28 25 pr
2651 4311 99 30 against
2762 4311 44 26 the
2818 4312 67 27 Gov-,
2893 4311 2 29 |

2339 4344 119 26 eminent,
2472 4344 25 24 m
2510 4344 134 32 ignorance
2656 4348 26 23 of
2693 4348 67 26 what
2768 4351 116 30 question

2340 4386 57 24 may
2411 4379 30 26 be
2452 4381 108 33 brought
2580 4384 104 26 forward
2709 4386 37 26 f.r
2763 4388 131 29 tTcisibh,'

2341 4426 55 19 suro
2408 4421 59 31 only
2481 4424 26 21 of
2518 4431 45 16 jne
2574 4424 19 24 t'
2603 4425 53 32 ing,
2689 4426 54 26 that
2762 4429 37 23 I.U
2829 4434 56 21 vote

2340 4457 49 25 will
2402 4458 98 32 depenJ
2511 4463 46 23 not
2569 4471 32 16 on
2615 4464 43 24 the
2682 4466 87 24 merits
2793 4467 27 24 of
2842 4468 43 25 the

2347 4505 42 16 use
2403 4497 45 25 but
2470 4507 34 16 on
2517 4501 41 23 the
2571 4505 83 22 action
2677 4504 28 24 of
2728 4505 40 24 hi-?
2799 4510 83 28 party.

2911 192 32 24 In
2954 191 77 29 short,
3042 191 43 25 the
3111 191 80 24 whole
3219 190 108 31 political
3357 191 94 24 atmos-

2911 230 75 31 phere
2998 229 22 25 is
3037 229 101 25 vitiated
3150 228 32 31 by
3205 231 69 28 party
3278 233 4 13 :
3293 228 99 33 feeling.
3428 230 21 24 A

2912 268 94 24 section
3030 267 27 24 cf
3072 267 44 23 the
3144 266 100 33 leading
3273 268 123 25 members
3425 269 27 23 of

2911 306 157 24 Parliament
3085 305 75 24 strive
3171 309 25 21 to
3216 306 42 24 the
3270 306 54 25 best
3348 306 27 25 of
3385 307 67 26 their,

2912 344 88 32 ability
3010 346 27 22 to
3049 352 69 23 carry
3131 353 32 17 on
3176 346 42 24 the
3229 346 112 25 business
3369 348 26 23 of
3407 347 43 25 the

2911 386 105 29 country
3025 395 6 18 ;
3042 384 104 26 another
3158 386 94 25 section
3271 384 26 27 of
3325 387 126 25 members

2911 424 22 24 is
2951 424 140 32 constantly
3110 427 110 30 engaged
3248 426 27 25 m
3303 428 148 31 preventing

2912 464 69 25 them
3005 465 65 25 from
3094 466 75 32 doing
3198 475 35 17 so.
3270 468 181 33 Stonewalling

2911 504 113 26 becomes
3048 514 15 15 a
3082 506 87 25 virtue.
3204 507 120 25 Personal
3341 509 110 25 animos-

2910 542 34 31 ity
2958 543 50 24 and
3019 544 167 32 vituperation
3204 553 42 18 are
3252 546 52 25 -the
3327 547 70 25 order
3425 548 27 24 of

2911 580 43 25 the
2966 581 55 31 day,
3035 583 50 24 and
3097 584 44 23 but
3153 585 41 24 too
3205 585 69 24 often
3296 586 156 25 Parliament

2910 618 121 31 becomes,
3050 619 25 25 m
3104 620 43 26 the
3176 623 78 24 words
3283 624 27 23 of
3336 623 116 27 Goldwin

2913 658 90 30 Smith,
3043 660 43 25 the
3109 661 80 31 grand
3218 661 107 34 cock-pit
3353 665 28 24 of
3407 665 44 26 the

2946 737 80 25 Small
3045 738 101 25 wonder
3157 739 61 25 then
3228 740 56 24 that
3296 748 32 17 on
3340 742 35 23 all
3385 743 66 26 bides

2911 775 42 24 the
2965 776 99 29 opinion
3092 778 21 22 is
3141 778 103 31 gaining
3270 781 96 29 ground
3395 780 56 25 that

2911 819 70 18 some
2991 812 96 25 further
3097 814 154 31 adjustment
3259 816 26 24 m
3303 817 44 24 the
3371 818 79 24 work-

2910 850 43 31 ing
2963 852 55 29 part
3030 851 26 24 of
3067 852 43 24 the
3133 853 164 26 constitution
3319 854 24 25 is
3364 863 85 18 neces-

2911 894 64 24 sary.
3010 888 68 25 Both
3090 889 25 24 m
3127 890 63 26 New
3202 891 111 26 Zealand
3342 894 49 23 and
3420 894 28 25 m

2910 924 111 26 Victoria
3031 926 92 27 official
3144 928 120 32 inquiries
3292 931 64 25 have
3385 931 63 26 been

2911 962 55 25 held
2974 971 28 18 as
3014 965 26 25 to
3052 965 110 27 whether
3183 975 88 18 means
3296 972 93 23 cannot
3416 971 33 26 be

2911 1002 99 26 devised
3022 1006 26 24 to
3059 1007 42 30 get
3113 1006 37 26 rid
3161 1007 27 25 of
3213 1008 44 26 the
3285 1009 61 26 evils
3369 1011 79 25 which

2911 1040 63 25 have
2987 1042 104 26 become
3099 1048 120 27 apparent
3230 1047 28 24 m
3280 1056 47 16 our
3355 1052 94 28 system

2911 1080 26 25 of
2962 1080 179 33 Government,
3171 1085 50 24 and
3249 1088 26 23 to
3303 1087 75 32 bring
3404 1098 47 15 our

2911 1120 115 25 methods
3037 1122 54 24 into
3103 1122 79 26 closer
3193 1126 77 23 touch
3287 1127 60 24 with,
3358 1135 44 17 ocr
3414 1136 37 17 re-

2911 1157 164 31 quirements.

2913 1290 190 61 LOCAL
3140 1290 2 61 and
3180 1296 271 62 GENERAL

2948 1404 131 26 Social:—
3079 1407 49 24 We
3152 1408 49 32 beg
3228 1412 26 23 to
3281 1412 96 26 remind
3405 1423 46 16 our

2912 1447 98 25 readers
3022 1449 57 24 that
3089 1451 41 24 the
3142 1451 99 27 Church
3255 1455 82 25 Social
3353 1457 27 25 m
3393 1466 57 17 con-

2913 1492 99 25 nection
3025 1493 61 25 with
3099 1494 38 26 St.
3156 1496 92 33 Mary's
3276 1499 101 26 Church
3399 1503 54 24 will

2914 1534 29 24 be
2954 1535 58 25 held
3025 1537 24 24 m
3079 1539 41 24 the
3133 1539 146 28 Oddfellows
3310 1545 60 25 Hall
3382 1545 70 27 West

2914 1578 93 25 Oxford
3018 1588 31 16 on
3074 1581 153 35 Wednesday
3248 1588 69 23 next.

2947 1648 102 25 Ashley
3065 1651 171 26 Electorate:
3239 1670 31 3 —
3273 1656 52 24 Our
3352 1659 101 25 readers

2914 1689 51 24 will
2977 1699 40 16 see
3029 1692 31 32 by
3090 1701 34 17 an
3146 1696 182 27 Advertismeot
3349 1700 27 24 m
3400 1701 52 25 this

2914 1732 67 25 issue
2992 1733 57 26 that
3061 1735 41 25 Mr
3124 1737 122 27 Meredith
3271 1741 104 27 M.H.B.
3400 1745 53 25 will

2915 1776 101 26 address
3029 1778 41 25 the
3083 1779 102 27 electors
3194 1783 27 24 m
3250 1785 43 24 the
3321 1786 132 28 Woodside

2917 1818 87 28 School
3027 1829 32 17 on
3077 1822 92 34 Friday
3191 1825 67 26 June
3285 1829 43 24 7th
3357 1835 26 19 at
3394 1834 58 23 7.30

2914 1870 61 23 p.m.

2948 1955 178 27 Influenza.—
3132 1960 62 25 Now
3213 1963 50 25 this
3292 1966 120 30 epidemic
3431 1969 24 25 is

2915 1997 129 35 becoming
3055 2003 128 29 prevalent
3192 2013 36 17 we
3241 2008 113 32 strongly
3363 2019 92 16 recom-

2915 2041 72 25 mend
3000 2042 42 26 the
3053 2044 49 26 free
3114 2054 44 18 use
3170 2048 27 25 of
3206 2049 123 33 Platypus
3336 2053 84 26 Brand
3429 2056 29 24 of

2914 2084 155 33 Eucalyptus
3084 2089 123 28 Globulus
3236 2094 111 30 Extract,
3377 2099 76 24 taken

2916 2135 66 23 upon
3004 2136 75 24 sugar
3107 2140 28 16 or
3154 2134 28 23 m
3205 2136 71 24 milk.
3311 2138 53 25 The
3387 2143 68 23 most

2914 2170 115 31 pleasant
3041 2181 53 25 way
3105 2178 26 22 to
3140 2177 57 24 tako
3208 2178 156 34 Eucalyptus
3387 2184 21 23 is
3427 2185 28 24 m

2916 2213 43 26 the
2991 2216 116 33 Platypus
3135 2220 88 26 Brand
3251 2223 28 25 of
3300 2225 155 33 Eucalyptus

2916 2258 114 31 Jujubes.
3067 2261 70 33 They
3149 2272 41 17 are
3201 2266 26 23 m
3244 2267 62 24 such
3318 2276 15 17 a
3344 2271 111 29 portable

2915 2296 70 30 form,
2998 2300 115 30 pleasant
3126 2305 24 22 to
3163 2305 73 29 taste,
3254 2308 132 32 antiseptic
3404 2312 52 24 and

2916 2341 139 28 stimulant.

2950 2435 193 32 Watchmaker,:
3146 2455 32 3 —
3179 2441 43 24 Mr
3241 2442 29 25 F.
3290 2444 29 24 B.
3337 2445 71 25 Lane
3430 2448 29 24 of

2916 2478 123 32 Bangiora
3052 2482 52 25 will
3114 2485 73 24 make
3198 2486 41 24 his
3251 2489 73 24 usual
3347 2490 57 25 visit
3428 2493 27 23 to

2917 2519 91 26 Oxford
3037 2529 33 17 on
3100 2524 136 33 Thursday,
3275 2528 99 31 Friday,
3404 2532 53 23 and

2918 2561 132 34 Saturday.
3059 2565 67 32 May.
3137 2569 67 28 30th,
3218 2571 56 24 31st
3282 2572 50 23 arid
3340 2574 38 23 Ist
3386 2573 67 26 June

2950 2606 40 24 Mr
3002 2607 69 25 Lane
3092 2610 49 25 will
3169 2619 68 25 carry
3267 2621 15 17 a
3309 2615 66 32 large
3404 2618 49 24 and

2916 2646 84 24 varied
3012 2648 70 24 stock
3093 2650 26 24 of
3132 2651 117 25 Watches
3261 2655 49 23 and
3327 2655 128 33 Jewellery

2917 2686 41 24 the
2981 2689 95 30 quality
3104 2689 28 25 of
3158 2691 81 25 which
3265 2691 24 26 is
3307 2696 146 25 unrivalled.

2919 2729 94 32 Special
3036 2732 114 27 Watches
3174 2735 30 32 by
3228 2736 155 33 Bptherham
3406 2741 50 25 and

2917 2775 70 23 other
2997 2777 130 24 renowned
3156 2780 106 24 makers.
3298 2782 44 25 All
3362 2785 94 30 repairs

2917 2820 129 22 entrusted
3057 2822 26 22 to
3096 2821 38 24 Mr
3145 2822 71 26 Lane
3229 2831 41 18 aye
3288 2827 118 24 executed
3427 2827 28 25 m

2917 2860 43 26 the
2972 2863 66 24 most
3050 2863 92 26 careful
3156 2874 105 18 manner
3275 2869 49 24 and
3347 2878 108 23 guaran-

2917 2906 39 23 tee
2962 2906 18 22 .1.
3009 2906 91 28 .Prices
3113 2909 44 24 the
3167 2917 57 25 very
3243 2911 94 25 lowest.

3050 3055 32 24 CAT
3082 3055 228 24 STEALING.

2950 3139 63 26 Miss
3015 3139 132 30 '.Gertrude
3159 3143 31 24 B.
3209 3144 72 25 Kolle
3299 3145 25 24 m
3349 3154 14 16 a
3384 3147 70 24 short

2916 3190 75 24 paper
3009 3185 58 24 e-ills
3077 3187 121 23 attention
3217 3190 26 22 to
3255 3189 43 24 the
3320 3189 51 24 fact,
3399 3191 55 24 that

2916 3228 32 30 by
2961 3227 40 24 the
3012 3232 83 21 recent
3107 3230 107 25 decision
3227 3232 26 23 of
3263 3232 42 24 the
3322 3227 131 31 AnWiciin

2916 3269 44 24 law
2973 3274 78 26 court,
3065 3272 43 24 the
3121 3276 39 21 cit
3172 3274 22 24 is
3217 3274 111 25 declared
3340 3278 26 22 to
3390 3276 63 25 have

2916 3322 31 16 no
2959 3314 80 32 rights
3051 3316 23 23 m
3099 3317 78 25 law—
3180 3320 44 23 not
3244 3324 60 19 evert
3319 3316 49 34 fthe
3379 3319 74 33 -Tight
3459 3311 7 35 (

2916 3358 26 23 of
2954 3358 72 31 being
3038 3360 41 23 thr-
3091 3365 113 27 property
3224 3362 26 23 of
3257 3371 13 14 a
3277 3370 75 17 ,maa.
3392 3376 8 16 i:

2949 3401 54 24 The
3015 3402 99 25 learned
3124 3403 87 25 Attorn
3215 3406 149 30 ey-G-eneral
3373 3401 27 29 bf
3408 3403 46 28 tha
3464 3409 5 4 '

2917 3446 68 23 St:ite
2998 3445 27 25 of
3036 3446 129 33 Maryland
3186 3448 45 25 hn'i
3241 3455 5 5 J
3249 3448 108 33 rackitly
3369 3446 89 29 strabk'
3476 3447 6 20 *

2916 3497 14 15 a
2942 3490 143 25 cr'icl:hlow
3098 3498 25 18 ai
3136 3492 112 28 thereat,-
3258 3493 80 25 which
3351 3491 138 29 'isrcaKrTi

2916 3533 104 29 cnlated;
3026 3536 25 22 to
3064 3534 53 25 den:
3125 3536 37 23 ive
3175 3536 55 25 that
3253 3536 122 26 harnaless
3387 3545 6 11 r
3390 3538 65 24 ';and

2916 3586 130 24 necessary
3055 3583 106 21 .cnmast
3170 3588 13 16 c
3195 3582 95 24 animal
3319 3582 27 24 of
3371 3583 33 23 its
3416 3584 42 27 in-,

2916 3622 120 24 alienable
3048 3623 87 29 rights.
3170 3624 28 22 It
3204 3632 72 16 came
3283 3624 76 25 about
3368 3634 26 15 ri
3405 3626 50 24 tin's

2917 3665 82 27 wise.;.
3013 3675 3 14 ;
3020 3667 22 22 A
3057 3672 46 18 cart
3108 3674 42 16 am
3162 3667 89 25 citizen
3272 3669 37 26 ;of
3319 3668 138 26 Baltimore
3465 3685 23 14 &

2916 3710 62 23 stole
2988 3718 15 15 a
3015 3710 50 25 fine
3078 3711 104 25 Maltese
3203 3714 40 22 cat
3251 3712 65 24 mv.u
3318 3719 38 30 ja
3367 3713 88 33 neigh-
3481 3709 8 16 *

2917 3753 66 29 'ionr,
2999 3753 47 25 wlic
3063 3754 51 24 had
3126 3754 52 25 him
3201 3756 108 24 arrestt'd
3327 3756 43 24 -for
3382 3756 90 28 theft./

2918 3796 79 24 When
3012 3798 41 22 the
3065 3805 55 17 case
3138 3806 70 16 cams
3234 3808 33 22 up
3279 3800 37 23 fur
3345 3801 55 23 trial
3413 3801 43 24 the

2916 3839 134 32 prisonf-r'3
3068 3843 107 24 .counsel
3191 3859 4 2 -
3205 3843 98 27 entorod
3315 3866 3 6 ,
3329 3843 47 31 ,tlip
3399 3845 57 33 plea
3469 3866 4 9 ,

2916 3884 54 23 that
2983 3885 21 22 it
3016 3892 50 17 was
3089 3886 144 28 impossible
3262 3888 48 30 for,
3322 3880 141 43 anyon4,to.
3478 3909 5 8 ,

2916 3926 63 25 steal
2990 3935 16 16 a
3017 3930 48 23 cat.
3079 3937 27 16 as
3119 3928 56 26 that
3187 3930 95 26 animal
3295 3932 21 24 is
3338 3934 45 22 not
3401 3940 56 23 pro-

2916 3975 77 27 perty,
3008 3972 49 24 and
3083 3972 57 25 that
3158 3975 24 23 to
3195 3974 58 25 take
3283 3970 175 38 foVciblo.pqs.-
3473 3987 4 9 :
3483 4001 3 2 .

2916 4015 94 25 session
3030 4015 26 25 of
3066 4025 15 15 a
3091 4017 76 24 felins
3179 4026 60 16 even
3257 4013 214 37 tliougliit^eia/

2917 4060 40 29 pet
2970 4066 47 17 one
3029 4059 50 24 and
3091 4068 66 17 wear
3168 4069 16 16 a
3196 4061 86 25 ribbon
3295 4062 167 28 and-answat

2917 4104 26 22 to
2954 4102 34 25 its
3001 4111 80 21 n:ime,
3105 4104 22 24 is
3157 4107 43 22 not
3217 4113 15 17 a
3262 4106 64 30 legal
3340 4107 119 25 .offence:

2917 4146 54 26 The
2980 4146 78 33 judge
3066 4149 55 24 held
3148 4149 52 25 this
3224 4146 237 36 a'rguhWhe-to-'be
3471 4156 4 5 '
3488 4165 1 3 •

2917 4191 72 31 good,
3008 4192 50 24 and
3088 4193 43 24 the
3161 4194 120 32 Attorney
3286 4186 127 34 -6enlerar
3434 4198 27 22 t6
3471 4205 2 2 ■

2917 4234 79 25 whom
3011 4236 40 24 tlie
3063 4243 57 18 ca«e
3138 4245 52 17 was
3219 4233 128 37 appealed,
3370 4240 91 31 agreed

2918 4279 59 23 with
2989 4279 62 25 him.
3089 4280 53 25 The
3154 4281 91 30 .latter
3264 4282 40 23 m;
3313 4277 41 29 his
3371 4283 93 24 formal

2916 4322 112 31 opinion,
3038 4323 109 25 declaivs
3160 4325 54 24 tlat
3234 4325 42 24 the
3288 4327 41 22 cat
3349 4325 21 24 is
3381 4327 80 31 really

2917 4365 109 33 nothing
3036 4366 45 25 but
3094 4375 15 16 a
3138 4367 54 24 will
3211 4367 101 29 animal,
3324 4368 58 26 tliat
3391 4369 31 31 ,jt
3440 4369 20 24 is

2917 4409 25 23 of
2955 4417 32 17 vo
2999 4413 78 21 n-'eto
3090 4418 67 20 mart,
3171 4403 290 43 and,^tli^ll^tMkinj?

2917 4452 27 24 of
2950 4461 16 15 a
2975 4454 206 29 cut.without.tlij
3192 4452 139 35 cohson^.^f
3340 4455 142 26 itSiOwa-*'

2917 4502 27 17 er
2956 4496 112 25 isnotan
3082 4494 244 27 iudfctißfelle.Qffence.

1152 49 177 31 OXFORD
1373 50 234 32 OBSERVER
1652 49 243 37 SATURDAY,
1961 52 121 32 JUNE.
2142 54 29 35 1,
2283 54 79 28 1805
