2460 3850
183 192 136 24 OXFORD
343 191 131 25 SPORTS.

105 263 49 24 The
165 263 103 31 opening
279 262 27 25 of
324 262 106 24 Pearson
451 260 73 29 Park,
548 261 41 24 to-

73 303 85 30 gether
167 303 59 24 with
237 303 42 23 the
291 301 92 32 Sports,
405 301 80 25 which
505 299 84 25 should

72 340 62 25 have
142 341 73 25 taken
225 340 67 31 place
303 347 33 17 on
346 339 61 25 New
429 339 84 25 Year's
535 338 54 31 Day

71 379 43 23 but
125 379 77 31 owing
223 380 26 22 to
270 378 42 24 the
333 378 145 29 inclemency
501 376 26 24 of
548 376 40 24 the

70 416 105 24 weather
185 416 48 24 had
245 418 25 22 to
282 416 28 23 be
317 414 141 32 postponed,
470 421 66 17 came
555 413 33 24 off

70 461 33 16 on
114 454 87 24 Easter
212 453 112 31 Monday,
346 453 28 24 m
392 451 118 25 beautiful
527 459 62 16 wea-

70 491 62 23 ther.

103 529 52 24 The
168 527 91 26 Oxford
269 528 73 24 Brass
353 527 68 24 Band
438 534 48 16 was
505 527 26 23 m
553 527 35 23 at-

70 567 125 27 tendance,
208 566 49 23 and
268 565 85 32 played
364 567 26 22 at
398 563 115 26 intervals
532 563 56 24 dur-

71 606 44 28 ing
125 605 42 23 the
184 604 133 24 afternoon.

104 642 51 23 The
174 640 94 25 various
291 641 83 24 events
391 640 63 23 went
476 638 35 25 off
532 638 58 25 with

71 680 75 25 much
158 687 101 20 success,
272 678 49 25 and
332 678 41 25 the
381 677 81 32 public
469 675 121 32 dispersed

71 718 53 24 well
142 716 106 25 satisfied
269 716 58 24 with
350 715 42 24 the
414 714 57 31 days
495 722 95 16 amuse-

70 757 76 22 ment.

103 793 53 23 The
167 793 81 23 events
258 790 105 24 resulted
374 797 28 17 as
423 789 99 24 follows:
525 802 33 4 —

103 830 62 31 Boys
183 836 61 20 race,
254 827 75 24 under
351 828 39 27 14,
415 828 48 23 100
485 826 71 31 yards
557 839 32 4 —

72 855 97 37 Charle-
181 865 89 26 Powell
283 867 22 25 1,
318 864 29 24 F.
359 864 121 24 Paclinatz
502 864 22 24 2.

105 905 76 24 Mens'
193 903 76 32 grand
280 902 126 31 Handicap
430 901 83 33 (open)
536 901 53 25 first

71 943 65 30 heat,
158 943 47 24 100
226 940 71 32 yards
298 955 32 2 —
330 940 29 24 L.
388 939 82 25 James
503 940 23 28 1,
560 939 29 24 F.

71 981 85 24 Bluett
168 981 22 27 2,
202 979 38 24 W.
252 978 139 30 Fitzgerald
402 978 24 24 3.

105 1019 105 24 Athletic
222 1017 58 24 Club
291 1016 165 31 competition,
469 1015 121 30 throwing

73 1057 43 24 the
137 1056 89 25 cricket
247 1053 50 25 ball
297 1068 32 3 —
331 1053 26 25 C.
381 1052 101 29 Gorton,
516 1052 74 31 82yds

73 1095 44 27 2ft,
129 1096 14 22 1
157 1104 5 18 ;
181 1094 26 24 C.
219 1092 124 27 Prichard,
355 1092 16 23 2
379 1099 6 21 ;
398 1091 28 24 F.
447 1091 100 27 Reston,
561 1092 14 22 3
583 1097 7 22 ;

106 1132 64 31 Boys
181 1138 59 20 race,
253 1129 76 24 under
341 1130 38 26 14,
393 1130 47 23 220
458 1129 71 31 yards
530 1143 32 3 —
562 1128 27 24 F.

74 1170 131 25 Pachnatz,
220 1170 10 21 1
242 1176 5 19 ;
266 1167 26 25 0.
305 1166 98 29 Powell,
424 1167 22 24 2.

106 1206 106 25 Athletic
231 1205 61 25 Club
314 1204 161 31 competition,
501 1203 45 32 100
546 1203 43 32 yds

73 1245 44 24 flat
128 1252 55 16 race
184 1257 30 5 —
215 1243 23 23 -T.
251 1243 82 27 Keats,
357 1244 12 22 1
379 1250 5 21 ;
405 1242 26 25 S.
454 1241 135 31 Pickering,

73 1283 16 23 2
101 1292 6 19 ;
125 1282 28 24 T.
164 1282 82 26 Keats,
264 1282 25 22 3.

106 1319 117 29 Running
233 1318 58 30 high
301 1317 70 31 jump
374 1331 30 3 —
405 1316 23 23 J.
441 1317 93 27 Power,
558 1316 21 24 E

73 1357 124 26 M'Beath,
210 1355 41 23 W.
262 1354 114 27 Ketcher,
389 1353 42 28 tie,
444 1354 36 23 sft
492 1353 51 24 4in.

106 1394 64 24 Girls
191 1400 61 20 race,
276 1391 74 24 under
371 1392 40 27 16,
434 1391 46 31 100
480 1391 47 31 yds
527 1405 31 4 —
559 1391 20 23 E

71 1433 91 24 Prouse
174 1433 23 26 1,
206 1430 71 24 Katie
285 1429 80 30 Lugar
376 1430 22 23 2.

106 1470 75 24 Mens'
194 1468 76 31 grand
282 1467 127 31 handicap,
422 1466 89 25 second
534 1466 55 25 heat

71 1508 46 31 220
117 1508 47 31 yds
164 1522 32 3 —
196 1506 68 24 Dead
273 1506 57 23 heat
351 1504 108 25 between
482 1504 107 25 Plaskett

71 1546 50 25 and
131 1546 92 23 Bluett.
257 1544 68 23 After
332 1543 108 31 running
451 1543 39 28 off,
503 1542 43 24 the
556 1550 33 16 re-

73 1584 48 25 sult
132 1591 47 16 was
190 1591 24 15 as
224 1581 98 24 follows:
325 1595 32 3 —
358 1580 23 24 J.
396 1579 111 25 Plaskett
518 1582 23 26 1,
562 1579 27 25 F.

73 1621 81 24 Bluett
165 1621 23 26 2,
202 1619 24 25 J.
238 1619 75 24 Keats
325 1619 23 23 3.

104 1658 106 24 Athletic
223 1656 62 24 Club
305 1655 164 31 competition,
492 1654 98 31 kicking

71 1697 44 24 the
125 1694 107 28 football,
246 1694 75 31 (place
331 1693 48 24 and
397 1693 68 31 drop)
466 1706 33 4 —
499 1692 30 24 In
551 1692 39 25 the

71 1734 69 32 place
152 1732 64 36 kick^
228 1731 28 24 F.
274 1734 77 21 Jbuers
362 1732 21 26 1,
397 1730 27 25 C.
443 1730 100 28 Gorton,
567 1730 23 29 2,

71 1787 33 3 —
106 1771 127 30 Pickering
245 1771 14 22 3
270 1777 6 21 ;
287 1769 57 31 drop
357 1768 63 29 kick,
433 1768 26 25 C.
471 1768 94 25 Gorton
574 1769 14 22 1

71 1811 31 24 F.
115 1811 92 23 Eeston
219 1809 23 27 2,
253 1808 30 24 R.
296 1807 30 24 B.
339 1807 80 29 Ryder
431 1808 24 23 3.

104 1848 70 30 Boys'
188 1845 61 27 Sack
260 1852 61 20 race,
344 1845 44 30 100
388 1845 45 30 yds
434 1858 32 5 —
467 1844 34 24 H.
523 1844 66 24 Clea-

70 1886 74 24 Terl,
158 1885 24 23 S.
195 1883 99 23 Cleaver
312 1882 24 23 2.

104 1921 79 24 Men's
194 1918 75 32 grand
283 1918 135 30 Handicap,
437 1917 66 24 third
524 1917 66 28 heat,

71 1959 123 30 440yds—
196 1957 23 24 J.
241 1955 110 24 Plaskett
373 1957 23 26 1,
427 1955 39 24 W.
492 1955 98 31 Living-

73 2000 68 21 stone
153 1997 23 25 2,
188 1995 29 24 F.
230 1994 84 24 Bluett
325 1995 24 23 3.

104 2034 56 31 Egg
178 2032 49 26 and
249 2039 75 23 spoon
345 2038 63 20 race,
434 2030 46 32 100
480 2030 47 32 yds
527 2045 32 3 —
560 2030 21 24 R

72 2072 100 23 Musson
185 2073 23 22 1.

108 2109 101 25 Athletic
232 2106 61 26 Club
316 2105 161 32 competition,
501 2105 45 31 440
546 2105 44 31 yds

71 2148 44 24 flat
124 2155 54 16 race
179 2161 31 3 —
212 2146 25 23 J.
249 2145 75 24 Keats
337 2146 22 26 1,
372 2145 26 23 S.
416 2143 129 31 Pickering
566 2144 24 27 2,

73 2185 28 24 C.
125 2184 91 25 Gorton
228 2184 23 23 8.

104 2223 116 30 Vaulting
227 2221 58 25 with
306 2219 55 32 pole
362 2234 31 5 —
394 2219 25 25 J.
442 2219 34 25 H.
499 2218 90 29 Power,

72 2261 117 26 Plaskett,
202 2259 33 25 tie
245 2258 38 26 9ft
301 2258 49 24 6in.

104 2298 74 29 Quoit
190 2296 81 25 Mateh
272 2309 32 6 —
305 2295 33 24 H.
351 2294 87 26 Coates
452 2296 12 23 1

103 2335 107 26 Athletic
237 2333 61 25 Club
331 2333 165 31 competition,
530 2332 59 31 high

67 2375 72 31 jump
140 2389 32 2 —
172 2373 29 24 F.
213 2372 78 24 Luers
298 2372 23 27 I,
331 2370 37 24 4ft
375 2371 55 23 lOin
439 2379 6 21 ;
454 2370 24 24 J.
490 2370 77 24 Keats
576 2372 13 22 2

70 2411 157 27 E,Gilclrist
246 2411 23 23 3.

105 2450 68 24 Band
195 2449 72 28 Eace,
284 2446 141 34 (handicap)
446 2446 46 31 100
492 2446 46 31 yds
561 2446 25 24 T.

70 2488 91 24 Baxter
173 2489 22 22 1.

102 2525 107 24 Athletic
227 2523 61 24 Club
311 2522 154 31 competition
486 2522 104 29 running

67 2564 60 30 long
137 2563 68 31 jump
206 2575 31 4 —
239 2561 24 24 J.
275 2560 74 24 Eeatß
362 2562 23 26 1,
397 2559 28 24 C.
437 2558 117 24 Prichard
564 2559 24 27 2,

68 2601 31 24 E.
113 2599 116 26 Gilchrist
248 2599 22 24 3.

101 2638 51 24 One
163 2637 57 25 mile
232 2636 56 24 Flat
300 2636 64 23 Eace
388 2634 163 32 (handicap)—
551 2633 27 26 -S

69 2676 128 29 Pickering
210 2676 21 26 1,
246 2674 37 24 W.
296 2673 160 31 Livingstone
468 2672 24 23 2.

102 2713 152 25 Consolation
303 2711 72 28 Eace,
426 2708 126 32 100yds—
552 2708 36 25 W.

69 2751 139 30 Fitzgerald
220 2751 22 28 1,
255 2750 29 24 F.
298 2748 103 25 Eoberta
421 2748 24 24 2.

102 2789 51 25 The
175 2788 81 25 men's'
275 2787 83 25 Grand
384 2785 127 30 Handicap
525 2810 3 2 .
544 2792 46 16 was

69 2836 55 17 won
135 2827 31 32 by
178 2827 23 24 J.
214 2826 111 24 Plaskett
337 2825 59 24 with
408 2824 38 24 six
456 2823 91 32 points,
559 2822 30 25 F.

69 2867 83 24 Bluett
162 2865 71 29 being
244 2864 87 24 second
343 2864 56 23 with
409 2862 49 25 five
468 2861 90 32 points.

101 2904 50 23 The
163 2902 105 25 Athletic
277 2901 61 26 Club
362 2901 155 30 competition
540 2906 49 17 was

68 2949 55 17 won
134 2941 32 31 by
177 2941 24 24 J.
213 2940 75 24 Keats
299 2939 60 24 with
371 2942 84 21 eJeven
465 2937 90 32 points,
565 2940 24 21 to

70 2979 26 25 C.
110 2979 115 24 Gorton's
236 2977 55 24 nine
308 2977 89 30 points.

173 3074 319 27 MOUNTAINEERING.

102 3143 36 24 On
150 3142 90 32 Friday
250 3142 86 24 March
348 3141 61 27 27th
418 3149 15 16 a
443 3142 69 30 party
524 3146 64 17 com-

70 3181 90 32 prising
166 3181 47 24 five
219 3181 84 27 ladies,
318 3180 48 24 and
373 3179 66 31 eight
446 3178 144 32 gentleman,

69 3219 128 26 succeeded
207 3219 27 24 m
244 3217 115 32 reaching
369 3217 41 24 the
421 3220 42 28 top
474 3215 26 25 of
505 3215 85 25 Mount

68 3257 96 25 Oxford.
199 3256 32 25 As
243 3257 43 24 the
296 3255 105 26 weather
419 3262 51 17 was
491 3254 33 25 all
534 3254 56 25 that

68 3295 73 25 could
152 3296 27 23 be
199 3294 102 28 desired,
324 3294 49 24 and
394 3299 127 24 every-one
542 3300 48 16 was

65 3333 69 30 jolly,
147 3341 15 15 a
172 3333 65 23 most
249 3330 125 32 enjoyable
385 3330 47 30 day
449 3337 48 16 was
510 3331 79 29 spent.

101 3369 80 25 About
192 3368 52 25 half
266 3370 54 30 past
343 3368 68 31 eight
422 3375 15 16 a
459 3368 60 23 Btart
541 3374 48 17 was

68 3408 67 23 made
146 3408 63 23 from
221 3407 51 24 Mrs
288 3406 149 30 Mounsey's,
459 3404 79 24 where
549 3405 40 24 the

66 3450 69 26 party
146 3445 49 24 had
206 3443 133 26 assembled
350 3451 5 21 ;
373 3443 48 24 and
432 3443 29 30 by
472 3442 55 24 half
535 3445 54 28 past

67 3482 85 25 twelve
162 3483 43 24 the
232 3481 116 25 foremost
367 3480 25 25 of
414 3479 43 26 the
479 3478 110 26 climbers

68 3521 68 23 stood
148 3528 31 16 on
191 3520 42 24 the
252 3518 101 24 summit
374 3517 28 25 of
411 3517 42 25 the
470 3515 56 30 hill,
546 3517 43 25 the

67 3558 80 23 others
159 3557 34 24 all
200 3556 117 31 reaching
327 3555 43 25 the
381 3557 42 29 top
433 3555 87 27 before,
526 3555 61 24 half-

66 3596 54 28 past
131 3596 55 23 two.
219 3594 71 24 After
312 3593 116 31 spending
451 3600 67 17 some
529 3593 60 24 time

66 3631 25 23 m
102 3631 88 31 rolling
200 3631 119 28 boulders,
339 3630 49 24 and
397 3629 84 32 nearly
493 3630 95 31 scaring

67 3668 41 24 the
119 3668 41 25 life
172 3673 40 20 out
223 3668 26 24 of
258 3676 67 17 some
346 3667 58 25 wild
414 3667 61 31 pigs,
494 3667 92 25 several

66 3708 27 24 of
117 3708 78 24 which
216 3715 62 17 were
289 3709 7 32 f
305 3715 63 21 seen,
402 3715 15 15 a
447 3708 61 23 start
537 3715 48 17 was

65 3744 116 26 ihadefor
197 3745 77 27 home,
297 3745 49 24 and
365 3744 79 28 before
465 3744 61 25 dark
546 3744 40 25 Mr

677 191 98 27 Harle's
786 193 151 28 home-stead
943 206 48 16 was
1002 198 106 28 reached,
1120 198 77 25 where

677 231 65 23 most
753 230 27 25 of
788 231 42 25 the
840 235 70 30 party
922 236 83 30 stayed
1016 235 37 25 for
1064 238 46 22 tea.
1146 237 51 23 The

676 265 76 28 ladies
762 268 96 27 deserve
886 272 43 24 the
940 273 96 31 highest
1058 273 80 32 praise
1159 274 38 24 for

677 304 41 25 the
729 306 71 30 pluck
811 308 48 24 and
870 317 166 23 perseverance
1047 311 80 25 which
1140 312 57 30 they

676 343 96 25 showed
781 344 148 33 throughout
936 348 41 24 the
983 348 78 25 whole
1068 349 47 31 day
1125 359 6 20 ;
1148 349 49 24 and

675 380 71 24 could
757 390 103 23 any-one
872 384 60 25 have
943 393 57 16 seen
1011 386 67 24 them
1100 388 97 29 coming

675 417 71 25 down
759 419 165 32 Youngman's
936 422 39 24 old
986 425 119 29 tramway,
1130 424 66 30 sing-

675 455 43 31 ing
831 458 42 24 the
1127 461 70 30 Lang

784 494 39 28 &c,
856 496 57 30 they
939 497 82 24 would
1043 506 69 16 never
1133 498 63 26 have

674 531 103 29 guessed
788 531 54 25 that
854 532 58 31 they
922 541 63 18 were
996 534 126 32 returning
1133 535 62 25 from

675 567 85 25 Mount
772 568 95 31 Oxford,
880 570 82 26 unless
981 573 57 30 they
1059 573 58 25 took
1135 576 60 23 iote

675 604 27 24 of
710 605 42 24 the
763 606 151 31 delapidated
925 616 160 24 appearances
1094 612 26 23 of
1132 612 62 23 their

674 640 102 32 dresses,
799 644 78 25 which
908 645 49 25 had
990 653 40 24 got
1063 649 133 25 somewhat

674 679 75 25 soiled
759 680 49 25 and
819 683 63 28 torn,
893 682 26 25 m
931 684 147 32 scrambling
1088 686 108 32 through

675 716 40 24 tte
727 718 72 23 scrub
839 720 141 31 Altogether
1002 722 67 25 there
1090 731 50 16 was
1163 732 32 16 an

674 755 75 24 entire
760 756 99 25 absence
870 757 27 24 of
910 758 42 25 the
973 759 89 25 listless
1084 761 49 24 and
1155 761 41 25 de-

672 792 81 31 jected
774 794 74 29 looks,
871 795 81 25 which
972 804 27 16 so
1029 798 66 23 often
1128 799 67 24 char-

675 830 100 24 acterize
797 832 41 24 the
859 836 84 21 return
962 832 26 25 of
1018 833 57 31 lady
1106 842 87 18 moun-

675 869 112 23 taineers.

748 1044 82 26 TIED
846 1045 45 25 UP
907 1045 43 25 AT
967 1045 70 26 THE
1054 1045 74 26 PUB.

708 1110 56 31 Pity
773 1111 40 24 the
825 1119 98 17 sorrows
934 1111 26 24 of
968 1120 15 16 a
993 1119 60 24 poor
1061 1112 40 25 old
1108 1113 71 29 hack,

740 1153 62 24 Who
813 1153 69 24 bears
893 1161 15 16 a
919 1153 85 25 boozer
1014 1162 33 16 on
1062 1155 40 24 his
1110 1155 69 29 back,

708 1195 64 26 Who
784 1196 84 25 stands
887 1197 63 24 thro'
973 1197 64 24 wind
1058 1197 49 24 and
1129 1205 67 18 snow

772 1238 50 25 and
832 1240 59 28 rain,

741 1281 66 25 With
818 1282 117 31 drooping
945 1282 64 24 head
1019 1283 48 23 and
1078 1283 73 25 limbs
1161 1283 35 25 all

771 1324 81 24 rack'd
863 1325 58 23 with
931 1325 64 31 pain.

706 1367 32 24 In
747 1367 134 31 noonday's
891 1367 64 29 heat,
967 1367 48 25 and
1025 1369 74 24 rain's
1117 1369 78 25 down-

771 1418 68 24 pour,

738 1453 61 26 Fast
809 1456 26 23 at
846 1463 15 16 a
872 1456 55 31 post
937 1457 32 31 by
980 1456 75 24 Hotel
1064 1456 59 25 door
1129 1463 8 22 ;

708 1497 79 25 Sweet
795 1497 84 33 Bobby
888 1501 79 27 wrote,
978 1499 48 25 and
1034 1507 27 17 as
1068 1499 40 25 his
1116 1507 78 17 verses

769 1548 54 21 ran,

738 1582 93 25 Proved
851 1583 57 26 how
925 1584 33 25 he
978 1584 71 25 hated
1068 1587 81 23 man's
1159 1585 36 24 m?

770 1625 129 32 humanity
910 1628 25 23 to
946 1634 68 17 man.

707 1668 76 24 There
794 1669 62 24 then
872 1670 87 24 should
982 1670 30 24 be
1033 1678 47 17 one
1101 1678 48 24 pen
1169 1671 27 25 at

771 1712 69 29 least,

738 1754 35 26 To
785 1755 64 25 write
860 1755 28 26 of
906 1758 80 23 man's
1006 1756 153 33 inhumanity
1170 1758 26 24 to

771 1799 66 24 beast
846 1807 7 21 ;

707 1840 25 25 If
741 1841 73 25 horse
824 1850 49 16 was
884 1842 59 24 born
954 1843 38 25 for
1003 1851 55 16 man
1066 1844 25 24 to
1102 1843 51 29 toil,

741 1883 70 24 With
822 1884 112 31 strength
954 1886 24 24 to
989 1885 39 24 till
1049 1885 44 24 the
1103 1884 94 26 fruitful

772 1925 52 25 soil.

708 1967 70 26 With
788 1969 50 24 will
854 1971 26 24 to
890 1969 58 25 bear
969 1970 40 25 hig
1031 1971 63 24 rider
1115 1971 28 24 m
1153 1971 43 25 the

773 2012 81 30 chase,

740 2054 72 25 With
823 2055 42 25 fire
882 2055 48 25 and
952 2056 73 31 speed
1045 2058 25 23 to
1086 2057 47 24 win
1155 2057 42 25 the

773 2098 106 31 exciting
886 2106 54 17 race
948 2106 7 22 ;

708 2139 21 25 A
738 2142 79 29 trusty
823 2140 66 31 help,
897 2141 27 24 m
931 2141 111 25 business
1046 2150 27 16 or
1078 2141 118 32 pleasure.

741 2183 40 24 He
792 2183 88 24 should
891 2185 26 23 at
939 2184 61 25 least
1020 2184 29 25 be
1071 2184 90 32 worthy
1173 2184 27 27 of

772 2235 68 17 some
848 2226 69 33 grub;

708 2269 68 25 More
786 2273 101 22 nutrous
898 2271 61 24 than
969 2279 16 17 a
995 2270 118 33 hookpost
1122 2273 25 23 at
1155 2272 43 24 the

771 2312 57 32 pub.

741 2355 49 24 The
799 2356 77 24 moral
887 2356 59 25 then
957 2356 75 32 you'll
1042 2357 92 32 plaiuly
1146 2365 48 21 see,

708 2397 76 27 Do'nt
803 2400 62 25 treat
883 2408 59 24 your
962 2402 70 24 horse
1053 2401 59 25 with
1123 2401 72 27 inhu.-

772 2442 103 33 manity.

974 2486 80 25 Billy
1071 2487 61 25 Day.

756 2610 90 26 VIEW
857 2611 83 24 HILL
952 2611 150 25 LIBRARY.

707 2676 53 24 The
771 2677 92 23 annual
874 2677 106 30 meeting
989 2677 38 24 for
1038 2677 42 25 the
1092 2677 104 25 election

675 2713 27 26 of
710 2723 13 14 a
745 2714 90 32 library
858 2713 150 30 Committee,
1029 2723 46 16 was
1096 2715 58 25 held
1171 2716 25 24 m

675 2752 41 25 the
726 2751 81 26 school
824 2760 32 16 on
877 2751 108 33 Monday
1007 2753 79 31 night.
1121 2754 75 25 There

675 2798 50 17 was
737 2798 14 16 a
763 2790 72 25 small
852 2790 151 25 attendance.
1037 2791 41 25 Mr
1099 2791 97 32 Wright

675 2836 49 17 was
736 2827 90 25 elected
848 2827 134 26 chairman.
1017 2829 50 25 The
1089 2829 107 26 minutes

676 2868 24 24 of
711 2868 43 24 the
764 2868 49 24 last
823 2867 109 32 meeting
942 2876 58 16 were
1011 2869 58 24 read
1080 2869 49 25 and
1140 2878 56 17 con-

675 2906 93 24 firmed.
802 2905 52 25 The
863 2907 115 30 secretary
996 2906 61 25 then
1078 2907 56 25 read
1156 2908 40 24 the

675 2943 100 25 balance
797 2943 67 25 sheet
886 2943 108 32 showing
1012 2953 14 15 a
1048 2944 101 26 balance
1170 2946 26 24 m

677 2980 66 25 hand
755 2980 27 25 of
802 2980 36 25 £7
862 2982 28 23 8s
909 2981 39 28 7d,
970 2982 77 24 which
1070 2990 49 17 was
1142 2991 54 16 con-

677 3018 92 25 sidered
799 3017 159 33 satisfactory.
992 3018 53 25 The
1078 3021 118 31 secretary

676 3056 52 25 also
739 3056 77 25 stated
827 3055 56 26 that
891 3056 88 31 during
990 3057 41 24 the
1041 3059 56 29 past
1107 3066 57 22 year
1182 3066 14 17 a

676 3095 104 23 number
791 3093 26 24 of
827 3093 75 25 books
919 3094 47 24 had
978 3095 59 23 been
1054 3095 142 30 purchased,

675 3132 42 26 the
728 3131 78 25 whole
817 3130 27 26 of
853 3131 42 25 the
907 3130 75 26 books
992 3131 50 25 had
1052 3132 59 24 been
1130 3141 66 18 over-

676 3170 97 28 hauled,
785 3168 110 32 repaired
906 3169 49 24 and
976 3170 150 31 rearranged,
1149 3172 47 24 and

675 3208 54 26 that
740 3207 138 32 catalogues
895 3207 50 24 had
966 3207 61 24 been
1038 3208 103 31 printed.
1174 3208 22 26 A

675 3247 86 31 hearty
772 3247 55 23 vote
839 3245 26 25 of
874 3245 90 24 thanks
975 3253 48 16 was
1045 3246 115 25 accorded
1171 3250 25 22 to

675 3285 40 24 the
737 3283 127 31 out-going
886 3283 147 28 committee,
1056 3283 51 25 also
1117 3285 26 24 to
1154 3285 42 24 the

674 3321 134 25 librarians.
841 3320 22 24 A
883 3328 74 16 warm
980 3320 134 25 discussion
1135 3321 61 25 then

675 3358 99 28 ensued,
787 3365 32 17 on
829 3358 41 24 the
898 3358 112 30 question
1032 3358 25 24 of
1077 3359 119 25 non-sub-

674 3396 100 25 scribers
783 3395 90 31 voting.
908 3395 71 25 After
990 3403 13 16 a
1015 3395 99 32 lengthy
1126 3403 69 25 argu-

673 3435 77 27 ment,
762 3434 21 24 it
804 3441 50 16 was
873 3432 86 32 finally
981 3433 98 25 decided
1098 3441 33 17 on
1152 3435 43 24 the

672 3472 94 25 motion
777 3470 27 26 of
813 3470 39 25 Mr
874 3469 69 30 Pole,
968 3470 118 26 seconded
1108 3471 32 32 by
1163 3472 29 26 T.

673 3509 77 25 Harle
766 3509 49 31 jur,
941 3508 43 25 the
1006 3508 80 31 public
1108 3508 30 26 be
1160 3510 34 25 al-

670 3547 78 26 lowed
759 3548 25 24 to
806 3546 56 24 vote
886 3544 38 26 for
945 3546 42 24 the
1008 3545 104 26 election
1122 3547 26 25 of
1179 3555 17 19 ft

672 3585 154 27 Committee,
837 3583 44 26 but
891 3582 44 27 the
957 3584 147 25 Committee
1126 3588 68 23 must

670 3622 30 25 be
928 3621 52 25 The
1008 3621 104 26 election
1144 3631 50 17 was

669 3660 62 24 then
742 3658 127 33 proceeded
879 3658 64 29 with,
955 3658 49 25 and
1015 3658 41 25 the
1068 3659 126 34 following

669 3698 136 32 gentlemen
846 3704 64 18 were
955 3696 114 26 election.'
1101 3697 91 27 Messrs

669 3735 91 29 Smith,
783 3734 63 31 Day,
870 3734 93 29 Maber,
985 3734 105 31 Wright,
1121 3735 67 30 Pole,

1284 203 83 31 Bunn,
1387 205 92 30 Duder,
1501 207 84 31 Harle,
1619 209 111 26 Parlane.
1764 211 40 24 Mr

1284 242 101 32 Wright
1404 251 49 17 was
1475 245 91 26 elected
1588 246 135 31 President,
1757 249 49 24 and

1284 279 40 25 Mr
1333 280 94 30 Duder,
1440 282 58 25 Vice
1506 283 136 27 President.
1677 286 40 24 Mr
1724 286 82 26 Maber.

1284 316 83 34 kindly
1379 320 130 25 consented
1521 322 26 23 to
1557 324 40 22 act
1618 331 28 15 as
1668 322 136 27 Librarian.

1284 354 21 24 A
1317 357 52 23 vote
1380 357 26 23 of
1416 357 89 25 thanks
1516 361 26 22 to
1554 360 42 23 the
1607 360 126 26 chairman
1754 363 48 23 ter-

1284 392 107 25 minated
1401 394 42 25 the.
1461 397 166 30 proceedings.

1300 501 96 26 WEST
1408 504 137 25 OXFORD
1558 507 130 25 SCHOOL
1707 508 81 26 COM-

1472 541 130 26 MITTEE.

1315 603 50 25 The
1376 604 68 26 West
1453 607 90 25 Oxford
1555 608 87 26 School
1661 609 143 27 Committee

1281 640 55 25 held
1358 642 65 26 their
1442 644 114 33 ordinary
1578 647 105 32 meeting
1704 656 33 17 on
1759 649 45 25 6th

1280 679 60 29 inst,
1347 684 97 28 present
1444 696 33 5 —
1477 682 91 26 Messrs
1576 683 95 31 Ancall,
1679 685 123 27 Enowle3,

1282 716 91 32 Candy,
1392 719 49 24 and
1463 719 148 26 Grimwood.
1644 722 31 25 In
1697 722 43 25 the
1762 723 42 24 ab-

1281 761 71 17 sence
1362 754 28 26 of
1405 755 40 25 Mr
1465 756 116 26 Prichard
1602 759 56 25 who
1680 768 51 17 waa
1754 760 50 25 suf-

1281 790 78 33 fering
1369 792 63 25 from
1444 794 92 28 illness,
1548 795 40 25 Mr
1597 795 136 26 Grimwood
1754 806 50 17 was

1282 828 71 24 roted
1364 831 25 22 to
1399 830 42 24 the
1453 831 83 23 Chair.

1314 866 107 25 Minutes
1433 868 27 23 uf
1468 868 48 24 last
1534 870 107 31 meeting
1664 880 60 16 were
1745 872 57 24 read

1282 903 48 25 and
1341 905 138 24 confirmed.

1315 942 111 26 Master's
1436 946 80 29 report
1527 952 50 17 was
1594 947 113 29 received,
1727 948 78 25 shew-

1288 979 45 30 ing
1354 988 100 23 average
1466 983 140 24 attendance
1627 987 27 21 to
1675 984 28 24 be
1725 987 80 28 138.7,

1282 1017 48 23 and
1341 1018 103 24 number
1455 1027 31 16 on
1499 1020 74 24 bo.»ks
1587 1023 64 22 168..

1314 1055 84 25 Letter
1408 1065 47 16 was
1467 1058 108 24 received
1586 1059 62 25 from
1662 1060 40 26 the
1721 1061 83 25 Board

1282 1093 133 31 approving
1426 1095 61 24 Miss
1510 1095 105 26 Marsh's
1637 1099 168 30 appointment

1282 1137 27 17 as
1340 1131 69 30 pupil
1442 1133 114 29 teacher;
1575 1133 51 25 also
1660 1136 69 23 letter
1768 1136 36 25 in-

1281 1169 119 31 structing
1421 1169 145 26 C.juiinittee
1588 1174 25 21 to
1634 1173 104 24 forward
1764 1182 38 16 ac-

1281 1208 85 22 counts
1376 1206 39 24 for
1432 1208 75 23 audit.
1542 1209 72 24 Clerk
1635 1218 49 16 was
1704 1211 100 25 ordered

1281 1244 26 23 to
1316 1251 100 24 prepare
1426 1250 117 21 accounts
1554 1248 48 23 and
1615 1248 101 25 balance
1728 1249 75 29 sheet,

1281 1281 50 24 and
1351 1282 102 24 forward
1471 1282 70 26 them
1562 1286 28 23 to
1611 1286 42 23 the
1672 1287 74 23 board
1767 1287 38 24 for

1281 1319 75 28 audit,
1368 1320 48 23 and
1437 1322 27 23 to
1486 1321 64 25 draft
1571 1326 89 27 report,
1681 1324 49 23 and
1750 1332 52 24 pre-

1281 1362 55 23 pare
1355 1359 114 23 accounts
1490 1357 38 25 for
1549 1359 136 31 inspection
1706 1363 27 22 at
1762 1361 42 25 the

1281 1394 99 29 general
1400 1396 112 31 meeting,
1534 1396 27 24 m
1593 1404 34 18 an
1658 1398 145 33 intelligible

1283 1430 71 25 form.

1313 1469 122 26 Accounts
1439 1472 26 23 to
1470 1470 42 25 the
1517 1474 102 22 amount
1624 1472 28 25 of
1655 1473 62 24 £14.
1723 1475 10 22 1
1739 1476 29 22 Is
1774 1475 29 23 Id

1281 1514 62 17 were
1364 1508 86 30 passed
1470 1508 37 24 for
1528 1512 121 28 payment,
1679 1512 50 23 and
1761 1512 42 25 the

1282 1543 141 27 Committee
1435 1547 142 29 adjourned.

1314 1660 152 26 WILLIAM
1479 1663 70 24 AND
1572 1663 197 28 MARYANNE.

1314 1725 41 25 He
1366 1728 62 23 went
1437 1731 24 20 to
1472 1728 39 22 tin*
1525 1728 65 25 View
1601 1729 55 25 Hill
1667 1731 71 28 treat,

1347 1768 86 26 Where
1444 1770 31 25 he
1488 1770 67 26 knew
1566 1771 57 33 they
1634 1780 64 17 were
1709 1782 57 17 sure
1776 1775 27 24 to

1379 1815 75 26 meet,

1314 1855 57 24 And
1381 1855 68 24 there
1460 1858 25 21 at
1496 1857 42 22 the
1559 1857 87 24 wicket

1350 1898 48 24 She
1409 1905 49 17 was
1468 1898 100 33 playing
1578 1901 26 22 at
1616 1900 92 25 cricket

1318 1940 66 25 With
1396 1949 15 17 a
1419 1941 71 25 smile
1501 1949 30 17 on
1543 1942 45 24 her
1597 1942 60 29 face,
1682 1952 27 16 so
1720 1945 82 25 sweet.

1496 1985 105 25 Chobus.

1315 2025 39 25 Oh
1365 2025 43 26 she
1419 2034 48 17 was
1478 2034 15 17 a
1510 2028 54 24 nice
1584 2036 82 24 young
1684 2029 49 31 gal,
1756 2030 49 25 and

1379 2069 32 24 he
1421 2078 48 17 was
1479 2078 16 16 a
1505 2069 50 26 fine
1564 2078 83 24 young
1657 2079 60 18 man
1727 2080 6 21 ;

1348 2112 77 25 There
1435 2120 50 18 was
1496 2121 65 17 none
1571 2113 75 31 there,
1659 2114 54 26 that
1735 2115 70 25 could

1380 2163 118 24 compare,

1317 2198 35 24 To
1364 2198 108 25 William
1481 2199 48 25 and
1551 2199 141 33 Maryanne.

1316 2267 65 31 They
1390 2268 136 25 scrambled
1532 2270 39 23 for
1581 2272 58 22 nuts
1650 2271 48 24 and
1717 2271 87 29 lollies,

1349 2310 68 25 With
1439 2311 76 26 Janes
1548 2312 49 25 and
1631 2313 91 29 Susies,
1756 2314 48 26 and

1380 2353 96 29 Pollies,

1317 2396 55 25 And
1383 2396 30 24 he
1425 2398 70 25 loved
1505 2398 44 25 her
1566 2400 61 28 best,

1346 2440 121 32 Amongst
1479 2441 33 24 all
1526 2443 41 24 the
1577 2444 51 23 rest

1315 2483 32 24 Of
1358 2485 40 23 the
1407 2486 69 24 sweet
1486 2486 80 31 pretty
1581 2485 67 26 View
1669 2486 55 25 Hill
1746 2486 58 25 mol-

1379 2527 52 24 lies.

1315 2578 40 25 He
1366 2579 71 25 could
1439 2581 35 24 'nt
1484 2580 72 24 drink
1568 2589 48 23 any
1627 2582 47 28 tea,

1347 2622 51 25 The
1408 2631 83 17 reason
1504 2631 46 17 was
1561 2624 68 31 plain
1639 2627 27 22 to
1674 2633 48 20 see,

1314 2664 41 25 He
1365 2665 71 24 loved
1446 2666 44 24 her
1500 2674 28 16 so
1549 2667 61 28 well,

1347 2707 41 25 He
1398 2716 48 16 was
1453 2709 73 31 dying
1537 2710 25 24 to
1574 2709 51 29 tell,

1315 2750 63 25 That
1386 2750 32 25 he
1428 2752 96 24 wanted
1535 2754 26 23 to
1573 2761 78 24 marry
1671 2753 52 25 she.

1315 2804 70 25 Then
1394 2804 43 25 she
1448 2805 69 24 lured
1528 2806 54 24 him
1593 2806 53 25 into
1656 2815 16 16 a
1693 2807 61 29 talk,

1347 2847 59 25 And
1416 2848 58 32 they
1485 2847 49 25 had
1545 2857 14 16 a
1570 2849 54 24 nice
1635 2849 63 25 little
1724 2851 65 25 walk
1799 2860 6 22 ;

1315 2891 79 25 Neath
1406 2900 13 15 a
1431 2892 128 31 spreading
1568 2892 70 26 birch
1658 2894 59 28 tree,

1350 2935 50 25 She
1411 2942 58 18 soon
1481 2934 34 26 let
1525 2935 52 24 him
1596 2943 48 21 see,

1315 2977 48 24 His
1373 2977 131 31 happiness
1515 2977 44 24 she
1571 2979 115 24 would'nt
1707 2980 82 25 baulk.

1315 3029 70 25 Then
1394 3029 94 32 joining
1498 3030 73 30 again
1582 3031 26 24 m
1619 3031 43 26 the
1672 3032 67 32 play,

1347 3073 14 23 I
1372 3073 76 23 heard
1458 3080 83 24 young
1548 3073 109 26 William
1665 3083 44 24 say
1716 3083 7 22 ;

1340 3115 84 24 Ther's
1435 3115 94 32 nobody
1541 3115 84 26 knows

1347 3157 85 25 We've
1441 3158 109 32 pledged
1560 3167 43 17 our
1621 3168 70 22 vows,

1315 3201 50 25 For
1374 3200 96 33 nobody
1481 3201 88 26 missed
1576 3210 29 17 us
1616 3205 93 31 away/

1315 3254 51 26 But
1376 3255 98 25 murder
1484 3256 49 25 and
1543 3255 54 26 love
1608 3257 52 25 will
1672 3261 52 27 out,

1348 3298 80 25 When
1435 3300 119 29 reporter*
1563 3307 43 17 are
1616 3299 84 31 about,

1315 3339 51 25 For
1375 3339 67 31 right
1453 3341 28 23 m
1493 3341 43 24 the
1557 3349 54 24 way

1347 3382 75 25 Came
1433 3382 65 32 Billy
1515 3383 61 32 Day,

1314 3424 74 26 From
1400 3425 43 25 the
1449 3426 89 24 Buster
1547 3427 52 25 I've
1612 3436 30 17 no
1654 3429 84 26 doubt.

1314 3476 69 26 Then
1394 3477 29 25 he
1434 3480 74 24 wrote
1519 3481 26 23 to
1556 3480 43 25 the
1609 3489 80 24 paper,

1347 3520 90 32 Saying
1448 3528 85 19 sooner
1540 3530 28 17 or
1575 3522 69 33 later,

1311 3562 15 26 I
1336 3565 85 30 expect
1432 3571 27 18 as
1470 3571 60 19 soon
1541 3574 28 17 as
1577 3566 59 34 they
1643 3575 47 18 can
1700 3576 7 22 ;

1345 3606 41 24 Oh
1395 3607 6 24 I
1418 3609 67 24 wont
1495 3607 20 26 it
1526 3608 31 25 be
1562 3609 64 29 nice,

1311 3647 112 34 Nothing
1434 3649 48 27 else
1493 3650 45 26 but
1548 3660 15 16 a
1575 3652 82 32 splice,

1342 3690 116 28 Between
1491 3693 110 28 William
1632 3697 50 26 and
1722 3699 82 34 Mary-

1376 3742 71 19 anne.

1923 222 474 56 CORRESPONDENCE.

1895 310 65 22 While
1968 317 38 16 our
2013 314 88 21 columns
2109 322 35 14 are
2153 322 50 20 open
2212 320 21 18 to
2245 318 36 25 all,
2292 326 29 14 we
2338 321 26 20 do
2380 324 36 17 not

1919 344 89 26 identify
2012 347 97 19 ourselves
2113 349 50 19 with
2167 355 42 20 any
2213 351 94 25 opinions
2311 353 105 25 expressed

1919 376 84 20 therein*

1958 453 184 28 LICENSING
2170 457 178 27 ELECTION.

1957 519 29 19 To
1995 519 34 20 the
2036 521 66 20 editor
2111 523 24 21 of
2144 523 7 10 '
2156 523 43 20 The
2220 524 109 20 Observer:

1926 554 87 29 Sib,—
2012 556 14 24 l
2046 565 41 17 am
2109 566 68 25 sorry
2197 559 56 26 that
2274 561 14 24 I
2322 564 90 25 cannot

1893 593 158 30 compliment
2067 595 49 25 Pro
2134 597 71 25 Bono
2226 597 101 28 Publico
2347 609 68 23 upon

1892 629 76 26 either
1977 630 40 26 his
2027 632 63 32 logic
2101 641 28 17 or
2149 637 118 30 courtesy.
2304 637 49 26 His
2374 646 40 17 re-

1893 669 81 24 marks
1985 669 27 24 m
2020 676 119 21 reterence
2149 676 25 22 to
2186 683 41 22 my
2238 681 82 25 prools
2330 677 27 24 of
2372 676 43 26 the

1892 705 243 28 maladministration
2146 711 26 24 of
2180 712 42 24 the
2233 720 90 23 powers
2335 714 26 24 of
2370 715 43 24 the

1892 741 131 34 Licensing
2033 745 92 30 Bench,
2138 749 88 32 simply
2234 759 81 21 mean,
2338 752 71 25 when

1892 780 103 24 reduced
2004 785 27 21 to
2040 783 67 30 plain
2117 785 112 32 English,
2252 788 115 26 "You're
2389 797 24 23 a,

1892 818 54 23 well
1967 822 43 21 not
2021 827 15 17 a
2227 825 50 24 and
2297 826 44 25 the
2361 829 54 22 rest

1892 854 27 24 of
1926 855 37 24 his
1973 855 73 26 letter
2056 860 77 24 teems
2144 861 60 24 with
2225 863 183 31 vituperations,

1892 893 130 31 regardless
2034 895 26 24 of
2069 896 42 25 the
2121 898 113 33 teaching
2255 900 28 26 of
2302 901 43 26 the
2368 902 44 25 9th

1893 930 212 28 Commandment.

1924 969 33 24 As
1968 971 26 23 to
2004 971 43 24 the
2058 974 132 26 statement
2200 977 54 25 that
2272 977 41 25 the
2329 978 84 31 public

1891 1014 61 16 were
1960 1015 72 17 never
2042 1011 113 28 appealed
2166 1013 33 27 to,
2211 1013 22 24 if
2240 1014 32 23 he
2283 1014 50 24 will
2354 1015 59 24 take

1891 1044 41 23 the
1943 1045 93 25 trouble
2048 1048 25 23 to
2082 1050 105 29 enquire,
2199 1050 15 24 I
2223 1051 63 25 have
2294 1060 31 16 no
2336 1053 74 24 doubt

1891 1082 54 24 that
1955 1082 42 24 the
2007 1084 105 25 ex-clerk
2123 1087 25 24 of
2159 1087 42 25 the
2211 1088 86 25 Bench
2314 1089 50 26 will
2374 1091 37 24 in-

1891 1119 62 25 form
1964 1120 48 24 him
2024 1122 53 25 that
2089 1124 67 24 there
2167 1133 50 17 was
2227 1127 60 24 such
2308 1135 16 17 a
2341 1128 74 31 thing

1891 1164 24 16 as
1928 1165 14 16 a
1953 1166 28 16 wi
1987 1159 63 24 itten
2054 1164 91 26 protest
2152 1163 96 30 against
2255 1164 43 24 the
2305 1165 108 32 despotic

1891 1195 103 25 conduct
2005 1197 27 23 of
2051 1197 41 24 the
2112 1199 93 29 Bench,
2227 1201 48 24 and
2296 1202 56 25 that
2362 1203 53 24 this

1890 1235 93 28 protest
1992 1242 51 17 was
2054 1235 83 31 signed
2158 1237 32 31 by
2211 1239 83 31 nearly
2315 1240 33 25 all
2369 1240 46 25 the

1891 1272 145 29 respectable
2046 1273 153 26 inhabitants
2217 1276 28 24 of
2263 1277 44 24 the
2317 1278 98 24 district

1891 1307 127 33 including
2026 1310 42 24 the
2077 1319 85 17 names
2173 1313 27 23 of
2207 1313 55 24 four
2272 1314 108 26 Justices
2390 1316 28 24 of

1892 1345 43 24 the
1945 1346 87 25 Peace.
2066 1347 43 33 My
2119 1348 112 26 business
2247 1350 66 26 often
2330 1352 86 32 brings

1892 1390 41 17 me
1943 1383 28 24 m
1981 1387 98 22 contact
2089 1386 60 24 with
2160 1387 77 25 Hotel
2247 1388 99 32 keepers
2366 1390 50 25 and

1891 1420 64 25 their
1965 1422 61 30 good
2036 1422 84 32 ladies,
2142 1425 49 24 and
2201 1425 14 24 I
2226 1426 63 25 have
2310 1429 44 24 not
2364 1428 49 25 dis-

1891 1459 99 24 covered
2000 1460 42 24 the
2058 1460 122 33 Lambing
2200 1463 71 26 down
2289 1466 125 30 publicans

1892 1496 49 24 and
1951 1496 168 27 brazen-faced
2130 1500 100 26 huzzies
2240 1503 136 25 mentioned
2387 1505 29 24 m

1915 1534 49 25 Pro
1974 1534 108 27 Bono's"
2093 1536 80 26 letter.
2206 1539 38 25 On
2251 1540 43 25 the
2301 1543 111 30 contrary

1891 1573 14 23 I
1915 1573 61 25 have
1985 1575 108 25 received
2104 1585 15 16 a
2129 1578 75 24 much
2214 1578 80 33 larger
2310 1583 103 23 amount

1891 1610 28 25 of
1937 1613 108 31 courtesy
2082 1613 64 26 from
2167 1615 67 26 them
2256 1617 61 25 than

1891 1648 70 26 Bono
1972 1657 99 24 appears
2089 1653 26 23 to
2138 1654 27 23 be
2188 1655 125 29 possessed
2331 1657 33 24 of.
2397 1657 15 24 I

1889 1686 62 25 have
1961 1687 118 26 admitted
2089 1689 34 25 all
2134 1691 73 31 along
2217 1693 55 24 th.at
2291 1693 67 26 there
2369 1702 41 16 are

1891 1722 90 26 defects
1992 1725 79 25 which
2084 1735 35 16 we
2141 1728 32 24 aU
2194 1729 63 32 hope
2278 1738 56 24 may
2343 1739 69 17 some

1891 1761 47 32 day
1948 1761 31 26 be
1997 1763 126 31 remedied,
2146 1765 44 25 but
2209 1766 14 24 I
2234 1775 38 16 am
2279 1769 66 31 quite
2355 1777 58 18 sure

1891 1797 43 26 the
1944 1801 98 31 remedy
2059 1802 50 24 will
2119 1805 43 23 not
2171 1804 31 24 be
2221 1804 77 26 found
2318 1806 29 26 m
2355 1815 58 24 pro-

1893 1836 120 30 hibition;
2023 1846 31 17 on
2077 1839 42 25 the
2151 1844 111 29 contrary
2282 1843 44 24 the
2351 1844 63 31 pubs

1893 1874 80 24 would
1994 1874 31 25 be
2046 1876 144 31 supplanted
2211 1878 33 31 by
2264 1888 14 15 a
2300 1881 61 24 class
2388 1881 28 25 of

1893 1910 88 26 houses
1992 1912 27 24 of
2025 1921 31 15 an
2067 1913 120 33 infinitely
2197 1915 73 27 lower
2279 1918 73 31 grade
2362 1919 49 24 and

1893 1949 41 24 the
1952 1952 72 23 sweet
2034 1950 64 25 little
2108 1951 111 27 barmaid
2240 1955 80 25 would
2341 1957 28 24 be
2380 1964 33 18 an

1893 1987 71 31 angel
1990 1990 127 30 compared
2150 1992 26 23 to
2207 1991 43 25 the
2278 1992 133 26 shameless

1892 2025 91 31 tawdry
1995 2025 57 31 jade
2074 2027 55 25 who
2155 2028 51 24 will
2232 2030 111 31 dispense
2366 2031 44 25 the

1891 2062 71 26 illicit
1983 2062 78 33 liquor
2087 2064 28 25 m
2141 2066 40 24 the
2204 2067 121 26 infamous
2351 2069 62 25 dens

1891 2100 78 24 which
1983 2102 76 24 would
2070 2102 28 24 be
2105 2110 55 18 sure
2167 2105 26 23 to
2202 2106 84 30 spring
2293 2114 33 24 up
2335 2107 79 25 under

1891 2137 42 24 the
1942 2138 53 24 rule
2003 2138 27 25 of
2033 2140 43 24 the
2084 2141 145 29 prohibition
2235 2143 113 25 lunatics.
2382 2145 32 24 In

1891 2175 140 26 conclusion
2042 2177 14 24 I
2064 2177 46 32 beg
2120 2178 86 34 to^say,
2229 2181 55 25 that
2307 2189 27 17 as

1988 2213 45 26 has
2043 2216 85 31 passed
2139 2218 42 24 the
2191 2218 63 25 lines
2265 2219 28 25 of
2300 2220 117 26 decorous

1892 2251 141 30 discussion,
2044 2253 49 24 this
2104 2255 90 31 subject
2205 2256 75 25 closes
2292 2265 28 18 so
2341 2259 37 24 far
2387 2267 27 17 a*

1893 2289 13 25 I
1917 2298 41 16 am
1969 2291 140 26 concerned.

2085 2334 79 27 Yours
2169 2336 51 30 &c,

2199 2375 147 28 Candidath.

1958 2485 124 27 STOATS
2093 2488 69 24 AND
2175 2489 175 27 WEASELS.

1940 2561 69 23 Tothe
2020 2562 89 25 Editor
2119 2565 30 28 of
2156 2568 7 10 '
2176 2565 47 24 The
2237 2565 127 27 Observer.'

1927 2602 54 29 Sir,
1983 2618 32 4 —
2015 2604 13 24 I
2041 2605 80 25 notice
2131 2606 28 25 m
2181 2606 43 26 the
2246 2608 68 25 Road
2336 2610 80 26 Board

1892 2644 88 27 report,
1992 2641 54 26 that
2054 2650 15 17 a
2079 2642 74 27 letter
2162 2651 53 18 was
2225 2646 105 26 received
2352 2648 64 26 from

1893 2678 44 24 the
1947 2678 85 25 Kowai
2043 2679 92 30 Board,
2143 2682 28 24 m
2185 2683 121 26 reference
2326 2686 27 25 to
2373 2686 45 26 the

1892 2715 158 32 importation
2069 2718 25 24 of
2114 2720 68 24 these
2204 2721 85 26 cursed
2310 2724 105 25 vermin.

1893 2753 108 33 Perhaps
2011 2755 44 26 the
2064 2758 59 24 next
2134 2758 94 32 sapient
2237 2761 112 31 proposal
2366 2763 52 26 -will

1894 2791 30 25 be
1931 2800 16 17 a
1958 2793 47 24 box
2016 2794 26 25 of
2052 2794 88 26 snakes
2150 2796 61 24 from
2218 2797 131 27 Australia.

2082 2833 89 30 Ypurs,
2190 2836 40 25 &c.

2185 2874 200 32 Antesquattbb.

2055 2977 201 27 COMPLAINT.

1941 3045 32 24 To
1985 3046 36 24 the
2033 3047 84 24 Editor
2127 3051 32 32 pf
2166 3052 6 13 *
2184 3050 47 29 Ths
2247 3051 119 26 Observer.

1858 3099 39 26 ■£#
1928 3081 48 30 Sir,
1978 3097 31 5 —
2009 3082 14 25 I
2033 3083 78 33 object
2122 3087 34 24 'to.
2162 3086 44 25 the
2227 3090 74 23 sweet
2323 3090 93 25 domes-

1884 3119 79 35 ticity
1971 3120 25 24 of
2006 3121 43 25 the
2061 3121 88 26 Oxford
2162 3131 73 23 cows,
2246 3125 81 27 which
2343 3128 73 24 make

1896 3157 66 26 their
1971 3158 47 25 bed
2028 3159 78 26 under
2116 3169 43 24 my
2169 3164 133 30 verandah,
2313 3166 47 25 and
2370 3173 47 25 pay

1895 3195 39 25 for
1956 3196 65 25 their
2041 3197 111 34 lodgings
2173 3201 67 24 with,
2260 3210 17 17 a
2297 3203 119 29 souvenir,

1894 3234 89 30 which,
1994 3236 111 26 however
2115 3242 73 22 sweet
2206 3241 27 24 to
2253 3240 43 26 the
2313 3241 63 30 flies,
2393 3242 23 25 is

1894 3274 45 24 not
1960 3274 124 30 agreeable
2112 3278 26 22 to
2170 3286 46 16 me.
2249 3279 54 24 The
2330 3288 87 23 ranger

1894 3310 80 25 would
1984 3312 83 25 confer
2087 3321 16 16 a
2123 3314 69 25 favor
2205 3323 41 19 ion
2267 3316 41 24 the
2329 3318 85 23 towns-

1894 3348 94 32 people,
1999 3349 22 24 if
2028 3349 34 26 he
2072 3351 81 25 would
2163 3352 79 32 spend
2252 3353 86 35 a^Jittle
2348 3361 67 17 more

1894 3386 63 26 time
1966 3388 74 24 about
2051 3389 43 24 the
2105 3390 128 32 township,
2252 3391 49 25 and
2321 3392 48 25 less
2390 3392 28 23 m

1895 3425 117 32 sneaking
2021 3433 62 24 poor
2087 3430 79 23 men's
2172 3428 100 25 milkers
2289 3429 63 26 from
2372 3428 41 25 the

1895 3462 63 26 back
1968 3464 83 26 tracts.

2087 3502 89 30 Yours,
2188 3504 40 26 &c.

2203 3542 52 25 Fly
2263 3542 123 26 Catcher..

1968 3661 30 20 To
2005 3662 35 20 the
2047 3662 77 21 Editor
2131 3664 26 24 of
2164 3664 9 10 *
2178 3663 41 20 The
2230 3661 115 30 Obsofpe#s,
2350 3669 9 16 :\
2369 3668 14 16 o
2386 3667 6 16 ;

1929 3698 85 29 Sib,—
2015 3699 58 26 Will
2084 3700 43 25 Mr
2135 3700 31 25 A.
2177 3700 33 25 V;
2219 3699 124 27 Prichfiitty
2355 3697 61 25 *&<*>

1894 3733 75 35 spoke
1979 3736 75 27 about
2061 3746 42 23 my
2113 3738 122 27 character
2252 3737 26 24 at
2295 3743 15 16 a
2330 3733 81 33 public,

1896 3775 120 31 meetingr
2025 3783 33 18 on
2066 3775 156 31 Wednesday,
2233 3772 66 34 April
2310 3773 46 28 Ist,
2373 3771 38 25 ia*

550 72 167 33 OXFORD
755 76 90 33 AND
887 79 103 33 CUST
1033 81 218 32 OBSERVER
1273 80 234 44 SATURDAY,
1540 87 123 32 APRIL
1686 89 48 36 11,
1763 87 88 35 1891.

70 132 6 13 «
