3519 4557
47 170 117 32 Jujubes.
200 170 69 30 They
282 177 41 16 are
334 169 26 24 m
376 169 63 24 such
450 176 16 17 a
477 168 111 32 portable

47 211 71 27 form,
131 210 115 30 pleasant
257 211 26 22 to
295 210 74 26 taste,
388 209 50 24 and
455 209 133 32 antiseptic

46 249 144 24 stimulant.

83 308 72 24 Fire.
158 322 30 3 —
192 308 40 24 Mr
263 308 32 23 H.
330 306 86 26 Askew
457 307 89 24 wishes
562 308 26 22 to

49 346 82 25 thank
143 347 73 25 those
290 354 26 16 so
328 344 122 32 willingly
459 344 91 32 helped
562 346 26 23 to

50 395 59 17 save
120 387 40 23 his
169 388 115 29 property
291 386 65 23 from
374 384 73 31 being
459 384 130 31 destroyed

48 424 34 33 by
94 425 43 25 fire
149 433 34 16 on
190 424 113 32 Tuesday
320 424 57 24 last.
412 423 51 24 Not
475 423 60 30 only
546 421 43 24 did

49 463 40 25 his
106 471 71 23 gorse
198 463 70 25 fence
280 461 73 26 catch
365 468 33 17 on
414 459 53 29 fire,
485 459 46 25 but
549 459 40 25 his

51 498 76 34 grass'
134 500 111 32 paddock
266 499 50 25 had
337 507 14 16 a
376 505 98 18 narrow
500 504 88 24 escape

52 539 66 24 from
129 539 76 31 being
222 540 77 29 swept
317 544 58 18 over
391 536 32 32 by
442 536 43 24 the
502 536 53 23 fire.

86 619 36 24 To
135 626 51 16 the
198 617 139 24 Electors.
341 629 30 4 —
372 614 26 25 It
409 622 59 23 may
485 614 104 24 interest

50 663 45 24 the
107 663 103 23 electors
236 659 27 25 of
284 658 93 25 Oxford
400 659 27 24 to
451 657 69 24 know
534 657 56 23 that

50 704 61 31 they
129 711 46 16 can
198 702 73 30 study
294 708 118 22 economy
437 699 33 31 by
494 699 95 30 buying

51 748 66 24 their
136 746 112 30 Drapery
269 743 49 25 and
331 743 120 29 Clothing
464 743 26 22 at
503 741 31 24 R.
553 740 34 24 H.

51 791 119 26 Parish's,
183 788 69 32 High
266 788 89 28 Street,
369 786 80 25 where
466 785 59 31 they
537 784 51 25 will

52 837 41 29 get
105 835 118 23 Trousers
235 832 62 24 from
320 833 36 22 Gs.
374 838 43 23 per
436 830 56 30 pair
501 835 9 22 ?
527 827 63 25 Col-

52 878 68 26 onial
132 877 89 24 Tweed
235 875 69 26 Suits
315 874 69 29 from,
391 875 44 22 25s
442 873 53 24 also
507 871 81 31 splen-

52 922 44 25 did
112 921 74 25 value
203 920 28 24 m
243 920 76 31 Boy's
340 917 110 25 Knicker
464 915 69 26 Suits
551 916 37 22 ss.

85 977 174 25 Lectures.—
261 974 39 24 Mr
316 972 93 25 Crooks
428 970 102 24 intends
537 969 51 31 giv-

53 1023 43 29 ing
108 1030 14 15 a
134 1021 75 24 series
231 1020 26 24 of
270 1018 100 29 Sunday
389 1015 74 31 night
485 1014 105 24 lectures

52 1069 28 22 at
101 1067 39 24 the
166 1064 63 25 East
253 1062 92 25 Oxford
374 1061 71 24 Town
470 1059 69 29 Hall,
558 1057 30 25 il-

55 1109 122 26 lustrated
190 1108 31 30 by
233 1106 123 31 limelight
369 1106 82 23 views.

87 1385 55 25 The
165 1383 84 31 Upper
271 1380 86 25 House
376 1379 21 23 is
410 1377 42 25 the
464 1381 88 24 enemy
563 1372 27 25 of

54 1426 43 24 the
122 1423 94 33 people,
240 1421 45 23 but
308 1411 17 32 it
344 1419 23 23 is
384 1418 43 24 the
448 1415 50 30 ally
510 1413 26 24 of
546 1412 42 25 the

54 1464 117 26 National
200 1460 162 26 Association.
422 1456 54 24 The
504 1453 86 31 Upper

54 1506 86 25 House
152 1505 20 24 is
191 1510 55 18 ever
257 1501 43 25 the
311 1498 79 25 friend
410 1496 27 25 of
447 1492 141 33 corruption

54 1547 50 24 ami
123 1547 112 30 tyranny.
271 1540 79 24 What
362 1536 121 26 beautiful
491 1534 96 32 legisla-

54 1586 54 23 tion
120 1591 36 17 we
168 1579 89 28 should
268 1579 62 24 have
342 1577 38 24 for
391 1573 141 31 monopoly,
539 1571 49 25 and

53 1625 44 24 the
120 1621 123 31 throwing
265 1618 64 25 back
346 1616 27 26 of
400 1616 43 24 the
466 1613 81 25 wheel
563 1611 28 25 of

54 1663 96 31 liberty,
168 1660 50 24 had
238 1666 33 16 we
294 1666 15 16 a
328 1654 133 33 governing
477 1651 110 26 .alliance

54 1701 27 27 of
96 1701 41 26 the
158 1696 117 29 National
303 1693 151 27 Association
478 1691 49 26 and
543 1689 43 26 the

54 1740 85 36 tipper
152 1742 93 25 House.
593 1748 2 21 I

87 1783 49 24 Let
146 1782 42 25 the
200 1781 164 30 Temperance
375 1776 70 32 party
456 1773 62 25 then
529 1769 57 26 take

54 1823 112 30 warning
177 1822 56 24 that
248 1820 59 31 they
323 1818 49 24 will
384 1815 75 26 suffer
473 1814 38 24 for
523 1811 64 25 their

54 1862 81 24 action
147 1861 28 23 m
182 1859 101 32 putting
296 1865 31 23 up
339 1854 143 27 candidates
494 1852 28 25 m
544 1860 42 23 op-

54 1900 106 31 position
181 1900 26 22 to
219 1898 41 23 the
284 1893 169 27 Government
464 1892 56 24 that
541 1891 47 23 has

54 1939 90 32 helped
156 1939 70 23 them
238 1938 24 23 to
275 1936 99 24 achieve
390 1933 43 26 the
454 1931 78 32 grand
543 1931 45 23 law

54 1978 97 30 already
162 1985 32 17 on
206 1976 43 24 the
269 1971 174 29 itatute-book.
479 1970 48 24 We
548 1976 40 16 are

54 2026 35 16 no
100 2018 107 29 milksop
226 2016 24 24 m
268 2016 41 23 the
332 2015 156 29 temperance
509 2017 77 21 cause,

55 2056 50 24 and
117 2063 36 16 we
163 2063 44 16 can
221 2061 40 17 see
278 2053 43 24 the
332 2051 73 26 cloud
425 2050 26 23 of
463 2048 125 29 treachery

55 2095 82 26 which
147 2094 42 25 the
202 2095 161 28 temperance.
369 2090 75 29 Party
456 2096 41 16 are
508 2086 80 31 rapid-

55 2137 27 30 ly
94 2134 147 32 enveloping
252 2131 93 26 around
356 2129 65 25 their
442 2136 55 16 own
506 2132 81 19 cause.

54 2176 28 24 If
90 2176 58 30 they
170 2174 55 25 love
248 2173 28 27 it,
302 2172 36 24 let
358 2169 71 25 them
449 2168 64 24 show
533 2167 57 24 that

54 2216 61 31 they
123 2221 73 18 mean
209 2213 19 24 it
240 2211 50 25 and
309 2211 32 23 do
353 2211 45 23 not
408 2207 86 25 intend
506 2207 26 23 to
544 2213 46 17 use

53 2254 20 24 it
85 2253 37 25 for
144 2251 44 25 the
198 2248 162 33 hypocritical
377 2253 106 25 purpose
503 2244 28 24 of
541 2243 45 25 sel-

50 2294 54 32 ling
126 2293 44 25 the
181 2291 85 25 nation
285 2291 27 23 to
331 2288 76 31 Bung
418 2286 49 24 and
487 2285 42 24 the
541 2284 47 24 Na-

52 2332 79 25 tional
144 2329 169 26 Association-
319 2328 58 23 -the
389 2328 67 22 most
470 2331 119 23 unscrup-

51 2373 71 24 ulous
151 2371 59 24 twin
240 2366 153 33 monopolies
421 2366 55 24 into
504 2363 83 25 whose

52 2420 72 24 grasp
136 2411 50 24 this
210 2409 87 25 nation
315 2406 73 26 could
410 2406 30 24 be
457 2402 131 27 delivered.

52 2451 47 24 We
123 2451 70 23 don't
216 2456 42 22 say
282 2447 55 25 that
360 2446 42 23 the
421 2444 168 30 Temperance

51 2489 73 29 Party
167 2486 90 24 should
285 2485 101 30 support
416 2481 174 25 Government

51 2526 143 26 candidates
211 2524 56 24 who
279 2524 64 23 have
366 2519 112 26 declared
489 2517 100 33 against

52 2568 66 24 their
129 2573 73 17 cause
227 2564 47 31 (for
294 2563 59 30 they
376 2561 91 25 cannot
490 2559 31 24 do
542 2557 46 33 so),

49 2608 47 24 but
107 2614 37 17 we
156 2606 31 24 do
212 2612 41 22 sny
276 2604 55 24 that
353 2602 42 24 the
419 2601 169 29 Temperance

52 2645 76 30 Party
153 2642 90 26 should
270 2642 46 30 put
344 2648 34 22 tip
406 2639 66 31 joint
491 2635 97 26 Liberal

51 2685 169 30 Temperance
239 2679 142 26 candidates
401 2678 28 24 m
441 2684 72 23 every
525 2675 69 29 elec-_

50 2724 81 24 torate
142 2721 27 24 m
181 2720 43 24 the
241 2718 96 30 colony,

50 2759 67 25 them
131 2757 58 24 with
202 2756 64 24 their
289 2755 69 23 votes
370 2752 51 24 and
440 2750 61 25 with
523 2749 66 25 their

49 2797 156 32 influential,
209 2796 101 30 support
322 2801 28 16 as
372 2793 64 24 well.
489 2790 37 24 In'
539 2789 50 24 this

49 2846 55 23 way
116 2836 59 30 they
188 2835 126 29 caricayry
321 2830 48 26 -the
382 2837 74 18 cause
466 2829 59 31 they
535 2827 55 26 love

46 2879 30 23 .to
85 2877 102 30 victory,
205 2873 50 25 and
268 2873 24 23 m
306 2872 51 24 this
369 2876 52 25 way
438 2870 81 24 alcmo.
565 2868 28 23 It-
593 2870 2 9 :

50 2917 21 23 is
84 2915 60 25 time
167 2913 44 23 the
223 2912 72 30 party
314 2917 27 17 as
353 2917 16 16 a
388 2908 79 25 whole
481 2907 55 30 -put
556 2905 33 25 its

49 2953 51 25 foot
112 2952 72 24 down
197 2952 26 24 to.
235 2955 118 25 suppress
364 2945 131 31 treachery
506 2943 82 26 ••with-

49 2993 28 25 in
88 2993 32 24 it?
143 2990 85 30 ranks,
247 2989 50 25 and
320 2990 26 23 to
367 2987 99 29 destroy
489 2985 43 25 the
551 2986 36 22 at-

49 3034 93 29 tempts
151 3031 73 24 made
243 3027 27 26 \o
282 3037 45 17 use
337 3023 20 28 it
369 3025 151 32 improperly
533 3032 27 16 as
574 3032 15 16 a

50 3072 110 33 political
172 3069 123 26 machine.
366 3093 8 5 ..
452 3091 4 2 .
492 3090 11 3 -
505 3090 5 15 :
513 3091 4 4 .
517 3090 7 12 ;
550 3087 20 13 ■

170 3247 66 21 FOR
254 3246 213 22 GARDENERS.

236 3286 37 28 By
290 3286 29 23 T.
337 3286 71 23 Kirk.

201 3351 91 24 White
311 3352 79 23 Scale
408 3352 32 23 &c

88 3398 61 24 This
170 3399 76 22 much
266 3397 109 24 dreaded'
538 3403 51 17 was

54 3437 55 25 first
121 3436 127 25 described
256 3437 27 23 m
296 3438 73 26 1878,
387 3437 32 31 by
431 3436 42 23 Mr
484 3434 103 25 Maskell

54 3476 42 24 the
107 3474 159 25 best-known
277 3475 24 24 of
320 3474 103 24 medern
442 3473 147 25 authorities

55 3521 33 17 on
112 3513 64 25 scale
196 3514 101 28 insects,
315 3512 21 25 it
355 3512 94 31 having
543 3513 46 24 ori-

55 3552 94 31 ginally
168 3551 141 24 discovered
320 3551 26 23 m
368 3551 129 23 Ancklaud
515 3549 75 26 about

55 3593 49 20 two
125 3596 71 24 years
216 3588 81 24 before
311 3589 29 29 l>y
365 3587 37 24 Dr
424 3588 120 28 Purchas,
566 3589 24 22 to

55 3626 91 28 whom,
165 3626 44 24 the
220 3626 79 24 insect
322 3625 73 31 being
418 3625 172 30 undescribed,

56 3664 41 25 Mr
109 3664 105 25 Maskell
225 3664 129 24 dedicated
366 3664 41 24 the
421 3665 101 29 species.

91 3705 73 25 Since
176 3704 59 24 then
247 3712 34 16 no
293 3707 48 21 two
353 3703 93 25 insects
456 3704 62 24 have
531 3705 59 23 been

56 3750 69 18 more
136 3742 95 24 written
243 3740 85 29 about,
347 3748 70 17 more
429 3741 126 24 discussed
559 3756 31 3 —

55 3782 44 24 the
125 3789 44 17 one
198 3779 146 33 reprobated
346 3793 31 3 —
379 3778 49 25 and
450 3778 44 25 the
517 3779 72 26 other

55 3822 91 25 lauded
147 3837 32 3 —
181 3822 63 26 than
264 3822 86 31 Icen/a
366 3819 116 33 purchast
493 3819 50 24 and
560 3820 31 25 its

56 3864 97 22 natural
181 3869 98 23 enemy,
315 3860 104 25 Vedalia
446 3860 144 25 Cardinalis.

57 3902 61 24 And
136 3902 91 31 rightly
256 3909 35 22 so,
317 3900 39 25 for
377 3899 43 25 the
440 3899 151 26 destruction

55 3940 90 25 caused
163 3940 31 32 by
203 3941 42 24 the
271 3940 64 25 scale
362 3939 67 24 when
449 3939 21 24 it
489 3945 103 24 appears

57 3991 33 17 on
108 3992 15 16 a
139 3984 139 31 plantation
295 3984 22 23 is
335 3989 141 17 enormous.

1153 35 174 32 OXFORD
1372 35 226 32 OBSERVER
1614 36 242 35 SATURDAY,
1874 36 204 31 JANUARY
2121 37 50 33 16,
2211 35 90 30 1897.

2945 4269 105 27 Planted
3058 4285 6 5 -
3084 4269 64 28 aii^
3161 4269 134 36 pul)llsii6a
3337 4270 34 40 ty
3417 4273 71 32 Axei,

2978 4313 120 32 Eklxjnd,
3123 4316 39 26 for
3183 4317 91 26 Lauba
3292 4319 73 27 Anne
3382 4322 95 27 Parish

2978 4360 28 24 at
3022 4359 45 26 her
3090 4360 144 33 Registered
3256 4362 119 36 Printing
3398 4366 76 27 CflSce

2981 4402 72 32 High
3067 4403 90 30 Street,
3176 4404 66 27 East
3263 4406 103 33 Oxford,
3380 4408 94 28 Canter

2980 4447 70 32 bury.

2987 4490 35 28 Sa
3035 4499 96 19 tubday
3161 4490 52 27 Jan
3220 4500 67 19 uaby
3315 4494 41 27 16.
3385 4497 63 27 1897

3001 171 47 28 MUG
3102 173 37 26 3?
3196 170 49 29 1&\
3252 172 155 27 flfrUffi'Ufl!'

3505 242 4 22 /

3047 331 213 30 Established
3285 333 80 29 1862

2991 395 125 30 FLOUR,
3128 397 56 25 best
3194 397 80 25 brand
3285 398 61 32 only
3356 398 67 31 kept.

2943 436 145 31 SHARPS,
3124 439 206 30 OATMEAL,
3365 441 115 25 BRAN

3033 480 292 33 CHICKENWHEAT,
3344 485 42 25 &c.

2982 524 42 19 AT
3051 524 126 25 LOWEST.
3205 525 142 22 CURRENT
3381 527 98 21 RATES

2992 707 44 52 S.
3071 708 49 44 B.
3143 708 307 51 SEYMOUR,

3142 773 138 28 DENTIST,

2983 817 41 22 215
3039 816 106 21 Colombo
3160 816 81 25 Street,
3265 817 169 23 Christchurch.

3111 890 179 23 CHARGES:—

3010 930 93 28 Filling,
3119 931 39 25 5f.,-
3193 931 132 23 Extraction
3335 934 25 21 2s
3374 934 36 21 6d.

2968 994 96 21 Nitrous
3074 995 61 20 Oxid
3144 995 46 21 Gas
3201 996 169 23 Administered
3375 999 37 20 for
3419 999 60 21 Pain

2942 1034 45 22 less
2998 1035 133 21 Extraction
3141 1036 24 20 of
3174 1037 80 21 Teeth.
3287 1039 46 21 Pee
3342 1040 37 21 for
3387 1040 93 21 Admin-
3508 1044 2 7 '

2941 1072 109 22 istration
3061 1074 31 20 ss.

2965 1240 117 42 HELP
3097 1242 84 42 FOR
3197 1244 86 43 THE
3307 1246 147 44 WEAK.

2943 1348 179 26 YTEBVOUS
3142 1350 72 25 AND
3231 1352 245 32 DEBILITATED,

2943 1376 32 30 1A
3001 1381 63 29 who,
3077 1383 111 31 through
3198 1384 61 32 folly
3277 1386 50 23 and
3337 1388 140 30 ignorance,

2942 1413 65 26 have
3019 1414 80 27 trifled
3110 1424 69 25 away
3191 1417 62 25 their
3264 1418 85 32 vigour
3369 1420 27 24 of
3405 1421 72 32 body,

2943 1448 78 28 mind,
3034 1449 50 24 and
3095 1450 134 29 manhood,
3243 1453 101 30 causing
3360 1453 118 26 exhaust'

2943 1479 44 32 ing
3003 1480 84 26 drains
3099 1489 66 24 upon
3176 1483 45 24 the
3242 1484 128 26 fountains
3391 1487 26 23 of
3427 1486 49 31 life,

2944 1512 64 26 Loss
3015 1513 26 24 of
3050 1514 102 33 Energy
3161 1516 49 24 and
3219 1517 127 32 Strength,
3359 1519 119 33 Timidity

2944 1545 163 28 Bashfulness
3141 1548 27 25 m
3205 1549 106 34 Society,
3335 1552 142 31 Headache,

2944 1578 135 32 Backache,
3099 1580 179 32 Nervousness,
3301 1584 135 25 Weakness
3455 1587 27 24 of

2946 1610 120 33 Memory,
3076 1613 112 26 Restless
3199 1615 81 32 Sleep,
3290 1616 116 30 Dreams,
3415 1618 65 25 Loss

2945 1644 75 25 Flesh
3033 1646 50 24 and
3095 1646 68 26 Vital
3182 1647 92 30 Power,
3298 1649 137 32 Eruptions
3447 1660 33 16 on

2918 1691 2 13 :
2944 1676 44 25 the
2997 1677 63 25 Face
3072 1679 50 24 and
3133 1679 79 32 Body,
3225 1681 76 25 Want
3324 1683 27 24 of
3360 1683 120 33 Develop-

2944 1712 79 26 ment,
3044 1710 116 27 Varicose
3175 1712 84 31 Veins,
3282 1714 144 34 Incapacity
3443 1717 38 25 for

2946 1742 111 27 business
3069 1752 28 17 or
3106 1745 122 31 pleasure,
3241 1746 105 33 Urinary
3355 1749 123 31 Diseases,

2945 1776 51 25 and
3014 1776 35 25 all
3071 1777 43 25 the
3137 1778 84 26 effects
3243 1780 101 32 leading
3365 1786 26 21 to
3414 1784 66 31 early

2945 1808 84 33 decay,
3053 1810 106 32 perhaps
3181 1811 181 33 Consumption
3387 1823 28 16 or
3437 1816 43 24 In-

2944 1842 92 30 sanity,
3048 1850 47 17 can
3120 1844 29 24 be
3161 1844 115 26 obtained
3287 1846 31 31 by
3338 1848 142 33 consulting

2944 1876 139 32 personally
3101 1884 28 18 or
3136 1876 32 33 by
3180 1879 63 30 post,
3280 1880 91 25 FREE
3381 1881 97 26 PROF-

2944 1908 178 30 NOTMAtfN,
3153 1911 79 29 M.E.,
3241 1912 113 31 E.M.G.,
3408 1914 71 24 Cam-

2944 1940 85 32 bridge
3041 1942 110 29 Terrace,
3176 1945 111 30 opposite
3310 1945 118 26 Colombo
3441 1948 38 25 St.
3498 1960 11 18 -,

2935 1974 109 32 -Bridge,
3074 1975 187 28 Christchurch-
3323 1979 54 25 The
3421 1981 59 30 only

2944 2007 226 28 Electrobotanical
3199 2010 96 33 Expert
3328 2013 153 33 advertising

2943 2041 55 24 who
3010 2042 51 24 will
3073 2045 135 28 guarantee
3226 2053 14 16 a
3248 2065 2 2 .
3257 2045 125 33 thorough
3412 2055 66 17 cure.

2946 2073 57 25 Sole
3019 2076 135 29 propriefor
3182 2077 51 23 and
3248 2079 115 29 patentee
3391 2080 28 23 of
3436 2081 44 23 the

2944 2106 59 32 only
3025 2109 149 29 guaranteed
3197 2109 110 26 Electric
3328 2110 72 26 Belts
3430 2113 50 24 and

2944 2139 71 24 other
3026 2140 90 31 special
3139 2142 125 26 electrical
3287 2143 142 32 appliances
3452 2146 28 24 m

2942 2171 42 25 the
2993 2172 116 25 colonies.
3143 2173 100 26 Ladies'
3255 2176 97 25 French
3363 2178 116 25 herbace-

2919 2211 6 3 -
2942 2205 383 33 Otrsrplrlß-fbTr^rregularitieg-
3341 2209 68 26 frbrtr
3429 2219 50 24 any
3508 2222 2 5 ■

2942 2244 81 23 cause,
3049 2239 43 23 10s
3113 2240 95 28 posted.
3243 2241 158 31 Pamphlets*
3416 2243 61 26 free.

2942 2269 205 27 Testimonial:—
3147 2272 100 32 Napier,
3257 2274 96 33 August
3361 2276 45 26 7th
3412 2279 64 23 1895

2942 2302 65 25 Prof.
3019 2303 130 27 Notmann.
3152 2321 34 3 —
3186 2306 70 25 Dear'
3263 2307 97 30 Sir
3368 2310 112 26 received

2941 2344 60 22 your
3007 2337 74 25 letter
3088 2338 50 24 iast
3149 2339 77 29 week,
3245 2341 49 23 and
3306 2342 14 23 I
3335 2350 42 16 am
3386 2343 90 25 thank-
3505 2358 4 8 «

2942 2369 37 24 ful
3001 2372 26 22 to
3049 2370 53 26 find
3124 2379 50 23 you
3186 2380 48 21 are.
3238 2374 104 25 anxious
3359 2377 27 23 to
3406 2376 70 25 know
3501 2394 8 9 ■*

2942 2401 44 25 the
2996 2401 106 26 benefits
3119 2403 14 24 I
3144 2404 64 25 have
3220 2405 97 25 derived
3337 2407 61 25 from
3415 2417 62 23 yonr

2943 2436 140 25 treatment,
3120 2436 48 31 bir,
3197 2438 20 25 it
3245 2439 66 32 gives
3340 2448 46 18 me.
3408 2446 69 27 great

2942 2468 113 30 pleasure
3067 2471 25 23 to
3103 2469 93 26 inform
3207 2479 49 24 you
3264 2472 56 26 that
3329 2481 15 17 a
3356 2476 121 30 complete

2942 2501 51 24 and
3003 2502 93 30 perfect
3107 2510 58 18 cure
3175 2504 47 24 has
3242 2505 60 25 been
3325 2507 103 25 effected
3451 2509 27 24 of

2943 2533 43 25 the
2996 2534 116 25 maladies
3124 2535 14 24 I
3156 2538 157 30 complained
3332 2540 26 24 of
3368 2542 27 22 to
3418 2549 58 24 you.

2942 2566 14 25 I
2967 2575 41 16 am
3020 2568 115 32 enjoying
3145 2570 64 31 good
3226 2570 91 31 health,
3330 2574 49 23 and
3389 2576 42 22 ani
3440 2584 36 15 re-

2942 2600 82 24 stored
3044 2602 25 23 to
3089 2603 87 30 manly
3198 2603 94 31 vigour,
3327 2605 58 25 P.S.
3388 2620 31 5 —
3421 2607 57 32 Any

2942 2632 101 25 sufferer
3052 2633 111 26 desirous
3170 2635 28 23 of
3201 2632 308 41 commjuiMtf|^^^^

2942 2672 40 17 me
2991 2672 49 24 you
3052 2674 41 16 are
3105 2667 27 23 at
3148 2667 89 32 liberty
3260 2658 249 49 togivernytß^j

2942 2698 75 28 dress,
3029 2697 38 25 for
3078 2698 14 24 I
3108 2698 48 26 like
3167 2708 61 23 your
3244 2704 119 28 practical
3377 2707 103 28 method

2942 2730 25 24 of
2979 2732 176 24 treatment.—
3158 2733 28 24 T.
3201 2733 28 25 C.
3244 2735 116 26 Simpson.

3045 3024 31 6 ...
3107 3004 173 23 ...LIMITED.

2975 3062 270 27 CHRISTCHURCH
3264 3064 185 29 BREWERY.

3269 3122 5 4 '
3323 3126 12 13 ■*
3379 3125 3 3 '

3093 3164 56 34 -A.
3164 3165 44 33 X,
3223 3166 43 33 JB
3281 3166 46 33 S:

3078 3206 130 23 BREWED
3219 3208 40 21 BY
3273 3209 71 21 THIS

2937 3292 18 33 ;'.
2999 3290 14 11 v
3034 3305 4 18 :
3073 3299 26 17 '■■"■•
3129 3292 155 31 Mot^the

2919 3363 4 42 ;
2946 3339 563 73 eHotc^s'fw>u.T#ffOf«,;

3059 3406 229 28 Are/acknowledged
3296 3409 25 20 to
3330 3409 29 22 be
3471 3428 4 3 .
3504 3411 5 19 \

2944 3443 192 24 SUPERIOR'IN
3147 3446 136 22 QUALITY
3293 3448 37 20 TO
3337 3449 66 20 ANY
3409 3446 71 25 PRO-

3011 3485 101 21 DIJCED
3125 3486 36 21 IN
3175 3487 73 20 NEW
3262 3488 150 23 ZEALAND.

2972 3523 108 27 Supplied
3085 3525 24 20 to
3113 3524 81 22 Hotels
3200 3525 47 21 and
3254 3526 93 23 Private
3353 3528 127 23 Customers

2944 3550 24 20 m
2977 3551 142 25 Hogsheads,
3130 3552 98 25 Barrels,
3240 3554 139 25 Kilderkins,
3390 3556 44 21 and
3445 3558 35 19 10-

2943 3577 88 26 --gallons
3041 3577 63 27 Kegs
3113 3578 61 27 only.

2945 3628 117 42 PALE
3085 3629 91 44 ALE
3199 3632 95 43 AND
3325 3633 155 45 EXTRA

3137 3681 136 46 STODT

3028 3733 93 21 Bottled
3143 3735 25 20 m
3177 3736 85 24 Quarts
3273 3738 46 20 and
3327 3739 72 21 Pints.

2960 3930 263 50 WALTER
3284 3937 178 49 RYDB.
3491 3952 14 11 *

3054 4023 118 22 TIMBER
3198 4025 171 25 MERCHANT
3403 4033 4 3 '

2920 4095 3 3 .
2939 4095 2 2 .
2956 4097 2 2 .
2980 4104 2 2 .
3026 4067 120 32 WEST
3217 4069 186 38 OXFORD.

2436 222 426 46 EUCALYPTUS

2562 297 76 4 —
2638 291 15 15 *
2653 296 79 8 —^~

2433 318 60 20 THE
2509 318 74 21 BEST
2597 318 88 21 HOME
2701 318 143 21 BEMEDIE

2492 357 36 14 are
2542 348 37 23 the
2588 351 137 26 preparation
2734 350 26 22 of
2767 351 36 20 the

2377 386 170 23 TASMANIAN
2566 388 187 21 EUCALYPTUS
2767 388 48 21 OIL
2829 388 82 22 COMP.

2405 425 137 24 Universally
2551 424 104 21 admitted
2665 425 36 20 the
2710 425 79 24 BEST,
2800 425 112 20 PUREST

2377 461 43 20 and
2430 462 58 18 most
2497 461 94 21 effective
2602 461 134 26 Eucalyptus
2759 461 105 21 Globulus
2880 461 32 21 Oil

2375 492 34 20 for
2428 492 173 25 INFLUENZA,
2622 492 92 26 Coughs,
2735 492 63 21 Colds
2822 493 45 20 and
2883 494 29 19 all

2375 523 66 21 Chest
2457 524 43 20 and
2509 524 63 25 Lung
2588 524 114 21 affections
2716 525 77 25 speedy
2801 525 61 21 relief
2871 525 41 21 and

2375 554 56 21 Cure
2450 555 33 20 for
2499 555 156 25 Rheumatism,
2676 557 123 24 Neuralgia,
2813 557 99 26 Sprains-

2374 581 72 21 Burns
2467 582 34 21 &o.

2401 615 134 25 Eucalyptus
2554 616 103 21 Globulus
2676 617 92 21 Extract
2777 617 90 26 sprayed
2881 618 31 20 in-

2375 646 63 21 haled
2454 647 43 19 and
2511 648 66 20 taken
2586 648 117 26 internally
2720 649 34 19 for
2769 649 36 21 the
2823 649 87 26 lhroat,

2375 683 98 25 Catarrh,
2490 684 59 24 Hay,
2573 684 99 26 Typhoid
2687 686 44 19 and
2745 686 82 20 Scarlet
2836 687 76 19 Fevers

2376 713 130 21 MEASLES
2517 715 36 20 the
2559 718 55 18 moat
2624 716 137 25 satisfactory
2770 719 142 24 preventative

2375 745 44 19 and
2432 745 62 21 Cure.
2521 746 57 20 Send
2591 747 52 20 Post
2659 747 55 20 Card
2725 750 22 17 to
2757 748 36 20 the
2803 748 64 21 Office
2880 749 32 20 for

2375 774 97 21 Circular
2485 776 120 27 describing
2624 779 122 20 treatment.
2773 779 139 27 Eucalyptus,

2375 809 111 22 Ointment
2497 811 35 20 the
2542 811 70 26 Magic
2621 813 79 20 Healer
2714 813 23 20 of
2751 813 70 24 Sores,
2834 814 78 25 Burns,

2375 840 103 25 Wounds,
2494 843 60 20 Boils
2573 845 44 23 &c,
2641 844 135 26 Eucalyptus
2796 846 116 25 Soap.Fra.

2374 873 64 24 grant
2448 873 43 21 and
2499 875 125 26 refreshing.
2648 875 133 27 Eucalyptus
2791 877 89 26 Jujubes
2890 884 22 14 or

2375 903 102 21 Pastilles
2487 905 33 20 for
2530 905 36 21 the
2592 906 80 21 Throat
2682 908 43 19 and
2734 908 64 21 Voice
2815 915 28 14 an
2858 910 54 20 anti-

2376 936 67 26 septic
2453 936 43 21 and
2506 937 121 22 stimulant.

2375 969 127 26 Veterinary
2518 971 36 20 Oil
2563 972 43 20 and
2617 973 111 20 Ointment
2737 973 33 20 for
2780 974 37 20 the
2826 974 86 21 stables.

2403 1004 31 19 Be
2443 1009 49 14 sure
2501 1010 43 18 you
2554 1005 108 21 Purchase
2676 1006 39 21 the
2725 1006 104 26 Platypus
2846 1007 66 21 brand

2376 1035 51 25 only
2436 1035 23 19 of
2466 1035 29 20 all
2505 1036 114 25 Chemists,
2624 1037 88 21 Grocers
2718 1038 43 20 and
2768 1038 144 27 Storekeepers

2376 1066 44 21 and
2432 1067 24 20 at
2471 1067 36 21 the
2518 1067 64 22 Office
2591 1070 12 20 9
2613 1068 113 23 Cathedral
2736 1076 77 19 square
2822 1070 90 23 between

2375 1098 101 21 Morten's
2490 1100 114 26 Buildings
2612 1102 41 20 and
2665 1103 35 20 the
2709 1103 52 20 Post
2771 1103 70 21 Office.

2541 1134 88 21 Oxford
2640 1135 78 26 Agent

2430 1168 27 21 R.
2467 1168 30 22 H.
2511 1169 120 28 PARISH,
2636 1183 7 4 -
2654 1171 77 21 EAST
2744 1173 120 21 OXFORD

2443 1223 3 5 .
2457 1207 141 28 Eucalyptus
2608 1209 37 21 Oil
2659 1209 31 28 1/-
2704 1218 41 19 per
2753 1211 78 21 bottle.

2469 1407 119 41 FRED
2630 1409 190 42 PULLER.

2526 1484 2 3 .
2566 1466 164 23 SOLICITOR.

2417 1503 14 20 9
2441 1503 124 21 Cathedral
2575 1505 93 26 Square,
2683 1506 191 23 Chkisichubch.

2379 1536 116 28 (Between
2505 1538 110 22 Morten's
2624 1539 118 28 buildings
2752 1540 18 21 &
2779 1540 56 22 Post
2842 1541 67 22 Offic6

2418 1614 189 57 Money
2635 1617 55 43 to
2726 1616 143 46 Lend

2377 1686 29 15 on
2416 1681 33 20 all
2457 1680 58 21 kind
2525 1680 24 22 of
2560 1681 114 27 Security,
2683 1683 25 20 at
2727 1682 57 22 Low
2798 1684 78 21 Rates
2895 1684 17 21 of

2404 1725 107 20 Interest.
2542 1725 89 27 Special
2643 1726 80 21 Terms
2733 1726 35 21 for
2776 1728 112 21 Farmers.

2466 1909 55 43 F.
2554 1907 49 45 B.
2626 1907 188 57 LANE.

2485 2056 91 40 (Late
2591 2058 38 29 E.
2649 2058 161 40 Butcher.)

2379 2112 251 40 Watchmaker,
2660 2116 183 36 Jeweller,
2860 2116 52 31 &c.

2377 2163 123 33 Importer
2534 2166 28 23 of
2601 2166 108 25 Musical
2745 2166 167 26 Instruments

2478 2202 131 27 Victoria—
2610 2204 38 24 St.
2650 2218 29 5 —
2679 2204 134 31 R&ngiora.

2379 2278 99 32 Special
2489 2279 71 25 value
2582 2279 28 25 m
2633 2279 81 26 Extra
2736 2282 88 31 strong
2835 2281 77 26 Cased

2376 2321 88 33 highly
2472 2323 110 25 finished
2596 2324 108 31 English
2723 2324 80 26 Lever
2812 2326 99 24 Watch-

2377 2373 35 17 es.
2459 2366 191 25 Manufactured
2667 2369 26 23 to
2716 2375 44 24 my
2788 2369 72 25 order
2881 2369 31 32 by

2378 2404 54 26 best
2444 2405 105 25 London
2567 2406 107 25 makers.
2710 2407 157 33 Unequalled
2876 2409 36 25 for

2377 2448 123 26 excellent
2512 2450 180 33 Timekeeping
2706 2451 51 25 and
2768 2451 144 34 durability.

2411 2492 29 24 F.
2459 2492 31 25 B.
2502 2493 96 24 LANE
2610 2494 142 32 personally
2773 2496 72 25 visits
2866 2497 46 24 Ox-

2377 2535 54 26 ford
2452 2536 125 32 monthly,
2601 2538 115 32 carrying
2736 2546 15 17 a
2773 2539 69 32 large
2865 2541 47 24 and

2378 2579 85 24 choice
2497 2580 71 24 stock
2596 2580 28 25 of
2655 2581 127 30 Watches,
2812 2583 100 30 Chains,

2377 2621 134 29 Brooches,
2521 2623 89 32 Rings,
2622 2623 85 29 Studs,
2725 2624 129 26 Pendants
2866 2628 46 27 etc,

2371 2681 2 4 -
2380 2664 141 31 Spectacles
2543 2665 124 32 (Pebbles,
2684 2667 169 33 Pantoscopsc
2865 2669 47 24 and

2379 2707 108 33 Crystal)
2500 2707 97 31 Clocks,
2617 2709 107 32 (Marble
2744 2711 52 24 and
2813 2711 99 33 Wood,)

2479 2751 156 26 Accordeons
2647 2752 50 25 and
2708 2752 107 27 Violins.

2412 2815 82 25 Exact
2506 2816 57 24 date
2575 2817 28 24 of
2613 2817 61 24 each
2686 2818 60 25 visit
2767 2818 23 25 is
2801 2819 104 26 notified

2528 2860 27 24 m
2782 2885 3 3 .
2798 2860 34 26 !..>
2872 2883 4 5 .

2378 2902 150 25 Repaiks.—
2530 2903 42 25 All
2582 2904 95 31 repairs
2694 2912 43 18 are
2754 2904 118 28 executed
2882 2907 30 33 by

2377 2946 94 31 myself
2491 2954 28 17 or
2535 2947 80 25 under
2632 2955 43 24 my
2695 2950 217 30 superintendence

2378 2996 27 17 so
2427 2989 58 25 that
2503 2991 104 30 patron's"
2619 2999 46 16 can
2688 2993 52 31 rely
2763 3001 33 18 on
2818 2996 94 31 getting

2379 3032 154 25 satisfaction
2543 3035 27 23 at
2581 3034 44 25 the
2636 3042 59 25 very
2704 3035 89 27 lowest
2801 3034 111 36 cEarges.

2410 3075 106 32 Repairs
2527 3085 29 16 or
2564 3078 84 24 orders
2657 3086 59 25 may
2727 3079 31 25 be
2765 3081 46 25 left
2822 3083 26 24 at
2849 3097 33 4 —

2377 3123 26 24 J.
2422 3123 134 31 Weeber's,
2592 3126 65 25 East
2681 3128 100 26 Oxford.

2377 3168 26 23 at
2427 3166 40 25 W.
2490 3168 37 24 M.
2552 3168 38 29 C,
2613 3170 66 26 East
2703 3172 101 26 Oxford.
2833 3169 3 13 :

2377 3209 24 25 J.
2419 3209 100 31 Brown,
2533 3211 160 33 Bootmaker,
2718 3215 71 26 West
2813 3217 99 26 Oxford.

2377 3252 41 26 W.
2431 3252 25 25 J.
2470 3253 119 27 Crothers
2598 3257 19 23 &
2630 3255 45 27 Co.
2683 3276 6 6 .
2712 3259 69 26 Cust.

2410 3295 50 24 and
2476 3297 54 25 will
2535 3297 31 24 be
2577 3300 128 32 promptly
2716 3302 119 24 attended
2846 3305 43 23 to.*

2377 3339 56 29 All
2444 3339 100 31 Work
2556 3341 78 32 done
2646 3354 40 19 on
2699 3345 55 30 the
2765 3346 147 32 Premises

2502 3393 63 29 and
2579 3397 200 36 guaranteed.

2377 3914 253 46 JOSEPH
2672 3915 240 48 LOUGH.

2523 3991 245 26 UNDERTAKER.

2490 4034 110 32 EAST
2624 4035 186 33 OXFORD.

2411 4085 103 32 Having
2521 4085 52 33 just
2582 4086 124 32 imported
2714 4087 65 26 from
2785 4088 127 34 England,

2377 4136 56 17 new
2455 4128 117 32 Designs,
2606 4137 55 16 new
2690 4130 153 33 Trimmings
2866 4134 46 24 and

2474 4172 28 25 -is
2510 4171 273 32 preparedto^conduct
2791 4172 121 31 Funerals'

2378 4205 104 37 Adults,-
2495 4212 32 25 at'
2533 4212 38 25 £5
2574 4224 6 14 j
2594 4212 50 25 and
2655 4214 257 34 upwardsj^polished

2377 4255 82 29 coffin,
2483 4255 49 25 and
2562 4255 196 27 silvermounted
2780 4259 132 28 Furniture

2378 4298 77 25 From
2467 4299 47 24 £8.
2532 4298 137 33 according;
2676 4301 26 24 to
2725 4300 118 35 Designs.
2877 4304 35 27 No

2377 4342 71 25 extra
2459 4342 88 33 charge
2558 4342 40 26 for
2609 4342 98 28 Hearse
2729 4352 30 18 or
2777 4354 65 25 open
2857 4348 55 29 Oar-,

2376 4384 76 33 riage.

2409 4428 33 24 N.
2471 4428 32 25 B.
2532 4428 94 27 Coffins
2648 4429 59 34 kept
2729 4431 29 25 m
2786 4433 71 26 stook
2878 4435 34 26 for

2391 4488 75 32 rgent
2485 4496 78 19 cases.

1277 169 117 91 R.
1477 174 132 86 H.
1668 174 518 89 PARISH

1465 306 198 74 EASf
1711 324 328 61 OXFORD

1498 435 41 31 IS
1575 436 101 32 NOW
1697 438 48 31 IN
1766 440 188 31 EEOEIPT
1976 442 55 29 OF

1396 513 42 24 Ex
1456 514 114 25 AOTEA
1588 515 72 26 AND
1672 517 120 26 OTHEE
1804 519 129 26 DIRECT
1947 520 185 27 STEAMEBS

1419 585 272 47 SUMMER
1714 589 240 48 SEASON
1985 593 126 46 1896.

1601 683 100 32 THIS
1724 686 204 31 SEASON'S

1188 776 523 94 PRINTS!
1800 783 543 97 PRINTS!!

1552 966 50 29 4d.
1626 978 55 28 per
1701 970 80 38 yard
1804 972 101 29 worth
1927 973 49 31 Bd.

1264 1039 587 128 Ginghams,
1924 1053 338 102 Drills,

1187 1192 351 90 Ladies
1573 1197 315 93 Black
1936 1208 409 90 Jackets

1223 1307 153 85 for
1416 1312 113 85 5s
1574 1313 128 86 9d
1778 1327 239 79 wort
2058 1321 236 91 h2os

1187 1463 615 117 Trimmings
1869 1477 83 85 &
1998 1478 348 90 Braids

1452 1600 215 88 half
1703 1608 262 109 price

1364 1815 339 50 ENORMOUS
1764 1822 392 49 REDUCTIONS

1190 1909 435 94 MAIDS
1752 1916 594 102 ULSTERS

1307 2048 455 89 Reduced
1808 2061 104 81 to
1960 2058 104 87 Is
2110 2061 162 89 6d.

1549 2187 39 28 36
1610 2189 33 27 to
1665 2187 40 29 45
1717 2187 105 31 inches
1843 2190 86 40 deep.

1227 2267 428 90 Buttons
1681 2272 119 86 Id
1855 2302 180 83 per
2069 2279 236 88 card

1420 2431 449 22 »♦♦♦♦♦♦♦♦♦»+»♦♦♦♦♦♦♦»»♦♦♦♦♦♦♦»«»
1874 2438 127 16 ♦«♦♦♦♦»»»

1185 2504 80 43 rpHE
1284 2504 116 31 question
1411 2504 21 25 is
1604 2505 66 33 Why
1681 2507 61 25 send
1757 2509 26 23 to
1796 2507 178 27 Christchurch
1994 2510 38 25 for
2049 2518 63 24 your
2129 2511 111 33 Drapery
2248 2512 12 24 ?
2295 2512 52 25 The

1191 2532 21 29 I
1249 2537 169 33 drapery_sold
1427 2538 25 23 m
1461 2537 57 25 that
1529 2539 51 31 city
1592 2546 72 25 every
1675 2547 47 18 one
1734 2540 94 31 knows,
1841 2542 22 24 is
1875 2544 46 23 not
1931 2543 73 25 made
2015 2544 77 28 there,
2111 2543 46 26 hut
2168 2544 130 33 imported.
2333 2546 15 24 I

1179 2570 230 31 Jimporirironithe
1421 2570 53 25 best
1486 2571 108 32 English
1606 2573 50 24 and
1673 2572 89 26 Scotch
1774 2573 100 26 houses.
1921 2575 71 25 lam
2004 2576 105 25 enabled
2121 2579 26 23 to
2158 2579 123 29 purchase
2300 2579 48 25 low

1185 2604 50 24 and
1245 2603 46 26 sell
1302 2605 27 23 at
1338 2612 15 16 a
1364 2605 54 23 rate
1429 2603 27 24 of
1465 2603 74 31 profit
1552 2604 54 32 (my
1617 2613 120 23 expenses
1749 2606 72 32 being
1833 2607 82 32 small)
1928 2608 57 25 that
1996 2610 83 24 would
2090 2609 30 26 be
2138 2611 146 25 considered
2305 2612 42 24 ab-

1186 2637 58 23 surd
1256 2636 32 31 by
1305 2644 47 23 any
1373 2636 180 25 Christchurch
1576 2638 200 27 establishment.
1829 2640 45 31 My
1895 2639 77 27 Stock
1990 2641 22 25 is
2031 2642 44 24 the
2095 2643 94 31 largest
2208 2644 50 24 and
2280 2646 68 23 most

1184 2669 85 24 varied
1288 2669 58 24 that
1355 2669 46 24 has
1413 2676 57 17 ever
1480 2670 63 24 been
1555 2669 87 25 shown
1653 2670 28 25 m
1691 2671 45 24 the
1747 2671 104 31 district,
1864 2673 50 24 and
1926 2673 38 25 for
1975 2674 93 32 quality
2088 2675 49 24 and
2156 2675 73 25 value
2246 2679 59 28 puts
2321 2678 28 24 m

1185 2702 31 24 he
1228 2702 79 25 shade
1323 2702 78 32 goods
1412 2702 93 24 offered
1516 2701 32 33 by
1560 2702 104 33 visiting
1675 2704 117 25 hawkers
1805 2706 62 24 from
1879 2704 44 27 tlie
1941 2706 182 27 Christchurch
2134 2716 46 24 rag
2192 2711 88 23 marts.

1218 2754 94 26 Dress
1324 2753 165 34 Materials,
1503 2755 87 25 Plain
1602 2756 78 33 and'
1680 2756 98 33 Fancy
1788 2758 81 24 from

1218 2812 27 26 A
1262 2812 111 29 Strong
1388 2811 89 26 Stout
1493 2811 134 27 Durable
1644 2812 127 32 Kaiapoi
1787 2813 115 27 Tweed
1917 2815 52 32 2/6
1981 2822 55 25 per
2047 2818 77 30 yard

1818 2858 109 26 Makes
1938 2860 157 26 first-class
2112 2862 92 31 Boys'
2222 2863 91 27 Suits.

1219 2904 58 25 Art
1293 2902 141 32 Muslins,
1453 2902 156 33 Cretones,
1628 2905 80 25 Lace
1727 2906 139 26 Curtains
1884 2907 54 26 &c.

1218 3005 27 30 A
1262 3004 111 26 Choice
1390 3002 167 26 Collection
1575 3002 34 25 of
1623 3001 122 33 Gloves,
1772 3002 77 32 Ties,
1879 3003 131 35 Aprons,
2039 3006 167 29 Insertions
2225 3011 54 25 &c.

1220 3063 103 25 Prints
1334 3063 80 24 from
1426 3062 53 25 4d.
1491 3067 55 25 per
1557 3062 85 30 yard.
1655 3061 140 32 Muslins,
1808 3062 139 33 Selesias,
1961 3064 126 34 Calicos,
2102 3067 54 27 &c.

1807 3106 88 26 With
1911 3108 89 25 other
2016 3109 194 29 Manchester
2226 3114 88 32 lines.

1220 3158 88 30 Hats,
1326 3156 104 31 Fancy
1447 3156 60 25 and
1524 3155 106 32 Sailor,
1649 3157 32 24 m
1698 3155 104 26 White
1819 3158 60 23 and
1897 3157 116 27 Colors.

1765 3200 126 26 Newest
1907 3201 124 33 Shapes.
2067 3203 96 33 Large
2180 3207 132 36 Variety,

1219 3252 149 29 Flowers,
1376 3250 165 30 -Feathers,
1560 3248 148 32 Ribbons,
1728 3249 106 32 Laces,
1852 3250 75 32 Jets,
1947 3251 55 26 &c.

1693 3288 87 26 With
1797 3292 41 22 all
1855 3293 184 23 necessaries
2056 3293 48 25 for
2121 3294 191 33 Trimmings.

1219 3336 103 31 Fancy
1338 3335 141 30 FrilUngs
1498 3335 77 31 3yds
1587 3335 46 25 for
1643 3335 36 33 1/-
1697 3336 103 25 worth
1811 3336 50 31 9d,
1879 3342 56 26 per
1945 3340 84 29 yard,

1755 3379 184 34 Umbrellas,
1957 3382 152 35 Parasols,
2128 3386 184 36 Sunshades,

1507 3439 242 44 DOUBLE
1810 3441 216 46 WIDTH

1190 3519 295 89 Dress
1562 3522 398 110 Tweeds
2042 3529 102 85 Is
2213 3534 129 84 4d

1490 3676 330 87 worth
1893 3680 134 85 2s.

1268 3803 461 88 Costume
1794 3803 288 89 Cloth
2163 3816 125 83 Is.

1429 3925 318 88 worth
1796 3930 102 83 Is
1957 3933 154 88 4d.

1472 4095 234 15 >■■■■■■■■■■
2063 4104 4 13 ,
2082 4100 2 3 ■
2116 4099 2 2 •

1189 4202 135 42 English
1338 4202 287 41 Witney-Blankets
1639 4207 34 26 to
1688 4203 38 31 be
1740 4203 68 31 sold
1823 4208 32 26 at
1865 4205 60 31 less
1933 4207 78 31 than
2025 4207 181 36 Melbourne
2220 4212 130 34 Whole-

1190 4256 64 31 sale
1275 4255 86 41 price
1362 4271 41 6 —
1403 4254 122 30 Double
1540 4255 69 30 Bed
1627 4254 68 31 Size
1719 4256 65 29 12s.
1810 4256 50 29 6d.
1912 4258 102 31 worth
2030 4259 66 31 16s.
2135 4262 50 30 6d.
2208 4273 56 31 per
2278 4266 71 38 pair

1358 4296 130 41 cheaper
1501 4296 87 29 than-
1594 4294 226 33 Ohristchurch
1834 4297 113 32 houses
1961 4299 66 31 will
2041 4300 58 32 sell
2112 4301 96 34 them.

1235 4407 73 32 R.
1360 4405 79 33 X*
1486 4405 297 33 PARISH
1848 4407 157 35 JSast
2043 4409 259 40 Oxford.

649 905 241 45 CANCEE
922 906 203 45 CURED

798 992 150 22 WITHOUT

617 1044 27 30 A
669 1044 211 32 SURGICAL
911 1045 244 32 OPERATION

650 1104 50 22 For
711 1104 101 30 further
826 1106 152 28 particulars
993 1106 73 30 apply
1084 1110 22 19 to
1119 1105 36 24 the

680 1151 126 25 OFFICE
828 1153 43 24 OF
897 1153 83 26 THIS
997 1153 123 25 PAPEE.

733 1276 315 47 WANTED.

617 1382 56 23 TIT
675 1381 125 31 ANTED,
838 1382 26 25 to
887 1381 58 33 buy,
975 1390 67 17 some
1071 1390 84 25 young

631 1415 30 25 TT
692 1416 110 23 roosters

737 1494 80 33 Apply
835 1496 26 24 to
888 1496 50 24 this
964 1497 76 24 office.

724 1666 314 49 WANTED.

616 1864 52 57 TO
685 1865 122 31 purchase
824 1874 15 15 a
863 1865 64 25 farm
953 1867 28 23 m
998 1866 44 25 the
1059 1866 95 25 Oxford

663 1898 113 24 District.
811 1898 115 24 Forward
943 1899 66 31 price
1030 1900 50 23 and
1098 1907 55 24 par-

617 1936 100 24 ticulars
734 1936 26 23 to
788 1936 44 24 the

638 1992 153 31 OFFICE
809 1992 52 31 OF
874 1992 102 32 THIS

707 2180 129 45 FOR
885 2180 181 45 SALE.

619 2269 34 79 4
670 2268 135 32 ACRES
830 2270 62 30 and
913 2270 37 30 12
979 2269 129 41 perches
1123 2270 34 30 of

677 2311 73 30 land
777 2311 77 30 with
882 2312 21 28 4
917 2312 126 29 roomed
1062 2312 92 29 dwel-

618 2352 67 39 ling
699 2352 94 29 house
808 2352 61 29 and
880 2353 82 38 good
972 2352 70 30 well
1052 2353 102 29 there-

619 2404 48 19 on.
734 2392 90 29 Land
854 2394 136 29 transfer
1018 2393 68 30 title
1106 2397 51 26 act

617 2437 94 27 terms
725 2434 26 29 if
765 2434 153 40 required.

701 2515 63 31 For
780 2516 189 40 particulars

783 2597 97 40 apply
902 2600 32 27 to
1002 2608 44 19 .----
1049 2604 2 7 :
1058 2601 41 6 ~"'

997 2662 160 31 fisher

917 2741 88 30 West
1027 2742 126 30 Oxford.

619 2928 175 31 OXFORD
838 2926 190 33 LIBRARY
1068 2926 89 31 AND

711 2968 198 31 READING
930 2967 132 32 ROOM.

617 3051 54 24 The
700 3049 93 26 Oxford
820 3050 107 31 Library
953 3050 23 23 is
1003 3056 63 23 open
1088 3057 70 24 every

617 3094 114 30 Tuesday
743 3093 50 24 and
814 3092 124 32 Saturday
967 3091 96 32 nights,
1091 3092 66 25 from

619 3139 58 24 630
689 3145 70 24 p.m.,
781 3138 26 23 to
828 3137 15 24 8
854 3144 71 24 p.m.,
950 3135 50 26 and
1031 3143 33 18 on
1087 3143 71 25 every

617 3181 121 25 alternate
750 3179 132 32 Thursday
906 3178 139 30 afternoon,
1077 3178 80 33 (Sale-

618 3225 71 33 days)
711 3223 66 25 from
789 3224 61 24 230
860 3230 66 25 p.m..
943 3224 26 24 to
981 3224 14 24 5
1007 3230 60 24 p.m.
1106 3222 52 26 The

810 3262 25 20 L.
852 3261 126 32 REEVES,

908 3288 62 24 Hon
989 3288 135 24 Librarian

672 3333 180 24 SUBSCRIPTION
866 3331 38 32 2/-
916 3338 51 17 PER
986 3331 122 30 QuABTEB

646 3495 79 45 W.
755 3493 67 45 H.
851 3491 276 47 ALFORD

619 3591 249 40 WATCHMAKER.
904 3590 176 41 JEWELLER
1106 3590 51 30 &c

697 3663 87 25 MAIN
799 3659 135 30 STREET
952 3662 139 25 OXFORD

659 3834 474 62 HOLBROOK

848 3921 69 22 AND

635 3967 473 57 VALLANOB

718 4059 123 23 TIMBER
866 4057 196 25 MERCHANTS

686 4099 203 31 COOPER'S
941 4097 155 31 CREEK.

727 4156 143 35 VIEW
913 4155 141 39 HILL,

624 4241 86 60 BEG
732 4243 27 23 to
777 4241 115 25 intimate
910 4243 28 23 to
965 4241 45 25 the
1031 4239 84 32 public
1137 4239 28 25 of

676 4273 94 27 Oxford
784 4273 51 26 and
851 4274 168 30 surrounding
1034 4271 127 30 Districts,

625 4309 55 25 that
692 4314 37 19 we
748 4307 64 25 have
836 4307 157 25 commenced
1004 4306 119 24 Business
1135 4313 27 16 as

625 4339 167 30 saw-millers,
816 4339 52 26 and
887 4339 64 33 hope
972 4339 37 37 b^
1031 4338 74 26 strict
1122 4339 38 25 at-

625 4374 98 27 tention
731 4374 26 26 to
769 4373 158 28 Bu9inesatQ
938 4372 31 26 be
978 4370 117 27 favoured
1103 4370 61 25 with

626 4408 64 25 their
717 4407 110 31 support.
980 4405 72 31 pine,'
1077 4403 86 30 Rimu,

626 4441 74 25 Birch
711 4439 52 25 and
774 4438 60 26 Coal
855 4438 38 32 pit
904 4445 74 26 props
988 4438 29 24 m
1026 4444 49 25 any
1086 4443 78 25 quan-

628 4474 55 33 tity.
957 4488 55 7 —
1065 4507 2 2 .
1099 4507 16 3 ..

650 367 54 25 The
727 369 85 30 people
824 368 27 24 of
860 369 50 24 this
929 369 94 31 Colony
1043 371 46 30 put
1101 369 54 25 into

617 410 42 23 the
687 410 61 25 Post
771 410 77 25 Office
872 411 108 32 Saviugs
1011 412 73 24 Bank
1107 413 49 24 last

616 455 102 28 quarter
729 454 111 28 £90,029
863 462 69 16 more
944 455 63 24 than
1019 456 59 31 they
1091 456 65 24 drew

616 497 53 23 out.
704 496 61 25 This
783 497 22 25 is
824 497 115 30 £16,000
960 499 49 23 less
1030 498 62 24 than
1112 498 43 25 the

617 541 100 29 savings
729 539 27 24 of
765 540 44 24 the
821 548 69 17 same
911 543 101 28 quarter
1027 542 50 24 last
1089 549 66 23 year.

617 582 65 25 8279
703 590 55 16 new
771 584 118 24 accounts
909 591 63 17 were
985 584 102 31 opened,
1108 584 48 24 and

617 626 65 23 5595
694 626 83 24 closed
779 640 31 3 —
812 633 33 16 an
856 626 109 24 increase
978 626 27 24 of
1021 627 65 23 2684
1101 634 55 17 cus-

617 670 101 26 tomers,
737 668 68 24 what
817 668 60 24 does
900 668 40 24 Mr
962 669 83 24 Moore
1069 677 44 23 say
1131 671 25 23 to

617 710 56 22 that
684 711 12 21 ?

616 187 26 22 at
662 193 15 17 a
689 185 123 25 discount.
864 186 49 25 Yet
933 187 131 25 American
1082 188 73 25 silver

616 222 130 26 circulates
757 224 76 30 freely
848 224 25 25 m
887 225 110 28 Canada,
1018 226 137 32 displacing

616 259 43 26 the
671 262 89 30 output
772 261 26 25 of
812 262 42 24 the
863 262 107 30 English
981 263 74 24 mint.

93 4153 21 24 A
126 4151 97 26 curious
240 4151 77 33 phase
329 4151 26 26 of
374 4149 113 33 banking
497 4149 21 24 is
538 4149 57 25 that

59 4191 43 25 the
131 4191 128 25 Canadian
284 4190 79 25 banks
391 4189 82 26 refuse
501 4187 95 26 United

61 4228 83 25 States
166 4228 65 29 bills,
249 4231 78 28 notes,
345 4237 77 23 paper
443 4228 80 25 issues
546 4226 50 25 and

62 4266 73 25 silver
146 4266 99 26 dollors.
290 4266 49 26 Yet
350 4266 43 26 the
405 4266 95 26 United
513 4264 84 27 States

62 4313 117 24 currency
186 4307 23 25 is
220 4307 76 25 based
306 4314 33 18 on
350 4306 59 33 gold
417 4306 54 33 just
482 4314 27 18 as
520 4304 77 26 much

63 4351 26 16 as
101 4342 42 25 the
155 4343 136 26 Canadian.
337 4344 32 26 In
390 4345 43 25 the
456 4353 67 17 same
545 4352 52 23 way

65 4380 220 27 AinericanVbanks
296 4382 81 26 refuse
390 4382 128 26 Canadian
529 4382 68 30 bills,

66 4429 49 24 and
125 4436 60 17 even
198 4429 134 26 Dominion
344 4431 171 27 Government
522 4440 76 25 paper

66 4471 23 24 is
99 4466 94 25 refused
214 4467 31 32 by
264 4467 129 28 American
407 4470 84 32 banks,
513 4473 85 29 except
