2550 4020
79 199 112 33 splendid
204 206 26 16 or
245 194 160 33 nmgniiiccnt
433 189 103 26 historic
559 188 48 23 act.

77 242 73 23 Were
162 239 81 24 shoto
251 234 158 26 recommend
418 230 153 25 Parliament
584 229 24 22 to

78 282 46 25 sell
132 281 44 24 the
188 279 87 24 Crown
285 275 93 31 jewels,
391 270 89 28 which,
494 267 60 26 with
567 267 42 23 the

77 321 128 31 exception
228 309 35 33 of'
273 316 43 24 the
339 312 126 27 occasions
484 317 31 16 on
529 307 80 25 which

77 363 59 30 they
153 361 63 24 have
228 358 61 24 been
318 352 103 34 pledged
443 351 63 24 have
534 355 75 16 never

77 402 62 25 been
159 400 26 25 of
204 403 48 26 any
276 403 45 17 use
341 396 31 22 to-
400 389 120 33 anybody*
552 387 57 27 /The

77 438 115 34 proceeds
210 434 73 26 could
311 434 31 24 bo
359 429 118 26 devoated
498 432 26 19 to
542 433 67 16 some-

77 478 80 32 object
177 472 129 28 beneficial
318 470 49 25 and
525 465 26 24 to
567 463 42 25 the

77 517 95 35 people.
209 514 68 26 Such
294 520 31 16 an
338 512 40 23 act
400 507 83 26 would
506 504 103 25 enshine

77 561 45 23 her
139 563 110 22 memory
261 554 27 24 m
311 552 43 25 the
378 549 81 27 minds
482 547 27 24 of
529 545 80 24 fnturo

78 597 165 32 generations,
265 599 46 17 .as
351 596 47 18 one
426 587 27 24 of
477 583 132 26 boundless

78 636 123 33 gratitude
233 631 49 25 arid
306 627 147 28 surroundec
461 637 7 6 -
480 623 59 26 with
567 622 42 24 the

78 679 55 23 true
158 672 58 26 halo
245 670 26 25 of
297 665 146 28 instinctive,
468 660 139 32 humanity.

78 714 54 24 The
145 709 173 26 Hanoverians
330 706 63 23 have
405 701 105 31 adopted
520 699 89 24 entire-

78 753 24 29 ly
111 749 114 26 different
242 744 96 27 tactics,
351 742 60 31 they
423 740 36 24 sit.
467 746 27 17 as
514 738 20 23 it
546 744 63 17 were

77 791 26 24 at
112 789 43 24 the
191 784 92 30 receipt
300 782 24 25 of
347 781 105 24 custom.
487 775 80 25 There
587 774 22 23 is

77 837 47 18 one
136 826 88 32 phrase
242 820 82 28 which
344 818 82 32 might
437 816 29 25 be

77 881 27 16 as
116 871 43 26 the
168 869 79 24 motto
266 865 28 26 of
310 864 43 26 the
369 857 118 35 .family!
538 857 69 29 Give;

78 912 55 32 give
143 912 11 23 V
188 906 80 26 To-do
277 906 61 22 unto
347 902 92 25 others,
451 907 28 16 as
497 898 60 30 they
568 904 41 17 are

78 956 63 25 done
153 954 31 31 by
196 951 21 25 is
237 948 137 32 altogether
393 944 94 31 foreign
509 944 26 22 to
545 940 64 26 their

77 993 109 25 notions.
222 989 53 24 One
311 984 82 27 would
411 984 63 23 have
501 979 108 31 thought

78 1034 43 24 the
130 1031 84 26 recent
224 1027 70 31 royal
304 1024 136 31 marriage,
454 1020 82 26 would
548 1020 61 24 have

77 1073 62 25 been
151 1071 137 31 opportune
306 1067 44 30 for,
361 1084 3 7 ,
366 1065 42 23 her
427 1064 26 23 to
473 1062 62 25 have,
554 1067 55 23 per-

77 1112 95 26 formed
184 1116 68 19 some
269 1108 40 23 act
326 1104 95 31 worthy
431 1102 27 24 of
466 1109 16 16 a
504 1099 105 25 nations

77 1151 132 34 gratitude.

110 1288 69 24 THE
199 1283 142 28 OXFORD
370 1280 90 26 NOTE
477 1278 98 26 BOOK.

110 1363 145 32 The.N.'Z.
274 1365 35 25 M.
328 1371 57 26 says
478 1359 133 32 Hokianga

77 1411 68 25 chief
160 1409 82 25 whose
253 1406 74 25 letter
338 1407 26 22 to
386 1404 53 24 the'
453 1402 53 24 Bey
515 1395 42 29 3£;
575 1399 34 24 H.

78 1452 89 29 Lawry
190 1446 120 32 appeared
332 1445 28 23 m
388 1443 44 25 the
481 1438 131 27 Auckland

78 1487 103 30 Herald,
189 1478 22 22 '"
230 1492 56 24 says
303 1480 72 28 that^
386 1478 25 30 aY
418 1477 137 35 $u*o£ean
590 1477 21 24 is

79 1528 107 32 opening
195 1534 15 16 a
220 1522 70 28 hotel
298 1525 25 23 at
334 1518 169 34 Mangamuka
511 1517 99 31 Bridge.

79 1569 80 24 There
170 1567 21 24 is
202 1572 47 17 no-
254 1564 146 29 Europeans
419 1560 70 24 there
507 1558 44 25 buh
564 1558 47 23 two

81 1607 171 30 storekeepers.
288 1603 52 25 The
355 1602 51 25 rest
423 1600 25 25 of
459 1597 44 26 the
514 1596 96 26 inhabir

80 1649 68 24 tants
158 1654 42 18 are
211 1644 101 25 Maoris.
346 1641 42 25 All
400 1640 44 25 the
466 1637 78 26 chiefs
562 1637 51 24 and

80 1694 59 18 men
157 1684 50 25 and
229 1688 97 18 woman
337 1679 72 27 have,
422 1675 133 34 petitioned
569 1675 44 24 the

78 1725 134 31 Hokianga
224 1720 104 26 Council
348 1718 98 32 against
469 1716 43 25 the
534 1715 78 24 house

78 1764 46 24 but
135 1763 21 23 it
163 1759 103 34 granted
278 1758 44 25 the
333 1757 114 25 License.
482 1753 61 25 Now
554 1753 59 31 they

78 1803 64 25 have
180 1798 137 35 petitioned
347 1795 161 27 Parliament.
540 1798 3 4 '
560 1792 53 26 The

78 1842 69 26 chief
167 1840 79 32 Piripi
262 1839 103 24 Kakena
393 1835 100 32 appeals
521 1835 26 23 to
569 1832 44 25 the

80 1882 112 28 Church,
204 1882 26 23 to
250 1879 43 25 the
302 1879 53 24 Eev
372 1877 34 29 H,
417 1877 98 29 Laway,
529 1873 48 25 and
587 1875 25 22 to

78 1922 44 25 the
204 1919 30 25 L.
252 1917 36 25 M.
306 1916 58 25 Isitt
379 1916 27 23 to
415 1920 78 18 .come
510 1913 25 23 to
547 1910 66 25 their

79 1962 66 30 help.
181 1959 61 24 Now
253 1957 15 24 I
284 1957 61 27 ask,-
349 1956 27 23 in
385 1954 69 25 what
466 1960 53 23 way
531 1951 82 25 would

81 2001 42 24 the
159 1999 85 24 Direct
366 1994 64 24 have
442 1992 63 24 been
524 1998 33 17 an
573 1990 38 24 in-

80 2039 136 31 fringment
227 2043 33 17 on
277 2035 43 24 the
328 2033 90 31 liberty
426 2032 27 24 of
459 2032 42 23 t\e
517 2030 94 31 people.

83 2077 39 25 All
131 2077 43 24 the
185 2073 165 27 inhabitants.
353 2079 42 16 are
407 2068 106 33 opposed
531 2069 26 24 to
569 2067 44 25 the

80 2116 105 24 License
202 2112 86 29 except
317 2112 60 22 two-
392 2108 154 29 Europeans,
574 2105 39 25 for

78 2153 84 24 whose
175 2147 215 33 aggrandisement
413 2146 20 23 it
454 2145 22 23 is
499 2143 111 31 granted,

78 2190 75 26 while
175 2188 44 25 the
241 2184 116 33 majority
374 2183 68 24 must
463 2181 75 25 ?have
562 2180 49 25 this

105 2230 67 31 huge
185 2226 97 32 engine-
291 2225 27 26 of
327 2224 53 25 vice
421 2221 102 25 .forced
545 2227 67 24 upon

78 2269 79 25 them.
227 2264 52 24 But
303 2262 61 25 then
392 2260 59 31 they
480 2267 41 17 are
554 2258 58 31 only

77 2307 100 27 Maoris.
191 2307 14 25 V
232 2329 7 5 „
266 2331 3 3 .

110 2388 31 23 In
170 2385 32 24 N.
235 2382 29 24 Z.
301 2381 44 25 the
367 2378 116 33 majority
504 2376 108 26 controls

77 2434 73 25 every
166 2423 84 34 public
261 2420 144 26 institution
413 2417 45 26 bVt
477 2418 43 24 the
531 2417 81 31 liquor

77 2467 88 28 traffic,
178 2465 41 32 yet
231 2470 34 17 no
281 2469 47 17 one
345 2459 88 32 speaks
446 2458 26 24 of
492 2457 119 31 infringe-

76 2506 70 25 ment
164 2503 26 25 of
199 2501 90 30 liberty
309 2500 85 29 except
417 2498 24 22 m
465 2494 147 27 connection

75 2543 62 26 with
150 2542 41 25 the
203 2540 86 24 Direct
306 2537 72 25 Vote.
415 2534 65 32 Why
496 2534 44 23 the
562 2533 49 25 dis-

76 2583 107 26 tinction
193 2581 12 23 ?
221 2592 7 6 -
250 2578 67 28 Does
346 2583 96 24 anyone
465 2573 72 26 think
571 2573 41 24 his

75 2622 90 30 liberty
189 2618 47 25 has
258 2616 64 25 been
338 2627 8 7 <■
356 2613 107 26 invaded
490 2612 73 24 when
580 2612 31 23 he

76 2662 67 25 finds
155 2657 103 27 himself
270 2657 31 24 m
324 2655 52 25 the-
389 2653 119 31 minority
520 2652 31 24 m
569 2651 43 24 the

75 2699 119 26 selection
212 2696 27 25 of
259 2703 16 16 a
303 2692 130 26 candidate
452 2691 38 24 for
517 2689 93 25 Parlia-

75 2740 92 25 ment?
185 2736 52 25 and
247 2736 42 31 yet
302 2734 104 25 because
419 2730 33 25 he
473 2730 22 25 is
519 2729 27 25 m
569 2729 42 25 the

75 2769 118 40 minority
206 2776 33 24 he
250 2775 48 24 has
306 2775 45 23 not
362 2771 90 31 liberty
465 2771 24 24 to
544 2777 28 17 as
581 2770 30 24 he

75 2820 63 25 likes
150 2820 27 22 m
186 2816 51 26 this
249 2815 99 24 matter.
360 2820 4 4 '
383 2811 74 26 Laws
486 2818 41 16 are
538 2808 73 25 made

75 2861 38 24 for
125 2859 44 25 the
185 2855 62 33 good
266 2854 26 24 of
302 2854 43 24 the
365 2851 108 32 g-eatest
495 2848 114 26 number.

76 2899 30 23 In
143 2903 72 23 every
249 2892 90 25 reform
353 2895 95 26 ,;spniiev
459 2895 52 20 ona.
524 2887 86 27 suffers

75 2946 69 17 more
162 2945 27 16 or
201 2936 58 25 less,
272 2933 50 24 and
341 2929 146 32 everything
504 2928 22 24 is
546 2928 64 25 done

74 2980 26 22 to
122 2975 90 26 reduce
230 2972 43 24 the
296 2968 106 26 number
414 2968 26 24 of
458 2966 112 25 sufferers
582 2973 27 17 as

73 3018 49 24 low
134 3024 27 16 as
173 3012 115 34 possible,
296 3011 14 24 >
314 3006 65 29 -I'M
397 3009 67 27 laws,
478 3015 42 16 are
536 3006 73 24 made

74 3057 31 32 by
117 3056 45 25 the
179 3052 49 32 maj
232 3049 127 33 ority-and
373 3049 185 35 .all^rtwpaore
582 3055 27 16 or

73 3099 52 24 less
142 3092 172 35 .prohibitory,
338 3090 58 31 why
416 3086 61 27 then
491 3086 24 26 is
515 3122 2 2 _
528 3085 2 2 '
539 3086 70 27 there

73 3138 45 25 not
130 3145 15 16 a
161 3133 111 26 reaction
301 3130 99 32 against
418 3128 42 25 the
489 3127 119 32 infringe-

73 3178 70 25 ment
156 3183 33 17 on
202 3173 43 25 the
256 3171 90 30 liberty
358 3169 27 26 of
395 3169 43 26 the
449 3168 138 25 individual
597 3169 12 23 ?

74 3216 111 25 Because
189 3212 22 24 it
229 3209 83 27 would
323 3209 30 24 be
376 3208 89 24 insane
485 3208 26 23 to
529 3206 31 25 do
573 3214 34 17 so.

73 3254 72 25 Then
156 3252 36 24 let
203 3250 48 30 .the
263 3246 115 33 majority
391 3254 42 24 say
455 3245 112 25 wnether
594 3254 14 15 a

73 3302 15 17 a
99 3293 72 31 thing
182 3292 22 24 is
216 3298 15 16 a
253 3288 120 24 nuisances
401 3294 32 17 or-
456 3284 45 26 hot
519 3285 49 24 and
590 3285 21 24 if

74 3334 58 31 they
150 3330 114 27 consider
285 3328 84 31 public
388 3327 92 25 houses
497 3333 29 17 a.'
540 3326 66 25 nuis-

73 3382 69 20 ance,
169 3373 35 23 let
216 3371 69 24 them
308 3368 63 24 have
400 3367 44 25 the
472 3371 81 26 power
583 3368 25 22 to

73 3411 96 26 abolish
183 3410 68 24 them
263 3407 21 24 if
294 3408 58 29 they
364 3406 98 24 choose.
498 3404 80 26 There
585 3404 22 25 is

73 3450 119 31 certainty
235 3447 106 30 nothing
367 3458 3 6 ■
377 3445 83 24 unfair
470 3476 3 7 _
487 3462 18 19 T
504 3444 27 25 in
566 3443 43 26 the

101 3491 87 25 Direct
199 3488 72 25 Vote;
347 3492 10 24 .;
490 3492 6 5 '
528 3489 3 5 '
549 3505 3 3 •
591 3514 2 2 .

106 3535 53 24 The
171 3530 137 33 objections
320 3529 26 24 of
362 3528 79 24 Bobia
456 3526 152 28 Goddjellow

75 3578 26 23 to
122 3574 43 25 the
188 3571 86 25 Direct
303 3570 64 24 Veto
390 3576 41 16 are
459 3576 40 20 so.
504 3568 102 31 puerile,

73 3616 56 25 that
152 3614 13 24 I
185 3611 92 26 cannot
300 3609 72 25 think
402 3608 31 26 he
458 3608 22 26 is
504 3608 102 25 serious.

72 3655 83 26 When
167 3653 32 25 he
228 3657 27 19 or
284 3655 96 25 anyone
404 3647 122 25 advances
559 3654 48 24 any

72 3693 144 26 reasonable
259 3688 132 31 argument
431 3686 98 31 against
564 3686 43 25 the

72 3735 86 24 Direct
169 3731 73 28 Veto,
266 3729 14 23 I
309 3728 66 24 shall
397 3726 120 31 willingly

72 3782 33 22 up
123 3773 43 25 the
177 3770 111 26 lmtchst.
352 3777 3 3 •

172 3810 13 14 »
253 3808 14 14 *
336 3806 14 14 #
419 3805 13 14 #
453 3809 1 1 ■
461 3808 2 1 ■
476 3816 3 2 .
501 3804 14 14 #

103 3861 25 23 It
139 3858 87 28 would.
230 3857 31 24 ba
273 3856 56 25 veli
357 3855 22 24 if
395 3855 42 24 the
448 3854 104 24 farmers
565 3853 40 25 be-

69 3898 90 29 stirred
171 3895 156 30 themselves
338 3894 27 26 m
378 3892 146 37 connection
545 3891 62 27 with

699 185 42 24 the
779 184 105 24 noxious
893 184 65 24 weed
995 185 47 22 net.
1072 182 92 24 Unless
1174 182 57 29 they

699 225 58 30 they
769 225 38 26 do,
830 225 56 28 they
898 232 55 21 may
966 223 52 24 find
1036 222 70 24 when
1129 223 42 23 too
1183 221 50 24 late

698 271 30 15 an
739 263 39 23 act
796 262 86 30 passed
898 261 78 23 which
986 261 50 23 will
1062 260 58 23 hear
1139 259 93 30 unduly

698 302 62 24 hard
778 309 65 22 upon
858 302 76 23 them.
978 300 53 23 The
1060 301 40 22 act
1120 299 112 30 provides

698 340 37 24 for
748 340 40 24 tlie
800 339 150 24 eradication
963 338 26 24 of
999 345 67 16 move
1080 336 61 25 than
1154 336 78 31 thirty

697 380 89 29 .weed.-;,
800 387 67 16 some
882 378 26 24 of
919 378 80 23 which
1017 386 42 15 are
1078 378 46 23 not
1152 376 80 25 weeds

699 421 85 29 except
829 419 26 23 m
890 418 93 24 certain
1018 416 127 25 localities.
1187 416 46 28 .It

698 459 81 25 would
811 458 29 25 bo
873 457 144 32 impossible
1033 458 44 23 "'to
1111 456 122 24 eradicate

726 497 73 25 sorrel
840 498 18 23 &
882 501 4 9 :
893 497 47 31 fog,
980 497 86 29 except
1078 496 26 23 at
1111 496 67 30 great
1192 502 40 17 ex-

697 543 75 26 'ponse
785 536 42 25 but
846 536 20 25 it
882 536 84 27 would
978 536 31 24 bfi
1021 544 14 16 a
1047 535 63 31 good
1122 534 73 32 thing
1214 534 19 24 if

698 578 156 23 landowners
877 585 64 16 were
969 575 137 31 compelled
1130 577 25 22 to
1173 575 59 31 keep

698 616 65 25 their
774 623 70 23 gorse
857 615 49 24 and
918 615 86 24 broom
1043 616 24 22 to
1080 614 40 24 the

699 656 79 23 These
798 663 41 16 are
851 662 31 17 an
896 662 99 24 eyesore
1023 653 28 24 m
1079 653 93 25 Oxford
1184 652 49 25 and

698 695 71 26 there
779 695 22 24 is
814 703 66 16 more
905 695 68 26 than...
978 702 47 16 one
1054 693 68 24 farm,
1141 693 92 24 almost

697 732 93 24 useless
802 731 32 31 by
846 739 87 17 reason
946 731 28 23 of
980 731 78 23 them.
1072 731 5 3 '
1127 738 4 4 '
1169 738 27 18 ::•

993 774 96 22 Pennib

795 881 104 24 VIEW-
912 880 93 25 HILL
1005 880 117 25 NOTES.

689 967 13 13 r
715 947 81 31 ;il|J36e
807 947 56 26 that
885 951 6 12 '
894 951 9 11 r
908 947 98 29 P/>rinib
1066 943 167 40 tias^deypted

689 987 76 32 /quite
771 987 127 33 la^bigibit
909 988 33 25 of'
956 994 72 25 space
1051 987 28 26 to'
1097 987 141 32 criticising^

691 1029 46 22 •my
856 1021 54 24 Hill
919 1021 102 25 Notes/
1040 1021 28 24 of.
1080 1020 112 37 a\.£vveek/
1204 1029 28 16 or
1236 1037 2 15 ;

698 1055 48 23 two
753 1060 59 25 agor
842 1054 14 23 I
873 1054 42 23 did
934 1056 54 28 not**,
1002 1055 74 30 quote
1087 1046 12 23 •'
1103 1047 135 34 *'^t)ujda,'.':

698 1088 25 23 to
821 1086 56 25 that
889 1086 50 25 the.
943 1082 126 36 majdrily.
1072 1086 21 25 is
1105 1087 127 31 generally

697 1124 85 33 wrbng
784 1140 5 14 y
796 1125 95 27 .'but-to
899 1126 72 25 'show
973 1122 102 29 ~tliafc.it
1100 1126 23 24 is
1140 1128 45 23 not
1197 1127 34 24 al-

697 1160 462 39 w^s-^gnV.^i'-Wfia^Xi'sttidrvW^s
1176 1166 56 25 that

699 1206 38 23 ♦•I
748 1198 79 32 would
845 1207 44 26 not
912 1206 50 26 like
973 1204 38 32 tto
1012 1212 5 12 !
1019 1224 2 2 -
1025 1201 62 37 'say,
1087 1211 12 24 •;
1110 1203 56 28 that
1188 1206 44 25 the

698 1243 115 33 majprity
820 1249 49 22 \ya's
875 1244 96 31 'always
971 1252 2 16 i
1125 1244 54 26 tdo
1187 1245 45 24 not

675 1285 10 24 i
1006 1279 6 12 ;
1012 1291 9 24 ;
1028 1278 63 28 &ftH.

680 1319 112 32 >stliough
796 1319 79 29 laeis;
894 1317 148 39 wp^ld;>l^ke;
1043 1336 2 10 ;
1046 1310 186 48 iou|i|set|that

698 1348 43 35 Ihe
749 1357 115 37 majority
868 1357 28 26 .ia
900 1364 3 10 ;

685 1395 43 25 ;be
730 1398 4 14 r
740 1395 120 28 admitted
889 1396 64 25 that'
972 1388 258 44 whDi^fQuf^alsays

853 1430 379 44 great^Ho^gh^Uiaving^heir

661 1470 30 29 '^k
698 1467 271 43 emßr^p^cpuceJyMf
980 1470 53 35 ;&^
1034 1478 31 28 1$;
1076 1465 157 43 verj^hiall

697 1512 125 31 minority,
833 1508 14 16 '*'
900 1514 55 23 true
967 1511 52 25 md'
1035 1512 14 24 I
1065 1512 94 27 believe
1176 1514 56 25 that

663 1553 7 23 .'
696 1552 22 24 it
728 1552 22 24 is
767 1552 107 31 possible
886 1554 26 23 to
928 1561 32 23 go
971 1553 97 24 further
1091 1553 62 25 than
1171 1553 59 26 this.

664 1615 3 4 ,
698 1600 14 16 a
720 1593 71 32 party
804 1600 27 16 as
844 1600 14 16 a
867 1592 118 33 minority
1004 1600 58 25 may
1086 1593 28 24 be
1130 1593 100 27 far-see-

697 1625 44 31 ing
752 1623 49 26 and
811 1626 115 30 prudent,
949 1626 45 24 but
1011 1626 19 23 if
1054 1626 59 31 they
1129 1625 102 27 bebome

698 1666 15 16 a
721 1658 123 31 miijority,
856 1659 20 23 it
887 1659 23 23 is
919 1659 53 30 just
987 1658 107 31 possible
1105 1659 127 32 that-they

698 1698 57 24 may
767 1690 100 25 become
878 1690 143 32 bumptious
1035 1691 50 24 and
1103 1692 127 25 overbear-
1250 1703 3 6 -

697 1724 44 30 ing
751 1723 86 24 Power
854 1724 22 24 is
887 1725 45 23 not
943 1724 96 31 always-
1059 1724 135 26 conducive
1205 1727 26 23 to

697 1755 110 24 wisdom.

730 1794 25 25 It
772 1794 82 25 would
872 1794 106 32 perhaps
1002 1794 27 30 be.-

698 1828 113 30 mentary
823 1829 26 22 to
861 1828 76 31 speak
949 1828 27 24 of
985 1825 165 34 theVinning
1159 1830 72 29 party

697 1866 24 23 m
734 1865 199 31 Parliamentary
945 1866 127 30 divisions,
1119 1875 28 16 or
1170 1875 61 17 even

670 1912 5 4 ■
697 1903 27 25 of
734 1903 51 27 the,
794 1904 118 32 minority
929 1912 28 17 as
1001 1905 106 31 rbarjng,
1129 1905 102 25 brazen-

670 1972 12 3 _
697 1941 109 32 tongued
834 1942 49 24 and
904 1942 104 29 furiousj
1056 1938 70 31 Jiut-v.
1135 1943 64 25 faith
1218 1943 13 24 I

697 1980 73 26 think
781 1981 20 25 it
813 1981 81 26 would
905 1981 143 25 sometimes
1060 1981 30 25 be
1102 1983 63 24 true.
1185 1989 3 3 '

816 2011 21 17 #'
916 2014 15 14 #
1018 2014 14 14 *
1117 2014 15 14 #

731 2046 13 24 I
755 2046 82 25 notice
849 2054 14 18 a
875 2046 139 32 paragraph
1027 2046 27 24 m
1077 2046 49 25 last
1143 2047 89 25 week's

726 2079 120 25 Observer
882 2088 58 16 over
952 2080 43 24 the
1008 2079 79 32 magic
1101 2080 86 25 letters
1198 2080 32 25 E.

698 2120 31 23 D.
776 2119 81 24 Those
874 2120 94 27 letters,
990 2119 14 24 I
1018 2127 115 23 presume
1159 2120 72 25 stand

696 2157 38 23 for
746 2162 61 25 your
818 2157 97 31 worthy
927 2157 46 23 self
975 2174 5 10 ,
1004 2156 41 24 Mr
1068 2157 103 24 'Editor.
1206 2157 25 24 It

696 2190 23 23 is
736 2189 98 31 enough
846 2190 27 23 to
882 2190 73 23 make
967 2197 49 23 any
1031 2190 199 31 -correspondent

697 2221 47 25 feel
760 2221 56 29 badj
829 2221 73 25 when
914 2222 43 24 the
985 2222 90 24 Editor
1103 2225 76 22 starts
1205 2225 25 22 to

697 2259 57 25 take
771 2260 69 31 quiet
850 2260 10 25 I
869 2260 61 26 rises
941 2262 5 9 '
960 2260 44 25 out
1016 2260 26 25 of
1052 2260 63 29 him,
1129 2268 27 18 so
1159 2284 6 10 f
1168 2261 20 25 it
1208 2261 22 26 is

698 2299 61 25 with
767 2299 52 25 fear
831 2300 57 24 and'
897 2299 140 34 trembling,
1048 2300 55 33 tl%t
1126 2300 13 26 I
1150 2317 3 3 •
1161 2302 69 25 write

698 2340 52 24 the,
752 2340 134 31 following.
909 2340 69 24 -You
990 2347 49 27 say^
1047 2340 41 25 Sir
1108 2340 56 26 that
1187 2340 43 26 the

698 2377 67 25 Hon.
780 2376 137 26 Gladstone
929 2378 49 24 and
989 2377 14 25 I
1014 2378 32 24 do
1056 2379 46 24 not
1114 2386 73 25 agree
1204 2387 26 17 re

697 2414 100 26 Labour
814 2414 133 26 Members.
993 2415 67 26 Well
1073 2416 40 26 Sir
1129 2416 14 25 I
1160 2416 70 26 differ

697 2453 64 24 from
773 2453 40 24 Mr
831 2453 136 25 Gladstone
988 2461 36 17 on-
1046 2461 15 17 a
1080 2454 63 31 good
1155 2463 75 24 many

697 2493 114 24 different
823 2492 117 33 subjects,
953 2493 49 24 and
1009 2490 70 27 Tarn
1091 2496 44 23 not
1158 2496 72 27 alons

697 2531 27 23 m
731 2530 59 27 this.
833 2530 25 24 If
873 2538 35 19 we
931 2538 58 24 may
1001 2532 69 25 .trust
1079 2532 54 25 'the
1150 2532 79 25 cable-

697 2576 83 23 grams
792 2568 27 24 m
830 2568 43 24 the
889 2576 96 25 papers,
1004 2565 70 28 ttiere
1091 2576 40 18 are
1143 2578 15 17 a
1169 2578 61 18 num

698 2608 43 25 her
748 2632 2 4 ,
758 2613 25 19 oi;
794 2615 4 3 '
805 2609 142 30 gentlemen
974 2608 28 25 m
1027 2608 44 26 the
1100 2609 85 26 House
1192 2607 7 9 '
1206 2611 26 24 of

698 2646 136 25 Commons
845 2646 55 25 who
912 2646 78 28 differ,
1001 2646 53 31 just
1066 2654 15 17 a
1095 2648 73 30 little,
1181 2656 48 25 you

698 2686 78 28 know,
790 2686 69 24 from'
867 2686 41 24 the
922 2685 30 25 G.
972 2686 29 24 0;
1020 2691 35 19 M.

730 2725 51 25 But
803 2725 82 32 really.
893 2726 13 24 I
922 2726 32 25 do
981 2727 45 24 not
1055 2733 39 21 see
1112 2724 81 31 where
1216 2728 16 28 J

698 2766 70 24 differ
780 2773 27 17 so
818 2766 75 25 much
905 2766 63 27 from
981 2766 52 28 3VIV'
1050 2759 138 38 iladst'one,
1198 2776 30 18 ye

697 2804 100 27 Lnbour
808 2804 132 33 Memberg,
960 2801 41 39 My
1019 2805 136 27 Gladstone
1173 2815 57 27 says

697 2844 56 25 that
769 2843 44 25 the
824 2842 88 26 labour
929 2844 206 33 representatives
1146 2845 28 25 m
1187 2844 41 27 the

697 2882 86 25 House
795 2881 27 24 of
829 2881 135 26 Commons
977 2889 41 19 are
1057 2881 61 27 both
1129 2882 63 32 high
1202 2883 28 25 m

696 2919 157 32 intelligence
865 2920 50 24 and
926 2919 151 33 thoroughly
1089 2921 80 24 sound
1181 2922 49 24 and

697 2959 160 31 trustworthy
885 2960 27 23 m
946 2959 135 25 character.
1091 2961 34 23 V;
1140 2961 14 24 I
1178 2961 52 24 said

696 2999 57 26 that
781 2999 44 25 the
864 3007 64 20 men.
961 2997 66 27 who'
1047 3002 125 28 represent
1201 3009 29 18 us

698 3036 89 26 should
804 3037 28 25 he
854 3035 191 27 broad-minded
1054 3044 64 22 men,
1131 3045 56 17 men
1206 3039 26 24 of

697 3077 95 26 culture
804 3077 48 25 and
865 3077 151 28 refinement,
1039 3077 129 30 educated;
1172 3086 58 17 inen

697 3122 25 24 of
738 3116 85 37 ability
832 3121 55 24 and.'
890 3121 149 30 experience.

731 3161 52 24 Tli«
806 3160 128 25 difference
952 3161 29 28 io,
994 3161 66 24 'that
1076 3161 13 23 I
1102 3161 52 24 said
1181 3161 51 25 and

698 3207 44 25 say
754 3199 74 32 again
841 3199 53 25 that
912 3206 36 17 we
960 3206 41 18 are
1013 3200 45 23 not
1069 3199 76 33 likely
1156 3201 25 24 to
1190 3202 40 29 get

696 3239 49 24 this
774 3236 64 27 sort'
859 3239 25 24 of
922 3239 205 31 representatives
1166 3242 64 23 from

696 3279 117 30 amongst
824 3276 43 26 the
878 3277 131 31 labouring
1020 3276 98 26 classes'.

813 3310 14 14 «
911 3310 14 14 #
1010 3310 14 14 *
1103 3318 2 6 :
1108 3310 14 14 #

730 3343 14 24 I
764 3343 67 32 quite
854 3351 72 23 agree
949 3343 59 25 with
1029 3346 6 12 '
1045 3343 96 25 Pennib
1151 3346 5 9 '
1174 3343 56 24 that

697 3376 140 31 something
849 3376 78 31 ought
939 3377 25 23 to
976 3376 30 25 be
1023 3376 64 28 .done
1096 3377 29 24 to
1134 3378 95 29 perpet-

697 3411 58 24 uate
766 3409 43 26 the
822 3409 110 25 beauties
944 3409 26 24 of
986 3409 110 24 Oxford.;
1121 3409 67 24 Yt.ar
1198 3409 32 30 by

696 3449 60 26 year
767 3449 36 17 we
815 3449 41 16 see
867 3441 44 24 the
922 3440 64 25 busk
998 3440 136 33 retreating
1162 3449 28 16 as
1210 3442 20 23 it

697 3482 70 22 were,
782 3475 81 23 before
886 3475 43 22 the
948 3474 111 24 ruthless
1082 3481 45 16 axe
1139 3474 27 24 of
1188 3474 42 24 the

697 3508 125 24 bushman
845 3506 50 24 and
906 3506 21 24 if
936 3506 48 25 this
995 3513 60 24 goes
1066 3514 41 18 on,
1116 3506 42 24 the
1171 3506 59 24 time

696 3543 69 22 must
777 3548 69 16 coma
864 3540 70 24 wkeu
948 3539 130 25 alLLhatis
1146 3539 27 28 of
1188 3539 41 24 the

696 3573 120 25 beautiful
828 3572 91 28 Oxford
942 3569 72 32 bua.k',
1035 3572 52 25 will
1106 3572 28 24 be
1151 3580 15 16 a
1184 3572 46 25 few

697 3607 40 27 old
750 3607 61 28 b.urn.
816 3608 8 22 l
834 3608 104 30 stumps.
974 3606 22 24 A
1023 3605 83 32 public
1133 3605 97 31 fernery

697 3642 26 24 at
736 3640 107 25 Pearson
866 3639 66 24 Park
951 3640 21 24 is
998 3648 15 16 a
1030 3639 63 32 good
1104 3638 63 30 idea,
1186 3639 44 24 but

697 3673 73 26 could
786 3675 44 24 not
854 3673 141 31 something
1015 3672 34 25 bo'
1057 3672 63 25 done
1137 3674 27 25 to
1175 3680 54 24 pro-

697 3708 50 23 tect
760 3706 41 25 the
806 3706 111 25 ..natural
929 3704 111 27 beauties
1056 3704 31 27 of;
1092 3698 42 33 itie
1143 3706 87 30 place?

697 3739 26 25 Is
734 3739 21 25 it
767 3741 42 23 not
826 3739 110 31 possible;
946 3741 23 23 Jo
980 3740 41 30 get
1036 3746 68 18 same
1120 3746 110 16 reserves

697 3772 72 24 made
781 3779 28 17 or
828 3771 139 32 something'
980 3772 26 23 of
1026 3765 56 30 tliai
1099 3772 51 23 sort
1160 3772 11 23 ?
1205 3771 25 24 It

696 3805 22 23 is
729 3805 119 30 pleasant,
861 3804 72 29 Ayhen
954 3804 60 30 body
1032 3804 48 23 and
1092 3803 72 24 brain
1188 3812 41 15 are

696 3837 105 24 wearied
818 3837 57 23 with
901 3837 43 23 the
952 3839 4 5 '
971 3837 73 23 fierce
1205 3836 26 24 of

696 3870 51 28 life,
766 3872 27 24 to'
804 3870 99 23 wander
925 3877 68 24 away
1010 3870 63 22 from
1092 3868 43 24 the
1161 3869 69 24 strife

697 3910 43 28 the
752 3910 70 26 noise
847 3910 50 25 and
925 3911 41 29 thg
966 3920 2 13 i
980 3908 109 31 turmoil,
1103 3910 39 28 -tp
1161 3917 69 19 some

1319 181 109 30 peaceful
1442 181 151 32 ferny-gully
1616 180 26 24 of
1653 181 42 23 the
1711 180 74 26 bush,
1805 178 49 24 and

1320 218 68 24 there
1407 221 26 23 to
1445 220 77 30 spend
1534 227 32 15 an
1584 219 62 23 hour
1658 226 27 16 or
1697 220 50 22 two
1770 216 83 32 study-

1319 258 44 28 iug
1374 258 42 24 the
1429 259 113 30 pictures'
1547 258 27 23 in
1592 258 42 23 the
1656 260 70 28 great
1738 256 63 25 book
1830 255 26 25 of

1322 296 99 25 Nature.
1457 296 55 25 The
1529 296 48 25 soft
1588 296 86 24 breeze
1687 303 82 17 comes
1788 294 66 30 sigh-

1319 334 45 30 ing
1375 333 74 33 along
1462 334 42 24 the
1516 334 93 27 ravine,
1622 333 42 24 lad
1670 341 26 16 m
1709 333 59 24 with
1782 336 72 20 sweet

1319 372 137 30 fragrance.
1492 372 53 24 The
1575 371 67 24 birds
1670 371 137 30 twittering
1828 370 26 24 m

1321 412 41 24 the
1371 411 63 25 bush
1447 411 50 25 and
1507 411 43 25 the
1562 411 108 31 rippling
1682 411 26 24 of
1719 411 42 24 the
1779 411 76 23 water

1320 449 21 24 is
1359 450 80 24 music
1447 452 25 22 to
1484 449 44 25 the
1550 457 50 16 ear.
1644 449 54 23 The
1721 448 132 24 sunbeams

1320 489 115 32 glancing
1443 489 109 32 through
1562 489 43 24 the
1612 488 90 31 foliage
1712 489 55 24 that
1775 489 79 23 meets

1320 529 129 29 overliead,
1460 529 81 25 shows
1553 529 43 24 the
1608 528 103 25 delicate
1720 552 3 3 .
1731 527 125 36 greenyof

1321 569 42 24 the
1376 569 86 32 fragile
1474 569 67 24 ferns
1559 577 28 15 as
1610 568 59 31 they
1692 568 75 31 droop
1790 568 65 24 from

1321 609 66 27 their,
1397 610 84 31 ledges
1498 610 27 23 m
1542 608 44 25 the
1597 608 65 28 rock,
1667 608 48 24 -all
1726 608 22 24 is
1761 608 93 24 beauti-

1320 649 37 23 ful
1386 649 49 24 and
1458 650 27 23 m
1507 649 132 30 harmony.
1674 647 57 25 And
1759 655 42 17 are
1818 655 37 17 we

1320 689 75 34 going
1407 691 26 23 to
1444 690 35 24 let
1491 689 71 24 those
1579 688 109 24 beauties
1712 695 57 23 pass
1786 695 69 22 away

1320 726 64 24 from
1397 734 29 16 us
1436 728 12 22 ?
1483 726 68 24 Once
1562 725 129 31 destroyed
1708 733 36 16 we
1761 726 92 23 cannot

1320 766 49 24 call
1385 766 69 24 them
1474 764 61 26 back
1546 764 81 32 again,
1646 771 61 18 once
1724 763 130 32 destroyed

1320 803 42 27 the
1381 805 119 26 beautiful
1521 804 90 26 Oxford
1628 797 65 32 bu^hi
1715 804 49 25 will
1786 803 30 26 be
1839 811 15 18 a

1319 846 74 30 thing
1413 847 26 25 of
1454 846 43 25 tho
1514 847 56 29 past
1587 845 38 25 for
1642 852 64 17 ever.

1396 934 139 25 OXFORD
1547 933 92 26 ROAD
1651 932 122 26 BOARD.

1353 1012 61 25 This
1423 1013 83 24 Board
1514 1011 59 25 held
1580 1010 64 26 their
1653 1010 116 32 ordinary
1778 1011 74 23 meet-

1319 1051 44 32 ing
1383 1059 31 17 on
1438 1051 97 31 August
1558 1050 58 24 2nd.
1651 1049 42 24 Mr
1706 1043 30 30 A.'
1754 1046 98 35 Wright

1321 1095 157 33 (chairman)
1491 1093 53 28 and.
1557 1093 40 27 all.
1609 1091 124 26 members
1744 1094 107 29 present.

1319 1138 111 25 Minutes
1446 1137 27 25 of
1481 1137 50 24 last
1541 1136 110 31 meeting
1661 1144 64 16 were
1735 1135 60 25 read
1803 1135 49 24 and

1319 1181 144 25 confirmed.
1510 1180 40 24 Mr
1573 1179 76 24 Jones
1670 1178 91 30 waited,
1785 1185 67 24 upon

1319 1221 43 25 the
1379 1220 84 25 Board
1477 1221 26 23 to
1519 1220 99 30 request
1623 1241 2 2 .
1633 1217 65 26 their
1717 1217 135 26 assistance

1318 1262 28 23 m
1354 1262 47 23 'tbe
1412 1260 109 32 disposal
1532 1260 32 26 of.:
1569 1260 186 26 stormwater—
1756 1258 58 25 Left
1825 1257 27 25 m

1319 1303 43 26 the
1374 1304 94 24 Clerk's
1479 1303 82 24 hands
1572 1304 26 22 to
1609 1302 109 30 remedy.
1851 1316 2 3 •

1351 1344 69 25 View
1445 1343 55 25 Hill
1507 1354 3 7 '
1522 1344 178 29 w^ter-race—
1700 1342 31 23 ln
1754 1340 104 33 cutting;

1318 1384 51 24 this
1386 1392 56 16 race
1453 1384 44 24 the
1519 1382 83 25 Board
1619 1383 43 31 got
1679 1389 15 16 a
1710 1381 93 25 benefit
1825 1383 26 23 to

1318 1427 43 26 the
1377 1429 85 24 extent
1482 1426 26 25 of
1526 1427 51 24 £20
1590 1425 49 25 and
1649 1422 21 28 it
1689 1432 51 18 was
1763 1424 88 33 agreed

1319 1472 55 25 that
1385 1471 98 31 portion
1496 1470 90 25 should
1604 1469 30 24 be
1652 1469 121 24 allocated
1787 1468 65 25 from

1318 1512 44 26 the
1373 1519 55 18 race
1442 1513 26 24 to
1472 1511 16 18 r
1490 1511 43 25 the
1555 1509 101 33 general
1675 1506 75 27 fund.'
1779 1506 74 27 Clerk'

1318 1555 113 32 reported
1439 1554 56 26 that
1507 1553 94 26 several
1609 1552 28 26 of
1643 1552 43 25 the
1694 1552 103 25 treesiri
1808 1552 43 25 the

1317 1598 141 33 plantation
1474 1605 64 18 were
1563 1596 81 25 blown
1669 1595 73 25 down
1758 1594 42 33 by;
1808 1595 43 25 the

1317 1643 50 24 last
1378 1642 63 31 gale.
1477 1640 121 26 Resolved
1613 1639 57 26 that
1678 1640 3 5 '
1688 1639 43 26 the
1742 1641 64 24 trees
1820 1635 38 31 beY

1318 1688 43 23 cut
1371 1685 55 25 into
1445 1684 107 34 twojfeet
1569 1683 101 31 lengths
1681 1682 38 25 for
1741 1682 44 25 the
1807 1690 44 17 use

1318 1729 27 25 of
1354 1728 45 30 the
1409 1728 68 25 office
1488 1727 49 25 and
1548 1726 57 25 that
1618 1726 42 25 the
1670 1726 85 25 tallest
1766 1725 83 25 stand-

1317 1773 45 31 ing
1373 1773 64 24 trees
1449 1771 32 25 be
1502 1770 99 32 topped.
1635 1769 41 24 Mr
1695 1768 78 27 Skurr
1784 1777 65 17 com-

1318 1816 100 32 plained
1428 1816 27 25 of
1472 1815 43 25 the
1535 1813 114 26 overflow
1669 1813 26 25 of
1711 1813 44 24 the
1774 1813 77 25 water

1317 1867 56 18 race
1400 1867 32 17 on
1466 1858 41 25 his
1534 1857 149 32 property—
1683 1855 90 26 Moved
1801 1855 50 26 and

1318 1903 94 27 carried
1432 1902 56 25 that
1498 1902 44 25 the
1562 1900 80 28 Clerk,
1658 1900 129 24 chairman
1801 1899 50 25 and

1307 1947 52 25 .Mr
1381 1946 75 25 Weld
1483 1946 67 24 meet
1572 1944 93 25 Messrs
1695 1943 78 26 Skurr
1782 1965 3 2 .
1790 1954 4 14 ;
1801 1942 50 25 and

1319 1989 88 25 Cohen
1418 1996 33 17 on
1465 1988 44 25 the
1526 1987 97 32 ground
1642 1994 33 17 on
1695 1984 155 33 Wednesday

1318 2033 68 24 next.
1421 2030 121 27 Resolved
1559 2030 56 26 that
1633 2029 34 24 all
1686 2036 102 24 persons
1806 2030 45 23 not

1319 2074 141 32 destroying
1480 2081 70 25 gorse
1571 2073 110 31 opposite
1703 2072 66 25 their
1788 2073 61 24 sect-

1317 2120 64 27 ions,
1394 2118 30 24 be
1439 2118 73 31 given
1531 2116 81 24 notice
1635 2116 55 24 that
1704 2116 59 31 they
1782 2117 68 23 must

1362 2168 26 18 so
1401 2160 50 24 and
1473 2160 43 24 the
1530 2159 83 25 Board
1635 2159 88 24 intend
1745 2160 26 25 to
1793 2158 57 26 take

1317 2205 115 31 vigorous
1460 2203 83 26 action
1565 2204 27 25 to
1619 2202 64 25 have
1711 2202 43 25 the
1763 2207 6 25 ;
1779 2210 72 25 gorse

1317 2248 84 26 killed.
1474 2276 1 7 ,
1494 2253 65 28 ;-..\
1588 2278 4 2 .
1612 2269 3 1 ■
1701 2244 3 3 '
1723 2241 22 40 :'-.=
1752 2240 28 36 /'

1352 2290 246 33 Correspondence—
1599 2290 40 24 Mr
1651 2290 83 25 Wratt
1741 2290 108 31 request-

1318 2336 39 25 ed:
1371 2335 43 25 the
1430 2334 83 26 Board
1529 2337 26 23 to
1573 2342 93 24 engage
1694 2342 15 16 a
1736 2341 61 17 man
1825 2335 26 23 to

1317 2379 73 26 work,
1396 2378 61 25 with
1467 2378 54 25 him
1533 2379 26 24 to
1562 2377 107 32 -.destroy
1680 2376 51 27 the.
1735 2384 72 24 gorse
1818 2384 33 17 on

1317 2423 40 24 his
1376 2422 127 31 bouhdery
1526 2422 74 32 along
1620 2421 44 25 the
1686 2420 88 25 Main.
1779 2420 72 25 Bush

1305 2478 2 4 •
1317 2466 68 26 road,
1419 2465 83 25 Board
1513 2464 105 33 granted
1628 2464 44 24 the
1682 2466 99 29 request
1787 2463 64 25 .with

1317 2509 120 32 pleasure.

1339 2549 3 12 ;
1351 2552 53 25 The
1413 2551 178 32 Poundkeeper
1602 2551 132 31 presented
1743 2558 14 16 a
1768 2550 83 31 report

1318 2595 27 26 of
1357 2595 114 32 required
1487 2594 93 32 repairs
1597 2593 84 28 -which
1702 2594 48 24 the.
1768 2592 84 25 Board

1318 2639 101 25 decided
1437 2640 27 24 to
1484 2638 63 24 have
1559 2638 71 24 done.
1666 2637 77 25 Fronx
1759 2636 40 25 Mr
1811 2636 40 25 W.

1318 2682 120 24 Knowles
1447 2678 89 35 asking
1547 2680 55 24 that
1615 2679 40 25 his
1666 2687 74 16 name
1752 2687 59 22 may
1822 2678 30 24 be

1319 2723 150 29 substituted
1480 2724 38 25 for
1535 2723 56 25 that
1613 2722 28 25 of
1650 2722 41 24 Mr
1710 2721 89 25 Ancall
1819 2729 33 17 on

1318 2769 44 25 the
1394 2770 54 23 rate
1487 2767 55 25 roll.
1576 2765 122 25 Resolved
1725 2765 57 24 that
1809 2765 44 24 the

1319 2811 149 32 application
1480 2811 68 25 must
1555 2817 70 18 come
1632 2808 65 25 from
1705 2808 42 25 Mr
1755 2801 96 31 khcall.

1319 2855 78 25 From
1416 2856 121 28 secretary
1549 2852 26 26 of
1587 2860 125 24 creamery
1728 2851 88 32 asking
1827 2852 26 23 to

1319 2897 31 26 be
1367 2897 103 26 allowed
1481 2899 26 28 tp
1519 2897 52 25 cart
1582 2895 80 33 single
1672 2894 65 26 from
1748 2894 106 25 Board's

1319 2941 66 32 pit—
1391 2940 112 25 Granted
1514 2939 26 26 at
1552 2939 40 24 2d.
1610 2947 44 23 per
1673 2937 75 33 yard.'
1777 2938 77 24 From

1319 2984 74 26 ftand
1413 2984 65 27 .and;
1498 2983 102 25 Income
1627 2983 44 23 tax
1698 2982 156 31 department

1319 3027 153 30 forwarding:
1479 3026 103 24 balance
1591 3025 27 25 of
1625 3024 102 32 subsidy
1738 3026 50 23 £62
1799 3026 54 23 10s.

1320 3071 27 25 It
1352 3078 69 20 -was;
1432 3069 111 27 resolved
1555 3068 56 28 that
1626 3068 49 29 the,
1684 3068 127 32 footpaths
1827 3068 28 25 m

1320 3114 71 25 Main
1399 3113 80 26 Street
1488 3113 64 24 East
1564 3111 94 26 Oxford
1665 3111 31 25 be
1707 3112 147 31 completed.

1354 3156 53 25 The
1416 3156 127 32 following
1554 3155 99 26 tenders
1665 3163 64 17 were
1738 3155 117 32 accepted

1320 3201 40 25 No
1388 3201 49 24 440
1481 3200 31 24 B.
1528 3199 93 25 Nelson
1648 3200 52 23 ■£B
1730 3200 53 24 18s;
1813 3200 40 25 Gd.

1320 3244 39 25 No
1385 3241 47 26 4-£
1447 3241 16 26 l
1479 3243 33 24 H.
1533 3242 88 25 Askew
1665 3243 34 24 £G
1729 3243 54 24 10s>.
1812 3243 41 26 Od.

1320 3287 39 26 No
1379 3289 7 26 '.
1390 3287 57 32 .442
1460 3278 2 11 ''
1476 3286 62 25 Alex
1536 3287 3 5 1
1567 3286 65 24 Gibb
1677 3287 34 24 £o
1731 3289 52 22 15s.
1813 3287 40 24 Od.

1320 3331 39 25 No
1397 3331 52 25 44a
1475 3329 30 25 B.
1527 3329 24 25 J.
1572 3329 64 24 Reid
1670 3329 61 26 £13'
1755 3322 46 34 Os.'
1814 3330 40 25 Od.

1320 3374 39 24 No
1392 3374 50 23 444
1481 3373 35 24 H.
1535 3369 89 28 Askew
1653 3372 42 32 1/9
1702 3379 3 5 '
1785 3374 69 31 yard.

1306 3440 9 5 ..
1321 3417 53 23 The
1381 3416 131 31 -following
1521 3418 117 22 accounts
1649 3424 65 18 were
1720 3417 88 30 passed
1818 3417 38 24 for

1320 3461 119 30 I>ayment
1461 3459 52 26 and
1539 3459 44 26 the
1608 3459 83 25 Board
1719 3459 137 32 adjourned

1322 3503 108 27 General
1465 3504 118 23 accounts
1602 3504 4 4 '
1629 3503 71 24 £105
1731 3504 53 24 18s.
1800 3529 4 2 .
1814 3504 41 24 4d.

1306 3565 1 4 .
1320 3546 70 25 View
1426 3546 55 24 Hill
1509 3546 154 25 Water-race
1688 3547 33 23 £1
1747 3548 36 24 6s.
1813 3547 41 25 Od.

1321 3590 73 24 Land
1418 3590 63 24 fund
1506 3591 118 25 accounts
1658 3590 54 26 £18
1731 3591 53 25 19s.
1813 3591 42 25 4d.

1307 3633 81 33 sEjxq
1390 3645 14 13 ■:-.
1545 3642 66 17 'race
1627 3661 2 2 .
1656 3635 33 24 £2
1815 3635 40 25 Od.

1321 3677 121 31 Deposits
1460 3678 34 24 £2
1508 3679 35 23 Gs.
1557 3678 40 25 Qi\
1608 3675 10 7 "'
1628 3696 2 4 .
1663 3696 2 11 :

2092 178 125 24 WATER
2228 178 87 24 RACE.

1978 255 53 25 The
2043 256 86 24 Waste
2149 255 86 24 Lands
2248 254 149 26 Committee
2414 254 66 24 dealt

1944 306 31 17 on
2000 299 132 31 Thursday
2155 299 60 24 with
2238 298 44 25 the
2315 298 118 31 petitions
2456 298 27 24 of

1944 342 164 25 Marmaduke
2118 343 84 24 Dixon
2222 343 49 24 and
2284 342 92 30 other?,
2389 341 50 25 and
2457 341 26 24 of

1944 385 43 24 the
1999 385 184 25 Waimakariri-
2186 385 92 33 Ashley
2288 386 86 25 Water
2384 385 95 31 Supply

1945 429 90 25 Board.
2071 429 70 24 With
2163 429 124 25 reference
2306 432 27 22 to
2361 429 44 25 the
2425 430 54 23 first

1943 472 98 31 named,
2055 473 44 24 the
2109 473 228 25 recommendation
2349 473 21 25 is
2380 473 98 25 thatno

1942 516 96 31 private
2141 517 80 31 rights
2233 517 90 25 should
2335 517 30 24 be
2377 517 101 24 admitt-

1944 559 29 24 ed
1989 560 26 24 m
2045 569 49 23 any
2118 560 99 32 County
2245 566 31 20 or'
2300 561 178 31 water-supply

1943 602 97 26 district
2059 604 84 24 unless
2163 604 80 24 under
2258 605 44 24 the
2313 605 97 24 control
2428 604 50 24 and

1943 647 112 25 sanction
2066 647 30 25 of.
2111 647 44 25 the
2170 647 103 25 Council
2285 656 27 16 or
2324 648 84 24 Board
2419 655 57 17 con-

1942 687 96 25 cerned.
2075 687 40 25 On
2126 687 44 25 the
2188 687 104 26 Board's
2312 688 105 31 petition
2434 688 43 25 the

1942 728 108 26 decision
2066 729 22 25 is
2100 729 56 25 that
2167 730 27 23 m
2206 729 43 24 the
2269 730 101 30 opinion
2391 731 27 23 of
2434 730 43 24 the

1942 771 149 26 Committee
2106 773 51 26 the.
2162 773 50 24 Act
2227 772 22 25 is
2261 773 119 24 defective
2392 780 27 17 so
2439 772 38 24 far

1942 823 27 17 as
1981 816 60 25 Part
2053 818 14 22 2
2090 816 21 25 is
2128 816 144 30 concerned,
2282 839 3 5 ,
2293 816 46 26 but
2359 824 28 17 as
2407 816 70 25 there

1942 867 85 20 seems,
2033 861 26 24 to
2078 860 31 25 be
2124 860 168 25 considerable
2312 856 117 36 diversity
2452 860 27 24 of

1941 903 101 30 opinion
2067 903 28 25 m
2115 903 43 25 the
2165 904 2 23 '.
2186 896 104 38 district,
2317 912 40 21 no,
2367 926 2 7 ;
2376 904 100 29 .further

1941 946 142 32 legislation
2095 947 91 26 should
2205 947 58 26 take
2273 947 75 32 place,
2355 947 57 27 till.,
2412 947 63 26 after

1941 990 43 26 the
2002 992 60 24 next
2074 992 103 24 election
2189 991 28 25 of
2229 990 44 26 the
2283 991 94 25 Board,

1939 1116 157 63 LOCAL
2127 1116 94 63 and
2252 1116 219 63 GENERAL

1972 1200 88 24 Death
2088 1209 66 16 from
2175 1226 3 4 ,
2184 1200 135 26 -'Measi<es.
2321 1203 2 15 :
2323 1215 31 3 —
2355 1200 70 24 After
2459 1207 14 17 a

1938 1244 155 33 magisterial
2104 1244 128 32 .inquiry,
2252 1244 151 31 concerning
2430 1243 43 25 the

1938 1287 75 24 death
2023 1287 28 26 of
2069 1285 54 27 Ada
2134 1287 71 29 Free,
2229 1288 62 31 aged
2304 1289 13 22 1
2341 1295 59 24 year
2423 1285 50 25 and

1938 1332 14 23 9
1973 1327 110 33 months,
2095 1330 85 32 ;J.R.
2198 1330 98 25 Gorton
2315 1330 62 31 Esq.
2399 1329 24 25 J.
2443 1329 30 24 P.

1937 1381 62 24 gave
2021 1382 15 16 a
2056 1374 134 24 certificate
2201 1374 36 26 of,
2240 1374 75 25 death
2335 1372 90 26 caused
2441 1372 32 32 by

1937 1417 137 25 bronchitis
2085 1418 132 29 following.
2223 1418 115 24 measlesi
2396 1440 1 1 .
2413 1413 29 32 ..'.

1936 1466 133 26 Debating
2090 1467 148 25 Society.—
2239 1465 54 27 The
2304 1466 124 26 Members
2448 1466 25 25 of

1936 1510 52 26 this
2016 1511 99 32 Society
2137 1519 42 17 are
2201 1511 129 25 reminded
2355 1510 56 26 that
2416 1521 4 13 ;
2425 1510 47 25 ,the

1936 1553 135 32 adjourned
2082 1554 111 32 meeting
2201 1553 51 25 will
2272 1553 57 26 take
2350 1553 72 32 place
2444 1555 27 23 at

1936 1596 44 25 the
1995 1597 104 32 Library
2107 1597 36 24 'on
2155 1596 114 32 Tuesday
2269 1593 10 19 ■■'•
2287 1599 69 22 next.
2402 1596 25 25 It
2449 1596 22 24 is

1935 1638 82 33 hoped
2029 1640 55 25 that
2093 1648 15 17 a
2119 1637 76 34 •large
2216 1640 108 25 number
2343 1640 27 25 of
2390 1640 79 24 Mem-

1936 1682 55 26 bers
2008 1680 52 29 will
2084 1683 30 25 be
2139 1684 108 29 present,
2256 1691 28 17 as
2309 1682 118 25 business'
2446 1682 27 24 of

1935 1726 153 30 importance
2098 1725 49 26 will
2161 1725 31 25 be
2204 1726 148 25 transacted.

2005 1828 396 35 CORRESPONDENCE.

1937 1915 66 22 While
2013 1922 38 16 our
2059 1917 90 20 columns
2159 1921 36 16 are
2201 1922 51 20 open
2262 1917 21 20 to
2292 1917 32 20 all
2342 1922 29 14 we
2390 1916 26 21 do
2434 1918 36 18 not

1961 1945 298 33 identify^mrsebn^^lltini/
2263 1949 207 27 bpliMlWMpmseu

1961 1990 86 19 therein.
2208 1990 10 18 .'■
2310 1993 27 4 —
2337 1990 6 10 .■
2367 1994 3 2 ■

2034 2071 35 25 the
2086 2071 88 23 Editor
2186 2067 92 31 ofijie*
2290 2067 120 25 Observer.
2413 2067 3 8 1

1937 2131 51 24 Sir.
1990 2145 32 3 —
2023 2131 16 23 I
2057 2138 41 16 am
2121 2128 122 31 surprised
2276 2129 26 23 at
2333 2126 68 25 what
2429 2124 39 24 Mr

1937 2169 104 25 Gaibett
2058 2169 82 25 writes
2151 2176 27 16 m
2199 2175 63 24 your
2270 2167 76 25 jissu.e
2367 2164 27 26 of
2414 2164 54 23 last

1938 2209 123 32 Saturday
2069 2209 38 25 for
2115 2206 33 26 lie
2175 2208 69 24 must
2261 2207 142 28 kndw?very
2412 2203 56 25 well

1936 2248 56 24 that
2003 2248 15 24 I
2029 2247 42 24 did
2078 2248 45 23 not
2135 2254 61 23 copy
2213 2245 43 24 the
2267 2244 42 24 letl
2315 2241 26 27 ci*
2349 2243 64 24 from
2426 2241 42 25 the

1936 2288 117 24 Minister
2070 2287 26 24 of
2111 2285 142 25 Education
2263 2292 28 18 re.
2307 2281 161 33 Compulsory

1937 2326 111 28 Clauses,
2057 2323 218 31 vas,hetQpk:very
2284 2321 64 33 good
2365 2328 56 17 care
2443 2321 25 22 at

1937 2366 43 25 the
2005 2366 111 30 meeting
2126 2364 57 25 that
2193 2364 15 23 I
2220 2362 90 29 should
2320 2363 45 22 not
2393 2361 42 31 get
2455 2368 13 15 a

1936 2414 70 23 copy.
2021 2422 3 3 •
2042 2406 3 17 ;
2095 2413 60 21 ■•;,:■■.-
2246 2410 2 13 ;
2259 2406 3 3 '
2277 2408 57 25 •..'.-■
2398 2425 14 9 

1961 2452 4 9 :
1970 2444 59 25 You
2038 2444 57 24 .will
2106 2453 8 13 >
2121 2449 92 18 remem
2217 2441 42 24 ber
2253 2458 4 11 ;
2260 2459 7 10 ,
2292 2440 55 28 -Sir,
2355 2460 5 7 ,
2375 2438 56 25 that
2443 2437 26 23 m

1936 2482 41 25 his
1992 2483 79 24 -letter
2092 2482 26 23 to
2140 2488 49 23 you
2199 2479 34 24 lie
2250 2477 91 26 stated,
2358 2476 56 24 that
2436 2475 33 24 he

1937 2522 86 25 would
2029 2521 31 24 be
2077 2528 58 24 very
2146 2517 104 33 pleased,
2255 2519 25 23 to
2292 2516 55 32 give
2363 2523 40 16 me
2421 2522 50 22 any

1937 2561 167 26 information'
2109 2559 57 24 that
2177 2566 51 17 was
2238 2558 26 24 at
2283 2556 46 25 ,his
2352 2554 117 31 disposal.

1937 2599 14 24 I
1968 2597 120 26 therefore
2111 2597 55 24 sent
2189 2597 26 23 to
2231 2594 55 24 him
2308 2601 34 17 on
2358 2591 120 29 Tuesday,

1939 2637 88 31 asking
2038 2636 21 24 if
2072 2636 33 24 he
2116 2634 83 32 wjauld
2210 2633 31 28 be;
2252 2632 62 32 good
2326 2630 99 31 enough
2445 2637 27 15 as

1939 2676 25 23 to
1989 2674 35 24 let
2036 2681 41 17 me
2096 2673 63 23 have
2179 2679 15 15 n.
2213 2667 261 33 copy-of-^be-iettei-

1938 2714 63 24 from
2030 2713 49 25 the.
2086 2712 115 24 Minister
2210 2729 2 6 ,
2230 2708 27 25 of
2266 2706 142 25 Education
2434 2704 39 24 for

1938 2752 160 33 publication.
2128 2761 4 21 •;
2141 2749 54 26 The
2223 2748 69 32 reply
2319 2747 28 24 I'
2361 2744 112 26 received

1939 2793 81 25 would
2047 2792 64 24 have
2140 2788 108 26 crushed
2264 2794 112 24 anyone-
2387 2785 86 30 except

1940 2833 44 25 the
1991 2834 128 28 .Secretary
2128 2830 26 25 of
2163 2829 110 28 theJEast
2283 2825 96 26 Oxford.
2382 2823 92 27 School

1940 2872 162 25 Committee!
2132 2889 3 7 :
2157 2881 38 14 .-■>.
2222 2893 2 5 ,
2237 2890 5 13 }
2271 2889 36 11 ..,-,
2313 2873 64 26 .■-.;'.",

1931 2927 2 3 -
1973 2912 32 26 It.
2010 2910 123 26 informed
2145 2917 40 17 me
2196 2909 63 28 that,
2265 2907 42 26 the
2326 2905 53 26 said
2400 2905 76 25 letter

1940 2956 51 25 had
2012 2956 64 24 been
2100 2954 64 29 jr^ad
2171 2970 7 11 v
2181 2955 26 22 to
2215 2968 4 14 :
2227 2952 44 24 the
2293 2951 65 24 East
2372 2978 9 6 v
2382 2947 94 35 Qxford

1943 2994 91 26 School
2039 3016 4 2 .
2055 2992 150 29 Committee
2234 2990 9 32 (
2250 2989 83 27 which
2346 2983 13 34 $
2364 3013 2 8 i
2371 2987 71 24 knew
2450 2986 9 33 )
2468 2994 6 21 ;

1942 3032 56 28 that
2019 3032 22 24 it
2054 3031 55 29 jha.d
2134 3030 72 25 been.
2209 3050 8 11 :i
2221 3029 93 27 shewn.
2325 3049 4 6 ,
2330 3029 29 23 to
2382 3025 95 25 several

1942 3070 76 25 heads
2029 3070 27 25 of
2065 3069 107 25 families
2201 3062 106 38 (^ieh/
2316 3060 106 40 i/qu/te
2435 3063 41 24 be-

1941 3109 105 33 lieved);
2066 3107 49 30 but.
2126 3105 57 26 that
2193 3106 21 24 it
2226 3104 74 25 could
2311 3103 33 25 be~
2353 3108 58 19 f&en

1943 3157 51 25 any
2003 3149 94 31 parent
2118 3154 28 17 or
2151 3166 3 2 .
2168 3143 126 34 parents-*
2295 3172 4 5 s
2301 3143 59 36 o^ly
2380 3143 10 31 (
2397 3142 83 25 which

1943 3186 180 27 overwhelq?ed
2132 3183 109 35 me^ith
2250 3182 64 33 grief
2320 3179 88 40 ).-^As
2416 3187 62 25 your

1942 3228 100 25 readers
2053 3226 56 25 will'
2116 3225 30 25 be
2163 3215 129 40 wiiHng.to
2302 3220 125 33 belisye^l
2436 3229 42 15 am

1943 3270 45 23 not
2002 3277 15 16 a
2228 3264 123 30 therefore
2371 3263 14 23 I
2405 3260 73 26 could

1931 3310 58 23 'not
2000 3310 41 30 get
2051 3316 14 16 a
2077 3315 61 23 copy
2151 3305 29 26 of,
2194 3305 42 25 the
2240 3320 2 4 ■
2255 3301 205 34 ppcious-'letter
2471 3301 6 23 !

1944 3349 37 25 Y.e
1994 3349 68 33 Qods
2073 3349 5 23 !
2101 3344 119 31 '.^Vhatit
2236 3344 60 25 isto
2307 3341 171 34 ba^avbache-

1931 3388 70 29 ,/lor?
2058 3378 2 2 '
2077 3378 23 34 ':■
2167 3373 60 40 ■'■•[-
2254 3373 59 45 ■■..'■/
2343 3380 15 16 J
2360 3375 49 44 '^
2429 3411 2 2 ■

1952 3437 6 3 -
1978 3427 32 23 In
2022 3426 42 25 the
2078 3425 68 30 reply
2158 3425 26 23 to
2196 3431 42 22 my
2244 3423 65 23 -note
2321 3420 40 24 Mr
2373 3418 106 26 Garbett

1945 3467 53 24 also
2019 3465 81 26 stated
2122 3465 57 24 that
2200 3463 43 24 the
2264 3462 80 24 -letter
2351 3467 61 22 .Ayas
2434 3459 45 23 not

1944 3504 119 25 intended
2074 3502 200 31 foivthe>pap'crsj
2309 3499 115 24 Mucli.to
2437 3504 42 22 my

1945 3544 117 32 surprise,
2075 3537 124 34 however,*
2218 3540 72 25 when
2300 3540 31 23 he
2447 3544 33 17 on

1947 3592 39 19 m<?
1998 3585 43 25 the
2053 3591 69 18 same
2139 3582 130 25 afternoon
2281 3580 40 24 he-
2328 3577 84 29 -stpted
2423 3577 57 24 that

1931 3634 1 4 •
1945 3624 32 24 he
1989 3624 50 24 had
2052 3624 55 24 sent
2116 3622 42 25 the
2170 3622 75 23 letter,
2253 3622 27 22 to
2292 3627 48 24 you
2352 3617 37 25 for
2400 3615 79 33 publi-

1947 3665 98 24 cation!
2108 3689 3 3 .
2179 3683 3 3 -
2183 3686 10 8 v
2260 3675 15 21 -.;•
2285 3686 3 2 .
2303 3677 47 13 :-..-.■-

1980 3701 62 28 This
2048 3727 4 4 .
2059 3704 61 24 then
2144 3702 45 24 has
2198 3725 3 3 ,
2208 3700 64 25 been
2290 3699 48 30 Mr,
2354 3697 127 27 G-arbett's

1947 3741 226 33 aotipu:regarding
2184 3739 45 25 the
2240 3739 90 24 letter:
2348 3735 133 31 firslly,.he

1947 3782 59 24 read
2018 3782 21 24 it
2051 3783 26 22 at
2089 3780 43 25 the
2152 3778 110 31 meeting
2282 3776 25 25 of
2330 3775 43 25 the
2391 3773 92 26 Scbodl

1933 3843 2 3 .
1944 3819 162 27 Cominittoe,
2119 3816 102 31 thereby
2234 3812 85 34 giving
2325 3815 36 23 /it-
2365 3822 18 15 a-
2388 3812 95 24 certain

1947 3858 105 23 amoiant
2069 3856 27 25 of
2116 3854 117 32 publicity
2243 3861 21 21 ;•
2285 3851 123 31 secomlly,
2450 3850 33 23 he

1948 3899 75 24 wrote
2037 3897 25 25 to
2079 3904 48 31 you
2140 3895 106 31 oilcring.
2257 3897 24 22 to
2293 3892 55 34 give
2371 3899 40 17 me
2434 3897 48 26 any

625 53 167 32 OXFORD
814 52 90 30 AND
927 49 106 33 OUST
1056 48 226 33 OBSERVER
1306 48 237 37 SATURDAY,
1566 49 171 31 AUGUST
1761 49 28 36 5,
1813 48 90 29 1893.

1323 3742 214 79 WANTRI)
1570 3743 212 32 Known~-R.
1829 3746 26 29 H

1425 3776 114 37 Parisif
1546 3785 55 31 lias
1601 3796 5 21 ;
1607 3785 17 40 j
1629 3789 48 27 usfc
1680 3792 4 7 !
1690 3788 166 37 xinpacked

1323 3835 18 18 a
1356 3825 66 29 nice
1433 3856 3 4 .
1451 3825 44 29 lot
1523 3825 32 33 of
1583 3825 190 42 Wellington
1796 3829 60 28 and

1322 3864 130 40 •Eaiapoi
1482 3866 112 30 'IVeed
1623 3867 127 30 clresses.
1794 3869 62 30 l^ot

1324 3905 199 34 tWodresses
1539 3898 126 41 alikeA/
1825 3937 1 2 ,
1855 3934 2 5 ,
