2550 4020
61 179 160 25 information
234 180 26 23 at
283 179 39 25 his
345 180 108 31 disposal
466 190 5 21 ;
493 180 100 33 thirdly,

62 217 72 24 when
151 217 75 24 asked
235 217 38 24 for
284 225 15 16 a
311 225 59 23 copy
380 219 27 23 of
416 219 43 23 the
471 219 80 29 letter,
562 219 32 24 he

61 255 94 24 refused
168 257 25 22 to
213 255 55 30 give
280 255 28 28 it,
332 258 26 21 at
381 255 43 24 the
448 264 68 16 same
534 257 60 24 time

61 295 95 31 stating
167 294 55 25 that
231 294 20 25 it
262 302 51 17 Avas
324 297 44 22 not
385 295 37 25 for
434 296 159 31 publication,

61 332 118 32 fourthly,
191 340 33 17 on
247 332 43 25 the
317 340 68 18 same
403 335 129 24 afternoon
563 335 31 24 he

62 372 56 22 sent
130 370 42 24 the
182 372 74 24 letter
268 372 25 23 to
309 379 49 23 you
379 372 37 23 for
432 372 162 31 publication.

61 407 69 26 Your
160 407 97 26 readers
280 415 48 18 can
361 408 64 26 form
454 410 66 25 their
541 418 53 17 own

61 448 100 31 opinion
174 456 27 17 as
213 450 26 23 to
250 448 44 25 the
319 456 88 18 reason
421 449 36 25 for
468 450 60 25 this.

94 489 41 24 Mr
152 488 105 26 Garbett
273 488 23 26 is
325 490 68 31 quite
415 490 68 31 right
499 490 27 25 m
556 490 40 25 his

62 528 102 32 opinion
175 528 57 25 that
248 528 14 25 I
290 529 81 25 would
390 532 45 22 not
457 530 64 24 have
543 531 53 23 cast

61 567 88 25 doubts
156 575 33 16 on
205 566 44 25 the
261 566 70 25 truth
349 567 26 25 of
402 567 43 25 the
464 567 132 33 allegation

61 605 56 25 that
128 605 44 24 the
181 605 116 24 Minister
303 605 25 25 of
336 605 142 26 Education
515 607 81 24 scout-

61 645 31 24 ed
104 645 42 24 the
158 645 56 24 idea
225 645 27 24 of
261 645 43 24 the
317 645 164 31 Compulsory
494 645 102 26 Clauses

62 685 74 31 being
153 685 60 24 used
241 687 27 22 to
299 685 91 31 punish
419 685 113 25 children
560 684 37 25 for

61 725 100 31 coming
172 725 50 24 late
233 726 25 24 to
268 724 94 29 school,
410 748 2 3 .
422 725 86 24 unless
548 732 49 17 was

62 765 69 31 quite
148 773 55 16 sure
215 764 14 25 I
241 772 51 17 was
303 765 27 24 m
342 765 44 24 the
395 765 75 32 right.
521 765 76 24 lam

62 802 95 26 certain
169 803 57 25 that
245 810 33 17 an
301 802 104 33 entirely
431 810 85 24 wrong
541 808 56 19 con-

64 843 121 26 struction
197 850 51 17 was
259 844 46 31 put
316 851 33 17 on
367 843 43 25 the
422 844 74 25 letter
511 843 28 24 m
556 842 41 25 the

65 887 6 10 1
75 887 5 10 '
90 884 115 23 correct
217 883 91 29 report.

97 923 40 24 Mr
158 921 105 26 Garbett
285 921 46 25 has
360 921 121 32 certainly
503 930 15 16 a
533 921 65 32 grim

65 970 71 17 sense
149 961 27 25 of
186 960 116 26 humour.
341 960 85 32 Fancy
449 960 104 31 offering
572 960 27 24 to

64 1002 123 26 entertain
205 1009 38 17 me
254 1001 38 25 for
304 1003 49 23 two
364 1000 98 25 hours—
483 1000 65 24 from
569 1001 31 23 10

64 1042 26 23 to
105 1041 28 23 12
136 1054 32 5 —
186 1039 62 25 with
275 1038 45 25 the
347 1039 115 31 question
486 1038 27 24 of
527 1037 73 25 Bible

66 1078 71 26 Class
165 1076 50 26 and
367 1076 132 31 ''report!
536 1073 64 26 Who

64 1118 82 26 would
173 1119 45 24 not
250 1116 74 33 jump
352 1118 27 24 at
412 1116 42 26 the
483 1116 94 25 chance
588 1116 12 24 ?

64 1159 52 25 But
125 1158 52 25 alas
196 1165 42 24 my
250 1156 101 25 friends!
370 1156 64 25 How
451 1164 48 17 can
510 1156 14 25 I
536 1156 64 25 avail

64 1196 92 33 myself
165 1195 27 26 of
201 1195 44 26 the
256 1195 119 32 privilege
385 1196 12 23 ?
431 1195 66 24 lam
523 1197 46 22 not
585 1201 15 17 a

218 1234 6 27 !

98 1284 54 25 The
174 1283 57 26 vein
258 1283 28 25 of
311 1283 109 24 humour
447 1288 82 19 conies
557 1283 44 23 but

65 1322 74 33 again
151 1322 26 25 m
193 1321 43 25 the
256 1321 29 24 P.
311 1320 26 27 S.
361 1323 26 22 to
407 1320 40 25 his
470 1319 132 33 published

64 1360 80 26 letter.
163 1360 80 24 There
255 1367 42 16 are
309 1359 100 31 already
426 1360 49 23 120
486 1357 115 26 children

65 1398 27 25 m
104 1397 148 27 attendance
268 1399 27 23 at
316 1397 41 25 his
369 1397 98 29 classes,
488 1396 33 26 he
545 1396 56 26 tells

64 1447 31 18 us
107 1439 51 25 and
168 1439 66 23 ivhen
245 1439 29 23 he
285 1446 70 23 opens
373 1437 96 24 another
481 1438 63 23 class
554 1437 44 29 the,

66 1479 97 25 number
174 1478 50 24 will
236 1481 40 20 not
290 1477 25 24 be
336 1477 112 25 lessened]
479 1476 123 24 Whoever

67 1516 108 33 thought
186 1516 20 24 it
216 1514 81 26 would
304 1516 11 22 ?
351 1513 64 26 Who
426 1513 82 25 would
517 1515 86 30 expect

65 1563 98 24 anyone
175 1555 25 23 to
212 1561 64 23 open
288 1561 15 16 a
314 1552 68 25 fresh
391 1551 64 26 class
464 1552 21 25 if
492 1551 20 26 it
521 1552 82 25 would

64 1593 83 25 lessen
159 1591 42 24 the
212 1590 107 25 number
330 1589 26 26 of
363 1589 162 25 attendants?
551 1589 52 24 But

65 1640 28 17 as
102 1632 14 24 I
124 1631 65 25 have
198 1629 54 26 said
262 1629 50 25 this
324 1629 21 25 is
357 1629 60 33 only
425 1629 41 24 Mr
476 1629 126 24 Garbett's

65 1671 110 27 humour
186 1678 28 17 or
225 1669 107 34 perhaps
349 1669 40 25 his
405 1669 80 32 funny
505 1676 54 24 way
579 1668 26 25 of

65 1711 153 30 advertising
232 1710 41 24 his
285 1710 73 24 class.

100 1752 41 25 He
157 1752 22 24 is
196 1758 59 24 very
272 1749 75 32 ready
373 1751 25 22 to
415 1749 57 24 take
500 1757 33 23 up
561 1747 42 26 the

67 1791 101 33 cudgels
180 1798 33 18 on
223 1789 87 26 behalf
326 1789 26 26 of
362 1789 43 25 the
416 1788 83 26 writer
519 1788 26 25 of
559 1788 45 25 the

236 1830 90 31 report,
347 1828 45 25 but
415 1828 32 25 he
476 1827 58 26 does
559 1829 45 24 not

64 1872 112 26 -atiompt
187 1869 107 26 to_show
314 1869 56 24 tiiat
387 1876 42 23 my
445 1869 116 29 report—
561 1867 44 25 the

71 1905 145 25 '•incorrect
252 1913 48 17 one
304 1919 29 4 —
333 1913 51 17 was
406 1913 86 24 wrong
511 1906 27 24 m
556 1914 49 24 any

67 1945 144 33 particular.
245 1945 15 24 I
272 1944 73 26 think
363 1944 20 26 it
402 1944 22 26 is
443 1952 59 25 easy
513 1947 26 24 to
561 1946 44 25 tell

68 1985 66 32 why.
168 1985 111 31 Perhaps
318 1985 81 25 Those
412 1985 55 25 who
481 1985 57 25 Win
549 1988 14 10 '"
574 1986 31 25 do

67 2025 47 23 not
136 2024 92 29 always
264 2023 92 30 Laugh
398 2023 64 25 after
474 2022 34 25 all
516 2024 6 23 !
538 2027 3 9 '

102 2063 41 25 Mr
171 2060 105 27 Garbett
296 2069 80 18 seems
393 2064 26 23 to
445 2062 64 25 have
537 2071 68 16 some

69 2100 89 26 doubts
171 2108 27 17 as
211 2102 25 23 to
247 2100 112 25 whether
371 2100 43 25 the
425 2100 73 26 letter
518 2101 87 32 signed

97 2142 151 30 Secretary
277 2148 50 17 was
357 2140 107 25 Written
495 2141 33 31 by
554 2149 49 17 me.

69 2180 40 25 He
118 2180 46 25 has
173 2180 59 32 only
241 2180 26 24 to
276 2179 59 24 read
343 2179 44 25 the
398 2179 56 25 first
462 2180 141 32 paragraph

69 2222 26 24 to
110 2229 41 16 see
162 2220 56 25 that
225 2219 22 26 it
255 2219 87 33 speaks
354 2219 27 26 of
395 2220 44 25 the
454 2220 73 25 letter
539 2220 27 25 of
572 2220 31 26 L.

69 2261 29 25 T.
113 2261 29 24 L.
158 2260 38 25 W.
209 2260 40 25 W.
270 2268 28 17 as
310 2260 128 32 attacking
455 2269 41 22 me,
510 2260 50 26 and
576 2269 28 17 as

68 2301 21 25 it
104 2308 52 18 was
178 2299 87 33 signed
316 2299 125 32 Secretary
489 2300 20 25 it
532 2300 73 25 covld

69 2341 60 32 only
143 2340 64 26 have
229 2339 62 27 been
314 2340 100 25 written
433 2339 34 33 by
484 2340 43 26 the
553 2349 48 17 me.

68 2380 130 32 However,
222 2381 27 25 to
273 2381 103 31 prevent
397 2380 85 31 doubt,
511 2380 14 26 I
553 2380 52 27 will

69 2420 56 33 sign
136 2420 93 32 myself

201 2460 143 26 Secretary

161 2497 64 26 East
234 2498 93 26 Oxford
340 2499 92 27 School
444 2499 157 27 Committee.

67 2652 53 26 Sir.
123 2668 33 4 —
157 2653 70 25 Your
238 2653 70 26 View
318 2655 56 26 Hill
382 2657 192 31 correspondent
580 2657 21 26 is

66 2693 124 32 evidently
211 2693 106 32 jealous,
341 2695 33 24 lie
396 2704 80 17 seems
493 2700 26 21 to
538 2697 63 25 have

65 2733 98 25 worked
174 2734 100 25 biniself
283 2735 53 24 into
352 2735 43 25 the
407 2737 76 24 telief
492 2737 56 25 that
569 2738 32 24 he

64 2770 23 26 is
96 2770 41 26 the
149 2772 58 31 Only
219 2779 68 24 man,
298 2781 28 17 or
337 2773 86 25 rather
433 2774 14 24 I
457 2774 89 25 should
558 2782 43 25 say

64 2812 153 30 gentleman,
229 2813 28 23 m
279 2812 41 26 his
338 2813 187 32 neighborhood
544 2815 57 24 who

63 2858 126 23 possesses
202 2851 71 25 those
283 2860 58 24 very
362 2860 132 25 necessary
522 2854 78 31 quali-

63 2890 115 26 fications
191 2891 115 33 befitting
317 2901 15 16 a
350 2893 109 25 member
475 2893 28 25 of
510 2894 90 32 parlia-

63 2933 71 23 ment
153 2931 80 25 which
246 2932 32 25 he
290 2935 156 24 enumerates
468 2942 28 18 as
524 2934 76 26 bioad

63 2969 168 30 mindedness,
256 2970 96 26 culture
372 2972 50 24 and
441 2972 157 26 refinement.

63 3006 57 26 And
130 3005 33 27 he
172 3008 58 25 asks
246 3008 43 25 the
301 3017 59 24 very
381 3010 126 31 pertinent
527 3019 71 24 ques-

64 3046 60 27 tion.
160 3044 53 30 Are.
218 3057 36 17 we
266 3049 76 34 likely
353 3052 26 24 to
391 3050 53 26 find
467 3051 51 26 this
546 3053 52 25 sort

61 3086 28 24 of
98 3095 58 16 man
170 3090 116 29 amongst
295 3088 42 25 the
347 3089 87 25 labour
441 3090 156 25 candidates?

62 3123 63 27 Well
138 3133 45 23 yes
200 3125 27 25 of
236 3134 86 17 course
336 3135 34 17 we
380 3135 50 18 are.
465 3128 54 25 The
537 3137 59 16 con-

60 3161 60 27 duct
133 3163 28 25 of
170 3163 72 30 thqse
262 3165 56 25 who
341 3165 63 26 have
416 3165 61 26 been
502 3167 95 25 elected

60 3204 26 25 to
99 3203 42 26 the
162 3204 123 33 assembly
306 3214 87 24 proves
414 3207 56 26 that
492 3216 38 17 we
556 3208 42 25 did

59 3241 54 25 find
125 3242 70 25 them
208 3243 49 24 and
275 3252 28 17 so
325 3245 112 24 satisfied
459 3254 43 17 are
525 3254 35 17 we
572 3247 27 24 of

59 3281 44 26 the
115 3283 78 24 result
207 3283 55 26 that
270 3292 37 17 we
318 3293 75 17 mean
406 3287 25 24 to
451 3286 54 25 find
528 3295 69 16 some

58 3328 69 18 more
145 3321 27 25 of
181 3321 43 26 the
237 3330 69 17 same
317 3323 92 25 colour.
445 3324 68 25 Read
525 3325 70 24 Han-

56 3361 57 25 i>ard
125 3361 39 25 for
174 3361 68 26 these
255 3362 49 25 last
317 3362 70 26 three
410 3363 111 26 sessions
545 3365 51 24 and

58 3400 65 31 deny
134 3400 22 24 if
164 3408 48 23 you
225 3408 48 17 can
285 3400 56 26 that
364 3401 44 26 the
431 3401 117 33 speeches
571 3403 28 24 of

57 3438 45 25 the
114 3438 88 25 labour
213 3440 206 29 representatives
432 3449 41 16 are
485 3441 37 25 far
546 3441 49 25 and

57 3487 70 23 away
162 3486 69 16 more
259 3478 96 30 liberal,
384 3482 133 24 courteous
545 3481 56 29 and.

57 3517 79 25 refind
150 3517 62 25 than
237 3518 71 26 those
329 3520 27 24 of
377 3521 42 23 the
445 3521 148 32 opposition,

57 3555 82 25 wuich
158 3555 65 25 have
235 3554 60 27 bbeu
309 3558 164 29 remarkable,
492 3560 45 23 not
560 3561 35 23 for

57 3595 197 33 statesmanship
278 3596 45 25 but
335 3597 39 24 for
382 3596 121 35 jealousy,
522 3607 71 24 gross

57 3635 126 31 calumny,
208 3643 71 23 envy,
313 3635 88 25 hatred
421 3637 50 24 aud
490 3638 34 24 all
544 3646 49 18 ,un-

56 3674 198 27 charitubleness
265 3675 50 24 and
326 3674 66 26 what
404 3676 37 25 for
449 3677 12 24 '?
496 3677 98 33 Simply

56 3713 104 24 because
186 3712 44 25 the
248 3720 96 18 misses
365 3713 60 26 have
448 3715 100 26 decided
569 3718 24 23 to

56 3751 53 24 rule
143 3750 152 25 themselves
330 3752 98 25 instead
456 3753 27 25 of
520 3754 74 32 buing

56 3789 99 25 coerced
169 3789 23 23 m
196 3791 25 22 to
233 3789 122 25 serfdame
372 3790 38 25 for
430 3791 42 25 tlie
502 3793 91 25 benefit

57 3829 27 24 of
93 3837 15 17 a
126 3829 46 25 few
195 3828 153 32 bumptuous
377 3832 110 29 upstarts
510 3835 83 22 whose

57 3867 58 30 on'y
137 3866 72 24 claim
235 3868 25 22 to
289 3867 68 31 large
370 3870 91 24 estates
484 3870 50 25 and
556 3871 36 24 fat

56 3906 102 26 salaries
171 3907 21 23 is
216 3906 103 26 b'.caus'e
333 3908 64 24 their
415 3909 93 25 fathers
530 3919 61 15 were

684 183 55 24 able
753 185 24 24 to
790 184 59 24 send
863 185 68 25 them
943 188 24 23 to
975 188 91 30 college,

718 224 49 24 Did
779 232 62 24 your
864 227 193 32 correspondent
1080 237 57 18 ever
1158 229 62 26 hear

685 261 26 25 of
726 270 32 15 an
771 262 123 32 Emperor
907 264 72 32 being
998 266 79 24 called
1099 266 65 26 from
1176 267 44 25 the

685 302 45 24 tail
738 302 27 24 of
781 302 42 25 the
835 304 93 31 plough
936 306 11 23 ?
959 306 48 24 and
1032 306 58 26 how
1101 307 75 33 nobly
1188 308 32 25 he

684 340 139 30 performed
856 342 43 24 tbe
927 343 82 25 duties
1040 345 82 25 which
1157 354 63 17 were

686 380 84 25 thrust
781 389 66 24 upon
860 382 62 29 him,
940 384 228 34 notwithstanding
1190 387 30 24 lie

685 419 116 31 accepted
813 420 43 25 the
868 420 80 26 honor
965 421 62 26 with
1047 423 43 25 the
1112 427 108 29 greatest

684 457 141 24 reluctance
834 459 12 22 ?

718 497 108 26 Natures
838 499 134 26 noblemen
1000 509 42 17 are
1052 509 133 19 numerous
1195 504 26 24 at

685 537 151 31 ploughtaila
848 547 56 18 now
916 540 49 25 and
977 549 41 17 are
1035 544 46 23 not
1103 542 118 26 ashamed

685 577 26 23 to
735 575 28 25 be
793 584 59 17 seen
875 577 70 26 tkere
958 579 101 31 'during
1078 580 42 25 the
1140 589 81 17 recess

685 613 51 25 and
748 614 50 26 w'll
821 617 118 25 continue
957 619 26 24 to
1000 617 30 26 be
1053 619 77 25 much
1152 627 69 18 more

685 652 27 24 m
724 655 99 29 request
836 653 62 25 than
919 655 71 25 those
1012 657 83 24 whose
1106 659 115 29 pretence

686 695 26 21 to
723 692 113 32 nobility,
849 692 71 27 dates
931 694 64 26 from
1006 695 65 26 their
1078 697 106 24 services
1193 705 28 16 as

686 730 103 26 buttons
798 734 25 21 to
835 739 15 17 a
861 732 109 26 Baronet
979 741 28 17 or
1017 734 84 26 whose
1110 735 111 25 mothers

687 769 70 24 acted
769 777 27 17 as
807 769 65 25 head
885 771 193 25 washerwoman
1087 775 26 22 to
1126 781 15 16 a
1149 774 72 23 Duke

719 807 25 24 If
751 815 35 16 we
798 807 63 26 have
872 808 185 34 inadvertently
1076 811 146 25 overlooked

687 854 14 15 a
712 853 60 17 man
795 845 28 25 of
848 846 142 32 pumpkins,
1020 848 62 25 such
1110 857 27 17 as
1160 857 62 24 your

687 887 192 31 correspondent
890 888 126 33 evidently
1028 889 106 26 believes
1157 890 64 25 him-

687 929 46 25 self
744 932 26 23 to
782 930 37 25 be.
866 931 14 25 I
891 933 65 23 trust
975 932 31 25 he
1030 933 51 25 will
1103 934 119 25 attribute

687 970 20 24 it
718 972 26 23 to
756 977 46 18 our
814 970 147 27 misfortune
974 972 50 26 and
1035 974 50 25 not
1093 981 46 18 our
1150 974 71 26 fault.

687 1008 46 25 We
744 1008 61 25 dont
822 1009 57 25 look
890 1010 39 26 for
940 1011 100 25 ancient
1052 1012 98 33 lineage
1172 1014 51 24 and

686 1048 74 25 noble
771 1048 102 25 descent
884 1050 26 24 m
923 1058 46 17 our
990 1052 84 24 future
1093 1060 130 23 represen-

687 1087 84 26 tative.
807 1088 41 26 All
856 1097 35 17 we
902 1090 74 25 insist
988 1099 32 16 on
1033 1091 21 25 is
1072 1091 84 26 brains
1173 1093 50 25 and

687 1136 28 17 as
727 1136 36 18 we
774 1128 78 27 found
863 1129 27 26 m
903 1130 42 26 the
962 1132 56 31 past
1030 1131 56 26 that
1103 1132 42 26 the
1157 1141 65 17 cere-

687 1166 55 25 bral
753 1175 91 24 organs
857 1168 27 24 of
905 1168 43 25 the
976 1177 87 24 upper-
1066 1172 44 23 ten
1121 1170 27 25 of
1162 1171 61 25 New

689 1205 110 25 Zealand
822 1214 64 17 were
914 1215 28 17 so
958 1208 87 32 poorly
1079 1208 142 33 developed,

687 1245 57 26 that
755 1254 37 17 we
803 1245 87 26 intend
903 1249 25 23 to
940 1247 57 26 look
1007 1247 36 26 for
1054 1247 70 27 them
1141 1248 27 26 m
1181 1249 42 26 the

687 1284 83 27 future
783 1288 26 23 at
817 1286 44 26 the
872 1287 151 31 ploughtail.

897 1326 82 27 Yours
992 1327 41 26 &c.

920 1366 119 26 Politico
1057 1367 132 28 Agricolo,

690 1531 36 25 IN
745 1531 46 26 RE
810 1532 233 29 COMPULSORY
1068 1535 155 28 CLAUSES

741 1572 44 24 OF
802 1573 71 24 THE
886 1574 200 27 EDUCATION
1099 1577 74 24 ACT.

723 1658 54 25 The
789 1660 128 32 following
928 1661 22 24 is
959 1669 15 16 a
986 1669 61 25 copy
1069 1663 28 25 of
1114 1671 16 18 a
1152 1664 74 26 letter

690 1698 110 26 received
809 1699 32 32 by
850 1700 43 25 the
906 1700 60 27 Rev.
979 1702 30 25 R.
1034 1703 105 27 Garbett
1161 1705 65 26 from

690 1736 43 25 the
746 1737 115 26 minister
878 1739 27 24 of
925 1739 150 27 Education.

780 1798 169 27 Department
968 1809 29 16 of
1005 1801 152 28 Education.

884 1840 178 28 Wellington.
1076 1844 66 25 June
1155 1845 69 26 12th.

693 1891 53 25 Rev
754 1892 16 24 d
784 1892 47 25 Sir.
834 1907 32 4 —
873 1894 14 23 I
912 1894 63 25 have
1004 1896 43 25 the
1073 1897 98 26 honour
1193 1899 33 31 by

692 1929 120 26 direction
824 1931 27 24 of
861 1931 43 25 the
916 1931 115 26 Minister
1039 1933 28 25 of
1075 1934 150 31 Education,

692 1970 26 24 to
739 1969 175 34 acknowledge
935 1971 43 26 the
994 1973 93 32 receipt
1117 1974 26 25 of
1164 1983 63 24 your

691 2010 74 24 letter
776 2010 28 24 of
819 2010 45 25 sth
881 2010 67 26 June
960 2012 50 25 and
1020 2012 27 26 m
1059 2014 69 31 reply
1140 2016 25 23 to
1182 2024 44 24 say

691 2048 56 25 that
847 2049 59 27 does
933 2052 45 24 not
989 2051 74 26 think
1080 2060 49 25 any
1136 2075 3 3 .
1152 2054 73 26 Com-

690 2086 87 25 mittee
787 2086 22 25 is
821 2088 27 24 at
865 2087 34 25 all
910 2088 76 33 likely
1004 2091 26 23 to
1057 2093 131 29 prosecute
1210 2101 16 17 a

690 2128 89 30 parent
801 2128 38 24 for
867 2128 105 33 sending
989 2137 15 17 a
1032 2130 67 26 child
1127 2132 50 26 late
1200 2135 26 24 to

691 2166 94 25 school.

724 2205 61 26 Will
795 2213 50 25 you
866 2206 31 26 be
921 2215 27 17 so
960 2208 64 31 good
1046 2217 28 17 as
1085 2211 26 24 to
1138 2209 36 27 let
1185 2219 40 18 me

690 2248 63 26 have
776 2249 43 25 the
841 2250 148 31 particulars
1011 2252 28 25 of
1059 2260 49 26 any
1126 2262 56 18 case
1198 2254 28 26 m

691 2290 79 24 which
783 2290 70 24 there
864 2299 105 22 appears
982 2294 25 22 to
1019 2293 28 24 be
1056 2302 15 16 a
1078 2294 148 33 probability

692 2326 27 25 of
728 2326 61 25 such
813 2335 15 17 a
851 2335 44 19 use
918 2329 28 25 of
963 2329 44 25 the

691 2366 96 26 clauses

766 2404 14 26 I
796 2405 64 26 have
873 2405 42 26 the
926 2406 100 27 honour
1034 2410 26 24 to
1068 2407 31 27 be
1110 2409 54 27 Rev
1175 2410 49 31 £ir,

791 2445 69 25 Your
873 2445 116 28 obedient
1010 2448 106 26 Servant

979 2485 39 26 W.
1031 2486 26 25 J.
1076 2486 115 28 Habens.

722 2542 32 26 In
776 2544 146 33 publishing
946 2546 52 26 this
1019 2546 82 33 letter,
1125 2555 35 19 we
1184 2555 42 19 are

690 2588 48 17 are-
742 2583 131 30 requested
884 2584 25 24 to
921 2584 56 30 add,
991 2585 57 25 that
1065 2586 22 24 it
1097 2594 50 17 was
1165 2587 61 32 duly

688 2618 59 25 read
759 2620 26 24 to
798 2619 41 25 the
851 2620 63 25 East
926 2621 94 26 Oxford
1033 2623 93 25 School
1152 2624 72 25 Com-

689 2657 87 25 mittee
787 2665 33 18 on
833 2657 109 35 Monday
949 2660 106 33 evening
1064 2661 45 25 3rd
1121 2662 28 25 of
1154 2661 70 34 July,

689 2695 50 25 and
761 2695 56 26 that
839 2704 72 24 every
930 2698 137 30 particular
1089 2700 137 26 connected

688 2735 62 25 with
761 2735 44 25 the
822 2735 113 27 business
955 2738 28 24 of
1003 2738 51 26 this
1076 2740 75 25 letter
1178 2739 48 26 has

689 2767 62 25 been
780 2768 136 26 submitted
944 2771 26 23 to
998 2771 43 25 the
1059 2772 116 26 Minister
1198 2773 27 25 of

689 2807 149 26 Education.
996 2824 5 7 .
1078 2815 7 7 *

721 2860 96 34 Lastly,
831 2861 43 26 the
885 2862 61 26 Rev.
959 2863 30 25 R.
1014 2864 106 26 Garbett
1142 2866 82 25 main-

689 2901 65 24 tains
765 2901 57 25 that
834 2901 44 26 the
902 2902 127 33 Secretary
1049 2904 27 26 of
1097 2904 40 26 tbe
1160 2905 64 26 Eas*

688 2938 92 26 Oxford
805 2939 92 27 School
921 2940 149 27 Committee
1089 2942 27 26 m
1128 2945 95 30 report-

686 2977 45 33 ing
754 2979 42 24 the
813 2978 113 27 business
946 2981 28 24 of
990 2981 44 26 the
1043 2982 110 33 meeting
1164 2983 59 25 held

687 3018 60 32 July
759 3019 53 29 3rd,
829 3020 104 25 omitted
953 3021 139 31 altogether
1114 3024 26 24 to
1151 3031 70 17 men-

687 3058 53 26 tion
753 3059 54 26 that
825 3059 42 27 the
880 3059 76 28 above
972 3061 73 26 letter
1064 3069 50 19 was
1127 3063 58 25 read
1197 3065 25 24 to

686 3099 44 24 the
742 3099 156 30 Committee,
911 3101 50 24 and
978 3102 53 25 also
1045 3103 25 24 to
1082 3104 64 24 state
1163 3104 58 24 defi-

685 3139 87 32 nitely,
781 3148 28 17 so
819 3140 55 25 that
885 3148 46 17 our
939 3140 99 27 readers
1049 3141 82 33 might
1139 3144 44 24 not
1192 3143 30 25 be

686 3179 89 26 misled
799 3179 30 33 by
838 3180 44 25 the
895 3179 66 26 word
1009 3181 116 31 outsider,
1177 3182 44 26 the

685 3220 115 32 proposal
812 3221 56 25 that
880 3221 52 25 the'
946 3222 92 25 matter
1060 3221 32 26 be
1114 3222 108 26 referred

686 3262 25 23 to
743 3260 43 25 the
814 3260 116 26 Minister
958 3261 26 26 of
1010 3261 142 26 Education
1180 3263 39 25 for

685 3299 154 26 arbitration.
874 3300 82 26 These
979 3301 133 26 omissions
1128 3302 91 33 justify

685 3340 43 25 the
737 3339 89 33 charge
836 3340 55 25 that
904 3341 38 25 his
954 3343 83 30 report
1057 3349 51 18 was
1120 3342 100 26 inaccu-

685 3381 61 24 rate.
780 3381 26 24 It
824 3381 146 31 suppressed
982 3389 47 17 one
1041 3382 59 25 item
1121 3382 97 31 intoto,

685 3419 48 24 and
746 3418 58 32 only
817 3418 147 26 half-stated
975 3420 106 25 another
1090 3429 55 16 one.
1163 3421 50 25 Ed.

593 45 172 36 OXFORD
809 47 90 36 AND
936 48 106 37 CUST
1079 50 227 38 OBSERVER
1351 54 236 44 SATURDAY,
1632 58 173 39 AUGUST
1850 67 27 32 5.
1924 69 88 31 1893.

1933 3767 100 26 IMj&.ted
2058 3768 49 25 airJ
2147 3767 94 26 Publis]
2253 3769 33 24 «d
2294 3769 30 31 Ijr
2352 3768 114 26 Richarct

1967 3810 21 24 0
1991 3819 30 15 oi,
2022 3820 50 16 man
2095 3813 99 29 Pamsh,
2219 3814 27 24 at
2264 3812 40 26 liis
2322 3812 143 35 itegistered

1965 3854 115 34 PrintiDg
2092 3856 84 29 Ofice,
2199 3856 68 36 Hif^
2404 3856 62 27 East

1963 3897 91 25 Oxforft
2074 3899 153 27 Oarteburrv
2236 3907 10 14 >

2187 3940 102 29 AVGJPST
2314 3941 22 29 6,
2359 3940 64 26 1898

2158 3970 59 27 (■,-.■■

2083 205 251 51 iVOTICE.

1937 346 99 45 Job
2054 347 232 61 Printing
2297 353 11 44 !

2110 427 101 47 Job
2233 429 240 61 Printing

1939 507 128 41 OXFORD
2176 511 87 41 OUST
2293 514 226 43 OBSERVER.*

2020 567 162 41 Machine
2211 566 179 57 Printing.

2116 644 168 42 WORKS

2004 700 89 26 MAIN
2105 702 144 31 STREET,
2259 703 147 29 OXFORD.

2006 789 130 28 TnUNE
2196 792 211 38 T>RINTING

1979 870 38 32 In
2031 872 74 42 Any
2132 873 128 43 Variety
2274 885 36 22 or
2333 875 97 41 Style.

2020 980 66 31 The
2104 980 181 33 NEWEST
2305 983 168 32 .STYLES

1936 1030 33 32 m
1980 1032 134 32 TYPES
2122 1034 61 31 and
2193 1034 278 40 ORNAMENTS,

1935 1084 63 30 and
2019 1083 54 34 the
2251 1088 220 42 Typographic

1935 1136 160 32 Novelties
2110 1149 53 21 are
2173 1140 179 42 constantly
2376 1140 94 41 being

1935 1188 101 30 added
2049 1192 34 28 to
2097 1190 55 30 the
2166 1192 99 39 plant,
2277 1192 101 31 which
2389 1193 27 31 is
2427 1194 45 30 al-

1933 1240 97 41 ready
2046 1251 76 31 very
2138 1243 160 40 complete.

1933 1354 111 29 BEING
2094 1356 130 28 DIRECT
2269 1357 199 30 IMPORTERS

2182 1403 49 24 OF*

2008 1439 152 41 PRINTING
2183 1442 203 40 STATIONERY

2065 1488 70 25 AND
2148 1488 179 28 MATERIAL
2338 1507 4 12 :

1966 1547 66 25 lam
2042 1548 28 25 m
2090 1558 15 15 a
2126 1550 108 31 position
2258 1552 26 23 to
2307 1552 101 25 execute
2432 1552 37 26 all

2124 1589 68 25 work
2203 1591 27 23 at
2238 1589 44 26 the

1954 1634 144 42 Lowest
2112 1633 165 53 payable
2305 1635 140 43 Rales?

2015 1735 161 31 Memorial
2191 1737 107 39 Cards,

2022 1787 65 40 (m,
2100 1798 69 21 new
2197 1789 62 30 and
2295 1788 105 32 chaste

2015 1839 123 41 designs
2175 1839 43 41 5/-
2230 1850 56 35 per
2300 1840 66 31 doz.
2376 1839 13 42 )

2014 1890 173 34 Statement
2204 1890 117 39 Heafts,

2013 1940 71 32 Ball
2097 1942 224 39 Programmes.

2015 1991 134 39 Posters,
2163 1992 177 46 Handbills,

2013 2043 167 38 Billheads,
2203 2045 139 40 pheiques

2015 2094 106 31 Letter
2135 2095 59 31 and
2204 2095 81 33 Note
2296 2096 107 31 Heads

2015 2144 167 40 Circulars,
2204 2146 119 38 Menus,

2015 2196 193 40 Catalogues,
2224 2199 141 38 &;c.,&c,
2390 2198 77 32 <lc.S;

1931 2294 89 40 Hew
2035 2296 120 50 Styles
2169 2297 38 39 m
2222 2296 161 53 Visiting
2396 2297 71 42 and

2049 2347 166 40 Business
2230 2349 115 40 Cards.

1931 2436 42 41 H.
1996 2438 43 33 H.
2060 2439 120 38 Parish,
2238 2440 185 43 Proprietor.

1952 2629 222 25 oxfobd
2218 2633 236 23 bakebt

2034 2674 212 32 Established
2271 2677 88 30 1862.

1931 2727 124 33 FLOUR,
2067 2730 56 26 best
2133 2731 80 25 brand
2223 2732 60 33 only
2293 2732 68 33 kept.

1933 2772 141 30 SHARPS,
2109 2775 52 24 0A
2171 2775 19 25 T
2199 2775 28 25 M
2234 2775 80 30 EAL,
2347 2776 80 27 BRA
2435 2777 23 26 N

2022 2816 153 27 CHICKEN
2176 2817 136 32 WHEAT,
2330 2820 42 25 &o.

1929 2857 46 26 A(C
1990 2859 146 28 LOWEST
2155 2861 163 27 CURRENT
2335 2862 121 28 RATES

1964 3024 319 45 HYSLOP'PIiaE
2302 3010 103 73 pA.
2433 3029 42 30 ♦

1930 3082 66 33 The
2009 3084 93 32 finest
2115 3085 54 31 the
2182 3084 106 33 World
2304 3086 158 43 produces.

1933 3137 75 32 Sold
2018 3139 44 39 by
2091 3138 51 31 Mr
2156 3139 35 30 F.
2206 3138 39 31 A.
2274 3139 190 38 'Waterman,

1971 3183 81 31 East
2063 3184 129 35 Oxford.
2275 3182 32 28 >
2429 3186 4 3 '

1931 3236 52 31 Mr
2001 3237 40 36 R,
2056 3236 120 38 Fisher,
2194 3236 89 33 West
2292 3236 132 37 Oxford,
2449 3253 12 8 -

1932 3285 50 30 Mr
1997 3286 37 30 E.
2050 3286 50 30 W.
2131 3285 127 42 Cooper,
2288 3285 87 38 Gust,
2404 3287 61 30 and

1971 3344 96 31 many
2086 3335 111 30 others.
2284 3344 12 18 v
2342 3357 5 5 ,
2450 3336 15 11 *

1933 3423 185 41 STRAITS
2210 3424 254 42 IHSUEAirCE

1935 3513 5 4 .
1998 3492 46 22 ■-■
2097 3476 186 50 Company,
2358 3493 7 13 •
2452 3473 17 40 *.

2112 3536 64 16 HEAD
2199 3537 84 20 QFFICB

1974 3569 182 41 SINGAPORE
2178 3572 64 38 AND
2273 3570 148 40 LONDON.

2002 3626 244 24 CHRISTCHURCH
2267 3627 125 23 AGENTS

1930 3668 36 31 F.
1983 3670 37 29 E.
2041 3670 226 33 DUNSFOKD
2295 3671 87 31 AND
2410 3670 52 33 Co.

1315 1306 531 158 fflutGioiA

1510 1512 139 29 NOTICE.

1313 1553 117 65 Jwish
1442 1557 26 24 to
1478 1556 86 27 inform
1588 1567 41 24 my
1649 1559 91 26 Oxford
1755 1560 93 27 friends

1357 1587 49 24 and
1430 1589 42 25 the
1493 1593 101 29 general
1611 1592 89 26 Public
1726 1594 57 26 that
1804 1603 44 24 my

1312 1625 135 33 Rangiora.
1460 1629 114 27 business
1597 1631 45 26 has
1665 1633 128 26 increased
1820 1637 27 23 to

1312 1667 62 25 such
1386 1676 32 16 an
1430 1671 84 24 extent
1526 1671 59 30 that.
1589 1672 15 24 l
1615 1672 67 25 shall
1701 1672 31 26 be
1760 1675 87 25 unable

1312 1708 26 24 to
1360 1708 59 26 visit
1431 1709 90 26 Oxford
1545 1712 75 26 untill
1640 1714 97 25 further
1755 1715 91 27 notice.

1312 1745 42 25 All
1371 1747 68 25 work
1461 1750 57 23 3ent
1533 1749 34 33 by
1579 1751 115 26 Griffiths
1708 1752 67 30 Bro.,
1788 1754 58 25 Car-

1312 1785 69 29 riers,
1407 1787 47 25 will
1477 1789 94 26 receive
1593 1793 100 30 prompt
1713 1794 133 26 attention.

1312 1824 22 26 A
1370 1826 68 33 Jarge
1474 1828 75 27 Stock
1588 1831 27 25 of
1635 1831 119 28 Watches
1797 1834 51 26 and

1312 1864 129 34 Jewellery
1468 1875 33 17 on
1532 1868 77 26 hand.
1645 1871 126 26 Traveller
1809 1872 39 27 for

1312 1902 82 26 North
1402 1904 156 33 Canterbury
1569 1907 98 26 district
1679 1909 41 24 Mr
1732 1910 23 25 J.
1769 1911 76 25 Gent.

1428 1940 69 27 GUS
1510 1942 117 31 JONES,
1648 1945 133 33 Rangiora.

1402 2113 54 47 F.
1489 2113 259 63 BLANE.

1417 2188 91 39 (Late
1523 2190 39 29 E.
1581 2191 161 42 Butcher.)

1314 2232 250 42 Watchmaker,
1593 2239 183 39 Jeweller,
1792 2242 52 31 &c.

1312 2284 123 32 Importer
1468 2288 28 24 of
1536 2288 106 30 Musical
1677 2290 171 29 Instruments

1412 2323 110 27 Victoria
1543 2325 38 27 Bt.
1611 2327 134 33 Rangiora.

1313 2399 98 32 Speoial
1424 2403 70 25 value
1516 2402 28 27 m
1566 2403 82 30 Extra*
1669 2407 87 33 strong
1768 2407 79 26 Cased

1310 2441 87 34 Jhighly
1406 2445 109 26 finished
1528 2446 109 34 English
1654 2449 81 26 Lever
1744 2450 102 26 Watch-

1312 2493 35 18 es.
1393 2487 190 28 Manufactured
1600 2492 27 25 to
1649 2499 43 25 my
1719 2494 72 25 order
1812 2493 34 34 by

1310 2524 56 28 best
1376 2526 105 28 London
1500 2528 107 28 makers.
1642 2532 157 33 Unequalled
1808 2533 38 27 for

1312 2570 122 26 excellent
1447 2571 177 35 Timekeeping
1639 2575 50 26 and
1700 2575 144 36 durability.

1344 2613 30 25 F.
1392 2614 31 25 B.
1436 2614 96 26 LANE
1543 2618 141 32 personally
1705 2620 71 25 visits
1797 2622 48 25 Ox-

1313 2655 54 26 ford
1387 2658 125 34 monthly,
1536 2661 115 33 carrying
1668 2670 16 18 a
1705 2662 70 34 large
1795 2665 51 25 and

1312 2699 85 26 choice
1431 2702 70 25 stock
1529 2704 28 24 of
1588 2704 126 33 Watches,
1742 2708 102 31 Chains,

1311 2742 135 32 Brooches,
1454 2745 89 34 Rings,
1554 2746 85 32 Studs,
1657 2749 128 28 Pendants
1797 2754 47 28 etc,

1313 2785 141 33 Spectacles
1475 2788 123 34 (Pebbles,
1615 2791 168 36 Pantoscopsc
1795 2796 51 25 and

1312 2828 109 35 Crystal)
1433 2831 96 31 Clocks,
1548 2833 108 33 (Marble
1675 2837 51 25 and
1745 2838 100 35 Wood,)

1411 2873 155 28 Accbrdeons
1578 2877 50 25 and
1639 2878 106 27 Violins.

1343 2915 82 27 Exact
1435 2917 58 26 date
1505 2918 28 26 of
1541 2920 62 26 each
1615 2921 64 27 visit
1697 2923 23 26 is
1731 2924 106 26 notified

1458 2962 28 25 m
1542 2964 129 27 Observer.

1310 3002 148 27 Repairs.—
1460 3005 41 26 All
1512 3008 94 31 repairs
1623 3017 42 18 are
1682 3012 119 25 executed
1813 3012 31 33 by

1308 3047 93 33 myself
1421 3056 28 17 or
1465 3050 80 25 under
1561 3059 43 25 my
1624 3054 220 32 superintendence

1310 3097 28 18 so
1360 3090 55 26 that
1434 3095 102 29 patrons
1548 3104 47 17 can
1617 3098 53 32 rely
1691 3107 33 16 on
1747 3101 97 32 getting

1310 3133 153 28 satisfaction
1473 3138 26 24 at
1511 3137 43 26 the
1566 3147 58 24 very
1635 3140 86 27 lowest
1730 3142 113 34 charges.

1342 3177 104 32 Repairs
1458 3188 29 17 or
1494 3181 84 26 orders
1587 3191 59 25 may
1657 3184 30 25 be
1695 3186 45 25 left
1751 3189 60 23 at—

1310 3224 26 26 J.
1354 3225 133 34 Weeber's,
1522 3230 65 27 East
1611 3233 99 26 Oxford,

1309 3270 26 24 at
1358 3260 100 37 W.'m.
1482 3273 38 28 C,
1543 3274 65 27 East
1632 3276 101 27 Oxford.

1309 3311 24 26 J.
1351 3312 99 34 Brown,
1463 3315 159 34 Bootmaker,
1649 3320 69 26 West
1742 3322 100 26 Oxford.

1310 3355 40 28 Wv
1362 3356 25 25 J.
1400 3356 117 28 Crothers
1527 3362 19 23 &
1558 3360 45 27 Co.
1611 3380 7 7 .
1640 3363 70 27 Oust.

1341 3399 50 25 and
1407 3400 50 26 will
1465 3400 31 27 be
1506 3404 126 33 promptly
1644 3407 117 26 attended
1775 3410 33 25 to.

1310 3443 54 30 All
1380 3444 96 31 Work
1493 3447 76 32 done
1581 3460 39 20 on
1635 3451 54 31 the
1701 3452 138 34 Premise

1431 3497 62 29 and
1508 3503 198 34 guaranteed.

1331 3646 79 41 MR
1428 3647 131 39 WN.
1580 3650 241 44 CATHRO

1350 3707 181 23 BARRISTER
1545 3710 68 23 AND
1628 3713 173 24 SOLICITOR.

1458 3751 231 35 EATOIOHA.

1305 3811 133 32 Attends
1454 3814 120 31 Oxford
1589 3827 38 20 on
1641 3819 95 30 Court
1744 3820 95 41 Bays.

1347 3863 206 34 Instructions
1602 3870 139 31 received
1796 3873 44 41 by

1303 3920 81 36 post.

1343 194 170 32 KIAIPOI
1529 196 288 34 ELECTORATE.

1355 277 64 30 The
1435 280 149 29 members
1600 281 32 28 of
1646 280 53 31 the
1720 280 126 32 Canter-

1311 318 82 41 bury
1432 319 123 32 Liberal
1586 322 192 31 Association
1814 324 31 29 m

1312 359 62 32 this
1404 360 175 34 Electorate
1615 364 157 39 earnestly
1799 375 47 20 re-

1312 405 89 36 quest
1439 402 52 29 the
1534 402 141 31 Electors
1718 408 56 26 not
1816 410 31 25 to

1311 442 113 40 pledge
1435 443 80 30 their
1524 450 85 24 votes
1621 448 33 26 to
1663 455 60 30 any
1736 445 111 31 Candi-

1311 483 80 39 date,
1411 483 103 31 before
1529 485 53 31 the
1608 485 184 32 dissolution
1817 487 35 31 of

1311 525 54 29 the
1379 529 126 35 present
1517 525 197 32 Parliament.

1573 567 50 41 By
1632 569 93 29 order

1312 606 35 30 C.
1362 607 108 40 Lugar
1488 617 57 21 sec.
1577 608 118 31 Oxford
1722 608 125 33 branch.

1311 647 37 30 K.
1375 647 66 31 Mat
1444 648 81 31 hews
1541 659 59 20 sec.
1630 649 125 41 Kiaipoi
1783 674 19 14 „

1311 688 42 30 H.
1370 688 117 40 Rogers
1515 699 50 21 sec
1591 690 157 40 Rangiora
1783 714 20 14 „

691 3550 102 62 DR.
811 3550 167 29 RUSSELL,
990 3552 28 24 m
1029 3551 41 26 his
1079 3551 95 28 lecture
1185 3561 33 18 on

805 3582 95 25 Health
939 3585 80 26 stated
1056 3585 55 25 that
1122 3586 96 26 flannel

684 3613 55 32 (not
751 3612 155 36 flannelette)
920 3617 89 25 should
1021 3620 34 29 at,
1060 3619 34 25 all
1106 3619 74 26 times
1188 3620 30 25 be

682 3654 68 17 worn
762 3652 61 21 next
836 3649 41 24 rhe
982 3652 29 23 R.
1025 3651 33 25 H.
1071 3652 89 25 Parish
1171 3653 47 25 has

683 3679 25 24 m
722 3687 155 24 consequent
889 3683 26 23 of
927 3683 42 25 the
980 3685 69 32 great
1061 3684 108 27 demand
1180 3686 38 25 for

682 3712 94 26 flannel
784 3715 67 24 since
859 3714 42 25 the
910 3715 106 26 doctor's
1026 3717 56 25 visit
1090 3719 26 24 to
1125 3718 93 26 Oxford

683 3746 138 31 purchased
830 3755 14 16 a
857 3748 232 27 Warehouseman's
1106 3752 69 24 stock
1192 3753 26 24 of

682 3779 46 24 All
742 3779 71 26 Wool
827 3780 85 27 White
922 3781 106 27 Flannel
1046 3783 50 25 and
1109 3784 50 26 will
1171 3784 45 26 sell

683 3812 42 24 the
738 3820 69 17 same
818 3815 26 22 at
856 3813 53 26 One
920 3814 110 33 Shilling
1038 3824 43 23 per
1091 3817 68 31 yard,
1167 3826 49 24 you

682 3845 79 25 would
775 3845 62 26 have
849 3848 26 23 to
886 3856 48 24 pay
948 3848 41 33 1/1
1001 3857 43 23 per
1055 3850 60 30 yard
1127 3851 38 24 for
1173 3852 43 24 the

682 3886 68 17 same
768 3880 94 31 quality
875 3880 93 27 flannel
989 3882 26 26 m
1035 3882 180 28 Christchurch

681 3919 28 17 or
727 3912 138 26 elsewhere.
