2520 4010
1332 3526 195 25 ENGLISH
1555 3528 245 27 EXTRACTS.

735 121 13 11 it
822 121 10 15 J
896 120 16 2 ~
1060 120 3 2 '
1112 127 5 5 '
1241 120 25 2 ~

676 136 26 22 of
710 133 44 25 the'
759 135 135 31 Editorship
903 135 25 23 of
937 135 39 23 the
988 134 107 30 Colonist,
1108 142 30 16 on
1150 135 111 24 behalPof

675 176 15 15 a
710 169 85 23 certain
805 167 101 24 'learned
1094 168 42 23 but
1159 168 39 23 the
1202 168 58 26 /last

676 199 49 25 two?,
732 200 98 26 articles;
833 209 29 15 on
873 198 39 26 the!
923 200 89 32 subject
1018 200 26 23 of
1053 200 36 24 the
1101 200 58 31 Jury
1173 200 85 24 Ordin-

675 241 64 22 ance,
752 234 106 23 convince
877 242 28 15 us
922 233 50 24 that
990 241 29 16 no
1030 233 83 30 lawyer
1124 233 67 23 could
1202 233 57 24 have

675 268 89 22 written
783 266 40 23 the
840 266 89 23 articles
947 266 100 23 referred
1057 271 30 23 to,
1108 273 25 16 or
1146 266 58 24 have
1216 274 43 22 any

675 299 103 23 controul
800 306 53 16 over
870 299 38 23 the
925 306 70 24 paper
1013 300 25 22 in
1056 298 72 24 which
1146 299 54 30 they
1218 307 40 23 ap-

674 332 83 31 peared
768 341 6 20 ;
807 332 44 23 and
880 332 111 24 therefore
1016 339 33 16 we
1071 332 74 23 would
1171 339 87 16 recom-

675 365 68 23 mend
761 365 49 23 him
829 369 22 19 to
868 364 58 24 have
945 372 104 16 recourse
1068 369 22 19 to
1110 364 39 24 the
1161 364 98 31 friendly

675 398 37 23 aid
724 398 24 23 of
757 405 63 16 some
833 397 59 31 legal
900 398 84 29 friend,'
992 397 76 24 before
1077 398 29 23 he
1118 397 69 24 takes-
1197 405 61 24 upon

675 430 97 29 himself,
785 435 40 19 not
835 431 54 30 ouly
901 435 21 19 to
934 430 127 24 contradict
1072 438 40 16 our
1123 430 51 29 law,
1188 431 39 23 but
1235 435 22 19 to

674 464 106 23 attribute
788 464 97 23 conduct
893 468 20 19 to
922 471 34 21 us,
967 463 73 24 which
1049 463 110 24 whatever
1172 471 50 23 may
1228 463 30 24 be

675 504 41 19 our,
722 496 99 31 failings,
830 496 49 24 that
887 497 25 23 of
918 497 77 30 eating
1002 504 40 16 our
1049 496 77 25 words.
1129 504 26 16 or
1164 496 24 24 of
1195 497 63 25 .writ-

675 530 40 30 ing
727 530 23 22 in
762 529 49 24 that
824 529 115 31 equivocal
950 530 58 30 style
1020 529 72 23 which
1104 537 63 15 some
1180 530 77 31 people

674 570 32 15 we
718 563 56 23 have
785 562 83 24 known
880 563 35 28 do,
927 562 51 24 that
993 562 49 28 like
1060 570 13 15 a
1091 562 136 31 kaleiscope,
1239 563 18 23 it

675 595 44 24 will
730 600 92 26 present
833 604 14 15 a
858 595 103 24 different
974 600 77 26 aspect
1067 603 67 23 every
1146 596 54 23 time
1213 603 43 24 you
1263 616 3 7 t

673 628 54 23 look
739 633 23 19 at
779 629 25 23 it.
842 628 51 29 We,
905 629 118 28 therefore,
1036 628 43 31 beg
1098 628 38 24 the
1154 630 102 29 patience

674 661 25 23 of
720 669 54 16 our-
783 661 92 24 readers
899 661 75 24 whilst
993 669 41 21 we,
1055 661 203 31 notwithstanding

675 694 37 24 the
724 694 53 24 bold
788 696 110 22 assertion
910 694 25 24 of
950 703 40 15 our
1002 699 171 26 contemporary
1185 699 22 18 to
1218 695 38 23 the

675 732 111 26 contrary,
805 732 93 19 venture
920 732 23 19 to
966 728 82 23 adhere
1067 732 22 18 to
1110 734 41 16 our
1173 727 83 24 former

674 765 121 19 statement
805 761 58 28 that,
875 761 37 23 the
923 760 90 24 holders
1026 761 23 22 in
1068 760 57 23 New
1145 760 109 29 Zealand,

675 794 71 23 under
758 793 63 24 titles
842 794 90 23 derived
950 793 57 24 from
1027 793 37 23 the
1077 793 126 31 Company,
1215 801 42 16 are

674 826 111 30 equitable
803 826 145 24 freeholders.
989 826 94 24 Viewed
1100 826 55 23 with
1176 827 80 31 regard

674 863 21 19 to
708 859 38 23 the
757 864 92 27 present
860 859 95 31 liability
967 859 25 23 of
1006 859 137 23 freeholders
1156 864 23 18 to
1193 867 62 17 serve

674 899 28 16 on
716 892 83 29 Juries,
811 892 72 23 under
903 892 37 23 the
960 892 136 29 Ordinance,
1110 892 38 24 the
1161 894 94 30 enquiry

673 925 75 23 before
760 925 38 23 the
811 925 188 24 Commissioners
1011 925 40 24 has
1070 934 28 15 no
1117 925 68 25 effect
1197 934 57 24 upon

674 958 57 23 their
743 959 104 31 position,
860 958 102 25 however
982 958 50 25 that
1048 959 98 31 position
1165 967 51 24 may
1229 960 26 24 be

673 991 94 24 affected
779 992 30 31 by
822 992 57 23 their
900 992 106 24 decision.
1043 992 46 24 For
1107 992 38 24 the
1166 993 55 24 sake
1233 994 25 23 of

673 1024 38 24 the
722 1030 126 26 argument,
860 1025 32 24 let
902 1033 27 15 us
943 1033 97 23 suppose
1047 1025 2 5 '
1058 1025 49 24 that
1120 1025 65 24 John
1195 1026 58 29 Doe,

674 1056 56 31 (and
742 1066 28 15 no
784 1066 51 15 man
848 1058 56 24 need
915 1059 28 22 be
956 1067 13 15 a
987 1059 81 29 lawyer
1080 1064 22 18 to
1117 1059 69 23 know
1205 1059 49 25 who

673 1091 60 23 John
752 1091 52 24 Doe
823 1091 45 23 and
887 1091 99 24 Richard
1006 1092 50 23 Roe
1073 1091 60 32 are,)
1145 1092 69 32 being
1230 1094 23 22 in

672 1125 129 30 possession
814 1125 25 23 of
853 1124 73 29 lands,
938 1124 82 24 should
1039 1132 81 23 convey
1134 1133 13 15 a
1166 1127 88 29 portion

674 1157 24 22 of
726 1157 60 24 them
809 1158 35 23 for
867 1166 14 15 a
908 1158 102 23 valuable
1039 1158 165 23 consideration
1232 1164 22 18 to

673 1189 105 25 Rich'ird
788 1190 56 29 Roe,
857 1190 34 24 for
909 1199 13 15 a
933 1191 100 23 freehold
1052 1195 79 19 estate.
1169 1192 84 23 Subse-

673 1223 91 31 quently
777 1232 62 15 some
860 1232 41 15 one
913 1232 103 22 appears,
1028 1225 49 22 who
1089 1225 49 29 lays
1152 1225 65 24 claim
1231 1230 22 19 to

673 1256 30 23 all
714 1256 62 23 John
786 1256 74 23 Doe's
869 1258 60 27 land,
942 1258 30 30 by
983 1265 14 14 a
1015 1258 48 22 title
1081 1263 135 25 paramount
1232 1263 22 19 to

672 1289 43 29 his,
729 1289 44 23 and
783 1290 108 30 proceeds
902 1294 23 19 to
936 1290 109 23 establish
1056 1291 37 22 his
1105 1291 66 23 claim
1184 1291 29 31 by
1225 1299 28 16 an

673 1324 72 22 action
757 1324 25 21 in
794 1331 13 14 a
821 1323 71 23 Court
903 1324 24 22 of
940 1323 51 23 law.
1028 1324 24 22 It
1061 1324 21 22 is
1095 1323 60 24 clear
1167 1324 57 29 that,
1237 1325 20 23 if

672 1355 28 23 he
713 1356 113 28 succeeds,
840 1356 101 23 Richard
963 1357 71 22 Roe's
1046 1357 48 23 title
1112 1361 23 18 to
1155 1357 38 23 the
1204 1362 50 27 part

672 1389 28 22 he
710 1389 40 23 has
762 1389 126 30 purchased
905 1390 21 22 is
943 1390 156 28 undermined,
1109 1390 49 23 and
1169 1391 29 23 he
1209 1390 45 24 will

672 1422 27 23 be
711 1422 85 31 ejected
815 1423 23 23 in
858 1422 42 24 due
921 1430 86 16 course.
1044 1423 64 28 Now,
1122 1423 67 24 while
1208 1424 45 23 this

672 1458 54 19 new'
743 1456 118 23 claimants
882 1457 73 22 action
973 1456 20 23 is
1016 1456 107 31 pending,
1146 1456 46 24 will
1213 1465 41 15 our

672 1493 170 26 contemporary
856 1496 24 16 or
891 1489 35 23 his
941 1489 60 30 legal
1020 1489 87 24 adviser
1126 1495 94 18 venture
1232 1494 21 19 to

672 1529 47 23 say,
733 1521 47 24 that
792 1522 102 23 Richard
906 1522 51 23 Roe
966 1522 41 24 lias
1016 1526 38 19 not
1062 1522 55 24 such
1126 1530 14 15 a
1145 1523 110 30 freehold

672 1562 24 15 as
708 1560 22 17 to
748 1555 80 23 enable
844 1555 46 23 him
910 1560 21 18 to
950 1560 50 19 vote
1022 1561 22 18 at
1060 1564 28 14 an
1110 1556 103 29 election,
1231 1562 22 17 to

671 1588 100 23 exercise
783 1595 44 23 any
839 1588 115 30 privilege,
968 1596 24 15 or
1002 1588 79 24 render
1093 1589 47 23 him
1152 1589 68 24 liable
1232 1594 22 19 to

672 1628 41 23 any
738 1621 25 23 of
786 1621 37 23 the
840 1621 58 31 legal
916 1621 110 24 burthens
1043 1622 25 23 of
1082 1630 14 14 a
1119 1621 132 25 freeholder.

672 1654 42 23 We
726 1659 93 18 venture
839 1658 22 19 to
874 1662 46 22 say,
933 1661 29 16 no
980 1654 83 31 lawyer
1074 1654 52 29 will,
1140 1656 113 23 whatever

671 1694 41 16 our
724 1692 169 26 contemporary
905 1688 23 22 in
940 1687 35 23 his
996 1688 48 23 zeal
1063 1687 33 24 for
1116 1688 137 31 consistency

671 1727 51 23 may
734 1720 36 23 do.
807 1720 51 23 The
870 1728 49 15 case
931 1720 20 23 is
960 1720 110 32 precisely
1081 1721 88 24 similar
1181 1726 21 19 to
1216 1722 37 23 the

671 1753 49 23 title
732 1753 25 23 of
771 1753 39 23 the
821 1753 111 31 equitable
946 1753 127 24 freeholder
1093 1759 23 18 to
1134 1754 73 24 whom
1221 1763 33 15 we

671 1786 58 23 have
739 1787 108 22 referred.

705 1827 50 23 The
767 1827 58 23 New
837 1827 99 24 Zealand
948 1828 117 30 Company
1072 1828 43 23 has
1126 1828 127 32 purchased

670 1860 63 30 large
742 1865 70 17 tracts
820 1860 24 23 of
850 1860 51 23 land
908 1861 58 23 from
976 1868 94 23 persons
1078 1861 48 23 who
1135 1861 120 28 professed

671 1897 22 18 to
706 1893 55 22 have
774 1900 13 15 a
799 1893 61 31 right
871 1898 21 19 to
905 1894 88 30 dispose
1007 1894 25 23 of
1043 1895 25 22 it.
1105 1894 108 23 Portions
1231 1896 25 22 of

672 1925 43 23 this
727 1926 53 22 land
792 1926 37 23 the
840 1926 117 31 Company
968 1927 56 23 have
1036 1927 114 30 conveyed
1162 1932 23 18 to
1197 1936 54 23 pur-

671 1959 91 22 chasers
785 1957 83 32 (under
890 1959 37 23 the
957 1960 75 23 advice
1061 1960 25 23 of
1113 1960 59 23 their
1194 1960 59 31 legal

670 1990 112 33 advisers)
794 1994 24 20 in
830 1992 56 23 such
898 2001 13 14 a
926 2001 94 15 manner
1032 2001 23 15 as
1069 2001 46 15 was
1127 1994 126 23 calculated

662 2028 31 33 jto
716 2025 97 23 transfer
835 2034 28 14 an
886 2026 111 30 equitable
1025 2026 110 24 freehold.
1181 2027 23 23 It
1232 2028 21 22 is

669 2058 107 30 possible,
795 2059 110 27 however,
917 2059 49 23 that
985 2059 36 23 the
1041 2060 83 30 parties
1137 2060 51 22 who
1198 2068 54 22 pro-

670 2091 74 23 fessed
756 2096 23 18 to
791 2091 42 23 sell
846 2096 21 18 to
879 2091 37 23 the
937 2092 117 31 Company
1066 2091 44 24 had
1126 2100 29 15 no
1169 2093 47 23 title
1229 2098 23 18 to

671 2124 38 23 the
728 2124 65 24 lands
803 2134 5 19 ;
832 2133 24 14 or
875 2124 47 24 that
941 2125 54 30 they
1006 2125 43 23 had
1061 2125 131 31 previously
1203 2126 50 24 sold

670 2157 61 23 them
755 2162 23 18 to
797 2158 75 23 others
882 2167 5 20 ;
907 2166 25 15 or
951 2159 49 22 that
1019 2158 51 30 they
1082 2159 58 22 have
1160 2164 39 17 not
1215 2168 36 14 re-

670 2191 76 23 ceived
765 2190 54 24 such
832 2198 14 16 a
857 2190 163 24 consideration
1032 2199 23 15 as
1073 2192 25 22 in
1110 2193 78 30 equity
1199 2192 54 31 they

670 2223 69 31 ought
760 2228 22 18 to
795 2224 57 23 have
867 2225 109 23 received.
1013 2224 74 24 These
1105 2226 78 29 points
1195 2226 56 23 have

668 2256 58 23 been
735 2257 81 27 raised,
825 2257 44 24 and
877 2265 36 15 are
920 2258 24 22 in
957 2258 37 23 the
1007 2265 77 16 course
1093 2258 24 23 of
1124 2258 127 24 discussion

669 2289 76 25 before
766 2289 196 25 Commissioners.
999 2291 46 23 But
1063 2291 61 23 what
1141 2291 42 24 has
1194 2292 58 24 their

670 2322 126 24 discussion
807 2328 23 19 to
842 2323 27 23 do
881 2324 53 23 with
948 2324 36 23 the
995 2325 99 30 position
1106 2325 24 23 of
1147 2325 38 23 the
1196 2333 55 24 pur-

670 2356 90 24 chasers
781 2357 58 23 from
858 2357 36 23 the
914 2357 117 31 Company
1040 2358 9 23 ?
1085 2357 74 31 They,
1173 2359 22 22 in
1213 2359 38 24 the

668 2389 100 29 interim,
791 2390 99 23 between
910 2390 59 23 their
991 2390 110 31 purchase
1126 2391 59 24 from
1212 2392 39 24 the

670 2422 118 31 Company
800 2423 44 23 and
856 2423 37 23 the
905 2423 99 23 decision
1016 2431 27 15 on
1055 2423 38 24 the
1114 2424 137 32 Company's

670 2456 56 28 title,
739 2463 37 16 are
789 2456 89 31 exactly
895 2456 24 23 in
931 2456 38 23 the
987 2457 99 31 position
1107 2457 25 23 of
1150 2457 101 25 Richard

669 2488 51 24 Roe
739 2489 83 30 during
839 2489 38 23 the
888 2489 100 31 pending
1000 2489 24 24 of
1040 2490 37 24 the
1089 2491 76 23 action
1179 2492 22 22 in
1213 2492 38 23 the

669 2529 51 16 case
741 2529 32 16 we
792 2522 56 23 have
866 2528 55 26 put;
942 2523 59 29 and,-
1007 2523 60 23 until
1085 2523 60 24 their
1164 2524 48 24 title
1231 2526 20 23 is

668 2559 66 26 upset
745 2555 31 30 by
788 2555 37 24 the
844 2555 189 25 Commissioners
1045 2555 32 32 (if
1087 2562 67 26 upset
1165 2559 18 22 it
1194 2559 20 23 is
1228 2562 21 20 to

668 2588 48 30 be),
736 2596 32 15 we
783 2588 46 23 still
849 2589 71 23 affirm
933 2589 48 23 that
993 2589 53 31 they
1058 2597 38 16 are
1108 2590 58 24 such
1179 2592 71 30 equit-

668 2622 51 22 able
729 2622 136 23 freeholders
872 2630 24 15 as
906 2627 22 18 to
936 2627 60 19 meet
1005 2622 29 24 all
1042 2623 37 23 the
1087 2625 164 30 requirements

669 2655 25 22 of
699 2655 37 22 the
743 2655 137 24 Ordinance.
896 2655 50 24 The
953 2656 123 31 objections
1084 2661 23 18 to
1112 2657 31 23 its
1150 2658 101 31 working

668 2695 38 15 are
719 2686 34 31 (in
766 2695 41 16 our
820 2688 122 24 unlearned
960 2688 101 33 opinion)
1077 2697 54 24 very
1148 2691 103 24 different

668 2721 58 22 from
739 2721 37 22 the
789 2729 42 15 one
843 2729 29 16 on
880 2722 73 23 which
966 2730 40 15 our
1024 2727 170 28 contemporary
1209 2724 41 23 has

668 2754 122 24 stumbled.
825 2755 36 22 As
882 2755 93 30 regards
999 2763 39 16 our
1059 2758 191 30 contemporary's

669 2787 135 31 conjecture,
818 2796 24 15 as
853 2792 22 19 to
887 2796 40 15 our
939 2789 61 23 ideas
1021 2789 24 23 of
1061 2789 39 23 the
1112 2790 137 32 expediency

668 2820 26 23 of
709 2820 137 31 compelling
857 2822 37 22 the
910 2822 89 28 Crown,
1019 2830 23 15 as
1061 2822 39 24 the
1119 2827 97 20 trustees
1228 2825 25 23 of

668 2853 38 23 the
717 2853 61 31 legal
789 2854 108 29 freehold,
910 2859 23 18 to
947 2855 66 23 make
1025 2863 13 16 a
1056 2856 98 23 transfer
1173 2857 24 23 of
1212 2856 37 25 the

667 2886 60 31 legal
738 2891 79 25 estate,
854 2895 32 15 we
898 2896 28 22 go
939 2888 87 23 further
1037 2888 54 24 than
1103 2888 48 25 him
1161 2898 28 15 on
1202 2890 48 24 that

667 2921 72 29 point,
754 2920 43 23 and
816 2928 47 23 say,
882 2929 24 14 as
918 2921 102 31 lawyers,
1033 2922 63 23 there
1114 2931 43 15 can
1175 2923 27 24 be
1221 2931 28 16 no

668 2954 103 29 question
785 2953 24 24 of
825 2954 137 31 expediency
976 2955 25 23 in
1020 2954 36 24 the
1073 2961 91 19 matter.
1199 2957 50 23 The

669 2986 82 24 Crown
769 2986 66 24 could
849 2990 39 20 not
900 2988 27 22 be
940 2987 121 31 compelled
1073 2994 23 17 to
1115 2997 85 23 convey
1212 2990 37 23 the

667 3018 59 32 legal
733 3023 69 20 estate
808 3024 23 19 to
837 3020 37 23 the
879 3020 128 24 landowner
1013 3026 21 18 at
1039 3027 101 25 present,
1147 3022 101 30 because,

667 3052 24 22 in
710 3060 51 16 case
773 3053 26 23 of
813 3060 45 23 any
869 3057 95 28 attempt
976 3058 22 19 to
1007 3054 28 23 do
1047 3062 33 21 so,
1091 3055 19 23 it
1129 3057 71 30 might
1212 3057 37 23 file

668 3093 14 14 a
691 3085 42 23 bill
745 3085 24 23 of
783 3086 169 31 inter-pleader,
961 3087 71 23 under
1049 3088 75 23 which
1141 3089 19 23 it
1177 3090 72 24 would

668 3118 27 23 be
708 3118 105 29 excused,
826 3119 58 23 until
896 3119 38 23 the
946 3119 142 31 adjustment-
1094 3122 25 23 of
1135 3121 38 24 the
1188 3123 61 24 titles

668 3151 99 24 between
778 3152 39 23 the
828 3153 94 29 natives,
940 3161 24 15 or
985 3153 63 24 other
1067 3154 125 30 claimants,
1206 3157 43 23 and

667 3184 39 23 the
726 3184 160 26 land-owners.
940 3186 50 24 The
1009 3186 95 32 subject,
1129 3188 118 30 therefore,

667 3217 73 23 which
752 3225 41 16 our
811 3218 122 24 unlearned
952 3224 170 27 contemporary
1133 3229 114 24 proposes,

667 3251 21 22 is
698 3251 146 29 insufficient,
863 3260 24 15 as
905 3253 19 22 it
943 3252 73 24 would
1027 3253 28 23 be
1067 3254 24 23 in
1102 3262 71 24 many
1184 3256 64 24 other

662 3287 68 20 'cases
742 3284 74 23 which
827 3292 33 16 we
872 3285 65 24 could
949 3286 44 23 cite
1011 3286 58 25 from
1087 3294 44 17 our
1148 3293 60 19 store
1227 3290 25 23 of

667 3316 64 31 legal
739 3316 55 24 lore.
841 3317 43 24 We
896 3323 59 19 trust
966 3318 48 24 that
1025 3327 41 16 our
1077 3325 171 28 contemporary

666 3349 53 28 willj
725 3352 2 6 '
738 3349 31 31 by
790 3349 44 24 this
854 3351 59 29 time,
937 3351 57 24 have
1010 3352 97 25 'become
1127 3356 121 23 convinced

667 3382 48 23 that
726 3384 19 22 it
755 3384 21 22 is
788 3389 40 18 not
837 3391 33 16 we
880 3384 50 24 who
941 3385 58 23 have
1009 3385 114 31 forgotten
1136 3387 38 23 the
1178 3388 71 30 facts

666 3419 23 19 to
710 3415 74 24 which
800 3424 40 16 our
860 3417 42 24 law
917 3425 54 22 was,
982 3422 23 19 to
1022 3419 34 28 be,
1062 3420 133 30 applicable,
1208 3422 41 23 but

666 3448 49 28 Ijliat
726 3448 27 24 he
764 3448 22 24 is
795 3450 115 29 mistaken,
922 3450 56 24 both
989 3452 24 22 in
1024 3451 36 24 his
1072 3453 67 29 facts,
1150 3454 44 24 and
1211 3454 36 24 his

665 3481 42 24 law
716 3491 6 19 ;
737 3482 45 23 and
793 3482 49 24 that
853 3491 13 16 a
877 3491 54 23 very
943 3484 70 32 slight
1020 3486 161 30 acquaintance
1192 3487 55 25 with

665 3514 59 31 legal
736 3519 101 26 matters,
851 3524 27 16 on
894 3517 36 23 his
952 3516 52 32 (not
1021 3518 53 32 our)
1096 3523 59 28 part,
1174 3521 73 33 might

665 3547 57 24 have
745 3549 68 22 saved
833 3557 28 15 us
884 3549 38 24 the
942 3551 90 24 trouble
1056 3552 24 23 of
1096 3553 46 23 tnis
1165 3554 81 23 second

665 3585 95 27 attempt
772 3586 22 19 to
806 3582 115 31 enlighten
929 3582 49 24 him
989 3592 6 21 ;
1009 3584 80 29 which,
1100 3586 57 23 after
1167 3586 37 30 all,
1214 3594 32 16 we

664 3613 47 24 fear
722 3622 53 23 may
786 3622 68 24 prove
864 3615 72 30 futile,
948 3617 36 23 for
1094 3618 48 24 dull
1154 3627 36 16 ass
1202 3620 45 23 will

663 3652 40 18 not
713 3648 68 23 mend
792 3647 36 24 his
840 3656 54 23 pace
913 3649 35 23 for
1103 3660 26 15 as
1148 3652 28 24 he
1194 3660 53 23 may

663 3679 57 24 have
730 3680 92 24 learned
833 3681 24 23 in
868 3688 42 17 our
919 3690 51 16 case
1004 3683 40 24 but
1088 3683 56 25 kick
1176 3693 26 16 as
1214 3693 32 16 we

663 3712 57 24 have
732 3714 65 22 done.
818 3718 4 3 '

695 3769 44 24 We
750 3770 57 23 have
818 3770 58 24 been
886 3771 92 25 favored
997 3772 54 24 with
1070 3773 39 25 the
1120 3775 92 31 perusal
1223 3776 25 23 of

663 3810 13 14 a
686 3802 67 24 letter
762 3803 60 23 from
840 3803 23 24 J.
877 3803 30 25 G.
923 3805 85 29 Cooke,
1020 3805 69 32 Esq.,
1101 3807 65 30 J.P.,
1179 3808 67 24 dated

661 3834 138 32 Wanganuij
812 3836 81 24 March
903 3839 24 27 3,
938 3838 79 31 giving
1028 3846 28 16 an
1068 3845 98 19 account
1176 3842 26 22 of
1209 3841 37 24 his

661 3875 106 24 progress
779 3876 28 16 on
819 3869 35 24 his
867 3869 97 31 journey
976 3871 53 23 with
1049 3872 76 30 cattle,
1138 3874 107 24 overland

662 3905 22 18 to
705 3900 126 25 Taranaki.
874 3902 38 24 He
1049 3904 14 24 I
1081 3906 90 24 arrived
1188 3907 56 23 here

661 3932 47 24 last
716 3933 107 32 Tuesday
832 3935 71 30 night,
907 3936 34 22 'in
951 3943 15 16 a
976 3936 56 31 high
1042 3940 59 21 fttate
1112 3937 28 24 of
1153 3946 89 22 preaer-

101 1260 95 20 Latest
210 1259 82 21 Dates
307 1259 31 21 of
355 1261 101 22 Papers
470 1262 131 20 received.

59 1292 96 23 London
470 1294 99 23 October
632 1298 8 19 1

60 1319 84 22 Nelson
470 1321 80 22 March
630 1324 11 19 4

59 1345 120 22 Auckland
470 1348 111 28 February
630 1352 11 19 9

59 1372 47 27 Bay
117 1373 23 20 of
151 1372 87 23 Islands
469 1375 98 21 October
630 1378 11 19 6

59 1400 89 26 Sydney
467 1401 114 28 February
616 1404 25 20 15

59 1426 50 21 Van
120 1426 115 22 Dieman's
245 1427 64 22 Land
465 1428 125 23 December
616 1432 25 19 20

59 1452 52 22 Port
121 1453 81 27 Phillip
466 1455 101 26 January
617 1456 24 21 15

59 1479 110 23 Adelaide
464 1482 126 21 December
616 1485 25 18 28

117 1540 172 24 SHIPPING
305 1541 274 23 INTELLIGENCE.

278 1595 143 20 ARRIVED.

316 1626 70 21 None.

87 1659 77 21 March
179 1660 34 24 11,
231 1660 47 26 ship
290 1660 88 19 Thomas
395 1660 97 26 Sparkes,
503 1661 49 25 496,
568 1662 70 27 Sharp,

60 1687 54 19 from
124 1686 87 21 Nelson.

86 1713 77 21 March.
179 1715 33 24 13,
230 1714 78 26 barque
324 1715 144 25 Posthumous,
489 1717 49 23 389,
557 1716 81 25 Milner,

60 1740 52 21 from
124 1741 90 26 Sydney.

87 1769 59 19 Same
162 1769 48 25 day,
228 1769 101 20 schooner
345 1770 72 25 Mana,
434 1769 36 25 27,'
488 1771 81 25 Swany,
588 1771 50 21 from

60 1795 71 17 Mana.

297 1841 116 20 SAILED.

85 1872 77 21 March
178 1873 34 24 11,
230 1874 46 26 ship
289 1874 88 19 Thomas
393 1874 95 26 Sparkes,
500 1875 48 24 496,
567 1875 71 26 Sharp,

60 1900 30 20 for
99 1900 131 26 Valparaiso.

85 1927 76 20 March
172 1927 32 25 13,
215 1929 103 19 schooner
327 1929 75 25 Ocean,
414 1929 26 19 30
456 1931 57 23 tons,
528 1929 110 26 Ferguson;

60 1954 31 20 for
103 1954 82 26 Cloudy
195 1955 53 24 Bay.

86 1981 60 20 Same
156 1982 46 25 day,
219 1982 78 26 barque
306 1983 127 26 Brougham,
450 1984 49 24 227,
516 1983 122 26 Robertson,

60 2008 31 21 for
101 2009 131 23 Valparaiso.

282 2061 33 20 IN
330 2061 90 22 PORT.,

82 2096 85 25 Barque
174 2095 129 26 Indemnity,
311 2096 42 19 450
371 2100 61 21 tons,
439 2097 87 25 Adams,
539 2098 102 26 refitting.

56 2123 90 25 Agents,
158 2123 69 20 Waitt
237 2123 42 20 and
289 2123 79 26 Tyser.

82 2150 109 21 Schooner
213 2150 58 26 Ann,
296 2152 27 19 22
344 2154 57 22 tons,
428 2151 85 27 Brown,
537 2153 44 20 laid
604 2159 36 20 up.

54 2178 80 26 Agent,
144 2178 69 21 Waitt
223 2179 42 19 and
276 2179 76 26 Tyser.

84 2206 111 19 Schooner
204 2206 81 24 Maori,
299 2207 25 20 15
336 2210 59 17 tons.

82 2233 85 27 Barque
185 2234 104 24 Glenarm,
308 2235 40 20 297
365 2237 57 24 tons,
439 2235 56 26 Guy.
528 2235 76 26 Agent,
615 2235 25 21 C.

56 2261 31 20 M.
99 2261 81 25 Penny.

82 2288 52 26 Brig
150 2289 117 24 Margaret,
286 2289 39 20 186
343 2291 56 23 tons,
415 2289 110 21 Tomkins.
554 2290 86 27 Agents,

55 2315 69 21 Waitt
132 2315 42 20 and
183 2315 73 26 Tyser.

84 2342 107 21 Schooner
209 2343 114 26 Catherine,
337 2345 48 24 179,
402 2345 132 26 Bannatyne.
563 2345 76 26 Agent,

57 2369 21 21 J.
89 2370 75 20 Wade.

84 2397 76 21 Cutter
181 2398 113 26 Pickwick,
313 2399 28 21 38
367 2401 56 22 tons,
443 2399 62 26 Jury.
545 2399 94 27 Captain,

56 2425 77 25 Agent.

85 2451 108 21 Schooner
205 2453 72 24 Ganet,
291 2454 27 18 40
328 2455 57 24 tons,
402 2453 133 27 Popplewell.
564 2455 76 26 Agent,

57 2479 136 22 Hornbrook.

85 2507 83 26 Barque
184 2508 53 20 New
247 2509 56 19 York
318 2509 89 24 Packet,
419 2509 39 20 269
472 2511 56 24 tons,
540 2509 99 27 Gregory.

57 2534 79 25 Agent,
148 2535 33 19 W.
193 2535 136 21 Fitzherbert.

85 2561 82 26 Barque
179 2562 139 27 Posthumous,
331 2564 40 20 389
382 2566 54 23 tons,
447 2564 87 21 Milner.

84 2588 108 21 Schooner
201 2590 72 24 Mana,
285 2591 26 20 27
321 2594 55 20 tons,
393 2591 81 23 Swany.

231 2651 119 17 CUSTOM
367 2651 110 17 HOUSE.

202 2712 137 18 OUTWARDS,
358 2712 144 16 COA.STW.ISE.

49 2759 2 2 .
84 2738 30 21 In
124 2745 47 14 the
336 2747 44 14 for
390 2747 46 14 the
447 2747 79 16 coast.
555 2743 84 25 Agents,

59 2766 92 21 Wallace
167 2767 43 20 and
227 2768 33 21 Co.
291 2768 10 19 1
319 2768 40 26 bag
372 2769 61 24 flour,
451 2770 12 19 2
481 2770 64 20 boxes
552 2776 56 20 soap,
628 2771 11 19 1

57 2794 60 19 chest
126 2796 40 22 tea,
184 2796 13 19 2
207 2794 50 26 bags
273 2802 70 19 sugar,
362 2796 66 20 751bs.
445 2796 96 25 tobacco,
551 2797 12 19 5
581 2804 59 19 gross

55 2821 68 25 pipes,
133 2822 27 19 10
179 2822 46 26 pair
233 2822 103 24 blankets,
355 2824 12 19 6
381 2824 68 25 pieces
465 2825 76 25 prints,
553 2825 11 18 1
581 2825 59 25 piece

56 2848 73 24 calico,
140 2850 13 19 3
160 2849 49 27 bags
219 2850 47 23 salt,
275 2851 9 19 1
296 2850 63 26 anvil,
371 2851 12 19 2
392 2851 76 20 barrels
477 2858 68 19 sugar,
552 2852 13 19 2
571 2853 69 19 sheets

51 2876 59 23 jr.on,
122 2876 10 19 1
144 2877 39 25 bag
193 2877 59 25 nails,
265 2877 9 20 1
285 2877 46 26 pair
340 2877 91 26 bellows,
442 2879 11 19 4
463 2884 57 15 cases
531 2879 108 20 merchan-

55 2903 53 23 dize,
120 2904 11 19 1
141 2903 41 20 box
193 2906 40 22 tea,
245 2905 11 19 1
266 2905 51 26 vice,
331 2905 24 20 11
376 2905 50 26 bags
435 2907 63 19 flour.
527 2907 113 25 Passenger

86 2930 43 20 Mr.
141 2930 98 22 Bennett.

151 2992 114 21 AGENTS
280 2994 58 20 FOR
358 2995 69 20 THIS
443 2996 100 20 PAPER.

75 3025 40 17 Mr.
125 3025 127 18 BURCHAM
345 3027 74 17 Petoni.

75 3046 40 17 Mr.
126 3046 22 17 C.
159 3046 112 21 ELLIOTT,
281 3047 105 18 Examiner
392 3048 64 22 Office,
464 3048 73 18 Nelson
545 3049 73 18 Haven.

76 3067 39 17 Mr.
125 3067 19 17 J.
152 3067 22 17 B.
184 3067 89 18 BAINES
348 3069 47 17 New
403 3069 109 21 Plymouth,
518 3070 101 18 Taranaki.

50 3103 2 2 .
75 3088 40 17 Mr.
126 3088 27 17 H.
162 3088 122 18 CHURTON
348 3090 115 22 Wanganui.

76 3108 39 18 Mr.
125 3109 31 17 W.
167 3109 99 18 WILSON
348 3110 40 21 Bay
396 3111 22 17 of
426 3112 85 17 Islands.

57 3145 93 82 New
181 3145 218 82 Zealand
430 3145 218 82 Gazette

93 3227 69 22 AND
176 3227 215 24 WELLINGTON
410 3229 185 24 SPECTATOR.

158 3281 156 26 Wednesday,
331 3283 88 21 March
434 3284 33 23 15,
485 3284 59 21 1843.

98 3329 15 11 *'
120 3330 23 21 A
151 3329 58 23 little
217 3330 101 27 learning
325 3330 21 22 is
355 3338 14 14 a
378 3330 121 28 dangerous

91 3363 51 23 Our
155 3368 170 27 contemporary
332 3364 20 23 is
364 3364 95 32 pleased'
466 3370 23 19 to
499 3373 51 16 wax
560 3374 78 22 warm,

56 3395 45 24 and
113 3395 92 32 thereby
216 3397 48 23 lose
281 3404 62 16 some
355 3398 26 22 of
396 3398 36 23 his
442 3398 99 24 hitherto
553 3401 86 22 wonted

56 3433 119 27 courtesey
186 3430 23 22 in
221 3429 36 24 his
273 3431 73 30 reply,
358 3438 25 16 or
395 3430 76 25 rather
482 3431 119 32 rejoinder,
614 3438 23 18 to

56 3469 42 16 our
117 3462 91 24 humble
225 3467 94 27 attempt
339 3468 24 19 to
381 3464 91 31 explain
490 3472 41 16 our
549 3467 90 23 notions

56 3495 26 23 of
90 3495 61 23 what
170 3495 37 24 the
218 3495 40 24 law
271 3497 21 22 is
303 3504 62 24 upon
374 3498 84 23 certain
470 3498 83 31 points,
565 3498 73 25 which

54 3535 63 16 more
141 3528 120 31 especially
277 3529 68 23 affect
367 3538 40 15 our
429 3535 80 24 status,
534 3538 23 16 or
571 3531 67 32 'legal

209 3561 187 25 Landholders'in
407 3563 55 32 this
462 3563 98 32 Colony*
593 3565 44 24 We

54 3601 58 16 nave
132 3594 82 31 always
232 3595 132 23 disclaimed
381 3596 38 23 the
437 3597 50 23 title
506 3598 27 22 of
546 3598 89 31 lawyer,

54 3627 87 30 though
150 3628 117 30 according
274 3634 22 18 to
304 3636 42 16 our
353 3631 188 30 contemporary's
548 3631 88 24 insinu-

54 3660 82 28 ations,
148 3667 33 17 we
192 3661 72 24 would
271 3662 57 23 wish
339 3666 23 19 to
369 3662 111 31 persuade
487 3667 40 19 olir
538 3664 97 30 readers,

54 3692 50 24 that
115 3701 41 16 our
166 3693 59 32 legal
236 3695 145 23 attainments
390 3703 57 16 were
458 3696 26 23 of
492 3704 29 15 no
534 3704 102 17 common

55 3725 73 24 orJer.
164 3726 26 24 If
205 3735 32 16 we
254 3727 57 24 have
331 3728 130 29 succeeded,
482 3737 23 15 as
515 3730 30 23 he
562 3730 73 24 would

54 3765 82 16 accuse
151 3767 28 16 us
190 3760 27 23 of
231 3761 136 31 attempting
386 3766 30 25 to,
435 3769 34 16 we
485 3770 104 23 presume
605 3764 30 23 he

54 3790 76 24 would
137 3796 32 19 set
178 3800 40 15 our
225 3793 90 26 readers
323 3794 65 23 down
393 3794 35 24 for
434 3799 90 26 greater
533 3796 102 31 donkeys

53 3824 57 22 than
126 3823 29 24 he
173 3824 52 24 does
237 3834 35 16 us.
308 3826 44 24 We
371 3827 108 32 certainly
489 3827 45 25 had
552 3829 83 31 always

55 3857 131 23 considered
197 3857 49 24 that
257 3866 41 16 our
310 3864 170 27 contemporary
491 3861 109 34 belonged
608 3867 26 19 to

54 3888 38 23 the
104 3888 92 24 learned
216 3888 133 33 profession,
362 3893 199 32 notwithstanding
571 3902 63 17 more

54 3921 56 24 than
136 3925 48 26 osd>
239 3923 51 23 nolo
509 3923 126 28 disclaimer

1898 132 119 28 complaint
2032 132 47 22 that
2092 139 136 23 newspapers
2237 135 98 23 wereall
2344 136 49 24 shot
2401 140 45 23 into
2455 150 14 15 a

1896 166 61 15 room
1965 159 178 27 promiscuously,
2156 163 22 18 to
2187 160 66 22 reach
2263 157 58 31 their;
2330 169 81 19 owners
2421 167 48 24 how

1897 186 51 26 they
1957 184 77 28 might.
2062 185 46 22 The
2116 187 99 26 Morning
2230 189 122 21 Advertiser
2366 188 37 26 his
2413 193 54 25 done

1897 212 81 22 service
1999 212 28 26 by
2178 221 40 14 one
2237 216 112 27 sweeping
2366 225 63 17 cause
2445 224 27 21 of

1896 238 168 28 irregularlities.

1973 279 55 20 very
2038 272 80 23 serious
2128 273 50 27 evil,
2189 273 48 23 that
2246 275 19 21 is
2281 275 61 29 daily
2354 280 114 26 becoming

1898 299 24 21 of
1933 306 13 14 a
1955 306 61 15 more
2027 306 76 20 crying
2110 303 84 24 nature,
2204 303 99 26 requires
2319 304 37 23 the
2371 307 86 26 immedi

1896 328 35 18 ate
1941 329 106 18 attention
2055 325 24 21 of
2087 326 158 29 Government,
2254 329 46 21 and
2309 331 71 24 which
2390 343 77 17 cannot

1896 351 28 22 be
1933 352 71 22 better
2013 352 92 22 aroused
2112 352 54 22 than
2176 353 144 28 throughthe
2335 360 95 26 medium
2445 367 24 19 of

1897 377 36 23 the
1949 378 70 22 Press.
2062 378 22 22 It
2099 379 42 22 has.
2152 379 35 23 for
2203 387 61 16 some
2279 383 54 22 time
2348 392 48 20 p,-ist
2413 390 52 22 been

1896 405 73 23 stated,
1975 405 48 22 that
2031 405 80 26 letters,
2119 405 128 28 depatched.
2252 410 22 20 to
2290 410 36 21 the
2342 414 123 24 Australian

1896 431 96 22 colonies
2003 436 36 18 too
2048 430 125 29 frequently
2181 440 71 17 never,
2258 436 66 22 reach
2334 438 55 25 their
2402 443 54 22 dest!

1896 462 66 17 naton
1978 461 25 19 at
2011 458 36 27 all,
2058 459 44 21 and
2110 458 49 22 that
2166 459 21 22 if
2196 459 53 29 they
2258 469 39 14 are
2307 463 107 27 delivered
2424 471 17 19 it
2451 473 6 17 i

1896 484 51 27 only
1956 484 55 22 after
2021 485 149 22 considerable
2180 486 71 29 delay.
2280 489 42 22 We
2332 499 36 16 are
2378 482 92 36 enable!

1896 511 56 21 from
1961 512 99 27 personal
2070 513 129 26 experience
2208 517 22 19 to
2240 515 79 28 affirm,
2337 518 22 23 in
2369 526 46 19 part
2432 525 38 20 th*

1895 537 95 23 truthof
2002 538 42 21 this
2054 539 103 22 assertion
2158 547 15 22 j
2192 540 45 22 and
2252 548 32 15 we
2303 546 56 21 need
2374 552 95 25 scarcely

1896 567 61 19 enter
1967 567 47 19 into
2024 564 77 23 details
2109 565 22 22 to
2141 574 67 20 prove
2220 567 37 22 the
2267 568 106 26 immense
2389 575 71 23 iniurv

1885 591 200 28 disappointment,
2101 592 44 22 and
2161 593 178 31 inconvenience,
2357 600 69 24 which
2435 612 23 13 re

1896 617 43 22 suit
1948 617 55 22 from
2022 618 35 21 the
2076 619 150 30 non-delivery
2243 623 27 21 of
2284 623 87 24 letters.:
2378 624 14 17 -'
2407 629 60 23 Even

1896 644 37 21 the
1956 645 69 27 cosily
2048 644 62 22 mode
2135 646 26 20 of
2185 649 152 29 transmitting
2361 652 107 26 duplicate

1896 671 194 22 communications
2100 671 51 23 does
2166 676 38 18 not
2219 682 76 15 secure
2310 679 80 25 parties
2406 682 49 23 here

1896 697 43 23 and
1949 704 42 21 any
2002 705 42 15 one
2062 697 85 28 writing
2161 698 71 24 hence
2250 707 66 18 must,
2324 704 28 23 be
2366 713 102 19 prepared

1896 727 38 19 not
1942 724 62 22 alone
2015 724 33 22 for
2055 724 38 22 -the
2102 724 60 29 lapse
2172 726 26 21 of
2209 727 53 23 time
2277 729 50 23 that
2341 737 128 21 necessarily

1895 751 78 23 results
1982 752 24 21 in
2017 758 44 21 any
2071 753 184 26 correspondence
2265 756 54 21 with
2329 759 53 23 such
2390 762 80 23 distant

1895 779 104 24 colonies,
2018 778 40 22 but
2074 779 45 21 also
2138 781 33 19 ior
2189 779 38 23 the
2247 783 114 24 vexatious
2380 790 87 22 anxiety

1895 805 117 27 attending
2021 812 14 14 a
2045 805 102 27 probable
2158 806 139 29 miscarriage
2307 811 28 20 of
2343 812 34 23 his
2389 815 71 23 letters

1895 831 47 23 The
1952 839 77 14 causes
2040 831 24 22 of
2075 831 35 22 the
2123 831 54 23 evils
2187 835 139 26 complained
2342 840 28 25 of,
2385 849 35 15 are
2436 849 32 16 set

1895 859 57 21 forth
1964 865 23 15 m
1997 858 37 22 the
2045 858 110 28 following
2170 863 85 19 extract
2270 863 26 21 of
2312 871 14 14 a
2340 866 63 24 letter
2415 870 54 24 from

1895 885 55 22 New
1960 885 107 26 Zealand,
2074 888 47 22 just
2130 887 100 22 received
2245 888 31 28 by
2287 897 29 15 an
2328 899 83 17 ajrencv
2420 897 46 19 firm

1895 912 22 21 in
1929 912 35 22 the
1975 911 52 28 city.
2054 912 46 22 The
2111 913 72 21 writer
2192 914 134 24 observes

1943 944 47 21 The
2001 944 122 22 Post-office
2134 945 140 27 department
2282 948 20 23 is
2312 957 25 15 so
2345 951 44 24 bad
2399 954 22 23 in
2430 957 37 21 the

1894 971 79 27 colony
1981 971 38 22 the
2029 971 72 22 letters
2110 978 29 19 go
2147 973 68 21 about
2221 974 32 21 for
2259 978 96 27 months,
2366 981 44 21 and
2419 983 50 22 then

1894 998 18 21 it
1920 998 18 21 is
1947 1005 13 14 a
1970 1005 54 20 very
2034 1001 61 24 great
2103 998 84 23 chance
2197 999 21 22 if
2223 1000 53 28 they
2283 1005 66 21 reach
2357 1006 56 23 their
2421 1012 48 19 true

1895 1025 140 26 destination,
2046 1025 33 21 for
2093 1025 61 22 there
2170 1026 66 23 exists
2251 1035 14 14 a
2281 1031 75 26 stupid
2371 1034 100 25 Colonial

1893 1051 42 22 law
1944 1058 22 14 in
1977 1051 37 21 the
2025 1051 124 22 Australian
2161 1053 143 31 settlements,
2312 1058 41 22 viz.
2371 1060 47 23 that
2425 1070 45 15 any

1893 1078 87 27 captain
1995 1077 26 22 of
2031 1084 13 15 a
2059 1078 69 22 vessel
2142 1078 95 28 charged
2253 1082 52 23 with
2323 1091 13 15 a
2350 1088 53 21 mail
2421 1089 42 23 bae

1893 1106 73 20 unless
1986 1104 27 22 he
2032 1104 91 23 delivers
2140 1105 38 23 the
2195 1106 48 23 said
2261 1110 54 22 mail
2335 1112 42 26 bag
2394 1115 75 23 within

1894 1134 79 24 twenty
1988 1131 95 22 minutes
2098 1132 56 21 after
2170 1132 33 23 his
2218 1134 110 30 dropping
2344 1141 82 23 anchor
2452 1144 18 21 is

1893 1158 64 22 liable
1966 1162 23 17 to
1998 1165 13 14 a
2020 1158 86 28 penalty
2117 1159 26 22 of
2150 1159 46 22 50
2202 1160 55 23 each
2267 1162 75 30 letter;
2354 1167 26 21 of
2387 1175 74 17 course

1892 1185 24 21 in
1925 1193 13 13 a
1952 1192 49 14 new
2016 1185 82 27 colony,
2116 1186 117 28 mail-bags
2250 1196 38 15 are
2303 1192 87 27 obliged
2405 1198 22 19 to
2443 1197 26 22 be

1905 1219 11 14 e
1919 1214 23 19 nt
1964 1212 30 27 by
2016 1218 44 21 any
2088 1214 165 27 opportunity
2255 1215 56 29 thu^
2340 1219 74 23 letters
2436 1223 35 22 for

1893 1239 120 22 Auckland
2023 1245 31 14 via
2069 1239 88 27 Sydney
2165 1248 6 18 ;
2183 1240 37 23 the
2232 1242 44 28 bag
2287 1245 81 23 arrives
2378 1247 23 22 in
2415 1250 55 23 Syd-

1892 1273 55 19 ney;
1963 1266 62 21 there
2039 1266 18 21 is
2068 1272 28 15 no
2113 1266 69 22 vessel
2197 1275 30 20 up
2243 1269 34 22 for
2291 1271 127 30 Auckland,
2431 1277 40 22 but

1892 1299 41 14 one
1943 1292 34 21 for
1992 1292 37 22 the
2045 1292 46 27 Bay
2105 1293 26 21 of
2152 1293 86 24 Islands
2246 1303 6 19 ;
2277 1296 68 29 being
2368 1301 37 21 the
2421 1303 49 22 first

1892 1319 146 27 opportunity,
2063 1319 34 22 the
2121 1320 43 26 bag
2185 1321 19 21 is
2222 1322 100 30 shipped,
2342 1327 43 22 and
2405 1329 65 23 when

1891 1345 86 22 arrived
1988 1349 23 18 at
2020 1345 36 22 the
2066 1346 51 26 Bay,
2135 1353 20 14 is
2168 1347 61 23 there
2245 1353 39 23 put
2297 1351 23 21 in
2330 1353 80 26 charge
2418 1357 28 20 of
2456 1364 14 14 a

1890 1376 62 23 party
1964 1372 47 21 who
2022 1372 17 21 is
2048 1372 139 28 Postmaster,
2204 1375 45 22 and
2265 1376 72 24 whose
2349 1379 121 27 daughters

1892 1406 55 19 open
1957 1399 30 21 all
1996 1399 38 21 the
2042 1406 141 27 newspapers,
2194 1402 46 21 and
2249 1404 126 24 sometimes
2392 1415 77 17 amuse

1891 1426 132 21 themselves
2032 1426 52 21 with
2093 1426 37 21 the
2140 1427 81 22 letters.
2263 1430 63 22 Then
2342 1440 73 16 comes
2431 1436 38 22 the

1891 1452 47 22 first
1947 1452 139 27 opportunity
2092 1452 33 21 for
2131 1453 147 24 Auckland
2279 1464 14 15 a
2299 1459 65 21 small
2374 1465 95 19 coaster-

1892 1479 36 22 the
1939 1479 43 26 bag
1997 1479 26 21 of
2034 1479 71 22 letters
2118 1479 19 22 is
2151 1484 39 22 put
2206 1489 28 14 on
2253 1483 75 28 board,
2345 1486 125 27 frequently

1891 1506 61 21 when
1964 1506 52 21 both
2026 1508 77 19 master
2112 1507 44 21 and
2166 1512 66 23 mate,
2243 1513 23 18 at
2274 1511 63 26 point
2345 1513 26 21 of
2377 1515 80 24 sailing

1892 1539 36 15 are
1944 1533 57 26 quite
2015 1533 104 26 oblivious;
2135 1534 44 22 and
2194 1534 37 23 the
2246 1536 44 27 bag
2303 1538 20 21 is
2332 1541 81 21 stowed
2422 1543 22 21 in
2455 1550 14 15 a

1891 1559 75 22 locker
1974 1567 6 19 ;
1992 1559 37 22 the
2038 1560 53 21 craft
2100 1561 81 22 arrives
2190 1566 23 17 at
2223 1562 121 24 Auckland
2350 1574 6 18 ;
2368 1567 43 22 and
2421 1569 18 21 it
2448 1570 19 21 is

1891 1591 40 17 not
1939 1586 57 21 until
2007 1586 52 22 both
2069 1590 80 19 master
2158 1588 45 21 and
2211 1593 60 18 mate
2288 1599 38 14 are
2340 1593 126 28 frequently

1891 1613 130 26 questioned
2031 1614 46 21 that
2086 1614 50 32 they
2150 1614 66 27 begin
2232 1619 23 18 to
2270 1617 58 22 have
2343 1627 60 15 some
2418 1623 50 22 idea

1893 1639 60 22 there
1967 1640 19 21 is
2003 1640 53 21 such
2072 1647 14 15 a
2100 1640 63 28 thing
2177 1649 25 14 as
2215 1649 14 15 a
2242 1643 42 27 bag
2294 1644 56 23 from
2360 1646 36 23 the
2406 1648 62 23 Post-

1893 1666 61 22 office
1964 1673 30 15 on
2003 1666 76 22 board.
2112 1667 68 23 What
2187 1668 20 22 is
2216 1670 38 21 the
2263 1673 87 21 natural
2360 1675 81 23 result?

1892 1693 37 22 the
1945 1693 143 23 Post-master
2096 1694 112 23 threatens
2217 1696 38 23 the
2264 1698 90 28 penalty
2363 1700 20 22 if
2394 1709 14 14 a
2425 1703 42 26 bag

1891 1720 19 21 is
1919 1720 67 21 found
1997 1728 6 19 j
2019 1720 37 22 the
2065 1724 58 19 mate
2132 1726 50 22 puts
2191 1729 14 14 a
2218 1723 35 22 six
2265 1726 77 25 pound
2356 1726 50 23 shot
2422 1730 47 22 into

1893 1747 36 21 the
1943 1747 124 27 letter-bag,
2083 1748 44 21 and
2143 1749 121 22 overboard
2279 1758 29 20 go
2324 1752 75 24 letters
2411 1756 56 23 from

1893 1774 85 21 dearest
1987 1774 49 25 ties,
2046 1774 89 27 friends,
2147 1775 43 22 and
2201 1778 136 23 connexions
2343 1780 33 22 far
2382 1781 79 24 distant

1892 1800 29 21 all
1931 1800 23 21 in
1964 1807 42 15 one
2462 1800 6 11 *

2095 1827 48 22 who
2157 1828 58 23 have
2227 1831 103 23 received
2346 1833 43 23 this
2406 1835 63 24 letter

1892 1856 54 19 state
1957 1857 23 18 to
1989 1861 26 14 us
2025 1854 47 21 that
2081 1861 117 16 numerous
2206 1856 113 24 instances
2333 1860 56 23 have
2406 1870 60 16 come

1893 1880 69 21 under
1982 1880 55 21 their
2056 1881 72 22 notice
2144 1882 26 21 of
2186 1882 74 23 letters
2278 1886 45 21 and
2333 1894 136 20 newspapers

1892 1910 48 18 sent
1949 1911 22 17 to
1981 1907 44 21 and
2034 1907 54 22 from
2098 1908 44 21 this
2154 1914 94 22 country
2262 1914 22 18 to
2295 1912 36 22 the
2342 1914 125 25 Australian

1893 1934 100 21 Colonies
2011 1941 67 14 never
2095 1934 81 28 having
2194 1937 94 22 reached
2303 1939 56 23 their
2371 1941 96 24 destina-

1893 1960 54 21 tions
1954 1968 5 19 ;
1971 1960 45 21 and
2025 1961 45 21 also
2079 1961 48 22 that
2137 1964 85 21 several
2232 1971 61 15 cases
2310 1966 80 29 having
2405 1976 62 16 come

1892 1987 74 21 before
1977 1987 59 22 them
2046 1987 26 22 of
2078 1988 35 21 the
2122 1989 86 26 neglect
2217 1990 43 22 and
2270 1992 198 29 mismanagement

1893 2014 24 21 of
1928 2013 37 22 the
1976 2014 96 21 Colonial
2084 2015 148 28 Postmasters,
2254 2017 54 29 they
2322 2027 37 15 are
2373 2022 94 24 induced

1893 2044 21 17 to
1930 2040 36 28 lay
1983 2041 73 21 before
2076 2041 35 22 the
2130 2043 74 25 public
2220 2043 37 22 the
2281 2046 70 22 above
2374 2053 85 19 extract

1892 2067 82 27 hoping
1983 2067 48 22 that
2037 2068 17 21 it
2063 2068 43 21 will
2116 2075 75 16 arouse
2207 2070 37 21 the
2262 2074 108 22 attention
2387 2076 25 20 of
2430 2077 35 22 the

1893 2094 50 21 Post
1961 2094 70 21 Office
2048 2094 124 23 authorities
2188 2100 22 18 to
2226 2099 92 27 remedy
2332 2108 24 14 so
2365 2108 63 18 great
2437 2111 28 15 an

1916 2154 171 22 Transactions
2102 2162 26 15 of
2143 2162 45 15 the
2204 2157 148 24 Geological
2367 2162 97 23 Society

1892 2188 25 14 of
1940 2180 277 24 Hookham-cum-Snjvey.
2255 2184 72 22 There
2349 2188 18 20 is
2390 2194 40 15 not
2452 2197 15 14 a

1891 2214 58 14 more
1964 2208 127 27 interesting
2104 2209 86 21 science
2206 2209 54 23 than
2275 2212 98 29 geology,
2385 2214 79 27 which,

1891 2241 23 14 as
1928 2241 40 15 our
1983 2234 87 22 readers
2082 2242 37 14 are
2128 2242 77 21 aware,
2216 2240 68 19 treats
2298 2240 130 28 principally
2442 2244 28 21 of

1891 2261 52 21 mud
1953 2261 44 21 and
2006 2261 107 22 minerals.
2141 2262 47 22 The
2204 2264 128 23 association
2349 2269 21 19 at
2385 2267 81 24 Hook-

1889 2288 204 27 ham-cum-Snivey
2107 2288 41 22 has
2163 2289 56 22 been
2235 2298 52 20 very
2304 2293 67 22 active
2385 2294 81 28 during

1890 2314 36 22 the
1935 2322 101 19 summer,
2048 2315 43 22 and
2105 2322 52 21 may
2166 2317 28 21 be
2203 2317 48 22 said
2267 2321 21 19 to
2304 2319 55 22 have
2368 2321 56 22 been
2432 2329 32 21 up

1891 2345 21 17 to
1930 2341 35 22 his
1983 2341 68 23 knees
2073 2343 22 21 in
2120 2342 43 22 dirt
2181 2343 44 21 and
2248 2344 57 28 filth,
2323 2347 74 26 gravel
2419 2349 45 22 and

1889 2375 101 21 gypsum,
2006 2369 54 26 coal,
2076 2369 55 27 clay,
2152 2370 43 21 and
2215 2371 170 28 conglomerate,
2404 2375 34 21 for
2452 2383 14 14 a

1891 2402 52 20 very
1953 2395 147 23 considerable
2117 2396 81 27 period.
2227 2397 23 22 It
2265 2399 82 28 having
2360 2400 57 23 been
2427 2402 38 21 de-

1890 2422 108 22 termined
2008 2426 21 17 to
2039 2430 54 20 open
2109 2430 13 14 a
2135 2430 68 15 sewer
2211 2424 74 22 where
2295 2425 36 23 the
2342 2427 35 22 old
2387 2427 79 23 Hook-

1891 2449 115 22 ham-road
2022 2454 67 17 meets
2105 2449 54 23 with
2166 2450 38 22 the
2215 2452 89 22 ancient
2314 2453 83 22 Roman
2409 2455 57 22 foot-

1891 2476 52 26 path
1962 2479 23 18 at
2004 2477 84 26 Snivey,
2106 2477 37 21 the
2156 2477 97 27 junction
2275 2479 27 21 of
2316 2480 71 22 which
2404 2481 61 27 gives

1889 2509 65 15 name
1975 2507 21 17 to
2015 2503 36 22 the
2070 2503 93 23 modern
2185 2507 66 25 town,
2276 2506 38 22 the
2339 2507 126 28 Geological

1891 2529 136 23 Association
2037 2529 79 28 passed
2125 2538 13 14 a
2144 2534 76 25 strong
2229 2531 125 29 resolution,
2363 2535 23 20 in
2395 2536 70 22 which

1889 2556 19 21 it
1925 2564 44 14 was
1989 2557 100 25 asserted,
2110 2557 49 22 that
2168 2557 37 23 the
2224 2561 140 26 opportunity
2382 2561 45 22 had
2444 2566 23 19 at

1889 2583 77 26 length
1980 2583 85 23 arrived
2074 2583 34 22 for
2122 2584 86 28 solving
2220 2585 38 23 the
2271 2590 64 22 great
2343 2588 68 21 doubt
2420 2589 45 22 that

1891 2609 42 22 had
1943 2609 53 28 long
2004 2610 117 27 perplexed
2130 2611 36 21 the
2176 2611 74 23 minds
2257 2613 26 21 of
2289 2613 37 22 the
2334 2614 131 24 inhabitants

1891 2643 23 15 as
1923 2640 22 18 to
1954 2636 97 22 whether
2057 2636 36 23 the
2103 2637 41 21 soil
2154 2638 21 21 in
2185 2637 37 23 the
2232 2639 183 27 neighbourhood
2424 2649 40 16 was

1891 2666 138 19 crustaceous
2045 2671 24 14 or
2083 2664 169 23 carboniferous.
2281 2667 49 22 The
2339 2670 126 21 crustaceous

1891 2694 61 23 party
1968 2690 44 22 had
2029 2691 56 22 been
2105 2690 52 27 long
2175 2692 138 28 triumphing
2326 2695 24 21 in
2365 2695 37 22 the
2415 2696 49 27 fact,

1892 2717 46 22 that
1948 2724 13 14 a
1970 2717 90 28 mouldy
2069 2718 61 28 piece
2140 2718 25 22 of
2171 2718 69 22 bread
2249 2719 45 22 had
2305 2721 53 22 been
2366 2723 69 22 found
2444 2728 21 17 at

1891 2747 41 19 two
1948 2744 46 22 feet
2006 2745 69 21 below
2085 2745 38 21 the
2139 2745 93 27 surface,
2248 2747 64 21 when
2328 2748 89 29 digging
2432 2750 34 22 for

1892 2770 36 22 the
1943 2771 128 22 foundation
2086 2771 27 22 of
2124 2779 14 15 a
2152 2772 70 27 swing
2236 2774 87 22 erected
2332 2775 22 21 in
2364 2783 13 14 a
2386 2776 78 26 garden

1890 2797 24 22 in
1931 2797 38 23 the
1988 2798 190 27 neighbourhood:
2199 2799 40 22 but
2257 2799 37 23 the
2313 2803 152 22 carboniferous

1892 2825 130 22 enthusiasts
2039 2825 42 22 had
2090 2825 57 23 been
2161 2825 85 23 thrown
2258 2827 47 23 into
2315 2830 113 26 exstacies,
2437 2830 27 28 by

1892 2851 36 23 the
1938 2855 78 19 sexton
2032 2852 81 26 having
2128 2860 62 14 come
2207 2860 60 20 upon
2277 2862 14 14 a
2307 2856 86 27 regular
2399 2859 66 19 strata

1891 2879 25 21 of
1922 2879 127 22 undoubted
2059 2879 93 27 cinders,
2161 2879 24 22 in
2196 2879 99 29 clearing
2307 2886 38 18 out
2353 2890 13 15 a
2375 2883 61 27 piece
2445 2884 22 21 of

1890 2905 87 27 ground
1992 2909 23 18 at
2030 2905 36 22 the
2075 2906 57 22 back
2147 2905 25 23 of
2184 2906 37 22 the
2236 2909 99 25 parson's
2348 2910 114 23 residence.

1891 2934 65 20 Some
1977 2932 42 22 evil
2036 2933 99 27 disposed
2150 2940 79 20 person
2244 2934 44 22 had
2302 2935 37 22 the
2352 2936 78 23 malice
2443 2941 20 18 to

1891 2966 37 20 say
1938 2959 49 21 that
1996 2959 36 22 the
2041 2962 48 24 spot
2097 2959 46 22 had
2158 2960 55 21 been
2228 2960 106 30 formerly
2343 2963 37 22 the
2395 2964 39 22 site
2444 2964 21 22 of

1890 2993 12 15 a
1925 2985 267 28 subsequently-filled-up
2216 2985 112 26 dusthole
2337 2997 6 20 ;
2368 2990 40 23 but
2429 2990 33 23 the

1891 3015 135 19 crustaceom
2039 3015 70 25 party,
2120 3012 126 29 depending
2260 3021 25 15 a
2282 3021 28 15 9
2295 3015 52 29 they
2356 3013 38 26 did
2408 3025 54 19 upon

1891 3048 12 14 a
1921 3039 71 29 single
2006 3039 61 28 piece
2083 3040 26 21 of
2123 3039 66 23 bread
2217 3041 30 19 all
2261 3044 70 19 crumb
2345 3046 36 19 too
2408 3044 45 22 how

1890 3074 51 15 ever
1959 3067 101 28 genuine,
2079 3066 65 23 could
2162 3071 40 18 not
2216 3067 30 22 be
2260 3069 48 22 said
2326 3073 23 18 to
2366 3070 56 23 have
2440 3078 21 15 so

1889 3094 67 22 much
1966 3098 23 18 to
2002 3100 28 21 go
2044 3100 65 21 upon,
2121 3100 24 15 as
2158 3093 37 23 the
2206 3095 156 24 carboniferous
2376 3098 86 26 section,

1889 3122 52 21 with
1950 3121 59 21 their
2017 3120 54 27 heap
2082 3120 25 22 of
2113 3120 93 29 cinders,
2211 3121 39 23 the
2260 3122 66 23 latter
2335 3124 64 26 being
2404 3124 56 27 large

1889 3148 22 22 in
1937 3147 106 29 quantity,
2067 3147 83 26 though
2173 3148 26 21 of
2222 3148 103 24 doubtful
2347 3151 113 27 authority.

1889 3175 118 25 However,
2016 3174 38 22 the
2063 3180 95 22 opening
2168 3174 26 22 of
2205 3175 38 22 the
2253 3184 69 15 sewer
2331 3184 42 15 was
2385 3177 77 22 looked

1889 3201 94 23 forward
1999 3204 21 18 to
2036 3200 50 24 with
2101 3201 85 22 intense
2199 3202 101 29 interest,
2310 3211 24 15 as
2348 3204 63 27 being
2419 3204 43 21 cal-

1889 3227 88 23 culated
1992 3231 23 18 to
2030 3227 78 23 decide
2123 3229 36 21 the
2251 3231 106 27 question,
2373 3231 42 22 and
2430 3230 30 21 all

1889 3255 35 22 the
1935 3255 107 32 principal
2051 3255 117 27 geologists
2176 3262 56 15 were
2237 3264 30 14 on
2277 3257 37 22 the
2323 3261 49 23 spot
2380 3257 80 22 several

1889 3281 65 23 hours
1973 3281 71 22 before
2063 3282 122 27 operations
2204 3289 150 22 commenced,
2373 3284 32 21 for
2423 3283 35 22 the

1889 3316 93 20 purpose
1990 3308 25 22 of
2020 3308 123 28 inspecting
2156 3309 38 21 the
2204 3311 87 22 surface
2302 3311 24 22 of
2333 3311 35 22 the
2375 3309 85 28 ground

1887 3335 75 23 before
1971 3335 19 22 it
2000 3342 43 14 was
2053 3335 111 23 disturbed
2173 3336 31 28 by
2213 3337 37 22 the
2265 3337 68 27 spade
2347 3337 41 22 and
2399 3336 59 28 pick-

1888 3369 41 15 axe
1944 3362 27 22 of
1984 3361 37 23 the
2034 3361 109 23 labourer.
2171 3363 23 21 It
2212 3370 45 15 was
2274 3364 69 23 found
2360 3364 46 21 that
2424 3363 34 22 the

1888 3389 61 22 earth
1956 3388 108 23 consisted
2070 3389 26 21 bf
2103 3396 29 15 an
2140 3393 63 18 outer
2210 3394 49 18 coat
2265 3391 28 22 of
2299 3391 55 26 dust,
2363 3393 95 24 amongst

1888 3415 72 23 which
1968 3422 56 16 were
2033 3416 83 22 several
2124 3419 80 25 stones,
2214 3417 94 28 varying
2316 3418 22 21 in
2347 3418 52 26 size,
2410 3417 47 21 with

1887 3442 51 22 here
1949 3443 44 21 and
2000 3441 60 23 there
2065 3450 14 14 a
2084 3443 57 21 bone
2150 3443 81 28 picked
2239 3443 141 28 exceedingly
2391 3444 64 26 clean,

1888 3470 42 21 and
1950 3469 111 27 evidently
2079 3469 122 29 belonging
2217 3473 24 18 to
2258 3477 15 14 a
2291 3469 79 28 sheep,
2393 3470 28 22 all
2437 3469 23 22 of

1887 3496 72 22 which
1973 3496 56 22 facts
2046 3502 55 20 gave
2117 3497 94 27 promise
2230 3496 25 22 of
2270 3500 58 18 most
2344 3497 113 28 gratifying

1887 3523 77 21 results
1976 3526 21 18 to
2007 3522 37 22 the
2053 3526 48 18 true
2109 3523 62 22 lover
2180 3523 25 21 of
2216 3521 102 30 geology.
2345 3524 33 21 At
2384 3523 72 27 length

1887 3550 37 21 the
1937 3549 104 22 labourer
2056 3556 61 15 came
2133 3550 23 21 in
2170 3548 63 27 sight,
2251 3549 46 22 and
2315 3557 44 15 was
2373 3549 83 28 greeted

1888 3576 50 22 with
1954 3575 55 23 loud
2023 3575 74 23 cheers
2110 3576 56 22 from
2182 3575 37 21 the
2234 3580 139 19 crustaceous
2389 3579 64 25 party,

1887 3603 72 22 which
1968 3610 56 14 were
2032 3602 113 26 ironically
2154 3600 84 24 echoed
2248 3602 30 28 by
2286 3603 36 22 the
2331 3599 98 36 disbiples
2436 3601 21 23 of

1886 3630 37 22 the
1933 3629 163 23 carboniferous
2105 3627 80 26 school,
2197 3629 44 22 and
2251 3636 14 15 a
2274 3633 57 19 most
2339 3630 116 27 significant

2062 3654 123 28 proceeded
2199 3655 58 23 from
2272 3664 28 14 an
2311 3657 69 22 active
2394 3655 61 28 parti-

1886 3690 39 14 san
1936 3683 24 22 of
1974 3683 37 21 the
2020 3683 63 21 latter
2098 3681 63 27 class,
2171 3681 64 23 when
2250 3683 38 22 the
2297 3683 46 22 first
2357 3683 68 22 stroke
2434 3679 22 24 of

1886 3710 36 22 the
1935 3709 92 29 pickaxe
2040 3706 135 29 proclaimed
2187 3709 39 22 the
2241 3711 186 21 commencement
2434 3705 22 24 of

1886 3743 27 15 an
1927 3736 112 28 operation
2049 3740 58 21 upon
2124 3734 71 23 which
2208 3743 24 14 so
2250 3736 67 22 much
2331 3744 42 14 was
2381 3736 71 22 known

1886 3765 22 20 to
1928 3761 86 28 depend
2030 3761 33 21 for
2081 3759 38 23 the
2133 3761 102 23 interests
2251 3763 25 21 of
2286 3763 99 28 geology.
2411 3760 41 22 The

1886 3789 59 22 work
1955 3788 43 22 had
2006 3787 124 28 proceeded
2138 3789 35 21 for
2178 3789 119 23 sometime
2303 3789 60 23 amid

1885 3815 41 23 less
1935 3816 97 25 interest,
2043 3813 135 30 interrupted
2188 3815 54 28 only
2251 3816 30 27 by
2287 3823 79 20 sneers,
2376 3815 74 23 cheers,

1882 3842 65 27 jeers,
1971 3840 45 22 and
2030 3841 54 22 cries
2100 3842 26 22 of
2150 3842 58 27 'Oh,
2225 3843 36 27 oh,
2293 3850 24 15 or
2396 3847 26 15 no

1877 3869 39 21 As
1924 3867 37 22 the
1973 3867 107 28 throwing
2095 3875 31 20 up
2136 3869 27 21 of
2175 3876 13 14 a
2197 3868 108 24 shovelful
2315 3869 26 23 of
2350 3867 58 24 earth
2417 3872 34 15 ex-

1884 3893 57 23 cited
1952 3893 37 23 the
1999 3893 66 30 hopes
2075 3895 26 21 of
2107 3902 43 15 one
2162 3900 71 23 party,
2245 3903 27 15 or-
2281 3896 36 22 the
2326 3895 54 23 fears
2389 3893 24 22 of
2418 3891 32 22 the

1884 3919 70 28 other',
1964 3921 64 23 when
2037 3928 14 14 a
2056 3920 59 23 hard
2127 3921 124 28 substance,
2258 3929 44 16 was
2311 3921 71 23 struck
2390 3925 60 22 upon,

1882 3947 72 23 which
1969 3947 80 23 caused
2063 3954 14 16 a
2089 3947 102 28 thrilling
2204 3950 112 22 sensation
2329 3953 77 22 among
2418 3944 32 22 tba

1303 3580 161 25 COLONIAL
1485 3583 199 24 POST-OFFICE
1703 3585 129 25 SYSTEM.

1397 3616 75 29 [From
1482 3618 35 20 the
1527 3618 93 21 Colonial
1629 3619 103 28 Gazette.']

1302 3650 47 22 The
1359 3650 127 24 Post-office
1496 3652 26 21 of
1534 3652 70 22 Great
1615 3653 85 23 Britain
1709 3654 43 23 has
1760 3655 99 29 recently

1275 3676 103 23 received
1394 3685 69 21 many
1476 3679 186 27 improvements:
1679 3681 45 22 and
1738 3681 44 23 the'
1794 3683 65 21 Colo-

1274 3702 48 22 nies
1340 3703 57 23 have
1416 3709 41 17 not
1472 3705 63 22 been'
1547 3707 123 27 neglected,
1692 3715 23 14 so
1729 3709 36 21 far
1779 3716 24 14 as
1821 3709 37 23 the

1274 3732 57 19 rates
1340 3731 26 21 of
1376 3735 105 23 payment
1490 3740 36 14 are
1537 3734 125 22 concerned
1668 3742 6 19 ;
1688 3735 41 21 but
1739 3735 24 21 in
1773 3740 86 23 respect

1275 3755 26 22 of
1312 3762 163 23 management,
1493 3766 59 15 some
1569 3760 25 21 of
1606 3760 61 22 them
1682 3759 58 23 have
1756 3762 103 26 grievous

1274 3783 130 28 complaints
1414 3788 23 18 to
1447 3785 72 26 make,
1526 3785 119 28 especially
1654 3787 37 21 the
1700 3790 59 19 most
1769 3788 87 29 distant,

1275 3809 37 22 the
1330 3810 130 23 Australian
1479 3812 107 27 Colonies,
1593 3832 3 6 .
1606 3813 43 22 and
1668 3813 59 22 New.
1749 3814 107 24 Zealand.

1276 3836 56 27 They
1340 3836 57 23 have
1407 3845 29 14 no
1446 3838 111 22 Cunard's
1566 3839 47 22 line
1623 3841 21 20 to
1655 3839 55 23 send
1717 3839 59 24 their
1783 3842 76 23 letters

1274 3869 24 15 as
1305 3864 43 21 fast
1358 3871 23 14 as
1390 3866 71 20 steam
1470 3872 41 14 can
1519 3867 66 26 'carry
1595 3866 61 22 them
1663 3874 5 14 :
1689 3866 44 24 and
1750 3867 39 23 the
1799 3873 59 18 want

1274 3890 27 21 of
1315 3890 64 27 rapid
1391 3892 79 20 transit
1483 3892 20 20 is
1517 3892 65 21 made
1588 3899 78 15 -worse
1681 3892 30 28 by
1727 3893 58 23 local
1805 3902 53 15 mis-

1272 3920 165 24 management,
1446 3917 121 28 insolence,
1573 3919 179 28 incompetency,
1760 3921 44 21 and
1813 3921 44 22 bad

1272 3942 142 26 regulation*.
1458 3943 29 22 In
1501 3944 53 22 Port
1569 3944 82 28 Phillip
1666 3952 32 16 we
1715 3946 58 22 have
1782 3953 53 17 seen
1844 3954 14 15 a

568 46 98 46 STfte
690 47 119 41 Ktto
835 46 208 41 Zealaufc
1067 46 191 46 i&wttt
1268 47 107 39 -asm
1401 46 299 46 WLtiiimton
1726 42 250 50 Spectator.

1287 138 37 19 vat
1326 134 45 29 ion,
1394 134 53 24 both
1465 142 25 16 as
1496 134 5 12 :
1509 137 112 30 respects^
1627 135 85 30 myself
1721 130 52 35 ,aijd
1793 135 75 29 cattle,

1287 165 85 33 haying
1381 167 46 23 lost
1444 168 53 30 only
1508 175 42 16 one
1569 165 68 33 sbje'ep
1656 172 23 18 at
1699 167 104 29 Porirua,
1816 168 30 30 by
1857 177 13 16 a

1288 191 77 33 Maori
1478 200 44 24 We
1533 200 62 24 leave
1616 208 26 15 a.
1641 200 71 23 blank
1722 192 147 40 forJthe^epi-

1286 233 50 23 thet
1347 234 95 29 against,
1454 233 109 31 knowing
1580 233 39 23 the
1639 234 96 30 scarcity
1747 234 25 22 of
1787 242 83 23 money

1286 265 24 22 in
1329 265 39 23 the
1388 266 94 31 Colony,
1500 266 44 24 and
1561 265 38 24 the
1620 270 136 27 consequent
1776 267 93 31 penalty

1286 298 74 23 which
1371 299 71 23 would
1454 299 76 23 attach
1543 303 21 19 to
1576 299 115 23 ourselves
1711 300 24 22 in
1752 300 93 30 writing
1856 308 14 15 a

1286 330 61 30 libel,
1361 331 43 23 and
1416 332 35 23 his
1466 332 98 31 worship
1582 332 36 23 for
1636 333 68 30 using
1724 333 145 30 expressions

1286 368 80 19 contra
1381 364 72 24 bonos
1471 372 88 22 mores;
1587 372 62 16 more
1668 360 153 36 particularly,
1843 374 25 16 as

1285 396 59 24 from
1355 396 37 24 his
1409 405 49 16 own
1476 402 112 26 account,;
1596 398 19 23 ii
1632 398 148 23 would^'have
1798 396 73 34 taken,

1286 428 50 24 half
1351 430 37 23 the
1400 435 38 19 net
1448 431 63 30 price
1529 424 77 30 of^ithe
1628 431 45 23 lost
1691 431 67 31 sheep
1771 435 23 19 to
1811 432 57 24 have

1286 463 101 23 satisfied
1404 463 103 24 offended
1523 463 92 31 justice,
1635 464 30 23 he
1682 464 85 31 having
1784 465 50 23 sold
1851 466 18 23 it

1284 494 47 28 for,,
1333 501 38 18 ten
1389 496 113 31 shillings.
1539 497 39 23 He
1595 501 79 24 states,
1736 497 45 24 had
1800 498 69 25 litttle

1286 528 109 31 difficulty
1408 530 23 23 in
1443 530 104 30 crossing
1558 537 43 23 any
1612 530 25 23 of
1646 529 38 24 the
1695 530 79 24 rivers.
1799 532 69 23 Since

1286 560 12 24 I
1311 562 57 23 have
1377 562 60 24 teen
1604 562 43 24 has
1661 562 56 24 been
1729 563 68 24 much
1809 566 57 28 rain,

1284 594 45 23 and
1340 595 15 23 I
1367 595 73 29 could,
1443 600 46 19 not-
1504 604 61 15 cross
1585 595 37 24 the
1641 596 67 23 cattle
1722 597 93 31 .tp-day,
1826 598 44 23 but

1275 638 2 11 i
1362 629 52 21 wait
1432 630 34 22 for
1485 628 37 24 the
1542 630 95 30 evening
1656 630 52 28 tide,
1729 628 37 32 (of
1788 637 80 18 course

1284 661 108 31 meaning
1410 661 125 31 ebb-tide.)
1594 662 128 31 Wanganui
1806 671 60 23 says,

1310 701 47 23 you
1370 694 46 23 will
1434 694 48 23 find
1503 695 77 30 nearly
1590 695 39 23 the
1648 701 69 19 same:
1753 696 49 24 Mr.
1816 697 52 24 Bell

1284 725 42 24 has
1336 731 40 27 got
1388 729 52 22 500
1456 727 93 24 bushels
1569 728 25 23 of
1608 728 80 29 wheat,
1701 727 39 33 (do
1759 737 47 23 you
1824 731 44 23 call

1284 758 49 24 that
1345 759 113 32 nothing,)
1470 762 71 29 going
1558 761 70 23 round
1641 761 34 31 (to
1693 762 56 24 Port
1768 763 52 24 Nic.
1834 772 33 16 we

1283 792 126 32 presume,)
1421 795 23 22 in
1463 793 39 24 the
1517 793 70 31 Kitty
1597 793 110 26 Johnson.
1743 795 48 24 His
1809 797 58 24 farm

1282 826 96 31 lboking
1390 827 56 24 well.
1483 827 13 24 I
1515 828 57 23 have
1588 828 51 31 just
1659 836 53 16 seen
1730 837 43 15 one
1789 830 26 23 of
1829 831 38 23 the

1282 866 61 21 men,
1347 859 50 24 who
1409 859 56 25 have
1475 860 58 24 been
1542 862 88 30 cutting
1642 861 37 24 the
1689 862 62 29 road,
1764 864 45 23 and
1820 864 47 23 find

1282 891 50 24 that
1345 894 17 22 it
1373 894 19 23 is
1404 901 57 24 open
1474 894 31 23 all
1523 894 38 24 the
1573 902 55 23 way,
1647 903 25 15 so
1691 894 48 24 that
1758 904 46 22 you
1825 905 41 16 can

1282 930 40 26 get
1327 934 35 17 .on
1376 934 50 16 now
1444 934 54 23 very
1517 927 51 23 well
1585 928 94 23 without
1700 936 43 23 any
1755 930 112 31 difficulty

1284 963 22 18 to
1319 967 41 15 our
1370 960 64 30 place
1441 959 149 32 (Taranaki,)
1599 961 24 22 in
1634 961 62 24 three
1704 962 63 31 days,
1776 962 91 31 (mean-

1282 991 42 30 ing
1335 1000 32 16 we
1380 1000 104 24 presume
1497 993 58 23 from
1575 993 149 32 Wanganui,)
1735 995 50 24 first
1802 997 65 30 night

1283 1029 23 18 to
1319 1025 71 24 Patea
1402 1034 25 15 or
1439 1026 115 30 Waimati,
1567 1028 82 22 second
1667 1028 66 30 night
1747 1033 22 19 to
1782 1029 83 30 Waka,

1283 1058 60 24 third
1355 1058 42 32 day
1411 1059 129 31 Hourangi.
1578 1059 40 23 We
1632 1060 56 24 have
1700 1061 43 23 had
1755 1062 112 24 beautiful

1283 1092 98 23 weather
1392 1092 57 23 until
1461 1100 33 15 we
1512 1098 42 25 got
1562 1092 62 28 here,
1637 1094 37 23 the
1685 1087 76 39 *sheep
1776 1103 14 15 a
1808 1095 59 24 little

1282 1124 107 24 knocked
1401 1133 37 24 up,
1450 1125 43 23 but
1504 1125 44 24 will
1560 1126 72 23 travel
1651 1127 68 23 much
1735 1127 80 25 slower
1830 1130 36 22 for

1284 1157 37 24 the
1332 1159 126 22 remainder
1477 1158 26 24 of
1517 1158 37 24 the
1571 1158 105 32 journey.
1714 1160 12 23 I
1742 1161 58 24 have
1812 1158 54 28 seeii

1282 1198 14 14 a
1307 1190 58 24 little
1378 1192 24 22 of
1418 1192 37 22 the
1476 1197 95 25 country
1581 1193 81 28 round,
1675 1194 44 27 ajid
1736 1194 48 24 find
1803 1203 62 16 some

1283 1223 109 24 beautiful
1410 1225 93 31 patches
1523 1225 44 23 and
1584 1226 81 30 capital
1689 1228 96 31 grazing
1802 1228 61 24 land.

1282 1256 122 32 Rangitiki
1414 1259 18 22 is
1445 1259 37 22 the
1494 1259 67 23 finest
1571 1258 51 24 feed
1633 1259 30 23 all
1674 1261 64 22 down
1745 1261 38 24 the
1794 1267 69 24 coast,

1282 1290 44 23 and
1340 1291 72 23 would
1423 1291 68 24 make
1503 1300 13 15 a
1528 1292 81 30 capital
1628 1294 134 23 out-station
1773 1294 36 24 for
1820 1303 45 23 you

1282 1331 25 15 or
1319 1331 43 23 any
1374 1332 43 15 one
1428 1324 55 24 else.
1513 1324 75 24 There
1601 1332 37 16 are
1650 1331 43 19 two
1705 1326 159 26 Lincolnshire

1282 1356 96 23 farmers
1388 1358 82 22 named
1483 1357 154 30 Hur6thouse,
1651 1359 49 23 who
1712 1360 56 23 have
1785 1362 79 30 joined

1282 1397 41 15 our
1336 1390 102 23 Caravan
1452 1395 25 19 to
1498 1399 37 15 see
1556 1390 123 30 Taranaki,
1693 1393 44 23 and
1756 1398 23 18 to
1799 1395 65 23 settle

1282 1423 63 23 there
1362 1423 21 23 if
1398 1423 52 31 they
1470 1423 49 24 like
1536 1424 26 23 it.
1597 1423 45 24 We
1660 1425 57 24 shall
1736 1426 28 23 do
1782 1427 31 24 all
1832 1435 32 16 we

1282 1463 42 16 can
1337 1461 21 18 to
1370 1456 80 23 iuduce
1462 1456 62 24 them
1536 1461 22 19 to
1571 1456 28 24 do
1611 1465 33 22 so,
1656 1458 73 24 which
1740 1459 14 23 I
1766 1468 98 24 suppose

1282 1488 21 24 L
1339 1488 14 24 d
1387 1497 23 15 m
1428 1489 45 23 will
1493 1490 42 23 call
1555 1498 14 15 a
1588 1498 51 16 case
1660 1493 25 22 of

1282 1521 50 24 Too
1344 1523 68 23 much
1430 1524 75 29 praise
1524 1528 80 18 cannot
1624 1525 29 23 be
1671 1525 112 25 bestowed
1803 1534 62 25 upon

1282 1562 44 23 any
1338 1556 127 30 gentleman
1479 1557 49 22 who
1547 1557 51 22 first
1609 1558 106 23 embarks
1735 1560 23 22 in
1771 1559 38 24 the
1821 1560 41 23 ha-

1281 1588 97 24 zardous
1389 1590 125 30 enterprize
1535 1590 25 23 of
1575 1590 89 32 driving
1683 1592 66 23 cattle
1766 1593 98 32 through

1282 1629 13 15 a
1314 1622 137 29 wilderness,
1463 1623 139 30 intercepted
1621 1632 25 15 as
1667 1625 44 23 this
1731 1632 95 25 country
1844 1628 20 21 is

1281 1653 31 32 by
1323 1656 79 28 rivers,
1414 1657 98 28 ravines,
1524 1658 131 30 precipices,
1667 1666 104 23 swamps,
1785 1660 44 23 and
1840 1661 24 22 in

1282 1695 62 16 some
1355 1689 75 30 places
1448 1689 162 31 impenetrable
1630 1691 82 24 woods.
1749 1692 24 23 It
1791 1693 73 24 would

1281 1728 91 24 appear,
1393 1722 110 30 however,
1524 1722 48 23 that
1592 1724 31 30 by
1646 1724 98 32 keeping
1768 1726 96 24 towards

1282 1754 37 24 the
1341 1760 61 18 coast
1420 1755 64 24 there
1501 1757 21 22 is
1541 1763 49 16 now
1611 1764 13 16 a
1645 1757 58 24 clear
1724 1758 64 24 track
1806 1759 57 24 from

1282 1788 58 23 Port
1350 1788 135 30 Nicholson,
1495 1793 27 22 to.
1528 1790 39 25 .the
1579 1792 120 29 extremity
1709 1792 24 22 of
1742 1792 40 23 the
1795 1792 69 24 Com-

1281 1821 80 31 pany's
1373 1822 140 23 settlements
1529 1827 22 19 to
1564 1822 38 24 the
1620 1825 135 28 northward,
1768 1825 45 23 and
1831 1833 33 16 we

1282 1855 56 23 have
1349 1862 29 16 no
1390 1855 69 23 doubt
1477 1863 33 16 we
1530 1855 58 24 shall
1604 1864 56 16 soon
1678 1857 28 23 be
1727 1858 95 23 enabled
1841 1863 22 19 to

1281 1888 107 23 establish
1401 1896 13 15 a
1424 1888 91 31 regular
1530 1889 96 23 channel
1644 1889 24 23 of
1682 1890 107 24 overland
1802 1900 61 15 com-

1281 1922 137 22 munication
1429 1922 55 22 with
1497 1921 38 24 the
1547 1927 90 25 present
1655 1927 48 18 seat
1715 1924 25 22 of
1757 1924 106 24 Govern-

1281 1959 71 18 ment.
1387 1954 43 23 We
1443 1954 58 24 shall
1513 1955 28 23 be
1560 1959 59 19 most
1637 1955 74 32 happy
1724 1960 22 19 to
1768 1957 55 24 hear
1842 1958 25 23 of

1281 1987 38 22 the
1331 1987 47 23 safe
1390 1987 82 23 arrival
1483 1988 24 23 of
1522 1988 38 23 the
1571 1987 73 24 whole
1655 1994 66 26 party
1732 1994 24 18 at
1768 1990 29 23 its
1811 1990 52 24 des-

1280 2020 103 29 tination,
1397 2020 43 23 and
1451 2021 25 22 in
1496 2020 38 24 the
1554 2028 64 16 mean
1639 2022 53 23 time
1707 2028 92 25 request
1809 2023 54 32 they

1281 2053 46 23 will
1339 2061 29 19 go
1379 2061 27 15 on
1419 2054 44 22 and
1475 2061 101 19 prosper.

1314 2108 51 25 The
1377 2110 50 31 ship
1449 2110 96 24 Thomas
1565 2109 96 33 Sparks,
1674 2114 87 23 arrived
1778 2114 33 24 off
1825 2115 38 23 the

1282 2141 67 25 heads
1362 2151 28 15 on
1408 2143 113 31 Saturday
1540 2145 67 30 night
1624 2145 44 24 last
1687 2146 58 24 from
1766 2147 96 29 Nelson,

1282 2175 42 24 and
1336 2176 80 23 landed
1428 2176 39 24 the
1479 2177 53 24 mail
1546 2178 58 23 from
1623 2179 49 23 that
1689 2180 70 29 place,
1774 2180 89 24 besides

1282 2208 36 24 the
1331 2209 90 32 Sydney
1433 2210 56 23 mail
1503 2211 99 30 brought
1613 2211 30 31 by
1654 2213 38 22 the
1704 2212 158 29 Posthumous,

1282 2241 41 24 and
1343 2250 42 16 one
1405 2251 24 15 or
1448 2248 43 19 two
1508 2252 144 23 passengers.
1696 2246 51 24 The
1767 2246 97 24 Thomas

1282 2273 87 32 Sparks
1394 2276 54 24 then
1470 2277 124 30 proceeded
1618 2286 28 15 on
1667 2279 41 23 her
1730 2286 87 24 voyage
1840 2285 23 18 to

1282 2308 140 28 Valparaiso.

1313 2359 51 24 The
1374 2360 86 32 barque
1470 2361 139 32 Brougham,
1623 2364 47 24 227
1693 2368 59 23 tons,
1766 2364 97 31 Captain

1280 2392 136 30 Robertson,
1428 2399 40 26 got
1488 2395 71 23 under
1571 2404 49 22 way
1639 2404 28 16 on
1686 2397 111 31 Monday,
1818 2399 44 23 and

1280 2425 53 24 took
1345 2426 41 24 her
1397 2428 83 23 second
1492 2428 119 31 departure
1626 2430 36 23 for
1672 2430 143 31 Valparaiso,
1829 2431 34 24 for

1280 2458 38 24 the
1335 2467 97 24 purpose
1451 2461 26 23 of
1495 2462 108 31 bringing
1620 2463 59 23 back
1697 2464 58 23 flour
1774 2468 22 20 to
1818 2465 45 23 this

1280 2492 70 31 place.
1387 2493 28 24 In
1435 2494 91 32 leaving
1537 2495 37 23 the
1586 2495 105 30 harbour,
1707 2496 40 24 she
1763 2505 40 16 ran
1816 2498 47 23 foul

1280 2526 25 23 of
1331 2526 37 23 the
1390 2527 110 23 schooner
1521 2528 81 30 Ocean,
1622 2529 73 23 which
1717 2530 76 24 vessel
1815 2538 45 16 was

1280 2558 88 32 obliged
1390 2564 21 19 to
1430 2559 56 32 drop
1507 2561 83 24 anchor
1612 2561 31 24 off
1665 2562 90 24 Ward's
1774 2563 88 30 Island,

1280 2592 42 23 and
1336 2594 52 22 wait
1398 2594 34 22 for
1443 2601 14 15 a
1468 2594 138 24 favourable,
1616 2596 80 23 b.eeze
1715 2600 23 19 to
1760 2604 64 16 come
1839 2597 23 23 in

1280 2625 42 24 and
1334 2625 28 24 be
1373 2627 109 30 repaired,
1495 2627 84 31 having
1590 2629 103 23 received
1708 2630 155 24 considerable

1280 2658 102 28 damage.

1314 2710 49 24 The
1376 2711 83 31 barque
1471 2712 157 31 Posthumous,
1639 2716 47 22 389
1699 2719 58 24 tons,
1768 2715 96 32 Captain

1280 2743 93 30 Milner,
1387 2745 88 23 arrived
1488 2754 27 15 on
1528 2746 102 32 Monday
1641 2747 57 24 from
1715 2748 93 32 Sydney
1821 2748 43 24 and

1411 2778 44 23 We
1467 2779 138 24 understand
1621 2780 37 24 the
1669 2782 45 30 trip
1726 2781 43 23 has
1780 2782 84 31 proved

1280 2811 150 29 unfortunate,
1452 2820 25 15 as
1496 2813 77 30 nearly
1592 2815 52 21 nine
1667 2813 105 24 hundred
1794 2815 69 31 sheep

1280 2843 55 24 have
1348 2844 50 23 died
1410 2852 29 16 on
1451 2845 38 24 the
1505 2853 103 24 passage,
1623 2851 39 19 out
1673 2847 25 23 of
1713 2848 77 23 eleven
1802 2848 61 24 hun-

1280 2876 63 24 dred.

1281 2930 29 19 To
1317 2930 37 20 the
1361 2930 76 20 Editor
1446 2930 29 26 of
1484 2931 35 20 the
1547 2932 53 20 New
1612 2933 93 20 Zealand
1715 2933 94 26 Gazette,
1819 2935 43 20 and

1436 2958 124 25 Wellington

1307 2990 47 27 Sir,
1384 2991 53 22 Will
1446 2999 47 19 you
1502 2992 56 22 have
1568 2992 38 22 the
1616 2994 107 26 goodness
1735 2997 23 20 to
1776 2999 87 19 contra-

1280 3017 45 21 dict
1334 3018 37 21 the
1381 3020 107 20 assertion
1497 3026 25 14 or
1536 3019 134 23 insinuation
1681 3021 22 22 in
1718 3022 38 22 the
1774 3023 89 21 Colonist

1280 3044 25 21 of
1312 3044 36 21 the
1359 3044 50 23 10th
1418 3044 92 28 instant,
1597 3047 40 23 .the
1646 3048 81 26 parties
1735 3049 49 22 who
1794 3050 68 26 urged

1280 3070 36 21 the
1328 3072 142 27 n-oceedings
1480 3073 85 26 against
1575 3074 154 27 Rangihaieta,
1739 3075 65 23 knew
1815 3077 47 22 that

1281 3098 66 21 much
1361 3099 100 27 personal
1479 3099 82 27 danger
1578 3101 44 21 and
1637 3102 90 21 assured
1742 3104 121 27 pecuniary

1280 3124 42 21 loss
1331 3124 72 23 would
1420 3126 57 21 arise
1491 3126 56 22 from
1563 3127 90 27 placing
1668 3128 87 28 Hurley
1766 3130 44 21 and
1825 3130 37 22 the

1280 3150 72 23 others
1361 3159 58 20 upon
1430 3151 37 22 the
1477 3152 52 23 land
1538 3154 23 21 in
1571 3154 38 21 the
1807 3157 53 22 such

1280 3177 66 27 being
1361 3179 107 27 perfectly
1486 3182 88 19 untrue.
1612 3180 60 23 With
1688 3183 80 26 regard
1783 3187 23 17 to
1824 3184 37 22 the

1280 3204 71 27 policy
1366 3212 24 15 or
1403 3206 87 26 justice,
1506 3206 145 28 imprudence
1666 3208 45 22 and
1725 3209 137 23 inconsider-

1280 3231 100 22 atedness
1389 3233 25 20 of
1424 3232 39 22 the
1472 3240 60 15 same
1541 3234 82 26 parties
1637 3234 45 22 and
1691 3235 57 22 their
1757 3237 104 26 proceed-

1280 3257 54 27 ings,
1345 3257 36 22 the
1390 3258 75 28 public
1481 3260 87 27 opinion
1584 3262 118 26 expressed
1719 3266 24 17 at
1759 3263 37 22 the
1808 3265 52 21 time

1280 3284 22 21 of
1314 3284 37 21 the
1361 3292 132 15 occurrence
1503 3288 25 20 of
1540 3286 37 23 the
1594 3291 47 19 acts
1654 3288 23 21 in
1693 3290 109 26 question,
1814 3291 43 21 and

1280 3311 34 21 the
1331 3311 85 28 finding
1430 3312 27 21 of
1474 3312 37 22 the
1528 3313 132 23 indictment
1679 3314 29 28 by
1722 3316 38 22 the
1782 3317 77 23 Crown

1280 3337 134 29 Prosecutor,
1425 3339 82 22 render
1517 3347 43 20 any
1569 3341 99 22 remarks
1678 3342 29 21 on
1713 3342 49 22 that
1767 3344 92 27 subject,

1280 3364 9 21 I
1300 3371 35 14 am
1346 3371 56 21 sure,
1417 3373 157 21 unnecessary.

1438 3392 12 21 I
1461 3400 43 20 am,
1516 3394 39 26 Sir,

1467 3419 80 22 Your's
1556 3421 49 27 &c,

1493 3447 29 21 A.
1535 3447 33 22 De
1575 3448 29 25 .B.
1616 3448 120 28 Brandon,

1316 3471 76 27 Agent
1400 3472 35 22 for
1444 3472 38 23 the
1491 3473 54 22 land
1553 3473 33 23 let
1595 3479 23 18 to
1627 3475 88 28 Hurley
1724 3478 45 21 and
1779 3478 79 22 others.

69 127 68 32 Sale'
144 137 31 21 of
186 137 77 21 Land
277 136 29 22 in
320 137 44 20 the
374 136 105 20 Nelson
489 134 159 22 Settlement

99 170 35 6 -
145 165 11 29 I
232 163 31 21 of
278 164 68 20 New
358 157 141 26 Zealand^
526 157 8 14 *
604 166 13 20 \

70 196 127 27 rpOWN,
212 186 284 41 AgpOMMOJJATIQN,
508 186 25 30 '&
543 193 105 29 RJJRAL;

76 224 30 21 X
114 224 4 2 '
258 222 25 21 of
298 221 62 22 Land
375 220 34 22 for
425 219 54 24 Sale'
494 221 30 26 by
542 220 104 25 Auction,

68 254 23 17 at
109 249 91 26 Nelson,
214 249 66 26 being
300 248 36 21 the
354 247 127 22 remainder
502 247 27 21 of
548 247 38 21 the
607 248 41 20 200

68 276 136 21 Allotments
228 275 114 26 originally
364 273 104 23 reserved
489 273 36 23 for
548 273 100 22 Colonial

67 302 137 27 purchasers.

93 334 48 22 The
158 334 68 21 above
241 332 136 22 Allotments
392 332 79 21 consist
481 332 25 21 of
520 331 61 22 three
596 332 51 22 Sec-

67 360 65 25 tions,
143 361 68 20 viz.
215 360 50 21 One
275 360 59 21 Acre
343 359 26 20 of
380 358 70 23 Town
460 358 71 27 Land,
541 360 27 19 50
578 359 69 21 Acres

67 388 26 21 of
106 386 115 23 Suburban
237 385 74 26 LandJ;'
328 385 43 22 and
378 407 3 3 .
390 386 40 21 150
439 407 3 8 ,
449 385 71 21 Acres
539 385 25 21 of
579 384 67 22 Rural

67 413 69 22 Land.
165 413 47 21 The
227 412 107 22 Sections,
343 416 22 17 to
380 412 35 21 be.
423 415 41 24 put
473 418 30 20 up
515 411 130 28 separately,

67 440 55 21 after
131 439 43 22 due
184 440 80 24 notice,
275 442 23 17 to
310 438 43 22 suit
361 438 135 27 purchasers,
509 441 23 18 at
545 445 29 14 an
584 442 62 22 upset

67 466 65 47 Srice,
144 465 119 26 according
278 468 23 18 to
313 464 57 21 their
379 464 115 22 estimated
505 464 70 26 value,
586 468 22 17 to
618 464 27 21 be

82 492 78 22 ecided
168 499 60 19 upon
238 492 30 26 by
277 491 37 22 the
322 491 132 27 Company's
461 492 77 25 Agent
546 491 100 27 previous

67 522 19 18 to
98 518 36 23 the
146 519 56 21 Sale.

68 564 3 6 .
85 551 77 26 -Many
178 550 26 21 of
218 550 62 22 these
299 550 98 22 Sections
416 549 57 22 have
491 550 57 21 been
565 549 81 22 chosen

67 577 65 26 early,
144 577 46 21 and
204 584 36 14 are
256 579 101 23 amongst
372 576 37 21 the
424 576 49 21 best
486 576 24 21 in
525 576 37 21 the
572 576 74 21 settle-

67 607 64 18 ment.
138 615 3 10 >.
160 604 47 21 The
204 626 5 7 t
223 603 198 22 Accommodation
437 602 53 22 land
499 603 20 21 is
534 602 114 28 generally,

67 630 73 22 within
154 631 28 21 20
198 629 63 22 miles
270 630 26 20 of
308 629 36 22 the
355 630 76 25 Town,
447 629 44 22 and
507 632 57 18 most
574 629 25 21 of
608 628 38 22 the

67 656 98 22 Sections
174 664 37 14 are
222 656 126 26 accessible,
352 659 21 18 to
384 663 13 14 a
407 655 61 28 dray,
479 663 27 17 or,
513 656 133 25 ha.ye.water

67 681 185 23 communication
263 686 22 18 to
294 682 77 22 within
381 689 14 14 a
404 682 61 22 short
474 682 104 22 distance.

254 717 102 22 Aiithur
371 716 149 27 Wakefield,

127 743 57 22 New
193 743 100 22 Zealand
303 744 134 27 Company's
447 743 108 22 Resident
564 744 80 27 Agent,

339 770 93 21 Nelson.

91 796 80 22 March
183 798 31 21 14,
227 798 59 20 1843.

65 841 160 33 f^EORGE
249 841 115 22 BRIGGS
385 841 53 27 begs
461 845 23 18 to
506 842 82 21 inform
607 841 37 22 the

65 863 53 27 \JT
145 871 78 23 gentry
243 868 42 21 and
301 867 137 22 inhabitants
458 868 24 21 of
499 868 144 27 Wellington,

62 894 48 22 that
116 894 30 22 he
156 894 40 21 has
205 894 67 22 taken
288 894 36 21 the
339 894 70 22 Hotel
423 894 66 27 lately
501 894 105 26 occupied
615 894 29 28 by

62 921 43 22 Mr.
123 921 83 27 Lodge,
223 925 24 17 at
265 920 45 22 Kai
327 920 85 26 Warra,
425 921 71 22 which
515 922 28 21 he
557 922 87 27 opened

62 948 124 26 yesterday,
186 948 4 7 1
210 948 110 26 Tuesday,
345 948 80 21 March
447 948 37 21 the
515 948 58 26 14th,
600 948 44 21 and

62 978 67 18 trusts
139 974 29 27 by
178 977 59 18 atten
242 974 52 27 tion,
305 974 43 22 and
357 974 85 27 having
456 974 81 28 always
548 982 28 14 on
586 974 58 22 hand

63 1000 77 23 Wines
151 1001 42 21 and
205 1001 78 27 Spirits
300 1000 25 22 of
339 1000 38 23 the
393 1008 53 20 very
457 1002 48 21 best
515 1001 91 27 quality,
621 1005 23 18 to

63 1028 66 21 merit
139 1035 12 14 a
160 1028 64 21 share
235 1028 25 21 of
268 1027 56 22 their
332 1031 97 24 support.

88 1059 28 21 G.
128 1059 77 26 Briggs
223 1058 88 22 intends
328 1059 107 26 finishing
450 1059 37 22 the
505 1059 76 27 house,
599 1060 45 21 and

62 1085 124 27 furnishing
200 1086 18 21 it
231 1086 23 21 in
266 1086 104 21 first-rate
380 1086 62 27 slyle,
453 1087 22 21 in
485 1086 38 21 the
536 1093 76 15 course
622 1087 23 21 of

62 1118 13 15 a
91 1113 42 21 few
149 1112 78 27 weeks,
245 1112 51 27 and,
312 1112 23 21 in
354 1112 38 22 the
407 1120 64 14 mean
486 1113 73 26 while,
579 1120 65 20 every

62 1139 102 26 requisite
182 1141 108 19 attention
305 1139 45 21 will
364 1139 28 21 be
408 1139 51 28 paid
469 1143 22 17 to
503 1139 36 22 the
551 1140 94 22 comfort

62 1165 23 21 of
91 1165 38 22 the
139 1165 81 28 public.

88 1198 79 22 March
179 1200 33 23 11,
223 1200 61 20 1843.
