2510 3999
2025 2604 72 18 Parva
2107 2607 131 21 componere

1920 2634 89 31 Things
2020 2642 37 16 are
2068 2638 65 27 great
2144 2642 24 16 or
2178 2635 57 23 little
2246 2635 32 30 by
2286 2636 183 30 comparison.—

1886 2667 88 24 Events
1994 2668 92 23 become
2105 2668 122 30 important
2250 2668 120 31 according
2390 2674 22 17 to
2432 2668 36 23 the

1887 2701 163 23 circumstance
2070 2701 48 23 that
2138 2708 50 23 may
2211 2701 101 31 precede,
2338 2701 84 29 attend,
2445 2708 24 16 or

1886 2734 74 23 follow
1971 2734 71 24 them.

1921 2767 30 23 In
1963 2767 117 31 England,
2093 2767 39 23 the
2141 2767 63 24 Lord
2216 2767 89 32 Mayor,
2316 2767 45 24 and
2369 2768 98 24 Citizens

1887 2800 24 23 of
1928 2800 97 24 London
2043 2801 66 28 have,
2128 2809 30 15 on
2175 2809 42 16 one
2236 2802 112 28 occasion,
2370 2800 45 24 had
2432 2800 36 23 the

1886 2833 89 24 honour
1986 2833 25 23 of
2027 2834 151 31 entertaining
2191 2834 39 24 the
2243 2834 62 31 Holy
2324 2834 103 24 Alliance
2446 2832 25 24 of

1887 2866 38 24 the
1938 2866 94 26 Crowed
2045 2866 82 24 Heads
2134 2868 25 22 of
2166 2867 103 31 Europe.
2304 2867 52 29 We,
2368 2868 24 22 in
2403 2866 65 23 hum-

1886 2899 37 23 ble
1935 2900 112 22 imitation
2058 2899 27 23 of
2098 2899 38 23 the
2147 2900 51 23 first
2217 2900 124 31 Corporate
2361 2900 66 30 Body
2443 2899 23 23 in

1886 2932 38 23 the
1936 2932 88 28 World,
2037 2932 84 23 thanks
2137 2937 22 18 to
2174 2932 38 23 the
2220 2932 80 23 liberal
2310 2932 129 31 hospitality
2446 2931 26 24 of

1886 2972 41 16 our
1948 2965 156 30 Corporation,
2121 2971 57 16 were
2199 2965 94 23 enabled
2312 2970 24 18 to
2356 2966 55 22 offer
2429 2971 40 17 our

1886 2998 83 23 tribute
1981 2997 26 23 of
2016 3002 89 26 respect
2114 3001 21 18 to
2148 2997 38 22 the
2197 2999 187 29 representatives
2398 2998 25 23 of
2431 2997 37 24 the

1886 3030 91 24 French
1988 3030 86 28 nation,
2083 3030 24 22 in
2118 3030 63 23 these
2191 3038 41 15 our
2243 3030 114 23 Southern
2369 3031 98 30 regions,

1885 3063 24 24 in
1927 3063 39 23 the
1979 3070 95 24 persons
2094 3063 25 23 of
2133 3063 99 23 Messrs.
2252 3063 38 23 the
2310 3063 157 28 Commodore,

1886 3096 44 24 and
1942 3096 38 23 the
1999 3096 89 23 officers
2107 3095 25 24 of
2146 3096 38 23 the
2203 3096 89 23 French
2313 3097 154 27 man-of-war,

1886 3129 112 24 stationed
2012 3129 33 23 off
2060 3129 87 23 Banks'
2167 3129 126 23 Peninsula
2309 3130 36 23 for
2361 3129 39 23 the-

1886 3164 84 22 tection
1977 3162 26 24 of
2011 3162 58 24 their
2078 3163 153 30 enterprizing
2237 3167 148 26 countrymen
2391 3160 76 25 settled

1886 3197 24 23 in
1921 3196 50 24 that
1982 3195 96 25 district.

1920 3229 40 24 On
1971 3228 145 32 Wednesday
2123 3228 51 30 last,
2184 3229 39 24 the
2231 3229 115 31 following
2354 3228 112 25 Members

1887 3263 24 23 of
1926 3263 38 23 the
1983 3263 149 30 Corporation
2152 3266 35 19 sat
2206 3262 65 24 down
2285 3267 24 19 to
2319 3270 30 16 an
2360 3261 106 25 excellent

1886 3296 87 28 dinner,
1986 3295 80 24 served
2077 3303 32 23 up
2126 3301 23 17 at
2167 3295 111 24 Barrett's
2295 3296 81 28 Hotel,
2396 3293 67 24 which

1886 3336 45 16 was
1939 3329 63 23 fitted
2015 3336 29 23 up
2056 3328 55 23 with
2121 3335 13 16 a
2145 3327 48 23 rich
2204 3329 85 30 variety
2301 3329 26 23 of
2342 3336 41 16 our
2394 3327 70 23 native

1886 3362 83 23 shrubs
1980 3362 45 23 and
2038 3361 94 28 (lowers,
2145 3360 118 25 enlivened
2274 3362 30 30 by
2316 3361 38 24 the
2370 3357 94 28 national

1886 3395 89 23 colours
1987 3395 27 23 of
2028 3394 37 23 the
2078 3399 43 17 two
2132 3394 99 24 nations.

1919 3427 34 24 At
1964 3428 37 23 six
2019 3427 88 24 o'clock
2124 3427 120 31 precisely,
2264 3427 35 24 his
2315 3428 95 30 worship
2427 3425 34 23 the

1886 3460 83 32 Mayor
1980 3460 92 24 entered
2084 3459 38 23 the
2134 3460 107 31 Banquet
2252 3460 83 29 Room,
2347 3465 113 24 accompa-

1885 3495 52 22 nied
1957 3494 28 30 by
2005 3493 120 23 Monsieur
2147 3493 38 23 the
2202 3493 149 24 Commodore
2373 3489 87 29 Berard,

1885 3527 44 23 and
1946 3526 102 24 followed
2066 3525 32 31 by
2118 3525 38 24 the
2175 3526 64 24 other
2260 3527 112 24 members
2390 3525 22 23 of
2426 3524 34 23 the

1886 3560 148 30 Corporation
2045 3559 43 22 and
2100 3557 59 25 their
2169 3564 87 26 guests,
2269 3567 24 16 as
2304 3559 50 24 well
2363 3566 25 16 as
2398 3561 62 24 many

1884 3593 26 23 of
1925 3593 38 23 the
1982 3592 101 23 resident
2100 3592 99 26 settlers.
2207 3592 27 24 of
2255 3592 44 26 this
2318 3588 141 31 Townj...who

1884 3625 117 24 honoured
2019 3625 39 22 the
2079 3632 109 24 company
2205 3625 56 24 with
2274 3625 60 25 their
2351 3628 107 28 presence,

1884 3658 49 24 that
1942 3659 20 22 is
1974 3662 23 19 to
2006 3665 48 24 say,
2067 3656 63 25 there
2142 3665 58 16 were
2201 3670 34 5 —

1919 3690 46 24 His
2148 3691 83 31 Mayor
2240 3692 25 22 in
2272 3691 39 23 the
2321 3689 75 28 Chair,
2408 3694 49 23 sup-

1884 3722 80 33 ported
1974 3731 31 16 on
2022 3723 39 24 the
2072 3723 62 32 right
2151 3724 31 30 by
2194 3723 38 24 the
2245 3722 153 28 Commodore,
2417 3717 40 26 and

1885 3764 30 17 on
1921 3756 44 27 .the
1984 3756 41 24 left
2042 3756 30 31 by
2083 3757 38 23 the
2138 3757 58 23 New
2215 3756 101 25 Zealand
2327 3751 129 34 Company's

1885 3789 117 31 Principal
2018 3789 87 31 Agent,
2126 3789 51 24 Col.
2190 3788 135 29 Wakefield,
2345 3788 38 23 the
2398 3785 59 24 other

1886 3823 98 23 Officers
1992 3821 25 24 of
2020 3822 41 24 the
2069 3822 99 31 Frigate,
2177 3821 118 30 according
2301 3825 24 19 to
2332 3820 57 24 their
2396 3816 61 28 rank,

1886 3860 23 20 to
1925 3855 39 24 the
1979 3855 64 30 right
2062 3855 44 24 and
2122 3855 41 24 left
2179 3855 26 22 of
2220 3854 39 23 the
2276 3854 77 23 Chair.
2388 3851 72 24 Ther*

1886 3896 57 17 were
1959 3891 92 28 present
2070 3888 86 24 besides
2170 3886 63 31 eight
2244 3886 25 24 of
2275 3886 46 28 .the
2331 3885 124 24 Aldermen,

1886 3921 117 30 including
2021 3921 64 23 three
2097 3921 97 23 Justices
2205 3919 26 23 of
2236 3924 4 23 ;
2247 3919 38 23 the
2297 3919 80 29 Peace,
2389 3914 56 26 G..S
2445 3928 10 13 3

1275 123 97 23 transfer
1383 123 25 22 of
1418 131 13 15 a
1441 123 58 24 Will
1510 125 20 22 o'
1543 125 37 22 the
1592 124 75 32 Wisp,
1677 125 75 31 might
1762 125 28 23 be
1801 133 54 16 con-

1274 155 77 23 verted
1368 156 48 23 into
1429 164 13 15 a
1452 164 71 23 paper
1542 157 113 29 lanthern,
1668 162 23 18 to
1710 161 34 19 set
1762 158 58 23 forth
1832 163 23 18 to

1274 187 38 24 the
1324 187 51 24 best
1396 189 123 30 advantage
1538 190 37 23 the
1592 192 51 21 true'
1660 190 115 23 character
1825 191 31 22 all

1265 226 114 25 -property
1391 222 100 23 referred
1503 226 22 19 to
1538 223 23 23 in
1572 223 27 23 it;

1308 253 65 23 Thus
1385 254 55 23 ends
1451 262 42 16 our
1504 259 154 27 commentary
1669 262 31 16 on
1709 255 67 24 Class
1786 258 23 21 2.

1307 285 43 24 We
1363 293 50 16 now
1425 294 63 17 come
1498 292 23 19 to
1535 288 66 23 Class
1613 290 14 22 3—3
1629 300 35 4 —

1307 318 138 32 Preserving
1463 320 39 23 the
1521 321 109 23 beautiful
1650 321 66 23 chain
1733 321 25 23 of
1773 321 81 31 Legis-

1273 351 67 23 lative
1359 352 139 31 uniformity,
1518 353 45 23 and
1582 354 38 22 the
1639 353 110 31 harmony
1768 353 24 24 of
1817 354 38 23 the

1273 389 93 24 system,
1387 392 33 16 we
1437 385 49 23 find
1504 385 38 24 the
1563 385 131 24 Ordinance
1715 391 22 18 to
1749 386 106 24 facilitate

1274 416 37 23 the
1323 417 95 24 transfer
1431 417 25 23 of
1472 418 47 23 real
1530 424 113 25 property,
1657 419 43 22 and
1712 423 23 18 to
1756 420 100 30 simplify

1274 449 37 23 the
1320 450 43 23 law
1375 450 97 31 relating
1477 450 87 24 thereto
1571 451 143 30 suspended;
1728 452 44 23 and
1784 452 72 24 would

1273 483 55 22 form
1342 490 28 16 an
1383 485 141 29 appropriate
1538 484 39 23 tail
1585 490 21 17 to
1617 485 37 22 the
1664 492 68 23 paper
1740 485 113 24 lanthern.

1274 514 49 23 The
1335 516 52 30 only
1401 517 96 23 transfer
1516 517 26 23 of
1556 518 47 22 real
1622 522 114 26 property,
1758 517 48 23 that
1823 525 32 15 we

1273 547 58 25 have
1343 550 148 29 experienced
1501 551 60 27 here,
1573 550 70 30 being
1656 558 62 15 some
1730 550 123 23 thousands

1274 581 24 22 of
1312 580 56 24 hard
1381 582 53 23 cash
1445 583 57 23 from
1515 583 37 23 the
1564 582 95 31 pockets
1670 583 26 23 of
1710 583 39 23 the
1768 584 87 22 settlers

1274 617 22 19 to
1304 613 130 30 Auckland,
1444 619 23 19 to
1475 615 63 24 build
1545 616 36 23 his
1589 615 159 31 Excellency's
1756 616 99 29 kitchen,

1273 646 44 23 and
1329 651 23 18 to
1364 648 107 23 maintain
1483 648 37 23 his
1532 648 88 31 dignity
1630 649 46 23 and
1687 650 90 23 station.

1307 679 51 24 The
1370 686 55 18 next
1441 681 21 23 is
1480 689 13 15 a
1511 688 53 24 very
1583 681 93 23 ticklish
1694 683 110 30 question,
1823 690 33 15 we

1274 712 43 30 beg
1327 717 41 18 not
1379 718 22 17 to
1411 714 27 23 be
1450 714 135 23 understood
1596 722 24 15 as
1632 717 108 28 meaning
1759 715 28 31 by
1807 716 50 22 that

1274 746 131 29 expression
1423 746 126 31 laughable.
1550 760 33 4 —
1584 747 24 23 It
1619 748 20 22 is
1652 756 28 14 an
1693 748 128 23 Ordinance
1834 753 22 18 to

1273 778 81 23 render
1366 780 85 22 certain
1462 780 123 30 marriages
1596 779 71 24 valid.
1704 780 43 24 We
1759 781 56 23 have
1827 789 28 15 no

1273 810 77 29 doubt,
1363 811 40 23 her
1415 817 59 18 most
1486 812 112 24 Gracious
1611 813 101 31 Majesty
1723 813 44 24 had
1780 815 23 21 in
1816 815 41 22 her

1272 843 83 24 mind's
1367 852 48 22 eye,
1429 845 37 23 the
1476 845 37 23 old
1526 846 68 30 adage
1596 858 33 4 —
1655 847 49 22 'Tis
1716 848 140 30 expectation

1273 876 79 24 makes
1364 885 14 14 a
1389 878 102 30 blessing
1604 879 51 28 and,
1679 880 117 28 therefore,
1815 880 41 22 has

1272 909 97 31 thought
1381 911 25 22 fit
1416 915 22 18 to
1450 910 59 31 keep
1521 911 29 22 all
1561 911 38 23 the
1612 913 145 22 unfortunate
1766 913 90 30 couples

1273 942 49 25 jvho
1344 942 55 23 have
1422 942 92 24 entered
1535 944 48 23 into
1608 944 37 23 the
1667 944 54 31 holy
1744 945 70 23 bands
1834 945 26 23 of

1274 976 142 29 matrimony,
1436 976 71 23 under
1535 976 64 24 these
1628 977 103 23 doubtful
1760 979 95 22 circum-

1274 1014 96 22 stances,
1387 1010 24 21 in
1429 1008 40 23 hot
1490 1013 68 20 water
1568 1018 7 20 ;
1599 1009 35 23 for
1657 1010 47 23 fear
1728 1010 57 23 their
1807 1011 49 22 love

1273 1041 81 23 should
1364 1041 57 23 have
1432 1041 77 23 cooled
1518 1041 71 24 under
1596 1042 38 23 the
1643 1043 94 30 chilling
1744 1043 111 24 influence

1274 1074 24 23 of
1329 1074 36 23 his
1394 1074 160 32 Excellency's
1583 1075 89 24 doubts.
1675 1088 34 4 —
1710 1076 63 24 Here
1802 1077 54 23 ends

1274 1107 67 23 Class
1355 1109 25 21 3.

1307 1139 35 23 As
1354 1140 93 30 regards
1461 1140 66 24 Class
1539 1142 22 26 4,
1575 1142 79 30 seeing
1664 1142 50 23 that
1732 1142 53 31 they
1805 1142 52 23 tend

1273 1174 23 22 in
1319 1181 30 15 an
1372 1174 105 22 essential
1498 1174 80 31 degree
1599 1179 21 18 to
1642 1175 37 23 the
1702 1180 92 26 support
1814 1175 41 24 and

1274 1207 165 23 maintainance
1452 1207 25 23 of
1491 1207 41 23 her
1544 1207 109 31 Majesty,
1668 1208 41 23 her
1723 1208 79 23 Crown
1814 1209 43 22 and

1274 1238 94 31 dignity,
1381 1247 29 15 no
1422 1239 59 32 body
1493 1240 64 23 could
1571 1240 70 24 doubt
1653 1241 37 23 the
1704 1242 115 31 propriety
1832 1243 27 21 of

1274 1271 40 23 her
1332 1271 113 24 Gracious
1465 1273 146 31 approbation
1633 1274 24 23 of
1681 1282 29 15 an
1729 1274 127 24 Ordinance

1274 1304 35 23 for
1326 1306 129 29 regulating
1477 1306 37 22 the
1538 1306 46 23 sale
1611 1307 25 23 of
1660 1306 125 24 fermented
1813 1308 44 22 and

1274 1338 122 30 spirituous
1416 1339 94 29 liquors,
1532 1339 44 22 and
1595 1339 95 31 thereby
1711 1341 145 30 recognizing

1274 1370 37 23 the
1322 1370 82 31 liberty
1417 1372 24 22 of
1457 1372 38 23 the
1507 1372 97 31 subject,
1617 1373 22 23 in
1653 1373 37 23 the
1702 1374 155 22 unrestrained

1274 1403 134 31 indulgence
1420 1405 24 22 in
1456 1405 39 23 the
1507 1406 157 30 consumption
1677 1406 25 23 of
1717 1405 38 24 the
1764 1406 61 31 juice
1835 1407 24 22 of

1274 1436 38 23 the
1319 1444 78 24 grape,
1411 1437 44 23 and
1467 1438 38 23 the
1517 1443 87 18 extract
1614 1439 26 22 of
1655 1438 37 24 the
1704 1438 62 24 malt.

1309 1469 29 23 In
1359 1470 37 23 the
1420 1476 56 18 next
1498 1475 43 24 act,
1560 1479 32 15 we
1615 1473 118 29 recognize
1752 1472 37 23 the
1808 1476 49 19 true

1274 1502 120 31 principles
1416 1504 25 22 of
1456 1511 67 16 cause
1542 1504 43 23 and
1605 1504 65 23 effect
1671 1517 33 4 —
1705 1506 78 29 seeing
1800 1505 55 29 that,

1274 1535 71 23 under
1357 1541 40 18 otir
1410 1536 78 24 Police
1500 1537 42 23 and
1555 1537 126 31 Licensing
1691 1537 63 30 laws,
1772 1546 31 15 we
1819 1546 37 15 are

1273 1568 67 23 liable
1361 1574 22 17 to
1403 1569 85 31 sundry
1505 1570 65 30 pains
1591 1570 45 23 and
1654 1570 118 31 penalties,
1785 1571 71 23 which

1275 1609 36 15 are
1323 1606 23 18 to
1357 1602 28 23 be
1398 1603 158 30 compensated
1572 1603 35 23 for
1620 1603 25 23 in
1657 1611 52 15 case
1721 1603 26 23 of
1761 1604 56 23 need
1827 1604 30 31 by

1275 1634 36 23 the
1331 1635 48 23 sale
1403 1635 34 23 of-
1452 1635 37 24 ihe
1509 1636 69 31 goods
1599 1636 43 23 and
1660 1636 96 23 chattels
1773 1637 25 23 of
1818 1637 39 23 her

1275 1667 121 31 Majesty's
1411 1669 82 30 unruly
1512 1668 43 24 and
1573 1668 141 24 disobedient
1728 1670 58 31 leige
1803 1671 54 22 sub-

1271 1700 58 31 jects
1340 1709 5 20 ;
1357 1701 96 31 nothing
1464 1701 67 24 ould
1539 1702 28 23 be
1579 1709 26 16 so
1617 1709 81 24 proper
1710 1710 25 15 as
1747 1703 110 30 licensing

1274 1741 94 23 persons
1386 1734 92 24 learned
1498 1736 25 22 in
1542 1734 36 24 the
1597 1736 57 22 craft
1673 1741 22 17 to
1707 1736 43 23 sell
1761 1736 36 22 the
1810 1737 47 23 said

1274 1767 56 30 good
1345 1767 43 22 and
1401 1767 104 24 chatties.

1307 1800 44 23 We
1364 1808 50 16 now
1427 1809 63 15 come
1502 1805 22 20 to
1534 1802 37 23 the
1588 1802 46 24 last
1654 1802 74 29 Class,
1749 1803 66 23 Class
1833 1805 23 24 5,

1272 1832 69 31 being
1353 1834 66 23 Class
1432 1834 106 30 General,
1551 1843 24 14 or
1588 1835 111 31 speaking
1717 1836 25 23 in
1761 1844 14 15 a
1794 1836 63 23 mili-

1275 1870 47 26 tary
1336 1874 66 16 sense
1404 1880 31 3 —
1438 1867 99 24 General
1549 1868 73 24 Class.

1273 1918 6 4 .
1309 1899 50 24 The
1371 1901 49 23 first
1432 1901 71 23 under
1516 1901 43 23 this
1572 1901 57 24 head
1641 1903 19 21 is
1674 1906 21 18 to
1707 1903 92 29 appoint
1806 1909 50 16 cer-

1273 1933 46 22 tain
1338 1932 199 30 Commissioners,
1555 1934 55 23 with
1628 1936 84 21 certain
1728 1943 87 22 powers
1834 1939 22 19 to

1273 1966 110 23 examine,
1389 1967 43 22 and
1445 1972 76 25 report
1532 1975 29 15 on
1572 1972 78 25 grants
1664 1967 26 23 of
1701 1967 52 24 land
1764 1969 23 21 in
1800 1968 55 23 New

1266 1997 115 29 'Zealand,
1395 2000 42 21 and
1450 2003 22 19 to
1485 2000 86 21 declare
1584 2000 29 21 all
1626 2000 65 22 other
1704 2000 59 23 titles
1776 2005 81 25 except

1274 2030 63 22 those
1356 2030 92 24 allowed
1463 2031 32 30 by
1505 2031 38 23 the
1556 2031 91 29 Crown,
1666 2032 48 22 null
1733 2033 42 22 and
1793 2033 61 23 void.

1274 2062 42 23 We
1329 2064 109 30 certainly
1450 2071 37 16 are
1505 2064 97 31 puzzled
1622 2069 22 18 to
1657 2070 95 17 account
1768 2064 34 23 for
1821 2065 36 23 the

1272 2096 181 24 non-allowance
1465 2097 26 23 of
1508 2097 37 23 the
1564 2097 78 28 above,
1661 2098 78 30 seeing
1750 2097 47 24 that
1819 2098 38 23 the

1276 2129 188 24 Commissioners
1473 2130 128 23 nominated
1609 2130 70 23 under
1687 2132 29 21 its
1723 2131 133 30 provisions,

1274 2169 37 16 are
1319 2162 123 24 confirmed
1450 2163 23 23 in
1485 2163 57 23 their
1550 2163 175 31 appointments,
1734 2164 43 23 and
1784 2164 48 23 that
1844 2172 14 15 a

1274 2195 59 23 third
1354 2195 177 24 Commissioner
1553 2197 46 22 had
1615 2197 89 22 arrived
1724 2197 53 23 here
1799 2198 58 22 from

1274 2226 75 26 home.
1385 2229 47 23 But
1444 2230 18 22 it
1480 2237 50 23 may
1539 2230 29 22 be
1580 2229 49 23 that
1646 2230 41 23 her
1705 2230 100 31 Majesty
1817 2230 40 23 has

1274 2261 55 23 been
1350 2262 107 30 studying
1469 2263 64 22 those
1550 2263 111 23 beautiful
1673 2263 57 23 lines
1743 2264 24 22 of
1782 2264 74 23 Alex-

1275 2294 68 23 ander
1354 2295 102 28 Selkirk,
1470 2295 98 24 wherein
1580 2296 28 22 he
1621 2304 53 22 says
1682 2304 6 15 :
1691 2308 33 4 —

1325 2325 11 21 I
1348 2333 34 15 am
1394 2327 104 21 monarch
1510 2328 25 20 of
1540 2327 31 21 all
1581 2327 11 21 I
1603 2334 87 20 survey,

1323 2352 42 27 My
1373 2353 59 26 right
1443 2353 59 21 there
1513 2354 18 21 is
1540 2360 59 14 none
1610 2353 52 21 dare
1672 2354 94 27 dispute.

1323 2379 67 21 From
1401 2379 36 22 the
1448 2384 75 17 centre
1534 2380 29 21 all
1572 2380 72 22 round
1655 2384 22 18 to
1688 2381 36 21 the
1735 2388 43 19 sea,

1325 2405 11 21 I
1347 2413 35 14 am
1394 2406 100 22 Mistress
1505 2408 25 20 of
1536 2407 52 26 flax,
1599 2407 54 27 pigs,
1666 2407 44 22 and

1307 2433 47 24 But
1373 2435 112 22 whatever
1502 2444 52 21 may
1566 2436 28 22 be
1613 2436 38 22 the
1669 2435 72 24 result
1757 2436 25 23 of
1799 2436 59 23 their

1272 2466 100 30 labours,
1393 2469 20 22 is
1425 2473 24 18 at
1465 2473 91 25 present
1573 2473 83 19 matter
1668 2469 25 22 of
1708 2469 84 30 perfect
1803 2477 54 15 con-

1270 2500 96 31 jecture,
1389 2501 45 23 and
1456 2501 162 31 consequently
1639 2502 18 22 it
1683 2506 94 19 matters
1799 2502 58 23 little

1273 2534 58 23 what
1342 2534 21 23 is
1375 2533 36 24 the
1423 2534 46 23 fate
1482 2534 25 23 of
1517 2535 35 23 the
1564 2536 54 27 Act,
1632 2534 71 24 under
1716 2535 76 23 which
1804 2536 54 29 they

1273 2566 52 24 hold
1338 2567 59 23 their
1409 2567 73 29 office,
1500 2575 26 16 as
1537 2568 59 23 their
1607 2568 87 23 several
1705 2568 101 29 salaries,
1819 2576 38 15 are

1273 2604 37 19 not
1330 2599 125 31 dependent
1475 2608 58 22 upon
1551 2600 39 24 the
1609 2602 154 23 co-existence
1775 2603 24 22 of
1818 2602 37 23 the

1274 2632 129 24 Ordinance
1415 2633 69 24 itself.

1305 2666 51 23 The
1368 2671 54 18 next
1441 2667 22 22 in
1482 2668 105 27 rotation,
1605 2675 38 16 are
1655 2666 38 25 the
1712 2668 145 23 unfortunate

1274 2699 107 23 Harbou.-
1399 2699 89 23 Master
1498 2700 44 23 and
1555 2700 81 29 Pilots,
1657 2701 48 23 who
1724 2701 18 23 it
1760 2708 97 24 appears

1272 2739 37 16 are
1330 2732 126 30 suspended
1476 2733 98 24 between
1589 2734 58 23 wind
1667 2734 44 23 and
1731 2739 76 24 water,
1825 2742 33 15 no

1272 2765 103 23 enviable
1396 2766 115 29 situation,
1532 2774 33 15 we
1587 2774 41 16 can
1647 2774 78 17 assure
1737 2767 40 23 her
1794 2767 64 24 Most

1273 2798 111 23 Gracious
1404 2798 110 32 Majesty,
1531 2800 146 31 considering
1695 2800 37 23 the
1751 2800 107 23 alternate

1272 2832 127 29 refreshing
1408 2832 94 23 breezes
1514 2833 58 23 from
1590 2833 39 23 the
1641 2833 76 23 North
1729 2833 65 23 West
1812 2833 45 23 and

1272 2865 72 23 South
1363 2864 65 29 East,
1441 2865 73 23 which
1561 2866 139 31 continually
1724 2866 27 23 do

1272 2898 98 23 whether
1393 2898 38 22 the
1454 2898 141 31 Legislative
1617 2899 96 23 Conncil
1733 2899 27 23 be
1779 2900 79 30 sitting

1272 2938 24 16 or
1310 2938 39 16 no.
1379 2946 5 2 -

1305 2963 51 23 The
1375 2969 55 18 next
1442 2964 20 24 is
1473 2965 41 23 her
1533 2965 124 32 Majesty's
1676 2966 104 31 gracious
1799 2972 56 24 per-

1271 2997 94 23 mission
1382 3002 22 18 to
1422 3006 74 22 worry
1509 2998 54 23 each
1582 2999 65 22 other
1667 2999 68 22 about
1747 2999 38 22 the
1796 2997 60 24 indi-

1272 3037 85 24 genous
1377 3030 136 31 production
1524 3032 25 22 of
1565 3032 38 22 the
1617 3031 87 28 Island,
1717 3032 78 29 seeing
1810 3031 48 23 that

1272 3071 31 15 we
1316 3063 55 23 have
1383 3071 30 15 no
1425 3064 63 30 right
1498 3068 23 19 to
1533 3071 30 15 an
1574 3063 53 23 inch
1639 3064 26 22 of
1674 3063 38 24 the
1731 3063 52 23 land
1796 3071 61 23 upon

1273 3096 71 23 which
1370 3096 53 31 they
1445 3098 61 22 exist
1528 3096 45 23 and
1593 3096 68 28 arise,
1686 3095 110 32 knowing
1817 3096 40 23 the

1272 3129 99 24 national
1390 3129 131 30 disposition
1535 3129 24 23 of
1575 3129 42 23 her
1637 3129 83 23 dutiful
1738 3129 43 23 and
1797 3129 61 30 loyal

1273 3162 98 31 subjects
1382 3162 24 23 in
1418 3161 31 24 all
1460 3167 63 25 parts
1531 3162 25 22 of
1564 3162 41 23 her
1618 3161 134 30 dominions,
1764 3166 22 19 to
1798 3162 59 31 fight

1274 3196 32 23 for
1325 3200 78 18 straws
1421 3195 77 23 rather
1517 3195 55 23 than
1590 3199 41 19 not
1649 3195 58 30 fight
1726 3200 22 18 at
1760 3194 30 24 all
1799 3204 6 20 ;
1825 3203 33 16 we

1273 3228 55 23 have
1340 3228 40 23 her
1386 3227 51 24 -full
1456 3228 137 30 permission
1611 3232 24 19 to
1655 3228 64 23 catch
1731 3227 61 33 (that
1802 3230 20 22 is
1839 3229 19 23 if

1274 3269 31 15 we
1317 3260 54 32 can)
1386 3261 30 23 all
1427 3261 52 30 pigs
1490 3260 71 24 found
1571 3261 23 23 in
1608 3261 38 23 the
1659 3265 88 27 potatoe
1759 3262 98 31 gardens

1274 3294 24 24 of
1305 3294 42 23 her
1359 3301 153 21 squatters,
1523 3294 45 24 and
1580 3293 53 24 take
1641 3294 63 23 them
1714 3294 75 24 before
1799 3294 58 24 their

1275 3327 117 31 Worships
1413 3327 37 23 the
1469 3327 99 24 Justices
1587 3327 26 23 of
1632 3326 38 24 the
1688 3327 82 30 Peace,
1788 3333 22 18 to
1829 3327 28 24 be

1274 3360 60 24 dealt
1342 3360 55 23 witli
1408 3360 23 23 in
1443 3368 14 16 a
1469 3367 115 24 summary
1592 3367 58 23 way.
1686 3360 55 23 And
1748 3360 45 24 this
1804 3360 53 24 wise

1274 3393 120 32 provision,
1408 3400 31 16 we
1459 3393 58 24 have
1532 3400 34 16 no
1585 3393 77 28 doubt,
1678 3394 123 30 suggested
1817 3393 39 23 the

1274 3426 139 24 nomination
1433 3427 25 22 of
1479 3426 38 23 the
1537 3433 123 16 numerous
1681 3426 76 23 J.P.s
1777 3427 24 22 in
1819 3427 38 22 the

1276 3460 151 23 Commission
1440 3459 24 23 of
1474 3458 38 24 the
1520 3459 73 23 Peace
1604 3459 35 23 for
1653 3459 61 23 Port'
1720 3459 52 23 Nic.
1782 3468 7 19 ;
1809 3459 48 24 that

1274 3494 26 28 is,
1313 3493 86 29 Judges
1411 3491 26 24 of
1452 3491 65 31 Pigs,
1530 3499 26 15 as
1570 3492 31 23 if
1608 3492 102 30 requires
1728 3493 129 23 sometimes

1274 3534 55 16 even
1348 3533 14 15 a
1385 3524 102 24 Native's
1507 3525 101 30 sagacity
1625 3529 23 19 to
1665 3524 97 32 identify
1779 3533 14 15 a
1808 3526 47 31 pig,

1273 3557 73 26 which
1358 3562 107 19 accounts
1482 3557 34 24 for
1528 3558 38 23 the
1582 3557 136 24 lamentable
1730 3562 93 19 amount
1834 3559 26 22 of

1274 3592 55 23 hard
1350 3592 111 29 swearing
1470 3597 43 17 :on
1534 3590 39 24 the
1591 3594 52 27 part
1661 3591 25 22 of
1700 3590 39 24 the
1756 3592 59 30 pigs,
1832 3595 25 19 to

1273 3632 68 24 prove
1353 3623 82 30 alibi's,
1444 3623 68 26 when
1521 3623 106 31 brought.
1630 3631 32 23 up
1670 3623 36 24 for
1719 3627 99 28 trespass
1827 3632 30 15 on

1265 3651 54 37 'any
1336 3656 124 32 particular
1480 3661 51 26 spot
1542 3664 33 16 .or
1592 3656 65 24 lime.
1693 3656 64 24 Such
1774 3657 22 24 is
1818 3656 39 25 the

1274 3691 82 30 nicety,
1378 3689 49 23 that
1446 3696 34 16 we
1500 3689 67 23 know
1590 3689 27 23 of
1632 3689 115 24 instances
1765 3689 26 24 of
1805 3694 53 27 post

1274 3727 94 21 tnortem
1392 3722 173 29 examinations,
1577 3722 35 26 Jn
1634 3728 65 17 cases
1723 3722 24 23 of
1773 3723 85 23 violent

1274 3755 87 30 deaths,
1375 3755 25 23 of
1408 3762 43 16 one
1466 3755 41 32 pig
1639 3759 24 19 to
1676 3754 38 24 the
1728 3754 94 33 identity
1834 3755 26 24 of

1274 3787 94 26 'another
1377 3789 42 31 pig
1429 3788 31 31 by
1470 3788 37 23 his
1518 3787 66 25 lider.

1274 3818 4 5 '
1289 3837 6 4 -
1307 3821 59 25 The-
1380 3825 56 20 next
1458 3822 21 23 is
1503 3829 14 15 a
1537 3820 90 24 further
1649 3821 105 23 instance
1775 3821 26 23 of
1817 3820 41 26 her

1274 3855 122 32 Majesty's
1407 3854 118 24 solicitude
1537 3853 35 24 for
1587 3853 40 24 the
1636 3849 95 31 lives:.'of
1733 3877 4 4 .
1744 3855 43 22 her
1799 3855 59 30 liege

1273 3889 110 31 subjects.
1420 3887 24 25 It
1454 3888 22 23 is
1493 3895 29 15 an
1543 3886 131 24 Ordinance
1691 3886 36 24 for
1745 3888 118 31 imposing.

1274 3921 73 25 Fains
1370 3921 45 25 and
1437 3919 117 26 Penalties
1574 3928 61 23 upon
1655 3919 82 32 Raupo
1756 3919 102 25 Houses.

701 2498 65 19 AND
781 2497 214 20 WELLINGTON
1015 2497 186 20 SPECTATOR.

794 2553 130 25 Saturday,
942 2553 55 21 May
1012 2554 34 24 20,
1062 2553 61 21 1843.

695 2605 45 23 We
762 2612 88 16 resume
874 2612 40 16 our
933 2604 92 24 Review
1046 2604 25 23 of
1087 2604 39 23 the
1143 2605 101 30 parental

662 2646 52 15 care
726 2638 43 24 and
781 2639 91 29 anxiety
885 2637 116 31 displayed
1012 2637 29 30 by
1052 2637 41 23 her
1107 2637 64 24 Most
1184 2638 60 23 Gra-

663 2673 64 22 cious
740 2671 109 32 Majesty,
862 2671 34 23 for
908 2671 37 23 the
958 2670 88 24 welfare
1062 2670 45 24 and
1119 2671 94 23 comfort
1223 2671 23 23 of

663 2705 39 23 her
714 2704 100 31 subjects
827 2706 23 21 in
860 2704 62 23 these
934 2708 71 26 parts.

696 2738 35 23 As
752 2738 91 29 regards
862 2737 37 23 the
923 2736 92 24 Church
1038 2736 128 24 Extension
1189 2736 54 30 Bill,

663 2771 49 23 that
723 2778 32 15 we
773 2771 58 23 have
850 2770 76 23 before
939 2769 89 24 noticed
1045 2777 25 16 as
1088 2770 83 30 having
1187 2770 57 23 been

664 2804 135 28 disallowed,
823 2803 49 23 well
896 2811 52 22 may
966 2811 54 22 poor
1040 2802 94 24 Mother
1152 2803 92 24 Church

664 2837 96 24 exclaim
771 2842 23 18 et
806 2842 26 18 tv
842 2837 73 22 brute.
954 2837 44 22 His
1011 2835 160 32 Excellency's
1183 2837 61 23 ideas

664 2872 25 22 of
698 2870 38 24 the
746 2870 132 23 foundation
889 2869 35 23 for
942 2868 57 32 good
1011 2869 92 28 morals,
1121 2869 43 23 and
1180 2870 63 24 those

665 2904 24 23 of
704 2903 41 24 her
758 2903 64 23 Most
838 2903 112 22 Gracious
969 2902 100 30 Majesty
1079 2910 61 23 may,
1161 2903 45 23 and
1216 2903 27 24 do

664 2938 24 22 in
707 2937 32 23 all
755 2936 136 31 probability
909 2934 99 25 coincide
1020 2943 6 20 ;
1052 2936 41 22 but
1101 2940 2 5 '
1112 2940 38 19 not
1169 2944 34 20 so,
1226 2938 18 22 it

665 2970 73 23 would
757 2977 89 24 appear,
865 2969 57 23 their
941 2969 61 23 ideas
1022 2976 61 23 upon
1102 2969 38 23 the
1150 2969 59 31 style
1220 2978 24 15 or

664 3009 79 17 nature
762 3003 25 22 of
802 3002 38 23 the
857 3002 114 24 materials
989 3001 130 24 wherewith
1130 3006 21 19 to
1169 3002 39 31 lay
1218 3003 25 29 it,

665 3036 43 23 and
724 3044 29 15 on
766 3036 45 23 this
822 3036 64 30 point
898 3043 31 15 we
942 3043 37 15 are
997 3035 72 31 proud
1084 3039 24 19 to
1127 3042 60 16 avow
1204 3044 40 15 our

665 3069 83 24 cordial
760 3069 142 24 coincidence
912 3069 55 22 with
978 3068 40 23 her
1030 3068 110 31 Majesty,
1147 3073 41 18 not
1197 3069 48 24 that

665 3110 32 16 we
720 3110 38 16 are
775 3101 66 24 weak
858 3101 91 30 enough
971 3106 21 18 to
1012 3108 115 25 suppose,,
1140 3101 44 24 had
1205 3102 39 24 she

664 3136 57 23 been
733 3143 71 16 aware
822 3134 24 23 of
862 3135 57 23 such
930 3142 14 15 a
956 3134 170 29 circumstance,
1138 3135 18 22 it
1173 3135 73 24 would

665 3169 56 23 have
731 3167 129 25 influenced
879 3167 41 25 her
940 3167 99 23 decision
1057 3175 43 15 one
1111 3175 49 22 way
1171 3176 25 15 or
1208 3167 37 25 the

665 3201 73 24 other.

698 3233 36 25 As
750 3233 92 31 regards
860 3233 39 23 the
919 3232 99 31 Postage
1037 3232 157 31 Regulations,
1212 3242 34 16 we

665 3266 101 32 strongly
780 3268 90 29 suspect
882 3266 54 28 that,
948 3267 22 22 in
984 3266 45 22 this
1040 3266 108 30 instance-,
1161 3267 44 24 had
1214 3275 32 16 we

666 3308 57 23 gone
733 3301 60 22 from
806 3299 65 23 home
882 3304 23 18 to
917 3298 63 24 learn
991 3298 39 24 the
1041 3306 69 21 news,
1121 3307 32 15 we
1166 3300 80 24 should

667 3334 54 23 have
734 3333 73 23 learnt
818 3332 37 23 the
867 3332 45 23 fate
922 3332 28 22 of
958 3331 44 24 this
1012 3338 112 22 measure,
1135 3334 43 22 and
1189 3333 57 24 have

666 3366 56 24 been
735 3366 49 23 able
796 3369 23 19 to
830 3370 95 18 account
945 3365 34 23 for
999 3364 38 23 the
1048 3364 69 24 batch
1128 3366 25 22 of
1168 3366 78 25 letters

667 3399 101 24 detained
780 3398 24 23 in
815 3397 98 26 transitu
923 3397 36 24 for
975 3397 37 23 the
1024 3402 59 18 want
1095 3399 25 22 of
1136 3399 36 24 the
1189 3407 57 24 pay-

667 3437 61 19 ment
740 3432 24 23 of
770 3432 39 23 the
821 3439 38 15 sea
867 3436 94 26 postage
974 3435 22 18 to
1008 3430 101 31 Sydney,
1119 3431 43 23 and
1175 3433 70 23 which

667 3474 27 15 no
707 3465 77 28 doubt,
797 3469 24 18 at
832 3465 37 22 the
886 3463 125 31 expiration
1030 3463 25 23 of
1070 3463 39 24 the
1128 3466 118 30 appointed

667 3500 61 27 time,
747 3498 45 24 will
810 3497 71 24 afford
898 3504 69 23 many
981 3496 107 30 evenings
1108 3504 139 19 amusement

668 3536 22 19 to
701 3532 39 22 the
752 3530 128 31 gentlemen
891 3530 24 23 of
925 3530 37 23 the
974 3529 67 24 Dead
1052 3529 81 25 Letter
1145 3530 101 32 Depart-

666 3569 70 24 ment,
755 3564 20 23 if
794 3567 41 20 not
851 3563 44 24 add
912 3567 24 19 to
956 3562 38 23 the
1015 3562 41 23 list
1076 3562 26 23 of
1122 3565 125 24 unclaimed

656 3596 2 22 I
667 3598 151 22 remittances.

700 3630 86 30 Seeing
797 3629 49 23 that
857 3633 24 19 at
897 3632 91 28 present
999 3635 33 16 we
1044 3635 38 16 are
1102 3628 144 26 unfortunate

667 3667 120 26 squatters,
801 3661 90 31 having.
895 3665 48 19 not.
947 3668 27 16 an
986 3660 53 24 inch
1056 3660 26 24 of
1097 3661 53 24 land
1161 3671 33 15 we
1206 3671 41 16 can

668 3695 43 23 call
734 3702 40 16 our
794 3701 56 21 own,
872 3694 38 23 the
915 3707 6 8 r
928 3693 135 31 suspension
1082 3694 27 23 of
1124 3695 38 24 the
1180 3695 68 26 Land

668 3728 155 31 Registration
835 3728 28 22 -is
879 3731 85 19 matter
975 3726 26 23 of
1014 3732 55 26 very
1078 3726 59 25 little
1152 3729 94 31 import-

665 3762 73 27 ance.'-
802 3764 61 19 must
880 3759 28 24 be
920 3759 100 29 allowed;
1032 3759 111 31 however,
1156 3762 20 23 if
1183 3762 64 25 there

668 3795 20 22 is
700 3801 42 16 one
753 3793 63 32 place
823 3800 74 19 jnore.
899 3792 76 31 fitting
986 3792 58 24 than,
1053 3794 92 24 another
1156 3794 35 24 for
1202 3794 45 26 this

670 3827 111 23 elaborate
799 3826 113 31 specimen
924 3825 26 24 of
964 3825 61 32 legal
1041 3825 146 32 regulations,
1199 3829 17 23 it
1227 3830 21 22 is

668 3861 25 23 in
705 3860 45 23 the-
754 3859 85 29 clouds,
858 3859 79 30 seeing
954 3858 48 24 that
1021 3866 42 16 our
1082 3859 60 24 titles
1154 3863 24 21 to
1195 3861 61 24 land-

670 3900 37 16 are
730 3891 28 24 all
780 3891 148 29 moonshine;
952 3891 44 24 and
1016 3899 26 16 as
1057 3900 30 15 an
1107 3895 141 30 appropriate

670 3926 138 30 appendage',
830 3933 29 16 an
888 3924 127 26 ordinance,
1035 3929 23 19 to
1079 3924 109 26 facilitate
1209 3928 39 24 the

557 34 105 46 SF&r
678 35 119 41 Wtto
822 34 208 42 ztalMfo
1054 34 192 47 (Staitttt
1269 34 91 40 mb
1384 34 302 47 WMiinQtm
1710 33 252 49 &ptttatot\

113 2906 168 25 SHIPPING
300 2908 275 25 INTELLIGENCE.

272 2965 141 21 ARRIVED.

81 2994 51 28 May
143 2997 32 22 18,
186 2997 47 26 ship
247 2997 77 21 Robert
333 2999 109 25 Pulsford,
457 2999 41 20 400
508 3002 57 23 tons,
582 3000 54 21 from

53 3022 88 24 Boston,
151 3025 33 19 via
195 3023 82 22 Hobart
286 3026 64 20 Town
360 3027 40 19 and
410 3026 87 21 Nelson.

81 3049 50 28 May
152 3052 32 22 19,
204 3052 89 26 whaling
313 3053 77 27 barque
408 3054 78 26 Sophia
509 3056 43 19 and
565 3056 70 24 Eliza,

53 3076 56 21 from
118 3078 35 20 the
162 3079 89 26 whaling
260 3081 99 24 grounds.

293 3127 115 20 SAILED.

82 3155 51 26 May
144 3157 32 23 17,
187 3157 103 22 schooner
302 3159 86 27 Gannet,
398 3160 27 19 40
436 3162 56 23 tons,
503 3160 132 28 Popplewell,

54 3182 34 20 for
98 3184 35 19 the
143 3186 63 20 coast.

82 3209 51 28 May
145 3211 31 23 18,
187 3211 102 22 schooner
298 3214 122 25 Richmond,
426 3214 35 25 30,
472 3217 55 19 tons.
540 3216 95 26 Sinclair,

56 3237 33 20 for
99 3237 77 26 Pigeon
186 3239 44 26 Bay
239 3241 41 19 and
289 3241 91 20 Akaroa.

82 3264 52 27 May
144 3266 32 23 19,
193 3269 68 18 cutter
275 3268 75 27 Leven,
366 3270 25 19 24
408 3272 57 22 tons,
475 3269 121 27 Dunning,.
602 3271 34 20 for

54 3291 91 21 Nelson.

278 3344 33 20 IN
326 3345 85 22 PORT.

80 3375 84 25 Barque
173 3375 130 26 Indemnity,
312 3378 43 19 450
373 3381 62 22 tons,
442 3378 88 26 Adams,
543 3380 98 26 refitting

54 3402 90 25 Agents,
155 3402 70 21 Waitt
234 3404 43 20 and
287 3404 77 26 Tyser.

80 3430 109 20 Schooner
210 3432 58 25 Ann,
293 3432 26 19 21
340 3435 57 22 tons,
423 3433 85 25 Brown,
533 3434 45 20 laid
601 3441 36 20 up.

53 3457 79 26 Agent,
145 3458 67 20 Waitt
221 3459 42 20 and
273 3459 76 26 Tyser.

82 3486 108 20 Schooner
212 3486 63 26 Erin,
300 3487 26 20 25
351 3490 56 24 tons,
432 3488 75 27 Relph.
550 3489 86 26 Master,

56 3513 78 27 Agent.
173 3531 3 7 ,
266 3526 5 4 -
290 3523 3 3 •
392 3524 6 3 -
531 3528 2 3 .
562 3528 5 3 .

82 3541 53 25 Brig.
147 3541 81 25 LtfTUir,
243 3541 46 21 165.
293 3542 56 24 t0n5,
364 3541 36 21 W.
409 3541 61 21 Ellis.
499 3543 84 21 Rhodes
597 3545 42 19 and

56 3567 48 21 Co..
114 3569 88 25 Agents.
228 3582 4 3 -

84 3596 64 25 Sloop
157 3596 70 25 Royal
237 3596 100 25 William,
348 3597 27 20 43
381 3597 153 24 lons,~Lovett.
562 3599 79 24 Agent,-

56 3623 23 20 J.
89 3623 72 21 Wade.

84 3651 114 23 Schooner,
208 3651 60 26 Lady
277 3651 73 26 Leigh,
364 3651 40 21 109
408 3652 61 24 -tons,
480 3652 78 27 Munn^
583 3652 56 21 Fitz-

56 3677 92 25 herbert,
158 3678 78 25 Agent.
358 3689 15 11 .-

86 3705 107 21 Schooner
200 3707 84 25 Osprey,
294 3706 40 20 150
345 3707 55 22 tons,
408 3705 115 26 Sedgwick.
552 3707 86 25 Agents,

57 3731 110 28 Ridgways
176 3733 43 21 and
229 3733 38 21 Co.
479 3740 3 4 •
506 3741 3 5 ■
541 3740 6 4 -

86 3755 106 28 Scijtooner
202 3761 112 20 '.Governor
318 3776 6 3 .
331 3761 90 25 Hobton,
432 3761 26 19 40
474 3762 56 20 tons'
541 3761 98 24 Scanlon,

59 3785 56 21 Hort
124 3787 40 19 and
174 3786 30 22 Go
207 3801 16 11 M
232 3788 87 26 Agents.
452 3795 5 4 -

86 3813 45 21 The
140 3814 81 21 French
230 3817 92 19 corvette
335 3815 92 24 L'RMn,
437 3814 49 25 860,
503 3814 138 22 Commodore

62 3840 109 21 Berard..-
174 3856 26 10 ...
200 3852 25 14 }r
261 3853 6 13 ;
308 3851 4 4 •
499 3846 6 6 -

45 3881 2 4 •
86 3864 109 25 American
205 3869 46 27 ship
260 3870 78 21 Robert
345 3866 104 29 Pulsford
451 3872 4 7 1
450 3883 6 11 ,
470 3869 42 21 400
521 3872 56 19 tons.
605 3870 36 20 W.

45 3895 1 3 '
58 3893 27 21 B.
96 3894 132 25 Rhodes;«nd
238 3896 46 28 Co.,
295 3897 93 26 Agents.'

86 3917 98 32 Whaling
192 3923 78 27 barque
279 3925 79 27 Sophia
367 3919 47 26 taut
416 3924 71 22 Eliza.

1884 126 84 30 Seeing
1985 126 50 23 that
2053 126 37 24 the
2109 133 87 25 greater
2207 129 90 30 portion
2309 128 24 24 of
2342 128 40 24 the
2392 128 80 25 Town'

1883 159 44 22 and
1950 159 38 23 the
2008 159 70 30 goods
2098 160 44 24 and
2163 161 97 23 chattels
2279 161 25 23 of
2318 161 48 23 the'
2375 162 89 23 settlers

1883 191 56 23 have
1951 191 58 24 been
2020 199 63 16 more
2104 193 54 23 than
2178 201 56 16 once
2250 193 78 31 nearly
2346 194 120 30 destroyed

1883 223 30 30 by
1924 224 49 22 fire.
2018 224 25 24 It
2060 232 46 16 was
2125 225 96 32 thought
2236 226 27 24 fit
2273 231 25 19 to
2307 226 126 24 endeavour
2443 232 22 19 to

1883 256 132 32 discourage
2027 257 38 23 the
2076 258 104 32 building
2198 259 24 23 of
2245 267 46 23 any
2308 267 64 15 more
2390 260 76 23 Maori

1883 289 82 23 houses
1979 297 26 15 or
2015 289 54 23 huts
2079 298 7 21 ;
2105 291 42 23 but
2161 292 34 22 for
2206 292 47 23 fear
2265 300 33 15 we
2306 292 74 30 might
2391 292 29 23 be
2429 298 36 18 too

1883 322 111 31 suddenly
2005 323 98 22 relieved
2114 324 57 23 from
2190 332 40 15 our
2245 325 50 23 fear
2312 325 27 22 of
2359 332 13 15 a
2388 333 77 16 recur-

1883 362 67 16 rence
1962 356 25 22 of
2002 356 56 22 such
2071 356 127 31 enlivening
2210 365 88 21 scenes,
2316 357 46 23 and
2380 357 87 32 having

1883 394 25 16 as
1920 392 39 26 yet
1971 395 30 16 no
2006 388 61 31 joint
2079 388 65 24 stock
2156 389 49 23 Gas
2217 390 72 30 Light
2307 390 119 31 Company
2443 396 22 18 to

1884 424 58 19 treat
1952 428 28 15 us
1992 421 54 22 with
2058 429 14 14 a
2089 421 123 30 legitimate
2232 423 72 28 blaze,
2322 424 37 22 his
2379 423 86 25 Excel-

1883 452 65 32 lency
1958 453 41 23 has
2011 453 80 30 kindly
2102 454 44 22 and
2163 455 122 31 humanely
2297 456 119 30 preserved
2428 457 38 23 tho

1883 486 56 30 pahs
1949 491 23 18 at
1982 486 56 23 each
2050 486 43 23 end
2105 487 25 22 of
2145 487 37 23 the
2194 488 117 31 Borough,
2322 490 24 22 in
2366 488 30 23 all
2408 488 59 24 their

1884 519 113 30 primitive
2014 519 51 23 filth
2085 519 44 23 and
2147 520 148 24 combustible
2311 522 156 30 composition,

1884 551 51 24 The
1954 557 54 18 next
2029 552 19 23 is
2069 560 12 15 a
2093 552 99 30 striking
2208 554 68 30 proof
2291 554 23 23 of
2330 554 36 23 his
2379 554 88 24 Excel-

1883 584 86 31 lency's
1982 586 127 22 conviction
2121 585 24 23 of
2159 586 39 22 the
2209 587 102 30 growing
2321 587 147 31 intelligence

1884 617 25 22 of
1925 619 37 22 the
1973 618 61 30 Age.
2071 619 85 29 Seeing
2166 618 49 23 that
2225 626 32 16 we
2270 627 36 15 are
2318 620 120 30 possessed
2445 620 26 23 of

1884 650 39 24 the
1934 650 126 24 rudiments
2072 652 25 22 of
2112 652 107 30 printing,
2238 652 44 23 and
2299 652 100 31 judging
2409 653 58 24 from

1884 683 39 23 the
1933 688 93 27 present
2038 684 161 31 prospecEroT
2208 685 38 23 the
2260 685 59 23 little
2330 685 84 24 chance
2434 694 33 15 we

1884 716 56 24 have
1951 716 26 24 of
1985 717 133 30 possessing
2129 725 44 22 any
2181 718 64 22 other
2254 717 54 24 kind
2318 718 25 23 of
2352 724 114 25 property,

1884 749 49 29 has,
1943 750 55 23 with
2009 749 49 24 that
2071 749 109 32 foresight
2191 750 73 23 which
2283 751 77 23 marks
2373 751 37 23 the
2422 752 46 23 real

1884 786 131 26 statesman,
2039 783 108 31 provided
2166 787 24 19 to
2210 791 68 24 every
2297 792 54 16 man
2368 785 38 22 the
2422 785 46 23 sole

1884 815 62 30 right
1966 817 24 22 of
2005 817 102 30 printing
2125 816 43 24 and
2186 817 139 30 publishing,
2344 817 40 24 the
2402 817 65 24 lucu-

1884 848 101 24 brations
1997 849 25 22 of
2042 850 36 22 his
2095 857 50 15 own
2163 850 73 28 brain,
2255 850 36 23 for
2308 851 160 30 twenty-eight

1884 889 65 22 years
1958 890 6 19 ;
1984 882 45 23 and
2038 883 19 21 if
2067 882 28 23 he
2107 882 44 23 and
2158 882 36 23 his
2206 882 75 24 works
2293 883 80 23 should
2385 883 84 24 outlive

1884 914 49 24 that
1944 914 86 32 period,
2042 914 55 23 then
2107 915 36 22 for
2154 915 37 22 the
2208 916 92 23 natural
2316 921 58 18 terra
2393 917 26 22 of
2432 916 37 24 his

1884 947 47 28 life;
1943 953 22 17 to
1977 947 73 23 which
2060 947 40 23 her
2111 947 100 31 Majesty
2223 948 41 23 has
2275 948 54 23 been
2339 949 128 30 graciously

1884 980 93 30 pleased
1989 984 21 19 to
2024 980 83 30 signify
2115 980 39 23 her
2166 985 102 20 consent.

1918 1017 55 24 And
1992 1017 77 31 lastly,
2071 1031 33 3 —
2106 1026 32 15 we
2155 1019 57 22 have
2231 1026 29 16 an
2284 1019 130 24 Ordinance
2426 1027 40 17 ex-

1885 1052 102 30 empting
1998 1059 27 15 us
2038 1052 58 22 from
2116 1050 36 24 the
2172 1052 64 31 pains
2255 1052 44 23 and
2316 1053 111 31 penalties
2445 1053 26 23 of

1885 1083 38 24 the
1940 1084 56 23 laws
2015 1085 24 22 of
2055 1084 58 23 New
2132 1085 73 23 South
2225 1085 77 24 Wales
2312 1095 6 19 ;
2342 1086 36 23 for
2398 1086 31 24 all
2446 1087 26 22 of

1885 1117 80 29 which,
1987 1125 24 15 as
2029 1118 24 23 in
2076 1117 56 31 duty
2152 1118 83 28 bound,
2259 1127 34 14 we
2312 1119 84 23 should
2418 1127 52 15 ever

1884 1158 65 23 pray.
1992 1150 66 29 Now,
2077 1150 32 24 let
2119 1158 28 16 us
2165 1159 36 15 see
2216 1151 61 23 what
2290 1160 37 15 are
2342 1151 37 24 the
2399 1153 70 22 infer-

1885 1191 73 15 ences-
1982 1189 21 18 to
2039 1184 29 23 be
2103 1184 76 23 drawn
2216 1184 59 23 from
2311 1185 38 23 the
2378 1189 93 27 present

1886 1221 57 18 state
1962 1217 25 22 of
2003 1216 37 24 the
2065 1216 80 24 Statue
2174 1217 65 23 Book
2261 1217 25 23 of
2308 1217 39 24 the
2372 1218 95 31 Colony,

1885 1257 24 15 as
1938 1249 93 31 regards
2060 1249 37 24 the
2126 1250 64 30 unity
2212 1249 26 24 of
2263 1250 84 31 feeling
2370 1251 100 23 between

1886 1282 38 23 her
1948 1282 122 31 Majesty's
2088 1283 156 23 Government
2268 1288 24 18 at
2318 1284 79 23 Home
2424 1284 45 24 and

1884 1316 30 21 its
1936 1315 189 31 representatives
2142 1315 61 24 here.
2260 1316 35 23 At
2322 1321 93 26 present
2436 1325 34 16 we

1884 1355 52 24 may
1957 1348 103 23 consider
2080 1348 115 24 ourselves
2216 1348 71 24 under
2309 1349 38 23 the
2370 1350 99 31 arbitary

1886 1381 103 23 controul
2004 1381 26 22 of
2045 1381 38 23 the
2102 1389 114 23 summary
2229 1382 145 30 jurisdiction
2392 1383 25 23 of
2431 1383 38 24 the

1884 1414 53 31 paid
1949 1414 78 23 Police
2040 1414 170 24 establishment
2218 1415 25 23 of
2252 1415 46 23 the-
2302 1415 164 25 Government.

1885 1447 24 22 It
1920 1448 20 21 is
1952 1454 53 23 very
2018 1451 49 19 true
2079 1448 49 23 that
2135 1453 80 25 except
2225 1448 25 23 in
2260 1448 123 31 particular
2396 1457 70 21 cases,

1885 1480 31 22 all
1923 1480 59 23 Acts
1994 1480 26 22 of
2030 1480 37 23 the
2080 1481 102 23 Colonial
2199 1481 140 30 Legislative
2352 1482 115 29 Councils,

1884 1513 58 22 have
1953 1513 41 23 full
2011 1513 61 24 force
2091 1513 44 24 and
2145 1514 67 23 effect
2227 1515 60 22 until
2297 1515 123 24 confirmed
2439 1516 28 30 by

1886 1545 37 24 the
1935 1551 94 18 consent
2040 1547 24 23 of
2074 1547 37 22 the
2126 1546 87 24 Crown.
2250 1547 47 23 But
2308 1555 32 16 we
2353 1548 44 24 will
2413 1556 54 16 ven-

1885 1583 50 19 ture
1944 1584 22 18 to
1978 1587 49 22 say,
2040 1579 55 30 that,
2107 1581 25 22 in
2143 1581 37 22 the
2192 1580 72 23 whole
2276 1588 78 16 course
2365 1582 26 22 of
2399 1581 70 24 Colo-

1886 1613 45 22 nial
1950 1613 140 30 experience,
2110 1613 62 23 there
2192 1621 69 15 never
2272 1621 45 16 was
2335 1619 39 25 yet
2391 1622 28 15 an
2431 1615 38 23 in-

1885 1650 76 18 stance
1979 1645 99 24 wherein
2096 1646 72 23 either
2185 1654 25 15 so
2229 1647 90 23 decided
2337 1655 14 15 a
2368 1648 101 23 declara-

1886 1679 46 22 tion
1944 1679 24 22 of
1977 1687 14 14 a
2001 1683 61 19 want
2073 1679 26 23 of
2107 1679 129 23 confidence
2247 1687 29 15 on
2288 1679 37 24 the
2338 1685 50 26 part
2397 1681 25 23 of
2431 1680 38 24 the

1887 1711 76 24 Home
1992 1712 155 23 Government
2170 1714 24 21 in
2222 1713 30 23 its
2281 1715 188 29 representatives

1885 1744 83 24 abroad
1976 1753 49 16 -was
2037 1753 51 16 ever
2100 1745 122 29 exhibited,
2236 1746 55 23 than
2302 1747 23 22 in
2339 1755 40 15 our
2392 1755 50 15 case
2453 1755 14 15 a

1885 1778 109 31 rejection
2015 1779 24 23 of
2057 1786 66 23 every
2144 1779 58 23 Civil
2219 1787 25 15 or
2264 1779 110 24 Criminal
2394 1781 73 22 Juris-

1886 1810 84 25 diction
1989 1819 30 16 on
2036 1812 38 23 the
2093 1816 50 26 part
2163 1812 25 23 of
2206 1812 37 23 the
2265 1813 103 27 Council,
2388 1818 81 26 except

1886 1844 49 23 that
1945 1845 72 23 which
2030 1845 111 31 provides,
2161 1853 25 15 as
2199 1854 32 14 we
2249 1845 57 24 have
2323 1847 49 22 said
2384 1847 83 28 before,

1885 1877 34 23 for
1931 1878 38 23 the
1981 1878 100 23 exercise
2094 1878 25 23 of
2135 1878 97 31 arbitary
2245 1886 81 23 power,
2340 1879 30 30 by
2381 1880 38 23 the
2431 1880 35 23 in-

1885 1915 124 19 struments
2022 1911 24 23 of
2058 1911 37 23 the
2108 1911 163 24 Government.
2308 1912 76 24 There
2396 1913 71 23 would

1885 1943 55 24 have
1959 1944 56 23 been
2035 1952 62 15 some
2118 1945 139 23 consolation
2269 1946 19 22 if
2304 1953 34 16 we
2349 1946 44 23 had
2411 1946 57 24 been

1886 1977 45 23 told
1943 1977 48 23 that
2003 1977 53 30 they
2068 1977 44 23 had
2124 1978 75 29 owing
2214 1983 25 17 to
2250 1986 105 22 pressure
2366 1979 26 23 of
2401 1979 62 23 busi-

1884 2016 61 20 ness,
1964 2010 56 21 been
2034 2010 102 21 reserved
2146 2010 36 21 for
2192 2010 90 22 further
2292 2012 176 20 consideration;

1886 2041 45 23 But
1942 2049 38 20 no,
1999 2042 50 22 that
2060 2041 72 23 would
2151 2042 55 22 have
2225 2041 60 23 been
2302 2041 108 31 lowering
2430 2041 37 24 the

1885 2074 88 30 dignity
1983 2075 25 22 of
2017 2074 38 22 the
2065 2074 88 28 Crown,
2166 2074 44 23 aud
2219 2074 38 23 the
2265 2074 54 30 high
2328 2075 141 29 prerogative

1886 2107 25 22 of
1919 2108 30 21 its
1967 2107 144 23 confidential
2128 2107 108 28 advisers,
2258 2112 23 18 to
2300 2108 56 22 have
2373 2107 48 23 told
2438 2115 28 15 us

1886 2139 48 24 that
1945 2139 53 31 they
2010 2148 58 15 were
2085 2148 42 15 one
2144 2140 44 23 and
2208 2140 31 23 all
2256 2148 25 15 so
2300 2140 120 25 miserable
2438 2148 29 15 an

1886 2173 125 23 exhibition
2026 2173 25 23 of
2068 2173 39 23 the
2128 2171 105 32 slightest
2251 2173 111 30 approach
2380 2178 22 19 to
2423 2181 43 23 any

1886 2206 66 31 thing
1963 2206 47 24 like
2018 2214 103 15 common
2130 2213 73 22 seuse,
2217 2207 71 23 would
2298 2205 56 25 have
2363 2207 57 23 been
2432 2212 35 18 too

1886 2247 77 15 severe
1975 2248 13 14 a
2000 2244 38 18 cut
2050 2247 59 23 upon
2120 2238 37 24 the
2167 2239 97 24 conduct
2271 2239 24 23 of
2304 2247 28 16 an
2345 2240 122 23 individual

1885 2271 75 24 whose
1973 2273 96 22 conduct
2081 2272 38 24 the
2131 2272 74 24 Noble
2222 2272 63 24 Lord
2296 2277 23 19 at
2332 2272 36 24 the
2381 2273 56 23 head
2446 2272 25 24 of

1886 2305 37 24 the
1937 2304 102 24 Colonial
2051 2305 158 31 Department,
2222 2306 42 23 has
2276 2306 56 23 been
2341 2306 126 30 graciously

1885 2338 92 31 pleased
1988 2343 23 19 to
2031 2339 52 30 give
2096 2339 34 23 his
2142 2339 71 23 entire
2232 2339 154 31 approbation.
2422 2339 46 23 But

1886 2372 37 23 the
1942 2372 52 30 only
2007 2379 86 16 answer
2105 2371 71 24 which
2196 2372 73 23 would
2290 2372 56 23 have
2365 2371 102 24 obtained

1886 2412 43 23 any
1942 2405 71 23 credit
2024 2405 61 28 here;
2105 2405 44 23 and
2161 2405 37 23 the
2217 2405 53 30 only
2282 2413 42 15 one
2335 2405 74 23 which
2429 2412 38 16 can

1883 2437 81 31 justify
1976 2438 38 23 the
2032 2438 96 23 marked
2145 2438 91 31 neglect
2253 2438 43 24 and
2308 2438 84 23 silence
2409 2445 58 24 upon

1886 2470 37 24 the
1934 2471 97 31 subject.

1974 2534 251 24 CORPORATION
2241 2535 145 23 DINNER.

787 123 34 19 In
836 123 44 19 the
896 122 126 25 Supreme
1038 121 91 22 Court.

668 154 103 21 Between
783 153 109 22 William
903 153 114 21 Barnard
1027 152 101 26 Rhodes,
1138 153 109 26 Plaintiff';

760 179 89 22 Firmin
863 179 91 22 Victor
969 179 105 27 Martin,
1089 180 129 27 Defendant;

931 218 47 14 AND

664 237 105 22 Between
799 237 119 21 Kenneth
947 237 113 22 Bethune
1084 237 44 22 and
1152 238 94 23 George

754 263 102 23 Hunter
865 263 37 22 the
917 271 106 19 younger,
1034 265 123 24 Plaintiff's;

691 290 54 22 And
762 290 88 22 Firmin
864 290 90 21 Victor
968 285 105 33 Martin,
1088 292 129 22 Defendiut.

666 323 68 49 BY
745 323 70 22 virtue
827 324 24 21 of
858 330 14 14 a
881 323 57 21 Writ
948 323 25 21 of
982 323 123 23 Execution
1115 325 88 26 against
1209 325 37 22 the

744 350 76 22 Goods
830 350 43 21 and
889 349 100 23 Chattels
999 350 24 21 of
1036 350 38 22 the
1084 352 161 22 above-named

665 376 132 27 Defendant,
809 376 38 22 the
862 375 85 23 Sheriff
955 375 44 23 will
1008 384 66 14 cause
1084 380 22 19 to
1116 379 29 20 be
1155 379 53 21 Sold
1216 379 30 27 by

666 403 77 21 Public
752 403 105 26 Auction,
868 410 28 14 on
912 402 106 27 Monday,
1031 403 37 21 the
1083 405 59 21 22nd
1157 405 88 26 instant,

665 432 22 18 at
697 436 40 15 one
749 429 85 22 o'clock
844 429 113 27 precisely,
965 436 29 14 on
1004 429 37 21 the
1048 431 112 26 premises,
1168 431 78 22 unless

665 455 60 21 these
745 455 135 22 Executions
903 456 27 20 be
952 456 126 27 previously
1101 457 76 28 stayed
1180 469 26 4 —
1208 458 37 21 the

665 482 69 22 whole
745 482 25 22 of
777 482 36 22 the
823 481 122 28 unexpired
954 485 55 18 term
1020 483 45 21 and
1074 484 92 22 interest
1175 485 25 21 of
1208 484 37 22 the

665 508 110 22 aforesaid
791 508 133 25 Defendant,
935 509 26 20 of
976 509 51 21 and.
1034 509 22 21 in
1074 510 81 22 certain
1173 510 73 22 Lands

664 535 44 21 and
723 536 133 21 Tenements
873 535 78 21 known
969 542 23 14 as
1003 535 36 21 the
1056 536 77 22 Bower
1147 537 64 22 Farm
1223 541 22 17 at

665 561 75 26 Ohiro,
752 561 51 22 with
817 561 38 22 the
872 561 111 26 Dwelling
998 562 93 27 Houses,
1109 563 46 21 and
1168 563 78 23 Build-

664 587 55 28 ings,
735 588 44 22 and
794 587 63 22 other
872 587 113 22 Erections
1001 589 128 26 thereupon,
1147 590 99 26 together

665 614 51 21 with
731 614 85 22 several
835 614 107 26 Working
962 615 63 21 Oxen
1046 615 44 22 and
1109 616 78 27 Cattle,
1208 616 37 22 the

663 645 104 23 property
775 641 26 21 of
808 641 37 23 the
856 641 47 21 said
914 641 137 23 Defendant.

993 676 86 21 Henry
1094 677 37 20 St.
1147 676 69 27 Hill,

1052 702 88 22 Sheriff.

691 728 143 27 Wellington,
846 728 54 27 May
911 730 34 23 20,
956 730 60 20 1843.

779 783 98 21 Notice
893 786 29 18 to
938 783 181 21 Subscribers.

665 815 80 25 Papers
759 815 45 19 will
816 817 36 18 not
863 815 23 20 be
898 817 47 18 sent
963 817 21 18 to
996 820 90 20 persons
1098 815 67 26 living
1179 818 36 18 out
1225 815 27 26 of

691 842 59 22 Yort'
754 843 121 24 Nicholson,
893 844 68 19 unless
977 845 158 22 arrangements
1143 850 37 12 are
1189 845 58 19 made

686 869 39 24 for
735 871 36 18 the
775 872 101 23 payment
886 871 27 24 of
919 871 35 19 the
963 876 63 20 same,
1039 871 94 24 through
1142 877 26 13 an
1176 871 70 26 Agent

691 899 23 17 at
726 898 136 23 Wellington.

796 956 96 26 Spirits
907 958 54 19 and
975 956 134 21 Tobacco.

734 996 68 15 STOCK
818 996 24 14 IN
856 996 60 14 BOND
931 997 44 13 THE
992 991 54 20 12th
1062 996 103 15 INSTANT.

691 1022 90 28 Brandy
1041 1024 54 21 1880
1122 1022 94 28 gallons.

691 1049 58 22 Rum
1043 1050 55 21 4506

693 1075 86 22 Arrack
881 1084 3 3 •
1058 1077 40 21 937

693 1102 43 21 Gin
1008 1116 5 7 ,
1058 1104 40 21 822

691 1128 106 28 Whiskey
1060 1130 38 20 183

693 1156 53 21 Case
759 1155 89 28 Brandy
1072 1157 26 19 68

691 1182 54 21 Case
758 1182 43 21 Gin
1073 1182 27 22 70

692 1209 97 21 Cordials
1060 1210 40 20 114

690 1235 40 27 Fig
740 1235 101 22 Tobacco
1042 1236 53 22 2775
1150 1235 40 23 lbs.

693 1262 123 21 Cavendish
1061 1264 39 20 133

694 1288 75 26 Cigars
1047 1290 53 20 1593

696 1316 70 21 Snuffs
1060 1316 41 21 270

665 1346 143 27 Wellington,
821 1347 53 27 May
887 1349 32 23 12,
933 1348 59 20 1843.

721 1405 118 23 LATEST
853 1405 158 22 COLONIAL
1026 1405 158 23 MARKETS.

848 1468 99 19 NELSON,
960 1469 63 16 April
1034 1469 27 16 29.

853 1490 19 16 £
894 1494 15 12 *.
933 1489 18 17 d.
1152 1490 19 17 £
1192 1495 15 13 t.
1228 1490 18 18 d.

661 1511 48 16 First
715 1511 51 19 flour,
775 1515 31 16 per
813 1512 31 15 ton
856 1511 52 16 210
930 1511 10 16 0
970 1511 51 18 Pork,
1029 1515 32 15 per
1067 1511 17 16 lb
1173 1513 10 15 0
1204 1513 11 14 0
1236 1513 10 15 8

661 1532 63 19 Bread,
733 1536 30 16 per
767 1532 41 16 4-lb.
823 1532 37 16 loaf
868 1532 9 16 0
899 1532 41 16 010
969 1532 55 16 Fresh
1033 1532 63 19 butter,
1105 1532 51 16 ditto.
1174 1534 9 15 0
1205 1532 10 16 2
1236 1534 10 14 6

662 1553 49 18 Beef,
719 1553 56 20 perlb
867 1553 10 15 0
899 1553 10 15 0
931 1553 9 15 9
970 1553 86 17 Potatoes,
1064 1556 31 16 per
1102 1553 31 15 ton
1145 1564 16 5 ...
1174 1555 9 14 5
1206 1554 9 14 0
1237 1555 9 14 0

662 1574 77 19 Mutton,
748 1573 43 16 ditto
866 1574 9 15 0
897 1574 10 15 0
928 1574 10 15 9
968 1573 46 16 Irish
1020 1572 44 21 pork
1069 1577 30 16 per
1103 1573 58 16 barrel
1172 1575 10 14 5
1204 1574 9 16 5
1236 1575 9 15 0

827 1598 135 19 AUCKLAND,
975 1599 74 16 March
1060 1600 26 15 25.

662 1626 57 19 Flour,
730 1630 32 17 per
768 1626 31 16 ton
855 1626 19 16 25
896 1626 9 16 0
928 1626 8 15 0
969 1625 50 19 Pork,
1027 1629 32 16 per
1066 1626 17 16 lb
1173 1628 10 15 0
1205 1627 10 15 0
1236 1628 10 15 5

662 1647 62 17 Bread.
729 1647 37 16 4-lb
775 1646 37 16 loaf
866 1647 9 15 0
898 1647 7 15 1
929 1647 9 15 0
969 1646 50 19 Lard,
1027 1647 46 15 ditto
1174 1649 9 14 0
1205 1648 10 14 0
1236 1649 10 15 5

662 1668 68 18 Butter,
738 1667 53 20 fresh,
799 1671 32 16 per
837 1668 19 15 lb
866 1668 10 15 0
897 1668 11 15 4
929 1668 9 15 0
970 1667 50 18 Pork,
1029 1666 40 19 salt,
1077 1671 31 16 per
1116 1669 31 14 ton
1164 1668 20 16 35
1206 1668 10 15 0
1237 1669 9 16 0

661 1688 49 19 Beef,
718 1692 32 16 per
759 1688 16 15 lb
821 1689 34 16 '.....
866 1689 9 15 0
897 1689 10 15 0
929 1689 9 14 0
969 1687 62 17 Maize,
1039 1692 32 16 per
1075 1688 86 16 bushel...
1174 1690 9 14 0
1205 1689 10 15 3
1236 1690 9 16 6

663 1709 76 19 Mutton,
750 1708 44 17 ditto
867 1709 10 16 0
898 1710 9 15 0
929 1709 9 15 0
969 1708 86 19 Potatoes,
1063 1713 32 16 per
1102 1710 32 15 ton
1145 1719 17 6 ...
1173 1710 10 15 6
1205 1710 10 15 0
1236 1711 9 16 0

853 1740 103 20 SYDNEY,
969 1740 63 17 April
1043 1741 16 16 6.

661 1767 48 16 First
716 1767 50 18 flour,
775 1766 80 16 1001b....
867 1767 41 15 OIS
930 1767 9 14 0
970 1767 68 17 Butter,
1044 1766 56 20 fresh,
1103 1767 58 19 perlb.
1174 1768 9 15 0
1204 1767 11 15 2
1236 1767 10 15 3

662 1788 69 20 Barley,
738 1791 32 16 per
776 1787 65 16 bushel
867 1788 9 14 0
898 1788 12 14 4
930 1788 10 14 0
969 1787 48 18 Beef,
1026 1787 45 16 ditto
1175 1789 9 15 0
1205 1787 10 16 0
1236 1788 11 15 4

662 1809 48 17 Oats,
718 1808 46 16 ditto
866 1809 9 14 0
898 1809 9 14 5
929 1809 9 15 0
969 1808 77 18 Mutton,
1055 1808 44 16 ditto
1173 1810 10 15 0
1204 1809 11 15 0
1236 1809 10 15 4

661 1829 69 19 Wheat,
738 1829 22 15 V.
768 1829 19 16 D.
793 1829 26 18 L.,
827 1829 28 16 do.
867 1829 10 15 0
898 1829 10 15 6
930 1829 9 14 3
970 1829 51 18 Pork,
1030 1828 45 17 ditto
1174 1830 9 15 0
1205 1829 10 15 0
1237 1829 9 17 7

662 1849 62 18 Bread,
733 1854 31 15 per
771 1849 41 16 4-lb.
820 1849 38 17 loaf
866 1850 10 15 0
897 1850 11 15 0
929 1849 9 16 7
968 1849 37 19 Ale,
1011 1849 72 19 bottled,
1088 1854 32 15 per
1124 1850 18 16 do
1142 1850 18 16 2.
1173 1850 42 16 010
1236 1851 10 15 0

661 1870 88 20 Potatoes,
755 1874 30 16 per
790 1871 41 15 cwt.
837 1882 18 5 ...
866 1871 41 15 012
929 1871 9 15 0
968 1870 66 19 Porter,
1044 1869 51 17 ditto,
1105 1870 49 17 ditto.
1174 1871 41 16 010
1237 1875 9 15 o

818 1895 157 20 MELBOURNE,
988 1895 65 16 April
1064 1896 25 15 12.

662 1921 46 16 Frist
715 1922 51 15 flour.
774 1921 30 16 100
811 1920 33 17 lbs.
866 1922 41 15 015
929 1922 10 15 0
969 1922 61 18 Bread,
1039 1922 36 15 4-lb
1089 1922 39 15 10af
1133 1932 28 6 ....
1174 1922 41 17 00
1236 1923 10 15 S
1255 1916 1 14 :

665 1943 90 15 American
761 1941 20 16 do
789 1941 17 20 p'
811 1941 44 16 barl.
867 1943 40 15 13
929 1943 9 15 0
968 1942 47 16 Irish
1022 1942 50 20 pork,
1080 1946 32 16 per
1119 1943 43 15 barl.
1174 1943 41 16 SlO
1236 1944 10 15 0

661 1963 43 16 Oats
712 1967 31 16 per
752 1962 61 17 bushel
865 1963 10 15 0
897 1963 10 16 3
928 1963 10 16 6
967 1963 48 16 Mess
1022 1963 43 18 beef,
1074 1967 31 16 per
1110 1963 52 16 tierce
1173 1964 41 15 315
1236 1964 20 20 0;

663 1984 67 18 Wheat,
738 1983 81 19 V.D.L.,
826 1984 28 15 do.
865 1984 10 14 0
896 1984 11 15 4
928 1985 9 14 6
968 1984 55 19 Sugar
1027 1984 72 18 refined,
1105 1988 17 15 p.
1128 1984 33 16 cwt
1173 1985 42 16 210
1235 1986 11 14 0

835 2013 129 18 ADELAIDE,
976 2013 75 15 March
1062 2014 15 15 3.
1166 2026 3 4 .

661 2038 59 19 Flour,
729 2042 31 17 per
767 2038 30 16 ton
856 2038 18 16 16
896 2039 11 15 0
928 2038 9 15 0
968 2038 47 19 Beef,
1023 2042 32 16 per
1063 2038 17 17 lb
1173 2040 10 15 0
1204 2040 11 15 0
1235 2040 10 16 3

661 2059 69 19 Wheat,
740 2063 31 16 per
778 2058 64 17 bushel
866 2059 10 15 0
898 2059 10 16 4
929 2059 9 15 3
969 2059 77 18 Mutton,
1054 2059 44 16 ditto
1172 2061 10 15 0
1204 2061 9 14 0
1236 2055 20 21 3'

663 2080 66 19 Harley,
738 2080 43 16 ditto
866 2080 9 15 0
898 2080 10 16 4
929 2080 9 15 6
969 2080 87 18 Potatoes,
1065 2083 31 16 per
1102 2082 59 16 cwt..,.
1173 2081 10 15 0
1206 2080 9 16 1
1235 2081 10 16 6

661 2101 48 17 Oats,
717 2101 45 16 ditto
867 2101 9 15 0
899 2101 9 15 7
929 2101 9 14 G
969 2100 54 16 Fresh
1031 2101 65 18 butter,
1104 2101 57 19 perlb.
1173 2102 10 15 0
1206 2102 7 15 1
1236 2103 10 15 0

661 2121 63 19 Bread,
732 2121 41 16 4-lb.
780 2121 38 16 loaf
837 2122 38 15 ...0
898 2122 10 15 0
929 2122 9 14 6
971 2121 61 18 Maize,
1041 2125 31 16 per
1079 2122 82 16 bushel...
1174 2123 10 16 0
1205 2122 10 16 8
1236 2123 10 16 6

795 2153 100 17 HOBART
907 2153 76 19 TOWN,
995 2153 75 17 Makch
1082 2154 26 16 31.

660 2179 69 19 Wheat,
737 2184 31 16 per
774 2179 64 17 bushel
848 2179 89 17 .054
967 2179 46 16 First
1022 2179 50 19 flour,
1081 2184 31 16 per
1119 2181 31 16 ton
1164 2180 82 17 1400

660 2201 39 18 Oat,
708 2201 46 16 ditto
863 2201 11 15 0
895 2201 12 15 4
927 2200 9 16 0
967 2200 87 19 Potatoes,
1063 2200 46 16 ditto
1173 2202 10 15 6
1205 2202 11 15 0
1236 2202 10 15 0

658 2221 71 21 Barley,
737 2222 81 20 English,
826 2222 27 16 do.
865 2223 10 14 0
896 2223 10 15 5
927 2223 9 14 6
968 2220 88 22 Shingles,
1065 2226 30 16 per
1101 2222 59 16 1C00...
1173 2223 10 15 0
1204 2223 11 15 8
1236 2223 9 15 6

815 2254 161 19 LAUNCESTON,
989 2254 74 16 March
1072 2255 19 15 2.

660 2279 44 16 Fine
711 2280 51 18 flour,
771 2280 30 16 100
805 2279 48 17 lbs...
864 2280 41 16 016
927 2280 9 16 0
968 2280 50 19 Pork,
1026 2280 56 19 perlb
1171 2281 20 15 0°
1202 2281 11 15 0
1233 2282 10 15 6

661 2300 67 18 Wheat,
736 2304 32 16 per
775 2300 63 17 bushel
865 2301 10 16 0
896 2302 10 15 5
928 2301 9 16 0
968 2301 45 16 Irish
1022 2300 49 20 pork,
1079 2304 32 17 per
1118 2301 43 16 barl.
1173 2303 9 14 5
1204 2303 11 14 0
1236 2303 10 15 0

660 2321 69 20 Barley,
738 2321 43 16 ditto
865 2322 10 15 0
897 2322 10 15 5
928 2322 10 15 0
970 2322 46 18 Beef,
1027 2325 32 16 per
1066 2322 55 15 tierce
1173 2323 10 15 8
1204 2322 11 15 8
1236 2325 9 14 0

661 2343 48 17 Oats,
719 2342 44 16 ditto
866 2343 9 15 0
897 2343 11 15 4
928 2343 10 15 2
969 2343 86 17 Potatoes,
1063 2346 32 16 per
1102 2344 34 14 cwt
1144 2353 17 6 ...
1173 2344 10 14 0
1204 2343 11 15 8
1236 2344 9 15 6

660 2363 48 16 Beef,
717 2367 31 16 per
756 2363 16 15 lb
864 2364 10 15 0
895 2364 11 15 0
927 2364 10 15 G
968 2363 61 18 Bread,
1037 2363 43 16 4-lb.
1087 2362 41 17 loaf
1144 2374 17 5 ...
1173 2365 10 14 0
1204 2364 11 15 0
1235 2365 10 15 0

661 2383 77 19 Mutton,
747 2383 44 16 ditto
862 2385 10 15 0
894 2384 42 16 02*
966 2384 47 16 Irish
1020 2384 65 18 butter,
1093 2388 31 16 per
1131 2384 23 16 lb.
1173 2384 10 16 0
1204 2385 10 15 2
1235 2387 10 14 6

242 125 209 19 Proclamation.
640 125 2 16 !

114 159 32 25 By
153 158 32 20 his
190 158 120 24 Excellency
317 157 204 20 WILLOUGHBY
527 156 108 21 SHORT-

141 185 90 25 LAND,
241 185 95 25 Esquire,
347 185 35 19 the
394 185 73 25 Officer
472 184 164 24 Administering

141 212 35 20 the
187 212 134 20 Government
329 212 23 19 in
361 212 41 19 and
411 217 49 14 over
474 211 36 19 her
527 210 110 26 Majesty's

143 239 73 25 Colony
226 238 27 25 of
266 239 50 19 New
325 238 91 20 Zealand
424 238 42 19 and
474 238 27 19 its
515 238 120 24 Dependen-

140 267 46 25 cies,
197 266 42 20 and
256 265 157 20 Vice-Admiral
426 265 28 24 of
468 265 33 20 the
517 271 62 19 same,
595 265 39 21 &c.

141 292 39 22 &c.
192 293 47 25 &c,
249 293 71 20 Issued
334 293 65 19 under
414 292 34 20 the
462 292 74 20 Public
553 292 50 20 Seal
614 292 27 25 of

141 319 33 20 the
186 319 80 26 Colong.

58 352 200 50 WHEREAS,
275 354 30 26 by
314 361 28 14 an
357 352 125 22 Ordinance
498 352 93 22 enacted
606 352 30 27 by

154 380 36 21 the
201 380 116 22 Governor
327 380 24 21 of
359 379 55 22 New
424 379 103 27 Zealand,
537 378 52 22 witK
599 379 36 21 the

59 406 77 21 advice
152 406 41 21 and
203 410 91 17 consent
303 406 25 21 of
341 405 37 22 the
393 405 133 26 Legislative
545 405 91 22 Council

58 432 92 27 thereof,
162 433 86 22 Session
261 432 39 25 11.,
312 432 42 21 No.
367 432 32 26 17,
411 432 102 21 intituled
549 433 36 19 An
598 433 37 19 Or-

58 460 86 20 dinance
153 462 21 17 to
183 460 76 25 impose
268 466 12 13 a
298 460 44 19 Tax
351 465 54 20 upon
418 460 71 25 Raupo
620 460 16 20 it

58 486 18 21 is
87 486 92 21 enacted
198 486 47 21 that
260 486 17 21 it
293 485 55 22 shall
366 486 24 21 be
407 485 74 22 lawful
496 487 34 20 for
543 486 33 21 his
592 486 43 21 Ex-

58 512 97 26 cellency
173 512 36 21 the
225 512 120 26 Governor,
364 512 56 21 from
433 513 53 20 time
501 516 22 17 to
540 512 52 21 time
608 512 27 27 by

59 539 166 26 Proclamation,
237 542 22 17 to
270 539 85 20 declare
362 539 37 20 the
409 539 122 26 provisions
540 539 95 21 therein-

58 565 55 21 after
124 565 123 21 contained,
258 568 22 18 to
289 565 28 21 be
327 565 22 21 in
360 565 59 21 force
430 565 23 21 in
468 572 43 20 any
521 565 76 26 Town,
613 573 23 14 or

57 595 48 23 part
115 591 26 21 of
153 599 42 19 any
205 592 74 25 Town,
298 591 36 22 the
349 591 129 22 boundaries
493 591 99 22 whereof
602 599 33 14 re-

58 618 119 27 spectively
182 617 55 22 shall
245 618 213 26 bedefinedbysuch
465 618 169 27 proclamation;

58 644 45 22 and
113 644 96 21 whereas
222 645 17 21 it
248 645 19 20 is
276 644 86 22 further
372 644 91 22 enacted
479 645 28 26 by
519 645 35 21 the
565 645 70 21 afore-

58 671 47 21 said
117 671 130 26 Ordinance,
258 671 47 21 that
314 678 28 14 on
359 678 13 14 a
387 671 42 27 day
441 676 20 17 to
479 671 26 21 be
519 671 80 21 named
612 672 22 21 in

58 697 54 21 such
133 697 166 26 Proclamation,
318 701 39 18 not
374 697 66 28 being
463 697 44 22 less
526 698 53 21 than
603 699 32 21 six

59 723 104 23 calendar
174 724 88 22 months
272 725 55 21 from
338 724 36 22 the
385 724 50 22 date
446 724 90 27 thereof,
548 725 45 21 and
607 732 27 14 on

59 750 37 21 the
106 758 60 14 same
182 750 41 28 day
233 751 25 21 of
272 758 67 20 every
355 751 131 26 succeeding
498 758 61 20 year,
575 751 60 22 there

58 776 55 22 shall
124 777 27 21 be
160 777 72 22 levied
242 777 23 21 in
275 782 86 23 respect
368 777 27 22 of
403 785 66 19 every
477 777 97 28 building
583 785 52 14 con-

58 803 96 22 structed
171 803 88 26 wholly,
277 811 24 14 or
318 804 22 21 in
360 808 54 23 part,
435 805 25 21 of
474 810 70 21 raupo,
565 806 69 25 nikau,

55 831 69 23 ioitoi,
135 831 58 24 wiwi,
206 831 85 25 kakaho,
309 833 70 23 straw,
391 838 23 14 or
423 832 72 19 thatch
505 832 26 20 of
543 839 44 19 any
598 831 37 22 de-

58 857 111 26 scription,
181 857 44 21 and
235 858 78 21 situate
324 857 75 21 within
414 857 37 22 the
467 857 132 23 boundaries
613 866 22 14 so

58 882 94 26 defined,
164 883 36 21 the
210 891 49 14 sum
269 884 27 20 of
302 887 81 22 twenty
394 884 92 26 pounds.

89 909 51 21 And
154 909 97 22 whereas
268 910 19 21 it
304 910 18 21 is
340 910 86 21 further
435 911 99 26 enacted,
546 911 49 21 that
608 918 27 15 no

56 942 81 21 persnn
148 936 55 22 shall
213 940 66 23 erect,
290 944 25 13 or
324 943 65 15 cause
404 940 23 18 to
444 937 27 21 be
486 937 94 27 erected,
592 945 43 20 any

58 962 54 21 such
131 963 99 26 building
249 970 23 14 as
291 963 116 26 aforesaid,
425 963 23 21 in
467 970 41 20 any
527 963 70 22 Town
613 965 22 21 in

57 988 72 22 which
139 989 37 21 the
185 989 122 27 provisions
315 990 26 20 of
354 989 41 22 this
407 989 126 23 Ordinance
543 990 56 22 shall
608 991 26 21 be

58 1015 102 22 declared
170 1019 21 18 to
201 1016 27 21 be
237 1016 23 21 in
270 1017 67 25 force,
354 1016 43 22 and
413 1015 48 23 that
475 1024 66 19 every
555 1024 79 20 person

58 1042 63 27 shall,
133 1043 34 21 for
181 1050 22 14 so
219 1043 118 26 offending,
350 1043 73 21 forfeit
432 1043 44 22 and
487 1051 42 20 pay
540 1043 37 22 the
587 1051 47 15 sum

58 1068 24 21 of
97 1076 42 14 one
153 1069 101 22 hundred
268 1069 93 28 pounds,
378 1073 21 18 to
415 1070 26 21 be
451 1071 119 21 recovered
584 1071 23 21 in
622 1078 13 14 a

50 1097 118 25 'summary
178 1103 54 20 way.

85 1121 56 22 Now
160 1122 107 22 therefore
288 1124 18 25 I,
317 1123 39 21 the
373 1123 81 23 Officer
470 1123 165 28 administering

58 1147 36 21 the
105 1149 153 22 Government
268 1150 25 21 of
306 1150 54 21 New
373 1150 99 22 Zealand
482 1150 116 26 aforesaid,
613 1151 22 21 in

56 1181 122 20 pursuance
188 1175 25 21 of
228 1175 36 22 the
274 1176 118 27 authority,
403 1177 29 26 by
444 1178 35 20 the
495 1176 48 22 said
552 1177 22 21 in
587 1181 48 23 part

56 1201 83 22 recited
160 1201 131 28 Ordinance,
312 1203 22 21 in
354 1210 36 14 me
407 1203 82 26 vested,
507 1203 27 21 do
554 1203 80 28 hereby

55 1228 105 25 proclaim
171 1229 42 21 and
228 1229 86 21 declare
329 1229 54 26 that,
395 1230 56 21 from
468 1230 43 21 and
527 1229 57 22 after
599 1231 35 21 the

56 1254 48 22 first
113 1255 42 26 day
166 1255 24 21 of
199 1255 96 22 October
303 1261 60 22 next,
376 1257 37 21 the
430 1256 103 26 Borough
543 1257 26 21 of
576 1256 59 22 Wel-

56 1280 91 27 lington,
167 1281 42 21 and
228 1282 36 21 the
279 1282 71 22 whole
370 1283 25 21 of
408 1283 37 21 the
463 1283 46 21 said
524 1283 109 26 Borough,

58 1308 47 20 that
113 1308 19 21 is
144 1313 23 17 to
181 1316 46 19 say,
243 1309 29 21 all
288 1309 64 22 lands
368 1309 122 27 comprised
507 1309 77 22 within
599 1311 36 20 the

56 1334 45 21 line
111 1338 32 18 set
154 1335 55 21 forth
220 1336 23 20 in
254 1335 37 23 the
301 1337 129 26 Surveyor's
439 1337 57 30 plan,
506 1344 23 14 as
540 1337 36 21 the
588 1340 46 18 out-

56 1360 46 22 side
113 1361 129 23 boundaries
255 1363 25 21 of
294 1363 36 21 the
345 1363 77 21 Public
439 1365 104 24 Reserve,
559 1363 24 21 in
598 1364 36 20 the

57 1387 55 21 Plan
124 1388 25 20 of
157 1388 35 21 the
202 1389 67 21 Town
281 1389 26 21 of
320 1390 51 20 Port
385 1389 127 26 Nicholson,
524 1390 110 31 approved

56 1414 30 24 by
96 1414 33 21 his
140 1414 133 27 Excellency
283 1415 36 22 the
332 1417 122 25 Governor,
467 1417 116 26 excepting
597 1417 37 21 the

57 1440 47 21 Pah
114 1441 30 20 Te
155 1442 52 20 Aro.
219 1442 43 21 and
273 1442 37 22 the
320 1443 46 21 Pah
378 1443 90 27 Pip'tea,
479 1449 24 15 as
513 1448 23 16 at
545 1447 89 22 present

57 1467 105 27 occupied
178 1468 28 26 by
216 1468 37 22 the
263 1469 98 26 Natives,
373 1469 57 21 shall
440 1476 60 15 come
512 1469 76 22 within
599 1471 35 21 the

58 1494 120 26 operations
188 1495 26 20 of
221 1494 36 22 the
267 1495 47 21 said
326 1495 132 23 Ordinance.
640 1499 2 5 '

137 1528 72 22 Given
228 1530 73 21 under
315 1537 39 21 my
361 1530 67 27 hand,
444 1534 24 19 at
482 1532 153 22 Government

164 1555 83 27 House,
260 1556 42 22 this
313 1557 96 22 thirtieth
420 1559 44 26 day
479 1559 25 20 of
515 1558 86 27 March,
613 1558 21 21 in

162 1582 37 21 the
218 1590 54 19 year
290 1584 25 21 of
329 1591 39 14 our
385 1584 66 27 Lord,
470 1591 42 15 one
526 1584 109 23 thousand

164 1609 60 27 eight
233 1609 101 23 hundred
344 1610 44 21 and
399 1611 136 27 forty-three.

137 1642 215 24 WILLOUGHBY
368 1642 198 29 SHORTLAND,

84 1669 47 22 The
141 1669 82 23 Officer
232 1670 175 28 Administering
420 1671 38 22 the
474 1671 158 28 Government,

190 1701 34 28 By
278 1703 154 27 Excellency's
442 1704 123 26 command,

244 1729 54 26 (For
307 1729 38 22 the
355 1730 99 21 Colonial
465 1730 131 28 Secretary,)

320 1762 144 22 WILLIAM
481 1763 82 21 CONN
570 1763 62 22 ELL.

56 1810 131 21 Valuable
224 1812 132 21 Freehold
394 1815 53 19 and
484 1814 150 22 Leasehold

108 1838 140 26 Property,
277 1840 35 19 w*
313 1840 30 19 th
371 1840 141 21 extensive
543 1842 91 21 Water

108 1865 159 27 Frontages,
282 1866 28 21 in
325 1867 178 27 Wellington.

55 1899 67 48 TO
136 1898 40 22 BE
191 1899 63 26 LET,
267 1908 25 13 or
300 1900 101 27 disposed
409 1901 26 21 of
441 1902 29 26 by
478 1902 86 23 Private
576 1904 56 26 Sale,

128 1925 38 22 the
176 1927 120 26 unexpired
312 1932 55 16 term
378 1928 25 20 of
414 1928 37 21 the
472 1929 68 22 Lease
550 1930 26 21 of
588 1930 50 23 half

54 1952 22 21 ot
86 1952 67 22 Town
164 1952 59 22 Acre
237 1953 43 21 No.
291 1955 46 25 208,
350 1954 51 22 with
417 1955 37 21 the
470 1956 100 27 splendid
587 1965 47 19 pro-

50 1982 65 23 perty
138 1980 87 20 erected
255 1980 100 25 thereon,
380 1981 81 24 having
472 1981 5 5 *
489 1983 56 27 deep
567 1989 68 17 water

51 2005 102 26 frontage
173 2009 22 16 to
214 2006 31 20 Te
264 2007 48 21 Aro
331 2007 82 21 Beach.
442 2008 53 21 This
514 2010 121 25 important

53 2031 69 21 Town
133 2031 123 22 water-side
272 2036 109 23 property,
393 2036 21 18 to
425 2033 43 22 suit
477 2034 38 22 the
530 2036 104 22 conveni-

54 2064 55 14 ence
120 2057 25 21 of
152 2057 86 27 parties,
250 2059 44 20 will
304 2059 27 21 be
341 2059 89 21 divided
439 2067 24 14 as
472 2060 85 23 follows
564 2070 5 13 :
572 2073 26 4 —

81 2091 39 21 Ist.
134 2090 48 23 The
194 2091 102 28 building
310 2092 78 22 known
404 2100 24 15 as
443 2093 36 22 the
494 2095 72 27 Bank,
581 2097 53 21 with

53 2117 29 22 its
91 2117 117 22 inclosure.

79 2149 52 21 2nd.
146 2150 47 22 The
204 2150 59 27 large
273 2151 154 28 substantially
435 2152 57 23 built
499 2154 132 27 warehouse,

53 2176 91 27 capable
159 2174 27 23 of
197 2177 94 27 stowing
306 2179 41 21 600
362 2182 50 18 tons
422 2180 25 20 of
453 2180 75 27 goods,
540 2182 45 21 and
594 2183 40 20 ad-

53 2203 95 27 mirably
157 2203 94 27 adapted
267 2204 34 22 for
318 2205 29 21 its
366 2207 156 27 commanding
538 2209 95 26 position

52 2231 36 21 for
103 2238 13 14 a
130 2231 59 25 large
206 2231 126 22 mercantile
349 2233 170 28 establishment,
530 2235 45 21 and
585 2243 49 19 par-

51 2257 103 27 ticularly
165 2255 32 23 for
207 2257 37 22 the
254 2258 84 27 storing
348 2259 44 21 and
401 2261 96 26 packing
508 2261 25 21 of
540 2262 51 22 flax.

79 2290 47 23 3rd.
141 2290 47 23 The
195 2290 183 27 dwelling-house
383 2293 44 21 and
434 2294 73 22 offices
515 2298 23 17 at
547 2299 86 23 present

53 2317 24 22 in
86 2318 38 21 the
140 2318 130 26 occupation
282 2318 25 21 of
320 2319 60 22 John
392 2320 76 26 Wade,
481 2321 59 27 Esq.,
552 2322 49 21 who
614 2323 19 21 is

53 2344 72 21 under
133 2344 73 21 notice
216 2349 23 17 to
249 2345 53 27 quit.
329 2346 73 22 These
418 2347 104 27 premises
538 2355 37 14 are
586 2350 46 21 well

53 2371 95 27 adapted
157 2371 34 21 for
202 2379 28 13 an
247 2368 98 25 Auction
365 2372 73 23 Room
457 2381 23 14 or
497 2376 135 25 respectable

53 2397 76 27 Hotel,
139 2398 56 21 from
206 2398 56 21 their
277 2399 123 27 contiguity
415 2404 22 17 to
453 2400 36 22 the
500 2402 71 25 Bank,
590 2402 43 22 Ex-

53 2424 92 27 change,
153 2424 43 21 and
202 2425 107 27 principal
315 2426 316 30 mercantileestablishments,

53 2451 37 21 the
110 2451 156 26 thoroughfare
289 2452 89 26 leading
400 2457 23 16 to
447 2454 62 22 these
533 2456 99 22 enviable

52 2478 106 26 premises
167 2478 17 21 is
193 2478 59 26 truly
261 2479 82 22 named
355 2478 37 23 the
409 2480 111 23 Lombard
531 2482 71 22 Street
611 2484 24 20 of

54 2511 40 14 our
103 2504 69 27 rising
182 2504 51 28 city.

313 2542 63 20 ALSO,

81 2565 48 23 The
145 2566 76 22 House
238 2567 45 21 and
301 2567 115 28 Premises,
427 2569 106 28 freehold,
551 2571 81 21 known

54 2598 24 16 as
89 2593 42 21 Mr.
143 2593 70 21 Jabez
223 2593 85 22 Allen's
319 2595 69 26 Store,
400 2603 28 14 on
444 2597 188 28 Lambton-quay.

81 2624 52 21 Two
150 2625 99 27 building
268 2626 63 27 plots,
348 2628 12 24 I
376 2628 26 21 of
415 2635 28 14 an
458 2636 50 14 acre
526 2630 62 26 each,
606 2637 27 14 on

53 2651 121 22 Thorndon
181 2652 56 26 Flat,
244 2653 101 27 together
352 2654 50 21 with
413 2656 66 21 about
487 2657 28 20 50
522 2657 112 21 suburban

54 2677 126 23 allotments
195 2679 22 21 in
228 2680 90 21 Wade's
333 2681 75 27 Town,
420 2683 26 20 10
456 2689 59 15 acres
526 2686 22 18 at
559 2683 74 27 Ohiro,

54 2705 44 21 and
108 2706 84 21 several
208 2706 99 28 Country
322 2708 99 21 Sections
432 2709 22 21 in
470 2709 37 22 the
522 2709 111 27 Harbour,

54 2731 97 27 Wainui,
164 2732 135 28 Manawatu,
311 2734 44 21 and
365 2734 126 28 Wanganui
501 2736 103 22 districts.

81 2765 44 21 For
133 2765 85 23 further
231 2767 135 27 particulars,
383 2769 67 27 apply
467 2772 21 18 to
504 2769 38 22 the
555 2771 80 21 under-

57 2791 76 27 signed

333 2820 35 22 W.
385 2821 24 22 B.
427 2822 94 22 Rhodes
535 2824 20 21 &
571 2824 37 22 Co.

82 2844 55 24 May
146 2847 20 21 9,
178 2847 61 21 1843.
