2510 3999
1897 3864 73 16 Printed
1983 3863 37 18 and
2032 3864 96 21 published
2144 3869 54 18 every
2214 3865 112 21 Wednesday
2342 3864 35 18 and
2387 3860 74 20 Saturdsj

1917 3885 89 21 morning,
2019 3885 22 20 by
2060 3886 84 17 Samuel
2156 3887 89 18 Revavs,
2262 3888 19 14 at
2295 3886 31 16 th«
2342 3885 50 17 Office
2408 3882 17 17 of
2435 3882 25 15 to*

1918 3906 48 16 N*W
1979 3905 97 18 2XA£AKS
2087 3907 91 17 G-AZKTtJS
2189 3909 42 14 AND
2243 3905 136 18 W»ELIIWMOjr
2390 3904 66 16 SWCTA

1901 3936 3 5 .
1919 3930 44 15 tor,
1975 3927 154 20 Manners-strett,
2137 3927 115 21 Wellington,
2264 3927 43 17 Pott
2318 3925 99 19 Niekolson,
2427 3922 34 16 H*«

1918 3947 85 16 ZsaUn*.

551 42 96 46 3H)£
671 40 123 42 T&m.
815 39 201 42 Ztaianb
1042 38 101 49 tifiaf
1144 38 86 39 tttt
1254 37 92 44 w*
1371 35 299 46 WlcMmton
1693 32 251 48 *potatotr-

490 168 31 20 'th
534 167 90 21 kitchen

1869 120 218 25 WHOLESALE
2116 120 124 24 PRICES
2275 119 176 25 CURRENT.

1970 158 129 16 CORRECTED
2114 159 30 15 UP
2158 159 28 15 TO
2200 158 56 16 LAST
2272 158 81 14 NIGHT.

2206 185 16 17 £
2244 189 16 12 •-
2285 184 19 16 d.
2356 183 18 17 £
2434 185 12 16 0.

1870 213 53 22 Ale
1929 220 6 14 :
1949 220 41 20 per
1998 213 46 22 hhd
2208 213 13 22 7
2248 214 15 20 0
2290 214 49 19 0..
2358 212 14 21 7
2396 211 14 22 7
2438 215 14 19 0

2044 239 144 27 perbarrel..
2206 239 13 21 5
2247 241 15 19 0
2288 240 16 20 0
2320 253 19 6 ..
2357 240 14 20 6
2398 240 14 19 0
2439 241 14 19 0

2045 265 88 28 perdoz
2209 268 14 19 0
2237 266 27 21 13
2293 266 14 20 0
2323 279 18 6 ..
2360 265 14 21 0
2388 265 26 21 14
2440 267 15 19 0

1872 291 98 22 Arrack
1978 298 6 15 :
2000 292 41 21 Per
2050 293 42 26 gal.
2102 292 24 22 in
2136 293 61 21 bond
2210 294 14 19 0
2252 293 11 19 1
2292 293 14 19 9
2323 305 6 7 .
2336 305 6 7 .
2359 293 14 19 0
2400 292 14 20 2
2442 296 14 19 o

1871 319 80 22 Bread
1958 326 6 14 :
1981 319 42 21 Per
2031 319 43 22 2lb.
2086 319 49 21 loaf
2211 320 14 20 0
2252 320 14 20 0
2293 319 14 20 6
2323 330 20 8 ..
2360 319 15 19 0
2401 319 14 19 0
2441 320 14 19 0

1872 345 72 22 Beef:
1961 345 77 26 Fresh,
2055 352 88 15 carcase
2158 353 41 18 per

1989 371 24 21 lb
2208 374 14 19 0
2250 372 12 19 0
2279 372 26 20 10
2321 384 21 6 ..
2360 372 15 20 0
2401 371 15 20 0
2443 372 14 19 0

1979 397 54 25 Salt,
2043 404 38 21 per
2094 398 67 22 tierce
2174 413 6 5 .
2187 413 6 6 .
2210 400 14 20 0
2251 400 14 19 0
2292 399 14 19 0
2323 411 6 6 .
2335 411 6 6 .
2361 398 14 20 6
2402 398 14 20 0
2444 399 13 18 0

1872 425 108 21 Butter:
1999 424 62 27 Irish,
2071 424 78 27 perlb.
2173 426 51 20 ..0
2253 426 10 19 1
2293 424 14 20 2
2323 438 19 6 ..
2360 425 15 19 0
2403 424 10 20 1
2441 423 14 21 3

1994 451 67 21 Fresh
2213 453 14 19 0
2253 453 14 20 2
2295 452 14 20 6
2325 463 19 7 ..
2361 452 15 20 0
2401 451 15 19 3
2442 451 15 19 0

1872 483 111 16 brandy:
1998 477 57 21 First
2062 477 91 27 quality,
2161 484 40 20 per

2021 503 73 27 gallon
2104 503 23 21 in
2139 504 60 21 bond
2211 506 14 19 0
2253 505 13 20 6
2294 506 13 19 0
2324 517 6 7 .
2337 517 6 7 .
2361 505 14 19 0
2402 503 13 21 8
2443 504 13 20 6

1873 530 86 22 Brown
1978 529 85 23 Stout:
2087 537 39 20 per
2140 529 54 22 hhd.
2208 532 13 19 6
2236 531 27 21 10
2290 532 14 20 0
2320 544 19 6 ..
2361 529 14 22 7
2389 529 26 21 10
2443 531 13 19 0

1874 558 99 21 Cigars:
1985 556 100 28 Manilla,
2093 564 40 19 per
2138 557 60 26 1000,
2212 558 13 20 3
2253 559 14 18 0
2294 558 49 20 0..
2360 556 15 20 5
2402 557 14 19 0
2442 557 15 19 0

1982 583 94 22 Inferior
2212 585 14 19 0
2253 585 14 19 0
2294 585 13 19 0
2324 597 19 6 ..
2361 585 14 19 0
2401 583 15 19 0
2443 583 14 20 0

1982 609 134 27 Havannah,
2121 609 78 28 perlb.
2233 616 60 15 none
2325 610 132 20 ..000

1982 636 166 26 Chinsurahper
2154 637 71 21 10001
2241 637 26 19 10
2295 637 14 20 0
2325 649 19 7 ..
2361 637 14 19 0
2401 636 14 20 0
2443 637 13 19 0

1982 662 153 22 Alexandrian
2149 665 78 19 ....0
2253 664 14 20 0
2294 663 81 20 0..0
2402 662 14 20 0
2443 662 14 20 0

1874 691 87 21 Coffee
1968 697 5 14 :
1985 689 62 27 Java,
2058 696 39 21 per
2105 689 23 21 lb
2212 691 14 20 0
2253 691 14 19 0
2294 689 14 21 6
2325 703 6 5 .
2338 703 6 5 .
2361 690 14 20 0
2402 689 13 19 0
2443 688 14 21 9

1874 717 89 22 Cheese
1970 724 6 14 :
1992 715 103 23 Cheshire
2212 718 14 19 0
2254 717 11 19 1
2294 717 81 19 6..0
2403 715 10 19 1
2443 716 14 19 9

1991 743 53 21 Pine
2055 742 73 27 Apple
2149 757 45 6 ....
2213 745 14 19 0
2253 745 14 19 0
2295 743 13 20 0
2325 756 18 6 ..
2361 743 15 19 0
2403 741 11 20 1
2442 742 15 20 2

1991 769 73 22 Dutch
2213 771 15 20 0
2254 771 13 19 0
2283 770 26 20 10
2325 783 19 6 ..
2362 770 14 20 0
2403 769 11 19 1
2443 768 14 21 0

1875 797 105 21 Candles
1987 804 5 13 :
1999 796 92 26 English
2098 804 57 19 wax,
2161 803 41 20 per

2017 823 22 21 lb
2212 825 14 19 0
2253 823 14 21 3
2295 824 13 20 0
2325 837 19 5 ..
2361 825 14 19 0
2402 823 14 20 3
2443 821 15 22 6

2004 849 79 22 Mould
2211 851 14 20 0
2254 851 11 19 1
2295 851 80 19 0..0
2402 849 14 21 0
2443 849 14 20 0

2006 876 54 27 Dips
2212 877 14 21 0
2253 878 14 19 0
2294 877 14 19 0
2324 889 20 7 ..
2361 877 14 19 0
2403 877 14 18 0
2444 876 13 19 0

1876 903 92 21 Flour:
1978 903 129 26 lstquality,
2118 906 82 23 perton

1998 929 24 21 of
2032 930 54 20 2000
2095 929 33 21 lbs
2199 929 25 21 15
2253 930 13 20 0
2294 931 13 19 0
2325 942 5 6 .
2337 942 5 6 .
2349 929 26 21 18
2401 929 14 20 0
2444 930 13 19 0

1973 956 46 21 2nd
2029 955 54 21 ditto
2213 957 14 19 0
2254 957 13 19 0
2295 957 49 19 0..
2362 957 14 19 0
2402 955 14 21 0
2444 955 13 21 0

1876 983 62 21 Flax
1945 990 6 14 :
1967 982 29 22 N.
2007 982 25 22 Z.
2043 989 37 20 per
2090 985 36 23 tpn
2151 996 43 6 ....
2201 983 25 20 15
2254 983 13 20 0
2295 983 14 20 0
2326 996 6 5 .
2338 997 6 5 .
2361 983 14 20 0
2401 982 55 24 0.0

1903 1010 21 20 D
1931 1018 44 12 >.—
1977 1017 27 13 on
2012 1009 93 21 board—
2107 1009 116 26 pressedl7
2251 1010 13 20 0
2292 1011 13 19 0
2323 1023 19 6 ..
2359 1010 14 20 0
2399 1009 14 20 0
2441 1009 15 21 0

1877 1037 59 21 Gin:
1958 1036 52 21 Pale
2027 1037 22 20 in
2060 1036 59 21 bond
2214 1038 13 18 0
2253 1037 14 19 3
2295 1037 14 19 0
2325 1050 18 6 ..
2361 1037 14 19 0
2401 1037 15 19 4
2442 1037 15 19 0

1926 1063 62 24 Case,
1996 1064 14 20 4
2017 1062 34 29 gal
2060 1063 37 21 4-5
2105 1063 24 21 in
2140 1062 59 22 bond
2214 1063 10 19 1
2254 1064 13 20 8
2295 1064 14 19 0
2325 1077 6 5 .
2338 1077 6 5 .
2363 1063 11 19 1
2390 1063 27 19 10
2445 1063 14 19 0

1878 1089 79 22 Hams:
1974 1089 126 26 Yorkshire,
2114 1096 40 20 per
2162 1089 23 21 lb
2194 1105 5 5 .
2215 1092 13 18 0
2257 1089 10 21 1
2296 1091 14 19 0
2327 1103 18 6 ..
2363 1091 14 19 0
2405 1089 11 20 1
2445 1089 14 20 2

1877 1116 126 22 Mustard:
2019 1116 41 22 Per
2068 1116 70 22 dozen
2215 1119 13 19 0
2243 1117 26 19 18
2297 1117 81 20 0..0
2405 1116 14 19 0
2446 1116 14 20 0

1877 1143 114 21 Mutton:
2011 1143 91 21 Carcase
2112 1150 40 19 per
2161 1143 23 21 lb
2194 1159 6 5 .
2215 1145 14 19 0
2255 1144 14 19 0
2297 1143 13 19 9
2328 1157 17 5 ..
2364 1144 14 19 0
2405 1143 13 19 0
2433 1143 25 19 11

1877 1170 122 22 Muskets:
2014 1169 91 22 Walnut
2111 1169 92 22 stocked
2217 1172 12 18 0
2257 1171 13 19 0
2298 1170 13 19 0
2328 1183 18 5 ..
2365 1171 14 19 0
2406 1171 13 18 0
2448 1171 13 19 0

1877 1197 77 21 Milk.
1971 1197 96 26 Perpint
2215 1198 14 19 0
2257 1197 13 19 0
2297 1197 13 19 3
2328 1209 18 7 ..
2365 1197 14 19 0
2405 1196 14 20 0
2446 1196 14 20 4

1878 1224 91 21 Maize:
1987 1230 37 20 per
2034 1222 75 22 bushel
2215 1224 14 19 0
2256 1221 13 21 7
2298 1223 81 20 0..0
2406 1222 13 20 0
2446 1224 13 19 0

1878 1251 43 21 Oil
1929 1258 4 14 :
1950 1249 101 25 Linseed,
2062 1256 39 21 per
2109 1249 76 26 gallon
2195 1251 34 19 .0
2257 1248 13 22 7
2298 1249 13 20 0
2329 1263 6 5 .
2342 1263 5 6 .
2366 1249 56 21 010
2447 1250 13 20 0

1951 1276 76 27 Black,
2033 1277 21 20 in
2060 1275 172 27 cask,perton24
2259 1277 13 19 0
2300 1276 12 19 0
2330 1289 18 7 ..
2366 1277 14 19 0
2406 1277 14 19 0
2448 1277 12 19 0

1987 1305 76 22 Sperm
2212 1304 13 20 0
2253 1303 12 19 0
2295 1303 12 19 0
2325 1316 19 6 ..
2362 1304 13 19 0
2403 1303 13 18 0
2445 1303 14 18 0

1879 1331 75 21 Pork:
1970 1329 74 27 Fresh,
2062 1336 88 14 carcase
2166 1336 39 20 per

1994 1357 23 21 lb
2215 1357 14 19 0
2256 1357 14 19 0
2297 1356 12 20 5
2328 1369 18 7 ..
2364 1357 13 20 0
2405 1357 13 20 0
2446 1358 13 19 0

1879 1385 63 21 Pork
1950 1392 4 13 :
1971 1383 65 27 Irish,
2046 1390 40 20 per
2095 1383 72 21 barrel
2180 1397 5 5 •
2193 1397 5 5 .
2217 1384 14 20 4
2258 1384 13 19 0
2300 1383 12 21 0
2330 1397 5 5 .
2342 1397 6 5 .
2366 1383 14 20 5
2406 1383 13 19 5
2449 1383 12 21 0

1879 1412 130 22 Potatoes:
2030 1409 54 22 New
2097 1409 107 27 Zealand,

2053 1444 39 19 per
2102 1441 37 17 ton
2216 1437 15 20 4
2258 1437 14 20 0
2300 1437 12 20 0
2330 1451 6 5 .
2342 1450 6 6 .
2367 1437 13 21 7
2407 1438 13 20 0
2448 1437 13 21 0

1879 1465 94 21 Porter
1982 1472 6 14 :
2016 1463 100 27 Dunbar,
2128 1463 23 21 in
2158 1463 46 21 bot.

2044 1498 39 20 per
2093 1490 40 22 doz
2217 1492 13 18 0
2257 1491 14 20 0
2298 1491 81 20 0..0
2406 1492 14 19 0
2449 1492 13 20 0

1987 1518 84 27 Bryant
2080 1517 44 21 and
2133 1517 70 21 Davis
2217 1519 13 19 0
2258 1519 14 19 0
2299 1518 13 19 0
2330 1531 17 5 ..
2366 1518 14 19 0
2407 1519 14 19 0
2449 1519 15 19 0

1879 1545 98 21 Pickles
1989 1552 4 14 :
2025 1543 113 28 Assoi.'-ed,
2166 1550 40 21 per

2048 1571 58 25 doz.,
2130 1574 75 24 quarts
2220 1571 52 19 11
2301 1571 13 19 0
2332 1584 17 6 ..
2369 1571 11 20 1
2396 1571 26 21 10
2450 1572 12 18 0

1881 1599 71 21 Pitch
1965 1606 5 13 :
2003 1597 134 28 Stockholm,
2166 1605 40 19 per

2027 1625 70 21 barrel
2220 1627 12 19 0
2260 1626 14 20 0
2301 1625 13 21 0
2332 1638 17 7 ..
2369 1625 10 19 1
2408 1625 13 20 5
2450 1626 13 21 6

1881 1652 78 22 Plank
1968 1659 5 13 :
2002 1651 51 22 Port
2076 1651 130 27 Nicholson,

2027 1686 38 20 per
2075 1680 39 20 100
2123 1679 46 21 feet
2182 1693 18 5 ..
2219 1680 54 20 010
2301 1680 12 20 0
2332 1693 5 5 .
2344 1693 5 5 .
2367 1679 54 21 012
2449 1681 12 19 0

1880 1705 69 22 Rice:
1962 1706 107 20 Common
2078 1712 40 20 per
2123 1709 48 17 cwt.
2184 1720 18 6 ..
2220 1707 13 20 0
2261 1708 13 18 0
2302 1707 12 19 0
2332 1719 17 6 ..
2368 1707 14 19 0
2396 1707 25 19 10
2450 1707 12 19 0

1961 1733 65 21 Good
2220 1733 11 19 1
2259 1733 15 21 4
2302 1734 12 19 0
2332 1746 17 6 ..
2368 1732 12 21 I
2396 1733 26 20 10
2450 1735 11 18 0

1881 1759 53 21 Rum
1942 1767 5 13 :
1964 1759 25 21 P.
1999 1759 26 22 B.
2037 1759 31 25 P.,
2083 1766 39 19 per
2131 1759 75 27 gallon

2001 1786 23 21 in
2038 1785 59 22 bond
2219 1787 13 19 0
2259 1787 13 20 3
2301 1786 11 19 0
2332 1800 17 5 ..
2368 1787 13 19 0
2407 1785 13 21 5
2449 1786 14 20 0

1881 1813 87 21 Sugar:
1985 1813 117 21 Mauritius
2112 1820 40 19 per
2158 1817 48 17 cwt.
2222 1815 12 19 0
2262 1815 14 19 0
2304 1814 47 20 0..
2384 1818 57 15 none

1989 1840 77 21 Brown
2082 1839 54 22 ditto
2154 1841 75 19 ....1
2258 1841 13 19 2
2299 1840 79 20 0..1
2406 1841 13 19 8
2448 1841 12 18 0

1989 1866 94 22 Refined
2097 1867 54 26 loaf,
2168 1874 39 19 per

2015 1893 21 21 lb
2220 1895 13 19 0
2261 1894 13 20 0
2302 1893 12 21 7
2332 1907 17 6 ..
2368 1895 15 19 0
2408 1894 14 19 0
2450 1894 12 20 8

1990 1920 93 22 Manilla
2102 1927 39 20 per
2154 1923 49 18 cwt.
2219 1921 10 20 1
2259 1922 13 18 0
2300 1922 12 18 0
2331 1933 18 7 ..
2368 1921 10 19 1
2407 1920 13 20 6
2448 1922 13 19 0

1881 1947 72 21 Salt:
1968 1947 124 27 Liverpool,
2104 1954 39 19 per
2152 1950 39 18 ton
2199 1963 6 5 .
2220 1949 13 19 0
2260 1948 14 19 0
2302 1948 12 19 0
2332 1960 18 6 ..
2369 1947 14 20 0
2408 1948 14 20 0
2451 1949 13 17 0

1881 1975 58 20 Soap
1948 1981 6 14 :
1982 1974 99 21 Hawes's
2104 1973 102 27 London,

2007 2004 81 22 perton
2205 2001 27 19 20
2260 2002 13 19 0
2301 2001 13 19 0
2332 2001 48 19 ..23
2408 2003 15 16 O
2450 2001 14 19 0

1998 2025 116 27 Liverpool
2206 2027 25 19 1G
2260 2027 13 19 0
2302 2027 12 19 0
2332 2027 48 19 ..18
2409 2026 11 18 0
2451 2027 11 19 0

1881 2053 103 20 Starch:
2001 2052 71 21 Perlb
2222 2054 12 20 0
2263 2055 13 17 0
2304 2054 12 18 U
2335 2067 17 5 ..
2371 2054 13 19 0
2412 2053 9 20 1
2452 2053 12 21 0

1882 2079 141 21 Scantling:
2040 2079 40 21 Per
2088 2081 40 19 100
2137 2079 66 21 feet..
2222 2081 13 19 0
2264 2081 12 19 8
2304 2081 12 19 0
2335 2093 17 6 ..
2371 2081 14 19 0
2399 2080 26 20 12
2453 2081 12 19 0

1883 2106 114 21 Shingles
2004 2113 6 13 :
2026 2105 40 22 Per
2074 2107 60 26 1000,
2144 2106 27 21 N.
2180 2106 26 21 Z.
2222 2108 12 19 0
2262 2107 14 19 9
2304 2108 12 18 0
2335 2120 4 6 .
2347 2120 5 6 .
2370 2107 56 20 012
2452 2108 12 19 0

2011 2133 69 26 Ditto,
2102 2133 28 21 V.
2141 2133 29 21 D.
2181 2133 25 21 L.
2222 2135 12 19 0
2262 2135 14 18 0
2304 2135 14 19 0
2335 2147 5 5 .
2347 2147 5 5 .
2371 2135 13 19 0
2399 2135 26 19 10
2452 2135 13 19 6

1882 2160 61 22 Tar:
1960 2159 53 22 Coal
2222 2161 53 19 11
2304 2161 12 19 0
2335 2173 17 7 ..
2373 2161 12 19 0
2413 2161 12 20 0
2453 2163 11 18 0

1964 2186 126 22 Stockholm
2224 2187 10 20 I
2264 2188 12 19 1
2305 2188 80 19 0..0
2412 2189 13 19 0
2453 2189 12 19 0

1883 2213 47 22 Tea
1938 2222 6 12 :
1954 2213 79 28 Hyson
2039 2213 54 27 skin,
2098 2221 40 20 per
2148 2213 62 22 chest
2223 2215 12 19 5
2264 2216 14 19 0
2305 2215 13 19 0
2336 2227 18 6 ..
2373 2213 13 23 7
2413 2215 12 19 7
2453 2216 12 18 0

1957 2241 92 26 Congou
2211 2242 26 20 10
2264 2243 14 19 0
2305 2241 13 20 0
2335 2255 5 5 .
2347 2254 5 6 .
2372 2241 53 21 018
2453 2243 11 19 0

1883 2267 105 21 Tobacco
1996 2275 5 14 :
2015 2267 139 26 Negrohead,
2171 2274 40 19 per

2040 2293 30 22 lb.
2083 2294 23 21 in
2123 2293 59 22 bond
2223 2297 13 19 0
2265 2296 8 20 J
2305 2296 48 19 0..
2372 2296 13 20 0
2414 2296 10 20 1
2453 2296 11 20 6

1883 2321 161 21 Turpentine:
2060 2320 145 27 Pergallon..
2224 2323 13 19 0
2265 2324 13 18 8
2305 2323 13 19 0
2337 2335 17 7 ..
2373 2323 13 19 0
2401 2323 26 20 10
2453 2324 12 18 0

1884 2347 159 22 Whalebone:
2060 2347 89 22 Perton
2211 2349 27 21 90
2265 2350 13 19 0
2306 2349 12 20 0
2337 2349 63 21 ..110
2414 2351 13 19 0
2454 2351 11 18 0

1885 2374 80 21 Wine:
1982 2375 86 26 Sherry,
2079 2382 39 19 per
2127 2374 50 27 pipe
2188 2377 49 19 ..28
2265 2377 13 19 0
2307 2377 12 19 0
2337 2377 50 19 ..40
2413 2377 14 19 0
2454 2378 11 18 0

1992 2401 69 26 Ditto,
2077 2408 40 19 per
2130 2401 79 21 dozen.
2225 2403 9 20 1
2264 2405 14 18 4
2306 2403 13 19 0
2337 2415 17 7 ..
2373 2403 13 19 2
2401 2403 26 20 10
2454 2405 13 17 (f

1993 2428 58 27 Port,
2062 2435 40 20 per
2111 2428 50 27 pipe
2186 2443 6 5 .
2199 2443 6 5 .
2210 2430 27 20 28
2265 2431 13 19 0
2305 2430 13 20 0
2337 2443 4 5 .
2348 2443 6 5 .
2359 2430 27 20 60
2413 2431 16 19 O
2453 2431 11 19 0

2058 2462 39 19 per
2107 2456 48 20 doz.
2185 2469 6 6 .
2198 2469 6 6 .
2224 2457 10 19 1
2263 2457 13 20 8
2304 2457 13 19 0
2335 2470 5 5 .
2347 2469 5 6 .
2371 2457 14 19 2
2412 2457 12 19 8
2452 2457 12 19 0

1992 2481 148 28 Champagne,
2154 2481 54 22 ditto
2222 2484 14 20 2
2263 2483 13 20 5
2304 2484 13 19 0
2335 2497 17 5 ..
2370 2483 15 20 4
2399 2484 26 19 10
2452 2484 11 18 0

1885 2507 120 23 Poultry:
2021 2508 77 27 Fowls,
2105 2516 40 19 per
2151 2509 60 26 pair.
2225 2511 14 19 0
2267 2511 12 19 8
2307 2511 13 19 0
2338 2523 18 6 ..
2375 2511 12 19 0
2402 2510 25 20 16
2454 2512 12 18 0

2019 2535 82 26 Ducks,
2112 2535 56 21 ditto
2188 2550 18 6 ..
2225 2538 13 19 0
2253 2537 26 20 16
2307 2537 12 19 0
2337 2550 18 6 ..
2373 2537 14 19 0
2414 2537 13 19 0
2453 2537 12 19 0

2020 2561 78 28 Geese,
2109 2562 55 21 each
2187 2577 5 5 .
2200 2577 5 5 .
2225 2564 10 20 1
2264 2565 15 18 0
2306 2564 13 19 0
2337 2577 4 5 .
2349 2577 5 5 .
2373 2564 13 19 0
2413 2564 13 20 0
2453 2563 12 20 0

2019 2589 106 26 Turkeys,
2137 2589 55 21 each
2225 2590 55 20 010
2307 2591 13 19 0
2338 2603 18 5 ..
2375 2591 13 19 0
2415 2591 13 19 0
2453 2591 14 18 0

2021 2615 100 26 Pigeons,
2131 2616 79 27 (wild,)

2045 2650 39 19 per
2093 2643 48 26 pair
2225 2644 13 19 0
2267 2644 11 19 1
2307 2644 80 20 0..0
2413 2644 12 19 2
2454 2643 11 20 0

2020 2669 82 26 Ducks,
2111 2669 34 21 do.
2157 2669 50 21 do..
2226 2671 13 19 0
2266 2671 15 19 4
2308 2670 13 19 0
2338 2683 18 6 ..
2375 2671 13 19 0
2416 2671 13 19 6
2454 2671 12 19 0

1887 2697 70 21 Eggs:
1977 2697 41 21 Per
2028 2696 70 22 dozen
2227 2698 13 19 0
2267 2697 14 19 2
2308 2697 13 19 6
2338 2710 19 6 ..
2376 2698 13 19 0
2415 2698 14 20 3
2455 2697 12 19 0

1886 2724 76 20 Cows:
1977 2723 70 21 Milch
2215 2723 24 21 15
2267 2725 14 19 0
2308 2725 13 19 0
2339 2724 50 20 ..25
2416 2726 13 18 0
2455 2724 11 19 0

1887 2749 95 23 Mares:
1999 2750 72 22 Brood
2212 2751 27 20 50
2267 2751 14 19 0
2308 2751 13 19 0
2338 2751 51 20 ..80
2416 2751 13 19 0
2455 2751 12 19 0

1889 2777 113 21 Working
2020 2777 129 21 Bullocks:
2172 2777 43 21 Per

1913 2804 49 27 pair
2215 2805 27 19 40
2269 2804 14 20 0
2310 2804 13 20 0
2340 2804 51 20 ..60
2417 2805 13 19 0
2456 2803 12 19 0

1888 2830 63 22 Hire
1961 2838 28 14 of
1999 2838 65 14 ditto
2072 2838 4 13 :
2093 2831 42 21 Per
2143 2831 50 26 day,
2202 2838 13 14 a

1914 2860 60 18 team
1984 2857 45 21 and
2036 2857 72 22 driver
2231 2858 9 20 1
2270 2859 13 19 0
2311 2859 13 19 0
2341 2870 18 6 ..
2377 2857 13 20 2
2417 2858 13 19 0
2456 2857 11 19 0

1889 2884 86 22 Sheep:
1992 2884 59 21 Each
2229 2885 10 20 1
2268 2885 15 19 0
2309 2885 14 19 0
2340 2897 18 7 ..
2379 2885 8 19 1
2417 2885 13 19 8
2456 2884 11 19 0

1888 2911 63 21 Boat
1962 2910 72 22 Hire:
2048 2910 43 22 Per
2097 2911 50 26 day,
2152 2911 64 21 with-

2076 2940 40 18 out
2126 2937 71 21 hands
2206 2953 6 5 .
2227 2939 13 19 0
2256 2936 26 21 10
2309 2937 13 20 0
2340 2950 18 7 ..
2378 2937 9 20 1
2417 2938 13 20 0
2456 2937 12 19 0

1889 2963 85 21 Wages
1980 2970 6 14 :
1999 2961 4 6 '
2014 2963 138 26 Mechanics,
2177 2970 39 21 per

2041 2989 61 21 week
2229 2990 14 20 2
2270 2991 14 19 0
2311 2991 13 19 0
2341 3003 19 7 ..
2378 2991 13 20 3
2419 2991 13 20 0
2457 2991 12 19 0

2024 3015 123 23 Labourers
2165 3030 45 6 ....
2230 3017 9 20 1
2257 3017 26 20 10
2310 3017 13 19 0
2340 3030 19 6 ..
2379 3017 10 20 1
2406 3018 25 20 16
2457 3017 11 20 0

2121 3043 120 21 DUTIES.

1890 3070 99 22 British
1999 3071 89 21 Spirits
2300 3070 33 21 4s.
2342 3077 40 20 per
2390 3069 78 28 gallon.

1890 3097 104 21 Foreign
2006 3097 54 21 ditto
2302 3097 31 21 ss.
2344 3104 38 19 per
2389 3097 78 26 gallon.

1890 3123 104 22 Tobacco
2004 3124 173 27 manufactured,
2304 3125 29 19 Is.
2343 3130 39 21 per
2390 3124 30 21 lb.

2003 3151 204 22 Unmanufactured
2302 3150 36 22 9d.
2349 3158 38 19 per
2394 3150 30 22 lb.

1891 3177 73 22 Snuff
2304 3179 30 20 2s.
2344 3184 38 20 per
2389 3177 30 21 lb.

1892 3205 86 21 Cigars
2305 3205 31 20 2s.
2345 3203 76 28 perlb.

1892 3231 81 22 Wines
2296 3231 25 21 15
2335 3238 38 20 per
2382 3232 53 20 cent.

1891 3257 56 26 Tea,
1961 3259 84 26 Sugar,
2062 3259 85 26 Flour,
2165 3259 98 26 Wheat,
2271 3260 9 20 1

1910 3285 45 21 and
1964 3285 63 21 other
2038 3286 84 27 Grain,
2133 3287 13 20 5
2156 3292 40 21 per
2205 3289 58 18 cent.
2276 3281 5 25 I
2321 3298 12 15 A
2345 3306 14 7 -,
2361 3306 9 7 B
2372 3299 20 14 i_
2394 3306 22 7 M
2417 3304 19 9 ~,

1893 3311 38 22 All
1940 3311 63 22 other
2013 3312 103 22 Foreign
2123 3312 141 27 productions
2275 3299 13 47 f
2307 3299 29 22 ad
2345 3299 92 22 valorem
2438 3313 6 6 «

1907 3337 43 23 and
1956 3339 163 21 manufactures
2128 3341 8 19 1
2141 3340 11 19 0
2159 3346 39 20 per
2206 3344 56 16 cent,
2268 3333 13 32 j

2092 3365 186 24 EXCHANGE.

1894 3405 67 22 Bank
1969 3405 51 22 bills
2029 3413 28 15 on
2067 3405 94 23 London
2193 3393 80 31 i3O&
2284 3396 28 20 60
2325 3394 54 28 days
2387 3393 53 28 sight
2455 3392 10 20 2

2199 3429 11 18 I
2242 3428 40 20 per
2293 3427 58 17 cent,
2361 3426 104 22 premium.

1895 3445 33 21 On
1938 3445 89 28 Sydney
2311 3448 70 21 Ditto.

1895 3472 87 22 Private
1993 3473 48 21 bills
2286 3474 111 23 Nominal.

1915 3529 38 17 The
1964 3530 48 16 New
2023 3530 96 17 Zealand
2130 3532 92 16 Gazette
2228 3533 37 16 and
2276 3533 130 16 Wsllihgtow
2417 3531 48 16 Spec*

1894 3554 63 12 tator
1963 3550 15 16 is
1985 3551 94 19 published
2086 3556 54 16 every
2147 3553 112 21 Wednesday
2269 3554 36 16 and
2316 3553 90 20 Saturday.
2425 3551 38 16 Sub*

1893 3570 61 21 joined
1960 3575 31 12 are
1998 3572 29 15 the
2035 3574 86 14 terms-—

1916 3591 62 17 Price
1985 3596 24 12 ob
2015 3596 40 12 the
2062 3593 74 17 Paper.
2136 3602 22 3 —
2158 3594 54 20 Forty
2217 3594 85 21 shillings
2307 3598 33 17 per
2348 3597 71 15 annum,
2428 3593 30 20 psy

1895 3612 38 16 able
1940 3612 19 16 in
1966 3613 78 16 advance
2049 3618 4 14 ;
2064 3618 20 11 or
2090 3618 36 12 one
2132 3614 75 21 shilling
2213 3615 27 16 for
2246 3615 59 21 single
2311 3615 88 16 numbers.

1916 3633 152 17 Advertisements
2075 3634 37 16 will
2118 3637 33 14 not
2156 3639 66 16 appear
2232 3636 19 16 in
2263 3636 31 16 the
2304 3639 76 16 ensuing
2389 3633 68 17 number

1895 3653 17 16 if
1919 3653 82 16 received
2007 3654 45 16 later
2058 3655 44 16 than
2114 3656 20 16 10
2141 3655 72 21 o'clock,
2221 3661 48 14 a.m.,
2276 3661 24 12 on
2307 3657 30 16 the
2344 3658 85 17 mornings
2437 3654 25 14 to*

1895 3674 36 16 fore
1944 3673 117 21 publication.
2082 3676 156 17 Advertisements
2251 3676 38 17 will
2300 3678 20 15 be
2332 3675 91 18 continued
2430 3672 30 18 and

1895 3695 76 20 charged
1982 3695 49 16 until
2039 3697 164 20 counter-ordered;
2214 3697 46 17 such
2265 3697 52 17 order
2323 3698 49 15 must
2378 3697 20 16 be
2404 3696 37 15 sent
2447 3694 14 14 to

1895 3715 31 16 the
1935 3715 55 16 Office
2001 3716 35 16 two
2054 3716 43 21 days
2116 3718 60 16 before
2186 3718 117 20 publication,
2313 3718 36 16 and
2359 3718 47 16 must
2414 3716 20 15 b«
2444 3713 15 16 ia

1895 3734 77 22 writing.
1996 3736 154 19 Advertisements
2162 3737 81 18 received
2262 3738 51 22 after
2330 3738 21 17 10
2365 3736 62 18 o'clock
2441 3737 18 12 on

1896 3756 81 20 Tuesday
1991 3757 36 17 and
2036 3758 64 17 Friday
2110 3759 94 20 mornings
2214 3759 38 16 will
2262 3760 21 15 b«
2295 3758 75 21 chargtd
2380 3760 46 14 tvnoa
2434 3755 26 15 tt»

1897 3777 51 16 usual
1954 3778 53 15 rates.

1916 3797 30 17 All
1952 3798 66 18 orders,
2029 3797 156 22 advertisements,
2195 3798 36 18 and
2241 3798 158 18 communications
2409 3797 18 15 to
2436 3794 26 16 tbt

1897 3818 67 19 Editor,
1970 3822 31 13 are
2007 3820 95 19 requested
2107 3822 19 14 to
2133 3821 21 15 be
2160 3820 98 16 addressed
2263 3822 19 15 to
2288 3821 38 15 this
2332 3820 59 16 Office.

823 126 77 20 Land
914 126 29 19 at
956 123 101 22 Karori.

654 160 67 48 TO
735 159 39 22 BE
789 159 86 26 SOLD,
891 161 44 18 two
952 158 13 21 5
985 164 45 15 acre
1044 156 132 27 allotments,
1197 159 35 19 to-

726 186 77 26 gether
813 193 24 14 or
852 188 106 23 separate,
969 190 29 14 on
1011 183 84 22 Yule's
1105 183 87 21 Section
1209 185 23 19 at

653 213 92 25 Karori;
764 213 24 20 in
805 218 42 15 one
867 211 123 25 allotment,
1007 209 37 22 the
1062 209 70 22 whole
1152 210 26 21 of
1194 209 38 21 the

652 239 91 21 inferior
752 238 79 23 timber
840 237 45 22 and
896 235 128 24 brushwood
1033 239 21 19 \i
1067 240 38 17 cut
1111 244 5 18 ;
1131 235 41 23 has
1187 239 44 17 two

652 265 58 26 good
724 269 92 17 streams
832 264 98 26 running
943 262 99 27 through,'
1053 262 45 22 and
1114 262 19 21 is
1149 270 27 14 an
1193 268 39 15 ex-

653 291 81 22 cellent
751 291 103 21 situation
872 290 35 21 for
925 285 138 38 anyj|p|rsqn
1087 288 99 22 desirous
1210 287 26 22 of

652 317 102 28 building
763 317 24 22 hi
797 317 46 21 that
851 312 189 34 neighbourly
1067 315 76 28 4spply
1154 319 22 17 to

871 350 28 21 R.
914 345 85 29 Davis/
1008 348 88 21 Aurora
1108 347 96 22 Tavern.

874 402 54 19 For
941 400 66 21 Sale.

654 435 93 49 THE
768 435 104 22 CARGO
889 434 39 22 OF
943 432 98 24 MAIZE
1055 440 40 20 per
1107 433 69 20 Ariel.

1021 460 74 21 Levin
1111 460 44 21 and
1166 460 39 22 Co.

682 493 103 26 January
794 493 35 26 27,
840 493 61 21 1843.

657 544 91 48 THE
770 545 78 20 Nelson
871 545 115 19 Examiner
1007 544 41 20 and
1068 544 52 20 New
1143 544 94 20 Zealand

729 571 110 21 Chronicle
855 570 124 27 (published
989 573 20 18 at
1018 569 99 27 Nelson,)
1133 570 19 21 is
1169 578 67 20 regu-

654 597 58 28 larly
730 597 142 22 transmitted
885 600 23 18 to
925 596 138 27 Wellington,
1084 595 43 23 and
1142 604 50 20 may
1208 597 28 22 be

655 624 43 22 had
709 627 22 19 at
740 624 38 22 the
789 625 62 21 office
862 624 25 21 of
898 623 43 21 this
950 630 70 21 paper.

682 658 47 22 The
740 659 78 20 Nelson
827 658 115 20 Examiner
957 657 44 22 will
1008 657 26 21 be
1044 656 69 22 found
1122 663 29 14 an
1162 657 75 22 excel-

654 685 49 21 lent
711 685 99 21 medium
820 684 35 22 for
865 684 136 22 advertisers.

682 712 79 21 Terms
771 712 33 21 for
814 711 36 22 the
861 718 73 20 paper,
945 714 36 18 ten
990 709 96 27 shillings
1099 716 39 20 per
1147 713 90 23 quarter

655 738 95 28 payable
759 738 23 21 in
792 738 108 21 advance.

684 765 82 21 Orders
788 765 35 21 for
841 764 38 21 the
902 771 67 20 paper
990 762 42 22 and
1054 762 183 22 advertisements

656 791 104 22 received
769 794 23 19 at
801 791 38 21 the
849 791 71 21 Office
932 790 23 21 of
968 790 40 21 this
1016 796 75 19 paper.

758 844 39 19 To
818 842 170 26 Proprietors
1002 840 26 21 of
1042 842 90 19 Stock.

657 875 51 47 A
733 873 198 22 GENTLEMAN
950 872 48 22 who
1015 872 38 21 has
1074 872 57 21 been
1151 872 87 21 several

735 908 64 20 years
807 900 22 21 in
840 900 80 26 churge
932 900 24 20 of
967 899 60 22 stock
1036 899 23 21 in
1070 899 110 27 England,
1192 899 46 21 and

658 928 48 20 who
721 927 41 21 has
771 928 59 20 been
848 933 62 14 more
931 926 52 21 than
1002 926 75 21 twelve
1096 926 96 21 months'
1213 926 23 21 in

657 954 80 26 charge
749 954 25 21 of
792 961 41 13 one
850 952 25 22 of
894 952 38 22 the
948 953 79 25 largest
1046 952 79 21 dairies
1141 952 23 21 in
1184 952 55 21 Port

656 980 131 26 Nicholson,
797 980 41 21 has
848 979 137 22 determined
995 981 20 19 to
1025 978 102 22 establish
1142 985 13 14 a
1169 978 68 28 sheep

656 1007 44 21 and
710 1007 66 21 cattle
788 1006 86 25 station,
886 1006 99 21 between
997 1006 87 21 Porirua
1089 1004 45 22 and
1140 1005 98 27 Wanga-

657 1034 46 26 nui,
725 1033 53 22 with
794 1032 36 22 the
846 1032 110 22 intention
975 1032 24 21 of
1013 1032 76 26 taking
1107 1032 66 27 sheep
1192 1032 47 21 and

657 1060 67 21 cattle
734 1067 29 14 on
773 1059 82 27 shares,
868 1067 24 13 or
900 1058 117 26 otherwise,
1028 1066 24 14 as
1058 1065 51 24 may
1118 1058 27 21 be
1155 1059 84 26 agreed

656 1094 67 20 upon.
753 1086 46 22 The
816 1093 49 14 new
875 1086 73 21 North
958 1086 67 24 Road,
1037 1092 48 15 now
1095 1085 23 21 in
1128 1092 109 20 progress,

658 1114 44 21 will
712 1113 50 27 give
773 1112 38 22 the
823 1116 56 18 most
888 1113 85 26 perfect
982 1112 80 26 facility
1079 1112 25 21 of
1115 1113 124 20 communi-

657 1140 75 26 cating
741 1140 30 26 by
781 1138 54 23 land
844 1139 52 21 with
908 1139 35 22 the
959 1138 87 27 grazing
1058 1138 96 21 districts
1167 1138 23 21 in
1201 1140 38 20 the

657 1167 71 21 above
751 1166 113 21 indicated
886 1166 114 21 direction.
1044 1165 43 21 For
1108 1165 131 27 particulars

658 1193 66 28 apply
732 1197 22 18 to
764 1194 37 20 the
814 1194 86 19 Gazette
910 1192 70 22 office.

844 1246 113 19 Gazette
973 1245 83 20 Office.

658 1279 201 23 STATIONERY
873 1278 190 22 WHOLESALE
1078 1278 20 21 &
1114 1278 124 22 RETAIL.

658 1314 89 48 WE
770 1314 43 26 beg
835 1315 23 18 to
881 1319 115 15 announce
1011 1312 37 21 the
1069 1312 87 26 arrival,
1180 1312 59 22 from

755 1339 110 27 England,
877 1339 26 22 of
910 1340 37 21 the
963 1339 44 21 first
1015 1343 47 23 part
1072 1338 24 22 of
1106 1346 40 14 our
1161 1342 79 18 exten-

658 1366 47 23 sive
715 1367 75 22 orders
798 1367 24 20 in
833 1366 42 21 this
886 1365 136 28 department
1032 1366 24 21 of
1064 1365 105 22 business.
1192 1366 49 21 Our

658 1394 63 21 stock
731 1393 90 27 already
832 1393 92 22 consists
940 1394 24 20 of
976 1399 62 20 every
1047 1392 74 21 article
1137 1392 103 27 required

658 1421 35 21 for
707 1421 97 26 Schools,
823 1420 80 26 Banks,
921 1420 82 25 Courts,
1020 1420 52 21 Law
1088 1418 87 24 Olfices,
1195 1419 46 22 and

658 1448 90 27 Artists,
760 1448 39 21 &c.
809 1455 5 19 ;
830 1446 74 22 whilst
913 1446 36 21 the
966 1446 131 21 ornamental
1109 1445 43 21 and
1168 1445 72 22 draw-

658 1477 38 25 ing
710 1483 61 13 room
788 1474 121 26 stationery
925 1473 39 21 has
978 1477 37 16 not
1027 1473 57 20 been
1099 1472 140 22 overlooked.

658 1502 47 22 The
717 1502 125 21 difficulties
853 1500 115 26 attending
976 1498 35 22 the
1020 1499 47 21 first
1074 1498 167 23 establishment

658 1529 82 27 having
752 1529 54 21 been
823 1533 122 21 overcome,
957 1525 44 22 and
1008 1533 66 20 every
1088 1526 79 21 arrival
1182 1526 57 21 from

658 1556 106 26 England
783 1554 82 27 adding
881 1554 59 21 fresh
957 1552 104 22 additions
1076 1556 22 17 to
1114 1559 39 14 our
1168 1553 70 27 stock,

646 1585 2 26 |
659 1583 44 21 will
721 1582 77 22 enable
813 1589 26 14 us
848 1584 23 19 to
888 1580 80 22 reduce
985 1587 37 14 our
1036 1580 91 26 charges
1137 1586 29 15 on
1182 1584 59 17 most

658 1610 89 22 articles
756 1614 23 16 at
788 1609 56 21 least
853 1610 26 19 50
888 1615 40 20 per
937 1610 58 18 cent.

686 1641 155 27 Storekeepers
859 1637 43 24 and
921 1638 113 22 wholesale
1052 1637 84 22 dealers
1155 1645 42 14 can
1211 1638 30 22 be

658 1668 102 27 supplied
776 1672 21 17 to
813 1674 43 20 any
867 1670 83 22 extent,
968 1666 40 21 and
1019 1673 32 17 .on
1068 1670 67 16 terms
1151 1665 89 28 equally

659 1696 164 25 advantageous
833 1698 22 17 to
867 1700 42 20 any
917 1692 101 22 obtained
1027 1693 22 21 in
1060 1692 96 27 Sydney,

687 1728 98 26 Writing
794 1734 74 20 paper,

687 1754 115 28 Imperial,

687 1782 81 27 Royal,

687 1809 114 27 Foolscap,
813 1808 88 21 various
912 1808 105 27 qualities,

687 1836 72 26 Large
771 1835 60 22 thick
839 1838 57 24 post,
907 1842 60 15 wove
977 1836 39 20 and
1027 1834 51 27 laid,

686 1862 59 21 Thin
756 1866 55 23 post,
824 1862 62 26 ditto,

687 1889 56 21 Fine
754 1889 52 21 bath
817 1893 55 22 post,
883 1888 48 27 gilt,

687 1916 88 21 Double
792 1916 109 27 elephant,
914 1916 139 26 antiquarian,
1070 1914 108 28 imperial,
1195 1914 46 22 and

658 1943 62 27 royal
731 1942 100 27 drawing
841 1949 74 20 paper,

687 1970 91 26 Oblong
789 1968 88 28 clasped
887 1968 164 23 memorandum
1060 1968 77 26 books,

687 1996 87 21 French
785 1996 87 26 tracing
881 2003 74 19 paper,

687 2022 88 21 Ladies'
787 2022 44 20 and
841 2021 144 27 gentlemen's
998 2021 47 21 card
1056 2028 67 19 cases,

687 2048 64 22 Ditto
816 2048 35 21 do.
912 2048 69 21 tinted
992 2047 40 21 and
1041 2047 114 22 embossed
1166 2047 73 27 cards,

688 2076 95 26 Sponge,
795 2075 76 21 wafers
882 2074 22 21 in
916 2076 13 19 2
939 2082 32 13 oz.
983 2074 70 26 boxes,

687 2102 71 21 Black
778 2102 55 26 edge
853 2101 43 22 and
916 2100 106 22 bordered
1041 2104 52 18 note
1109 2100 46 22 and
1174 2100 67 23 letter

659 2137 75 19 paper,

688 2156 91 21 Invoice
788 2155 77 27 books,
876 2154 53 22 with
938 2154 95 26 indexes,
1044 2154 86 22 various
1140 2154 63 25 sizes,

688 2183 59 21 Cash
756 2183 77 26 books,
843 2182 65 22 ruled
917 2181 86 27 double,
1012 2182 86 21 various
1109 2182 54 21 sizes

687 2210 134 26 Envelopes,

688 2236 86 22 Pewter
785 2236 123 26 inkstands,

687 2264 81 26 Ebony
776 2263 123 27 inkstands,
910 2262 53 22 with
972 2262 95 27 drawers,

687 2290 74 22 Broad
772 2290 43 21 and
825 2297 83 14 narrow
919 2297 67 19 green
996 2290 38 21 silk
1045 2290 84 26 ribbon,

687 2318 66 20 Brief
760 2317 44 21 and
815 2317 57 21 deed
880 2324 74 20 paper,

688 2344 73 22 Ruled
771 2351 68 21 paper
848 2344 33 21 for
891 2343 40 22 bill
940 2343 71 26 heads,

687 2371 73 27 Royal
776 2371 66 27 hand,
857 2370 79 22 double
955 2370 56 22 hand
1025 2371 83 26 brown,
1125 2370 44 21 and
1178 2370 64 27 royal

660 2398 74 21 brown
747 2398 113 27 wrapping
868 2405 74 20 paper,

688 2424 100 27 Ledgers
797 2424 44 22 and
851 2427 95 19 account
955 2424 72 26 books,
1038 2423 87 22 various
1135 2423 63 27 sizes,

687 2452 84 20 Pocket
780 2451 87 27 ledgers
876 2451 44 21 and
930 2450 163 22 memorandum
1103 2450 75 26 books,

688 2478 120 27 Engraved
819 2485 55 20 copy
881 2478 54 27 slips
943 2478 45 21 and
998 2478 71 26 books,

689 2505 52 21 Best
752 2504 78 22 Welch
840 2507 67 19 slates
922 2505 61 27 large
990 2505 41 21 and
1039 2504 71 27 small,

692 2532 74 21 Blank
776 2532 70 22 music
858 2531 77 27 books,

689 2559 105 27 Message
804 2558 70 27 cards,

689 2586 110 21 Coloured
807 2592 88 21 papers,

689 2613 71 26 Sugar
769 2620 86 20 papers,

689 2639 60 21 Note
760 2646 84 20 papers,

689 2666 94 27 Playing
793 2667 71 26 cards,
874 2666 105 22 coloured
988 2666 40 22 and
1037 2666 53 27 gold
1099 2666 77 26 backs,

689 2693 63 27 Copy
766 2693 75 26 books,

689 2719 72 22 Black
769 2720 52 21 lead
830 2719 93 28 pencils,

691 2746 68 22 India
768 2747 88 23 rubber,
867 2747 69 21 bottle
947 2747 43 21 and
999 2749 81 26 patent,

692 2773 69 27 Ivory
771 2773 80 21 folders
861 2773 43 22 and
917 2773 85 28 knives,

691 2799 47 22 Pen
750 2800 84 27 knives,

691 2827 87 26 Rulers,
791 2834 54 20 copy
855 2826 77 27 books,

692 2853 75 22 Blank
777 2853 50 22 bills
838 2853 26 22 of
870 2854 119 27 exchange,

693 2880 76 22 Letter
779 2880 45 22 and
835 2881 38 21 bill
882 2881 56 26 files,

694 2907 42 22 Ink
748 2907 44 21 and
801 2907 40 21 ink
852 2908 107 26 po_wders,

693 2934 76 22 Bibles
778 2934 46 22 and
834 2937 135 24 testaments,

693 2961 98 27 Spelling
801 2961 74 26 books,
888 2962 94 26 various,

694 2988 104 26 Primers,

694 3015 124 21 Children's
828 3015 70 21 books
906 3015 24 21 in
939 3019 62 22 great
1008 3015 88 27 variety,

693 3041 75 22 Blank
783 3042 171 21 Custom-house
970 3042 70 24 forms,
1051 3042 35 22 for
1100 3043 146 25 auctioneers,

667 3069 45 21 and
722 3069 30 21 all
761 3068 37 22 the
809 3068 63 22 other
881 3069 167 21 Custom-house
1064 3073 67 17 torms
1141 3070 35 20 for
1188 3077 60 14 mer-

667 3095 87 26 chants,

694 3122 115 22 Seamen's
819 3121 97 23 advance
927 3125 69 23 notes,

694 3149 115 22 Seamen's
820 3149 87 22 articles
917 3148 24 22 of
948 3152 130 23 agreement,

695 3175 137 27 Log-books,

696 3203 75 21 Blank
781 3203 65 25 writs,

696 3229 135 22 Parchment
837 3229 34 21 for
879 3228 75 27 deeds,

696 3255 80 28 Quills,

696 3282 61 22 Ever
764 3282 90 28 pointed
863 3281 75 29 pencil
947 3289 57 15 cases
1013 3283 22 21 in
1045 3284 97 27 superior
1149 3285 99 22 German

669 3309 73 25 silver,

697 3336 91 22 Lucifer
797 3336 76 27 boxes,

696 3363 76 21 Wafer
785 3367 89 23 stamps.

710 3416 250 21 ROWLAND'S
995 3417 212 26 KALYDOR,

687 3448 17 21 A
736 3447 224 22 PREPARATION
971 3448 52 22 from
1034 3450 92 20 Oriental
1131 3451 93 25 Exotics,
1232 3450 18 22 is

670 3478 102 18 XA-now
781 3474 134 27 universally
924 3475 78 22 known
1011 3483 23 14 as
1044 3476 36 21 the
1090 3478 48 24 only
1147 3477 45 22 safe
1204 3478 45 21 and

671 3502 97 21 efficient
774 3503 108 24 protector
893 3501 44 21 and
947 3502 103 26 beautifier
1059 3502 27 22 of
1092 3503 36 22 the
1138 3504 57 21 Skin
1206 3504 45 22 and

671 3528 159 21 Complexion.
859 3528 32 21 Its
910 3528 82 22 virtues
1008 3536 36 15 are
1062 3531 127 26 commonly
1206 3530 34 22 dis

670 3554 82 27 played
770 3555 22 20 in
811 3555 134 27 thoroughly
962 3556 131 26 eradicating
1111 3556 30 22 all
1153 3559 96 25 pimples,

670 3583 63 24 spots,
745 3582 89 25 redness,
844 3584 44 20 tan,
899 3582 101 25 freckles,
1008 3583 44 22 and
1062 3583 62 22 other
1136 3585 115 27 unsightly

671 3611 110 18 cutaneous
797 3605 85 30 defects,
903 3610 24 21 in
944 3609 86 27 healing
1041 3611 120 27 chilblains,
1178 3613 71 25 chaps,

672 3635 45 22 and
731 3635 25 21 in
771 3636 120 26 rendering
905 3636 38 21 the
954 3639 54 18 most
1020 3636 71 28 rough
1101 3637 45 22 and
1160 3645 90 16 uneven
1256 3652 2 7 <

672 3662 55 25 skin,
738 3662 124 27 pleasantly
871 3662 44 21 soft
925 3662 43 22 and
986 3664 91 21 smooth.
1105 3664 33 22 To
1148 3664 37 23 the
1195 3671 56 15 com-

667 3690 93 25 plexion,
771 3688 18 21 it
797 3688 92 27 imparts
904 3696 13 15 a
929 3689 95 26 juvenile
1039 3693 85 19 roseate
1142 3690 55 28 huey
1205 3693 46 21 and

672 3720 22 17 to
705 3715 37 22 the
753 3716 56 25 neck,
821 3715 61 27 hand,
896 3715 44 22 and
950 3722 52 20 am,
1011 3723 14 14 a
1035 3716 100 28 delicacy
1145 3718 42 22 and
1198 3719 53 22 fair-

672 3748 50 15 ness
731 3741 132 22 unrivalled.
1001 3753 7 10 v.

700 3773 22 22 It
731 3772 19 22 is
760 3772 125 23 invaluable
891 3780 25 15 as
922 3781 14 14 a
940 3774 128 28 renovating
1075 3775 44 22 and
1128 3775 124 29 refreshing

672 3799 76 26 Wash,
767 3800 81 26 during
868 3800 124 28 travelling,
1009 3808 25 14 or
1051 3809 107 20 exposure
1177 3807 23 18 to
1213 3804 38 22 the

672 3833 49 20 sun,
733 3826 58 26 dust,
802 3833 25 14 or
841 3826 153 28 harsh-winds,
1004 3827 41 22 and
1055 3829 55 21 after
1120 3829 38 22 the
1169 3829 84 23 heated

671 3853 140 27 atmosphere
827 3853 27 21 of
868 3854 101 21 crowded
986 3854 128 23 assemblies.
1115 3866 28 5 —
1144 3857 109 22 Gentle-

672 3885 56 16 men,
736 3879 45 22 will
790 3878 47 23 find
844 3880 19 21 it
871 3880 121 28 peculiarly
997 3882 91 26 grateful
1099 3882 56 23 after
1160 3883 93 28 shaving

670 3907 26 21 in
707 3906 99 28 allaying
814 3906 37 22 the
861 3906 117 23 irritation.

671 3938 102 23 Price'49.
780 3936 36 24 6tfv
825 3936 82 24 andSff.
914 3938 81 29 6d;per
1001 3939 74 28 bottle;
1079 3940 55 28 duty
1138 3941 115 25 included.

1259 122 301 21 HOLLOWAY'S
1587 120 254 21 OINTMENT.

1367 153 232 26 HOLLOWAY'S
1621 152 112 26 PILLS.

1259 209 314 21 EXTRAORDINARY
1583 208 93 22 CURS
1691 207 31 21 of
1729 214 16 14 a
1754 207 86 21 CASE

1436 236 226 24 ABANDONED,

1260 268 35 21 By
1307 268 97 26 GUY'S,
1415 276 46 14 the
1470 266 254 27 METROPOLITAN,
1736 266 105 23 KING'S

1312 295 149 27 COLLEGE,
1477 303 46 14 and
1538 294 146 23 CHARING
1699 293 90 22 CROSS

1465 321 178 22 HOSPITALS.

1260 354 55 22 This
1330 354 55 22 Fact
1401 360 44 16 was
1460 354 109 22 SWORN
1589 354 40 22 TO
1644 352 44 22 this
1706 352 37 22 Bth
1762 352 43 28 day
1820 353 26 21 of

1263 383 4 4 ■
1289 380 87 27 March,
1385 382 59 24 1842,
1455 381 76 21 before
1542 381 36 21 the
1588 380 69 26 Right
1667 379 129 21 Honorable
1804 379 38 21 the

1289 407 61 22 Lord
1360 407 88 27 Mayor,
1460 411 22 17 at
1490 407 38 21 the
1542 406 193 22 Mansion-house.

1380 440 141 25 Summary
1542 439 30 21 of
1589 437 137 23 Affidavit.

1262 471 102 48 WM.
1380 470 134 28 BROOKE,
1531 470 138 26 Messenger,
1688 470 25 21 of
1724 471 20 24 2,
1759 468 85 22 Union-

1358 501 74 23 street,
1440 498 135 25 Southwark,
1583 496 101 25 London,
1695 496 90 21 maketh
1792 495 52 22 oath

1263 524 45 21 and
1319 524 63 26 saith,
1401 524 47 22 that
1462 524 28 21 he
1501 524 53 26 (this
1563 523 121 28 deponent)
1695 529 45 14 was
1750 522 94 21 afflicted

1265 550 51 21 with
1320 552 77 25 fifteen
1406 552 90 25 running
1504 552 67 19 ulcers
1585 557 30 14 on
1632 550 33 21 his
1681 549 40 21 left
1735 556 54 19 arm,
1801 550 43 20 and

1263 577 113 22 ulcerated
1391 584 59 16 sores
1464 578 46 22 and
1526 577 91 23 wounds
1635 583 29 15 on
1679 575 53 22 both
1747 575 52 27 legs,
1811 576 35 21 for

1264 603 72 22 which
1357 605 111 27 deponent
1490 611 44 16 was
1557 602 108 23 admitted
1688 609 29 14 an
1741 602 105 21 out-door

1263 630 86 27 patient
1359 635 23 18 at
1392 631 36 22 the
1444 630 157 28 Metropolitan
1618 628 110 28 Hospital,
1738 629 23 20 in
1771 628 72 28 April,

1266 658 58 24 1841,
1337 657 71 22 which
1418 658 28 21 he
1456 658 115 21 continued
1579 658 34 20 for
1622 657 76 25 nearly
1708 655 48 22 four
1764 655 80 22 weeks.

1264 683 88 25 Unable
1369 688 23 18 to
1406 685 87 21 receive
1508 691 13 15 a
1536 691 50 14 cure
1601 683 69 26 there,
1683 682 37 21 the
1735 682 111 26 deponent

1263 710 80 26 sought
1353 711 65 22 relief
1425 715 23 18 at
1457 711 38 22 the
1504 711 62 22 three
1576 710 114 25 following
1699 708 103 27 hospitals
1811 716 4 13 :—:
1818 719 28 4 —

1265 736 80 27 King's
1355 738 89 26 College
1454 738 103 25 Hospital
1566 738 24 21 in
1598 736 61 27 May,
1670 736 35 21 for
1705 737 45 25 five
1761 734 82 28 weeks;

1265 763 72 27 Guy's
1348 764 102 27 Hospital
1465 765 24 20 in
1500 764 61 27 July,
1571 764 35 21 for
1620 764 35 19 six
1670 762 82 26 weeks;
1769 762 44 21 and
1824 766 22 16 at

1265 789 98 28 Charing
1373 791 64 21 Cross
1454 790 99 28 Hospital
1568 794 23 17 at
1605 790 37 21 the
1653 789 44 22 end
1712 789 26 21 of
1750 788 94 27 August,

1264 816 34 21 for
1315 823 60 15 some
1392 817 72 22 weeks
1480 825 72 19 more;
1575 816 73 22 which
1667 816 112 26 deponent
1797 814 47 27 left,

1264 842 67 28 being
1341 843 22 21 in
1373 851 14 14 a
1397 844 33 21 far
1438 851 67 14 worse
1512 843 113 22 condition
1631 843 53 21 than
1693 842 63 21 when
1764 842 28 21 he
1801 841 44 22 had

1265 870 85 26 quitted
1362 870 77 27 Guy's,
1451 870 73 21 where
1540 870 33 21 Sir
1589 870 101 25 Bransby
1701 869 89 26 Cooper,
1802 868 44 21 and

1265 896 63 21 other
1336 896 96 22 medical
1447 896 86 22 officers
1543 896 25 21 of
1578 896 38 21 the
1626 894 166 23 establishment
1802 894 44 21 had

1264 922 48 21 told
1322 922 111 27 deponent
1443 923 47 21 that
1500 923 36 20 the
1547 922 52 26 only
1609 922 85 21 chance
1706 922 25 21 of
1737 922 69 25 saving
1815 922 33 19 his

1265 949 39 25 life
1317 956 41 13 was
1373 952 21 18 to
1404 952 40 18 lose
1458 951 33 19 his
1500 956 45 13 arm
1552 951 9 18 I
1589 948 47 22 The
1654 948 110 28 deponent
1775 948 72 21 there-

1265 983 59 19 upon
1334 976 72 21 called
1415 983 59 21 upon
1485 976 40 21 Dr.
1536 975 86 27 Bright,
1633 975 61 21 chief
1700 975 113 27 physician
1825 975 25 21 of

1267 1002 77 28 Guy's,
1361 1003 56 26 who,
1430 1010 28 14 on
1476 1003 94 26 viewing
1586 1002 128 26 deponent's
1728 1002 118 26 condition,

1265 1029 78 27 kindly
1352 1030 45 21 and
1408 1029 101 27 liberally
1518 1028 54 27 said,
1626 1035 32 13 am
1669 1030 77 24 utterly
1756 1030 23 18 at
1788 1035 13 13 a
1809 1031 39 18 toss

1265 1057 57 20 what
1331 1058 21 19 to
1363 1058 26 19 do
1394 1058 42 24 for
1445 1063 39 19 you
1491 1059 9 18 1
1514 1057 36 20 but
1560 1058 48 18 here
1620 1056 18 19 is
1650 1056 182 25 half-a-sovereign
1841 1065 7 10 :

1263 1090 26 19 go
1300 1086 22 18 to
1331 1085 45 19 Air.
1387 1085 114 25 Hulloway,
1514 1084 41 20 and
1562 1086 34 23 try
1606 1084 56 19 what
1678 1084 60 24 effect
1752 1084 32 19 his
1792 1084 56 20 Pills

1265 1112 43 19 and
1319 1112 104 20 Ointment
1439 1113 44 18 will
1492 1113 56 24 have,
1560 1117 22 14 as
1591 1112 15 19 J
1613 1112 50 19 have
1665 1112 123 24 frequently
1801 1112 47 19 wit-

1265 1140 71 19 nessed
1344 1140 36 19 the
1389 1140 114 24 wondtrful
1512 1140 70 24 effects
1594 1140 48 24 they
1651 1139 51 19 h.ve
1711 1140 22 18 in
1742 1139 106 25 desperate

1266 1172 62 14 cases.
1359 1168 45 19 You
1413 1173 38 13 can
1462 1168 28 19 let
1500 1173 31 14 me
1540 1173 31 14 see
1580 1173 41 19 you
1744 1166 53 20 This
1808 1173 40 14 un-

1266 1192 129 27 prejudiced
1403 1193 76 22 advice
1490 1190 152 25 was'followed
1652 1194 27 26 by
1688 1192 36 22 the
1731 1192 115 27 deponent,

1266 1222 46 19 and
1322 1227 13 14 a
1343 1220 86 27 perfect
1444 1228 52 13 cure
1507 1221 91 21 effected
1613 1220 22 21 in
1652 1220 62 21 three
1724 1219 79 23 weeks,
1820 1219 27 26 by

1267 1246 37 21 the
1314 1253 37 15 use
1360 1246 65 22 alone
1435 1248 25 20 of
1467 1248 137 26 Holloway's
1611 1247 52 21 Pills
1674 1246 43 22 and
1725 1246 122 26 Ointment,

1267 1273 55 21 after
1332 1273 51 22 four
1400 1274 110 26 Hospitals
1526 1274 43 21 had
1585 1274 67 21 failed
1664 1274 5 21 !
1677 1274 6 21 !
1692 1273 5 21 !
1727 1272 72 21 When
1810 1272 38 21 Dr.

1267 1300 79 26 Bright
1357 1307 44 14 was
1415 1300 75 22 shown
1505 1301 29 27 by
1545 1301 37 21 the
1599 1301 119 27 deponent,
1730 1298 36 23 the
1782 1298 68 23 result

1267 1326 26 21 of
1300 1326 33 21 his
1343 1326 80 22 advice
1437 1328 44 20 and
1491 1328 91 26 charity,
1594 1327 29 22 he
1637 1327 56 23 said,
1733 1328 53 19 lam
1802 1327 48 19 both

1266 1354 114 19 astounded
1394 1355 42 19 and
1449 1355 103 25 delighted
1559 1357 9 18 1
1575 1355 43 25 for
1627 1356 16 18 I
1654 1355 87 25 thought
1751 1355 46 19 that
1806 1354 23 24 if
1836 1354 15 19 I
1857 1369 2 7 ,

1267 1387 46 14 ever
1321 1387 42 14 saw
1371 1387 41 19 you
1422 1383 66 25 again,
1497 1383 58 23 alive,
1564 1383 18 19 it
1591 1383 70 19 would
1670 1383 23 19 be
1702 1383 86 19 without
1796 1388 54 19 your

1267 1415 53 13 arm.
1339 1409 15 20 I
1360 1415 39 14 can
1408 1410 47 24 only
1462 1416 94 20 compare
1563 1410 42 20 this
1613 1416 48 14 cure
1671 1411 21 18 to
1702 1416 12 13 a
1724 1409 70 20 charm
1805 1409 45 21 "/.'.'

1295 1443 74 21 Sworn
1381 1447 23 16 at
1409 1443 37 21 the
1456 1444 100 21 Mansion
1561 1444 89 21 -housed

1322 1470 26 20 of
1354 1470 38 21 the
1400 1470 44 27 city
1453 1470 24 21 of
1485 1470 100 26 London,
1594 1470 42 21 this
1645 1469 9 20 I
1662 1470 52 21 Wm.
1725 1471 125 22 BROOKE.

1322 1496 37 21 Bth
1371 1496 42 27 day
1423 1497 26 20 of
1456 1498 46 20 Mai
1508 1498 34 25 eh,
1554 1498 60 21 1842.
1638 1491 12 38 J

1322 1535 77 24 Before
1405 1540 38 20 me,
1501 1534 83 22 JOHN
1601 1535 93 26 PIRIE,
1710 1535 94 22 Mayor.

1268 1568 35 21 IN
1319 1568 62 21 ALL
1396 1568 102 22 Diseases
1508 1568 25 21 of
1545 1568 37 21 the
1597 1568 61 27 Skin,
1671 1568 48 22 Bad
1731 1569 63 27 Legs,
1808 1569 43 21 Old

1268 1595 108 26 Wounds,
1387 1595 42 21 and
1440 1596 83 26 Ulcers,
1531 1596 47 20 Bad
1585 1596 96 26 Breasts,
1691 1596 52 20 Sore
1751 1596 99 27 Nipples,

1269 1622 82 27 Stoney
1359 1622 45 21 and
1415 1622 117 21 Ulcerated
1540 1623 101 25 Cancers,
1651 1623 114 25 Tumours,
1775 1623 75 21 Swell-

1267 1648 57 28 ings,
1343 1649 68 26 Gout,
1426 1649 160 25 Rheumatism,
1603 1649 43 21 and
1662 1649 121 27 Lumbago,
1796 1649 54 21 like-

1269 1683 50 13 wise
1329 1676 23 20 in
1363 1683 62 13 cases
1436 1676 24 20 of
1467 1676 71 26 Piles;
1549 1675 36 21 the
1597 1676 60 25 Pills,
1665 1676 24 20 in
1700 1676 30 21 all
1738 1676 36 20 the
1780 1676 71 21 above

1269 1710 67 18 cases,
1347 1702 69 27 ought
1432 1706 21 17 to
1470 1703 26 20 be
1507 1703 54 20 used
1576 1702 53 21 with
1643 1702 38 21 the
1695 1702 122 27 Ointment,
1828 1710 23 14 as

1269 1729 26 27 by
1317 1729 42 21 this
1380 1737 76 13 means
1476 1737 63 13 cures
1557 1728 45 22 will
1622 1730 26 20 be
1663 1730 93 20 effected
1772 1730 52 20 with
1840 1737 11 13 a

1270 1756 65 21 much
1350 1760 87 22 greater
1453 1756 114 27 certainty,
1585 1756 44 21 and
1644 1756 24 21 in
1685 1756 50 21 half
1747 1756 36 21 the
1799 1757 52 20 time

1269 1782 48 22 that
1333 1783 17 21 it
1368 1783 71 21 would
1456 1783 86 27 require
1559 1783 28 27 by
1600 1782 65 27 using
1681 1782 37 22 the
1736 1783 115 21 Ointment

1269 1810 71 20 alone.
1369 1810 47 21 The
1427 1810 116 20 Ointment
1552 1810 18 20 is
1580 1810 82 25 proved
1674 1813 21 17 to
1707 1810 26 21 be
1743 1817 13 13 a
1766 1810 84 21 certain

1269 1836 91 27 remedy
1370 1837 34 20 for
1413 1836 37 21 the
1461 1837 44 21 bite
1516 1837 26 20 of
1549 1836 153 21 moschettoes.

1295 1869 79 28 Burns,
1397 1869 82 26 Scalds,
1498 1869 127 27 Chilblains,
1646 1869 104 28 Chapped
1771 1870 79 21 Hands

1269 1897 46 20 and
1325 1897 60 26 Lips,
1397 1897 46 20 also
1454 1897 97 20 Bunions
1566 1897 45 20 and
1627 1897 46 20 Soft
1684 1897 73 25 Corns,
1770 1897 43 20 will
1824 1897 26 21 be

1268 1923 152 27 immediately
1431 1923 67 22 cured
1509 1924 27 26 by
1547 1923 36 21 the
1594 1930 38 14 use
1643 1923 26 21 of
1679 1923 37 21 the
1728 1924 122 21 Ointment.

1296 1958 70 20 THE
1382 1958 97 20 PILLS
1490 1965 36 13 are
1537 1961 38 17 not
1585 1957 52 27 only
1646 1956 35 22 the
1689 1957 63 21 finest
1760 1957 91 28 remedy

1268 1984 81 22 known
1360 1984 63 22 when
1434 1985 54 21 used
1499 1984 51 22 with
1564 1984 37 21 the
1618 1985 123 25 Ointment,
1752 1984 39 21 but
1801 1992 23 13 as
1839 1992 12 14 a

1269 2008 99 23 General
1389 2011 112 21 Medicine
1520 2011 61 20 there
1597 2011 19 20 is
1634 2010 94 25 nothing
1747 2011 64 26 equal
1827 2015 22 16 to

1269 2037 67 21 them.
1367 2037 28 21 In
1406 2044 94 14 nervous
1506 2037 115 21 affections
1632 2036 51 26 they
1693 2036 41 21 will
1745 2036 27 21 be
1782 2037 69 21 found

1269 2065 26 20 of
1302 2063 37 21 the
1349 2067 95 23 greatest
1455 2064 88 20 service.
1572 2064 72 20 These
1661 2062 54 22 Pills
1728 2070 43 19 are,
1789 2063 63 21 with-

1269 2095 39 16 out
1318 2090 125 27 exception,
1455 2090 36 21 the
1509 2090 64 21 finest
1584 2089 93 22 Purifier
1691 2089 25 21 of
1728 2090 36 21 the
1781 2090 70 21 Blood

1269 2124 52 14 ever
1331 2117 136 25 discovered,
1479 2117 43 21 and
1540 2116 111 22 OUGHT
1664 2116 39 21 TO
1719 2116 38 21 BE
1773 2116 78 22 USED

1270 2144 40 21 BY
1325 2144 63 21 ALL
1403 2144 153 22 FEMALES.

1289 2177 80 22 Orders
1379 2178 101 21 received
1490 2182 22 17 at
1523 2178 36 21 the
1595 2178 108 21 Gazette
1742 2178 91 21 Office.

1520 2229 90 20 Seeds.

1272 2264 71 48 ON
1354 2264 85 26 SALE,
1451 2266 23 19 at
1482 2263 37 22 the
1530 2264 85 19 Gazette
1621 2263 77 27 Office,
1707 2263 22 22 in
1736 2264 118 26 quantities

1349 2294 22 17 to
1378 2291 44 21 suit
1432 2290 136 28 purchasers,
1580 2290 37 21 the
1627 2290 112 27 following
1748 2290 63 21 seeds
1819 2298 6 13 :
1827 2301 28 4 —

1298 2324 73 21 Sword
1383 2324 107 27 long-pod
1500 2325 63 25 bean,

1297 2356 119 28 Long-pod
1428 2357 63 25 bean,

1298 2389 109 28 Speckled
1417 2389 72 23 dwarf
1496 2389 84 29 kidney
1589 2390 64 27 bean,

1297 2418 74 21 Broad
1382 2417 65 26 bean,

1298 2444 75 21 Horse
1382 2444 66 26 bean,

1298 2471 85 22 Scarlet
1392 2478 89 19 runner,

1298 2498 67 27 Early
1376 2497 108 22 Warwick
1495 2505 47 20 pea,

1298 2525 67 26 Early
1376 2525 115 21 Mazarine
1501 2532 48 20 pea,

1298 2551 105 22 Prussian
1414 2552 50 21 blue
1475 2550 48 29 peaj

1298 2578 107 21 Nonsuch
1416 2586 48 19 peii,

1298 2605 56 22 Blue
1364 2606 99 26 imperial
1475 2613 48 19 pea,

1298 2632 94 27 Spanish
1401 2632 71 21 dwarf
1480 2639 47 20 p^a,

1298 2659 71 26 Large
1381 2659 95 27 cabbage
1489 2660 87 26 lettuce,

1298 2685 132 22 Drumhead
1441 2686 96 27 cabbage
1546 2687 90 27 lettuce,

1298 2713 103 26 Cabbage
1413 2713 88 26 lettuce,

1298 2739 76 21 White
1385 2739 77 22 selesia
1470 2740 89 27 lettuce,

1300 2766 80 21 Brown
1390 2766 44 21 and
1444 2766 64 23 white
1517 2774 50 20 goss
1576 2767 89 27 lettuce,

1300 2793 114 21 Battersea
1425 2794 104 26 cabbage.

1301 2819 129 22 Drumhead
1441 2820 104 28 cabbage,

1300 2846 49 21 Red
1360 2846 74 22 Dutch
1446 2847 104 27 cabbage,

1301 2873 93 21 Puller's
1403 2873 59 28 early
1472 2874 103 28 cabbage,

1301 2899 72 21 Vanal
1384 2901 104 27 cabbage,

1302 2926 104 22 Prussian
1416 2928 65 21 white
1492 2928 80 28 turnip,

1301 2953 86 22 Yellow
1397 2954 76 21 Swede
1483 2956 80 26 turnip,

1302 2980 80 27 Purple
1390 2984 37 24 top
1438 2982 76 21 Swede
1525 2982 80 28 turnip,

1301 3007 74 21 White
1386 3011 62 18 stone
1459 3009 81 27 turnip,

1302 3033 74 22 White
1386 3034 56 22 horn
1452 3036 82 26 turnip,

1302 3060 71 22 Silver
1382 3060 79 23 leaved
1470 3062 58 26 beet,

1302 3087 48 22 Red
1360 3087 58 27 beet,

1302 3114 74 21 White
1387 3114 58 26 beet,

1302 3140 108 27 Mangold
1420 3142 99 26 wurtzel,

1302 3167 142 26 Altringham
1455 3172 78 23 carrot,

1302 3194 67 27 Early
1380 3194 55 21 horn
1446 3198 78 24 carrot,

1303 3221 63 26 Long
1376 3228 81 20 orange
1467 3224 79 25 carrot,

1302 3247 75 22 White
1388 3248 105 27 mustard,

1303 3274 82 22 Curled
1394 3281 64 20 cress,

1303 3302 64 26 Long
1376 3301 80 22 scarlet
1465 3302 81 27 radish,

1302 3328 74 23 White
1387 3328 73 28 turnip
1469 3328 81 28 radish,

1302 3355 49 22 Red
1360 3354 75 34 turnip
1444 3355 82 27 radish,
1688 3353 9 10 *

1303 3381 133 27 Strasburgh
1446 3382 74 26 onion,

1304 3410 79 20 Brown
1395 3408 95 27 Spanish
1500 3408 74 28 onion.

1305 3434 97 28 Parsnip,

1304 3461 83 22 Curled
1397 3461 93 27 parsley,

1305 3490 74 21 Green
1391 3488 74 21 curled
1479 3488 79 23 endive

1305 3515 106 22 Batavian
1422 3515 87 27 endive,

1306 3542 67 26 Leek,

1305 3570 134 26 Asparagus,

1271 3599 3 3 '
1306 3597 43 21 Sea
1358 3596 52 26 kail,

1307 3622 71 23 Globe
1389 3629 86 20 savoys,

1308 3648 81 23 Curled
1398 3649 90 26 brocoli,

1306 3676 50 22 Red
1364 3675 57 22 solid
1431 3676 73 27 celery
1514 3679 46 20 and
1568 3676 67 24 whits
1646 3678 82 29 celery,

1308 3704 102 21 Summer
1419 3709 86 21 savory,

1307 3729 87 22 Winter
1403 3736 85 20 savory,

1308 3757 63 26 Sage,

1307 3782 94 28 Thyme,

1308 3809 101 22 Brussels
1418 3812 94 25 sprouts.

1309 3834 94 29 Borage,

1309 3862 118 28 Angelica,

1309 3889 93 29 Salsafy,

1284 3927 5 2 -
1310 3916 78 28 Sorell,

1310 3942 122 29 LaVencfer,

231 134 93 21 House
339 135 28 20 to
381 130 57 20 I»et-

46 170 52 47 A
125 167 86 22 GOOD
232 167 129 23 substantial
380 167 74 27 house,
469 167 53 23 with
534 167 91 21 kitchen

124 195 43 21 and
177 195 134 26 out-houses,
323 199 22 17 to
355 195 32 22 let
395 196 23 21 ia
433 195 190 22 Manners-street.

46 221 43 23 For
104 221 136 27 particulars,
252 222 65 27 apply
328 225 22 19 to
361 223 45 21 Mr.
416 221 119 23 Brewer's
547 220 77 23 Office.

45 273 90 25 Laud,,
142 273 54 21 and
210 275 158 20 unselected
381 274 76 20 Land
472 274 97 20 Orders
583 273 42 21 for

166 300 70 25 Sale,
253 307 36 15 on
302 301 95 21 liberal
412 302 89 19 terms.

46 333 68 48 TO
129 333 38 21 BE
182 334 87 26 SOLD,
286 335 29 27 by
329 336 83 27 private
430 336 105 24 contract,
556 334 69 26 single

106 360 95 22 sections
210 368 28 14 on
250 362 36 20 the
297 360 103 28 principal
407 361 55 21 lines
471 361 22 20 in
502 360 38 21 the
550 360 75 21 vallies

46 386 26 21 of
84 386 36 22 the
133 387 57 21 Hutt
199 388 43 21 and
253 388 37 21 the
306 388 121 25 Horokiwi,
438 387 44 21 and
498 395 28 13 on
534 387 39 21 the
583 387 42 21 Po-

44 413 61 21 rirua
114 414 64 21 Road
186 422 5 18 ;
207 415 46 20 also
268 414 76 21 blocks
360 414 25 21 of
395 414 61 27 land,
474 414 25 21 of
510 417 43 18 two
568 414 57 21 hun-

45 438 56 23 dred
119 440 45 21 and
183 440 60 21 three
263 440 101 22 hundred
383 449 61 14 acres
463 440 60 27 each,
543 440 24 21 in
588 439 37 22 the

44 465 127 24 immediate
181 468 91 26 vicinity
282 468 26 21 of
319 467 36 22 the
366 468 67 21 Town
444 468 26 21 of
480 467 144 26 Wellington.

45 493 64 27 Also,
120 494 74 21 orders
207 494 34 21 for
259 498 93 23 country
361 494 52 21 land
430 494 44 21 still
489 493 134 26 unselected,

45 519 70 21 either
124 520 72 27 singly
206 527 26 14 or
240 521 23 21 in
274 521 50 26 lots,
334 521 45 21 and
389 520 51 22 with
451 528 24 14 or
486 519 94 23 without
588 519 37 21 the

43 545 68 22 Town
122 547 76 26 Acres,
210 551 22 17 to
241 548 43 21 suit
294 548 136 26 purchasers.

72 573 74 26 Apply
156 576 21 18 to
188 573 38 22 Dr.
238 574 84 26 Evans,
336 574 107 21 Lambton
455 574 71 26 Quay.

44 602 22 23 A
76 602 77 23 liberal
164 604 70 21 credit
242 604 67 26 given
321 608 21 18 to
351 605 136 27 respectable
498 604 128 28 purchasers

129 630 119 27 intending
258 635 21 18 to
291 632 62 21 settle
366 639 57 20 upon
433 632 37 21 the
480 632 60 21 land.

255 682 162 26 Wanganui.

45 714 68 49 TO
128 715 65 26 LET,
209 723 14 14 a
237 715 151 22 commodious
407 715 112 23 residence
535 715 25 21 of
576 715 49 21 four

119 749 78 20 rooms,
209 743 75 26 facing
294 743 37 21 the
341 743 69 25 river;
426 742 128 27 plate-glass
564 741 62 22 doors

44 766 45 22 and
100 768 108 27 windows,
221 769 52 21 with
289 769 73 26 cellar,
374 769 42 21 and
432 777 12 13 a
458 769 101 27 spacious
574 768 55 22 floor

44 794 77 22 ahove.
162 795 89 23 Garden
270 796 22 21 in
312 795 40 22 full
370 796 136 22 cultivation.
541 795 84 26 Terms,

42 820 48 22 £30
101 828 38 19 per
150 829 91 14 annum.

72 848 54 20 Also
136 855 13 13 a
160 848 89 26 similar,
260 849 40 21 but
308 848 73 27 larger
388 848 123 24 residence..
541 849 84 24 Terms,

45 874 48 25 £40
103 881 38 20 per
150 882 90 14 annum.
270 875 73 27 Apply
353 879 23 17 to

471 901 44 21 Dr.
532 901 69 23 Rees.

75 927 63 27 April
150 929 32 25 18,
195 929 61 21 1843.

45 976 40 21 To
101 978 162 20 Gentlemen
277 978 145 26 intending
436 980 28 18 to
479 980 76 19 enter
569 979 58 20 into

71 1004 44 20 the
145 1004 141 26 profitable
315 1006 107 24 pursuit
452 1004 30 21 of
507 1005 122 27 Grazing

72 1031 54 20 and
148 1031 134 27 Breeding
302 1032 90 24 Stock,
414 1031 42 21 for
475 1032 89 20 which
585 1032 42 20 the

72 1056 89 21 fertile
180 1058 110 20 Islands
312 1058 29 20 of
358 1058 69 21 New
444 1059 121 20 Zealand
584 1064 44 15 are

72 1089 31 15 so
119 1084 150 26 peculiarly
283 1085 125 26 adapted.

45 1117 92 48 THE
148 1118 153 26 undersigned
309 1119 42 26 beg
361 1122 22 18 to
390 1119 82 21 inform
482 1119 146 22 theirfriends

115 1144 45 22 and
177 1145 36 21 the
229 1145 74 31 public
320 1146 120 27 generally,
457 1146 48 21 that
522 1146 52 27 they
585 1147 43 21 will

42 1174 103 18 contract
169 1171 33 22 for
221 1175 39 17 the
284 1171 98 28 delivery
408 1173 25 21 of
454 1173 37 21 the
515 1173 115 26 following

44 1197 135 28 description
193 1198 25 21 of
225 1198 74 27 Stock,
307 1199 24 21 in
339 1206 43 20 any
393 1199 53 21 Port
455 1200 25 20 of
493 1199 37 21 the
542 1199 88 22 Islands

44 1225 28 20 of
79 1224 54 22 New
144 1224 100 22 Zealand
252 1233 4 13 :—:
260 1236 27 4 —

72 1256 95 22 Horned
183 1256 67 22 cattle
268 1258 123 26 (improved
405 1258 87 26 breeds)
509 1258 26 21 of
547 1258 30 21 all
592 1258 38 22 de-

45 1283 126 29 scriptions,

74 1310 91 28 Horses,
186 1312 57 21 from
265 1312 38 21 the
326 1312 49 21 best
394 1311 93 27 English
507 1311 45 22 and
569 1312 61 21 Arab

45 1338 71 26 studs,
133 1339 93 21 suitable
242 1338 35 22 for
296 1338 83 28 racing,
394 1338 82 28 saddle,
488 1345 25 14 or
525 1338 103 28 harness;

45 1365 45 21 and
100 1365 106 27 breeding
216 1373 87 20 mares,,

74 1392 57 21 Pure
142 1393 73 21 Saxon
227 1393 45 22 and
282 1393 84 22 merino
377 1401 63 19 ewes,

73 1418 120 23 Half-bred
211 1420 112 21 Leicester
337 1420 44 21 and
396 1420 85 22 merino
500 1427 64 19 ewes,
581 1428 49 20 par-

45 1445 105 27 ticularly
159 1446 95 26 adapted
267 1446 35 21 for
312 1447 42 21 this
364 1451 100 23 country,
475 1454 23 14 as
508 1447 54 27 they
569 1448 61 21 unite

46 1472 82 26 weight
138 1472 26 21 of
170 1480 86 14 carcass
267 1473 52 21 with
329 1474 94 21 fineness
434 1474 26 21 of
467 1474 62 21 wool.

73 1498 47 21 The
145 1499 149 27 undersigned
317 1507 40 14 can
387 1500 165 22 accommodate
578 1508 52 20 pur-

47 1524 89 23 chasers
151 1526 25 20 of
190 1525 57 22 their
258 1526 66 21 Stock
341 1526 52 21 with
411 1527 113 22 extensive
539 1528 91 26 grazing

45 1559 62 19 runs,
118 1552 76 21 within
206 1554 40 20 100
255 1553 64 21 miles
329 1554 25 20 of
360 1553 44 21 this
414 1554 58 21 Port.

307 1585 34 22 W.
357 1586 25 21 B.
398 1587 95 21 Rhodes
507 1587 43 21 and
566 1588 36 20 Co.
642 1585 4 26 |

181 1636 87 20 Town
286 1636 29 20 of
329 1637 165 19 Manewatu.

48 1669 92 34 npHE
162 1669 212 22 PROPRIETORS
399 1670 25 21 of
448 1670 38 21 the
507 1670 61 21 three
583 1670 48 22 first

54 1691 30 26 JL
135 1696 88 21 choices
239 1700 22 17 at
271 1697 37 20 the
326 1696 42 21 last
383 1696 104 22 selection
498 1697 26 21 of
538 1702 92 22 country

44 1722 72 27 lands,
129 1722 84 28 having
232 1723 137 22 determined
383 1731 60 18 upon
460 1724 37 21 the
514 1724 40 21 site
569 1724 34 21 for
618 1732 12 13 a

59 1756 94 22 TOWN
169 1757 42 21 ON
226 1757 65 21 THE
306 1757 186 22 MANEWATU
507 1758 107 27 RIVER,

45 1788 57 22 after
106 1789 80 19 several
194 1789 59 19 visits
263 1791 21 19 to
294 1789 37 21 the
340 1789 184 27 neighbouroood,
536 1790 46 21 and
593 1790 37 21 the

44 1818 59 18 most
121 1815 86 21 careful
226 1815 44 21 and
289 1816 82 21 minute
390 1817 150 20 examination
555 1817 26 20 of
594 1817 36 20 the

47 1846 72 18 entire
134 1843 92 26 district,
240 1842 67 21 aided
322 1843 30 26 by
362 1843 36 21 the
414 1843 144 27 professional
573 1843 55 27 skill,

44 1867 140 28 knowledge,
203 1869 44 21 and
262 1869 129 28 experience
407 1869 25 21 of
444 1869 36 22 the
497 1874 59 17 most
571 1877 59 14 com-

45 1899 77 23 petent
130 1896 88 27 judges,
234 1903 93 20 propose
343 1898 21 19 to
381 1896 53 21 offer
446 1897 32 20 for
494 1897 103 26 disposal,
609 1901 22 17 at

195 1922 37 22 the
247 1926 89 23 present
345 1923 59 26 time,
416 1923 68 21 about

46 1953 219 23 TWENTY-FIVE
300 1954 104 26 ACRRS,
444 1954 35 21 IN
516 1955 114 22 ALLOT-

46 1981 114 26 MENTS,
176 1980 85 22 EACH
282 1980 39 21 OF
346 1981 63 21 ONE
430 1981 147 23 QUARTER
592 1982 38 21 OF

263 2007 44 20 AN
324 2007 89 21 ACRE.

73 2041 47 23 The
130 2044 49 26 spot
188 2041 50 22 thus
248 2040 96 22 selected
355 2047 110 20 possesses
475 2040 36 22 the
521 2044 58 18 most
594 2049 38 14 ex-

46 2069 86 22 tensive
146 2069 101 26 frontage
261 2071 23 18 to
302 2067 54 26 deep
369 2071 66 17 water
451 2067 26 21 of
488 2074 43 20 any
547 2075 27 14 on
595 2068 36 22 the

46 2096 66 22 river.
142 2096 21 20 It
179 2095 19 21 is
218 2093 95 23 situated
328 2094 46 25 just
387 2096 23 18 at
427 2093 47 22 that
493 2095 63 25 point
574 2095 57 21 from

110 2121 72 23 which
192 2129 13 13 a
214 2121 54 21 road
279 2120 71 22 would
361 2120 83 22 branch
454 2120 33 22 off
494 2124 22 18 to
526 2121 38 21 the

47 2161 96 14 WOODED
166 2161 45 14 AND
233 2160 98 14 FERTILE
350 2159 116 15 DISTRICTS
487 2160 76 15 ALONG
587 2161 43 14 THE

218 2187 55 14 BASE
287 2187 26 14 OF
329 2187 45 13 THE
389 2187 74 19 HILLS,

46 2214 45 22 and
104 2215 70 21 above
184 2213 72 22 which
266 2213 37 21 the
318 2213 126 26 navigation
459 2213 34 21 for
502 2214 82 22 vessels
593 2214 38 22 be-

47 2248 75 15 comes
131 2242 86 24 tedious,
228 2241 23 25 if
256 2243 37 17 not
302 2241 86 26 difficult
426 2240 21 21 It
454 2240 17 22 is
479 2240 107 22 therefore
594 2241 36 21 the

245 2268 63 27 point
317 2267 71 21 whorr
399 2267 36 21 the

48 2302 89 22 LAND
152 2302 68 21 AND
234 2301 113 22 WATER
361 2300 161 22 CARRIAGE
538 2301 90 22 MEET,

48 2333 45 22 and
103 2333 72 22 where
185 2341 12 13 a
207 2333 70 21 Town
294 2340 58 14 must
368 2340 27 14 be
411 2340 89 14 formed
518 2333 63 21 when
594 2333 36 22 the

48 2360 86 22 district
149 2360 18 21 is
177 2360 86 21 settled.
294 2360 21 21 It
324 2367 43 14 was
378 2359 95 22 selected
489 2359 30 27 by
529 2359 37 22 the
580 2361 52 21 Sur-

47 2387 82 27 veying
139 2387 58 21 Staff
209 2394 23 14 as
242 2387 38 21 the
290 2386 135 22 rendezvous
434 2386 36 21 for
485 2386 56 21 their
555 2387 60 26 body
624 2395 6 18 ;

48 2413 43 22 and
103 2413 39 21 has
152 2413 56 21 been
218 2420 50 14 now
282 2413 75 26 found,
368 2413 57 21 after
435 2413 85 21 several
537 2414 94 21 months'

46 2440 106 26 location,
164 2444 21 17 to
199 2440 27 22 be
236 2439 37 22 the
284 2443 57 18 most
355 2439 164 27 advantageous
527 2441 103 26 position,

47 2467 59 21 from
121 2468 29 20 its
164 2466 97 27 peculiar
282 2466 84 27 facility
383 2466 26 22 of
419 2466 110 28 approach
541 2467 52 21 both
604 2467 28 28 by

47 2493 55 22 land
112 2493 45 22 and
166 2497 73 18 water.

79 2526 27 21 In
117 2526 151 21 confirmation
279 2526 26 21 of
311 2526 36 23 the
357 2526 130 28 superiority
496 2526 27 21 of
531 2526 43 21 this
584 2529 49 24 spot

49 2559 53 15 over
111 2559 45 20 any
166 2552 62 22 other
235 2557 39 23 yet
283 2552 88 28 known,
383 2553 37 21 the
432 2554 88 21 Messrs.
529 2553 101 27 Kebbell,

50 2579 57 21 after
124 2579 38 21 the
181 2580 150 21 examination
347 2580 26 21 of
389 2580 37 21 the
444 2580 58 21 river
518 2580 57 21 from
595 2580 37 21 the

50 2605 89 25 Pa'neiri
150 2606 45 22 Pah
205 2610 23 18 to
237 2606 29 22 its
275 2606 85 28 mouth,
372 2606 138 23 determined
524 2614 28 14 on
564 2610 69 18 erect-

287 2634 39 26 ing
339 2634 56 21 their

49 2669 66 23 SAW
130 2668 80 23 MILL
231 2667 229 23 IMMEDIATELY
475 2667 157 22 OPPOSITE.

48 2701 50 22 The
115 2700 71 22 works
203 2700 26 21 of
244 2699 50 22 that
312 2699 167 21 establishment
496 2706 37 14 are
552 2702 24 18 at
592 2699 42 21 this

49 2732 101 17 moment
168 2728 23 20 in
206 2726 64 27 rapid
285 2732 105 21 progress,
409 2725 43 21 and
471 2725 36 21 the
526 2726 108 27 proposed

50 2755 70 22 Town
129 2754 45 21 will
183 2753 133 26 necessarily
322 2752 90 28 partake
418 2752 26 21 of
451 2752 42 21 this
502 2752 132 27 advantage.

78 2786 48 22 The
146 2785 91 21 nucleus
253 2784 25 21 of
294 2791 13 14 a
326 2784 67 21 Town
409 2784 24 26 is,
444 2783 23 21 in
482 2784 51 26 fact,
545 2784 90 27 already

52 2812 97 25 created,
159 2812 29 26 by
197 2811 37 22 the
246 2810 163 22 concentration
425 2810 25 21 of
465 2810 36 21 the
512 2811 124 27 Surveying

53 2838 58 23 Staff
118 2846 29 14 on
158 2838 46 21 that
214 2840 55 24 spot,
281 2845 24 13 as
313 2838 37 20 the
361 2841 73 17 centre
451 2836 24 21 of
487 2838 149 21 communica-

53 2867 46 20 tion
110 2869 23 17 to
144 2865 37 21 the
191 2863 147 27 surrounding
347 2863 96 27 district;
460 2863 36 21 the
507 2864 97 21 erection
614 2864 25 21 of

56 2893 89 21 Messrs.
157 2891 115 22 Kebbell's
287 2891 48 21 Saw
351 2890 62 21 Mills
430 2890 110 27 opposite;
557 2891 28 27 by
599 2891 37 21 the

54 2922 163 24 arrangements
232 2918 34 21 for
280 2924 29 14 an
327 2917 110 22 extensive
450 2916 97 23 General
560 2918 60 21 Store
628 2926 7 18 ;

54 2946 44 21 and
108 2946 29 26 by
146 2945 36 21 the
192 2945 43 21 late
246 2944 130 27 application
384 2944 32 21 for
427 2951 12 14 a
446 2944 108 24 Licensed
561 2944 75 21 House

54 2980 28 14 on
91 2972 36 22 the
138 2975 50 25 part
196 2971 25 22 of
233 2978 29 14 an
272 2970 121 22 individual
407 2970 48 21 who
471 2970 46 27 has,
529 2970 60 22 since
600 2971 37 22 the

52 3000 119 20 formation
189 2998 25 21 of
229 2998 37 21 the
283 2998 90 26 Colony,
388 2997 96 27 pursued
500 3005 14 14 a
532 2998 105 21 lucrative

54 3026 63 21 trade
128 3025 52 22 with
190 3025 37 21 the
237 3024 93 26 natives,
341 3023 45 22 and
397 3024 71 21 whose
480 3024 128 27 knowledge
616 3025 25 21 of

54 3053 38 21 the
103 3052 134 26 advantages
248 3051 25 21 of
279 3050 38 22 the
327 3050 100 27 position,
434 3050 117 28 prompted
560 3050 46 23 him
616 3055 23 18 at

56 3086 55 14 once
122 3083 23 17 to
153 3080 73 26 prefer
235 3078 49 21 that
296 3077 140 27 application.

82 3111 47 21 The
140 3110 93 22 Natives
247 3109 30 27 by
286 3109 73 21 whom
374 3109 43 21 this
427 3109 53 21 land
491 3116 43 15 was
545 3110 94 22 claimed

56 3144 37 14 are
104 3137 60 27 quite
174 3135 108 28 prepared
292 3139 21 17 to
322 3135 49 27 give
378 3142 29 20 up
414 3137 130 26 possession,
552 3137 44 21 and
602 3143 37 16 are

56 3163 145 26 exceedingly
211 3162 94 21 anxious
317 3166 23 17 to
353 3161 58 21 have
420 3169 14 13 a
444 3162 117 28 European
570 3171 69 20 popu-

55 3190 69 22 lation
134 3196 82 19 among
226 3189 67 26 them,
304 3188 82 27 having
403 3188 55 22 been
467 3196 59 20 upon
538 3190 36 22 the
583 3195 57 17 most

56 3215 97 28 friendly
159 3216 85 26 footing
255 3215 51 21 with
315 3215 37 21 the
364 3216 124 27 Surveying
498 3217 57 21 Staff
560 3217 80 28 during

52 3243 41 22 the
103 3242 49 22 focr
162 3250 24 14 or
195 3242 42 21 five
247 3241 88 22 months
344 3242 53 26 they
416 3242 57 22 have
488 3242 56 22 been
554 3243 87 23 located

53 3270 72 22 there.

83 3302 33 21 As
126 3301 37 21 the
171 3301 137 26 Proprietors
316 3307 93 20 purpose
418 3304 22 19 to
451 3301 86 27 dispose
548 3302 25 22 of
579 3302 39 22 but
628 3310 13 14 a

53 3328 88 22 limited
156 3327 87 27 portion
261 3327 25 21 of
296 3327 38 21 the
348 3328 68 21 Town
433 3331 22 18 at
472 3332 95 24 present,
587 3330 52 26 they

54 3354 80 28 pledge
145 3353 131 22 themselves
284 3353 54 26 that,
349 3358 23 17 at
381 3361 28 14 no
428 3354 72 23 future
510 3355 63 27 sales,
585 3356 55 22 shall

57 3382 37 21 the
106 3381 126 22 allotments
240 3380 28 21 be
279 3383 38 24 put
324 3388 28 19 up
362 3384 24 17 at
395 3388 13 14 a
418 3379 44 24 less
472 3389 48 14 sum
529 3382 54 22 than
593 3390 48 15 now

57 3407 91 23 offered.

86 3441 22 21 A
126 3440 132 26 Prospectus
277 3438 45 21 and
340 3438 54 22 Plan
414 3440 26 21 of
454 3439 37 22 the
509 3441 69 21 Town
597 3441 44 21 will

58 3466 85 27 shortly
153 3466 26 21 be
190 3466 67 25 ready
266 3464 35 21 for
309 3465 122 26 inspection
446 3469 22 18 at
481 3466 36 22 the
529 3468 80 22 Offices
619 3469 25 21 of

58 3494 91 22 Messrs.
163 3491 67 22 Waitt
238 3491 46 21 and
293 3492 74 26 Tyser,
378 3492 31 21 Te
418 3493 54 21 Aro.

86 3526 145 25 Wellington.
242 3524 65 22 Aoril
316 3526 34 21 22,
360 3526 60 20 1842.

230 3574 66 21 Just
315 3574 157 26 Published,

61 3609 92 22 rtiHE
176 3607 212 22 WELLINGTON
411 3608 179 25 ALMANACK
607 3610 36 23 for

68 3636 30 23 X
135 3636 67 21 1843:

292 3667 121 15 CONTENTS.

87 3688 107 23 Weather
216 3685 78 29 Table,
315 3687 76 27 Cycles
413 3687 43 21 and
480 3688 164 25 Astronomical

59 3716 120 26 Numbers,
193 3714 117 26 Calendar,
327 3713 134 23 Gardener's
476 3716 44 21 and
535 3713 108 26 Farmer's

59 3742 117 27 Calendar,
187 3741 182 26 Meteorological
381 3740 69 22 Table
460 3741 33 22 for
510 3744 61 26 1840,
582 3746 60 25 1841,

60 3769 44 22 and
114 3769 61 26 1842,
187 3768 99 27 Eclipsed
296 3768 24 20 of
328 3767 36 21 the
375 3767 46 21 Sun
432 3767 45 22 and
493 3769 79 27 Moon,
588 3770 56 23 New

59 3795 101 22 Zealand
176 3795 121 26 Company,
309 3793 53 22 Post
377 3793 70 21 Office
458 3795 143 26 Regulations
610 3798 34 21 for

60 3821 58 22 New
127 3821 108 26 Zealand,
246 3821 57 21 Civil
319 3819 183 29 Establishment,
515 3822 56 23 Fees
581 3824 62 22 Land

63 3848 90 22 Claim*'
176 3847 79 27 Office,
280 3847 53 22 Post
356 3847 98 21 Office—
455 3847 100 24 Colonial
583 3850 59 28 Law,

62 3874 74 22 Police
162 3874 99 22 Office—
262 3874 66 27 Petty
351 3874 107 27 Sessions,
489 3874 110 30 Holidays
621 3881 23 18 at

62 3900 78 25 Pailio
150 3901 90 27 Officary
250 3900 110 23 Discount
369 3900 69 27 Daya.
