2529 4039
592 508 221 47 PUBLISHED
859 508 133 37 EVERY
1037 506 257 38 WEDNESDAY
1338 505 87 37 AND
1472 506 229 37 SATURDAY
1747 508 205 37 MORNING.

544 623 129 32 PORT
698 609 287 47 NICHOLSON,
1009 604 306 52 WEDNE&DAy
1340 619 240 37 MORNING,
1604 623 222 33 OCTOBER
1851 628 50 28 19,
1928 630 77 26 1842

2264 629 98 41 [Vol.
2385 630 67 31 IIL

84 629 61 31 No.
162 627 85 39 18.6,]
280 626 24 37 :,

59 272 2418 31 THE

59 303 382 59 NEW
568 303 891 59 ZEALAND
1586 303 891 59 GAZETTE

59 362 2418 59 AND

59 421 1152 59 WELLINGTON
1326 421 1151 59 SPECTATOR.

63 719 2 7 '
77 717 10 12 ''
108 717 18 13 "'
195 720 52 20 For
260 718 118 21 London
383 712 104 29 'ilirect,

131 750 10 12 '"
151 754 2 4 '
162 755 28 19 To
203 753 42 20 sail
263 753 35 19 the
313 752 40 20 end
365 751 29 25 of-
403 747 135 29 November,

177 807 3 3 .
202 788 92 22 rriHE
318 784 57 25 well'
386 782 82 26 k'niiwn
491 785 43 22 fast
555 785 80 27 sailing

65 812 121 35 jHKJb[S&.
209 808 39 29 J-'
290 814 82 27 barque
407 814 113 25 Clydeside,
555 813 80 21 Alfred

111 836 96 38 ES&ial'"
215 842 36 21 Ad
252 848 49 15 ams
311 840 149 23 commander.
489 836 54 25 This
553 839 44 22 will
606 840 28 21 be

26 867 5 8 '
51 863 146 39 k9h^
211 868 40 26 .the
266 868 49 21 first
330 868 42 21 oil'
377 867 49 28 ship
437 867 43 22 this
491 873 86 20 season,
589 866 46 21 and

215 903 24 14 as
257 899 49 23 part
327 895 25 21 of
366 894 41 23 her
426 901 65 21 cargo
510 894 19 21 is
543 893 91 26 already

216 921 107 27 engaged,
331 917 106 32 .shippers
447 920 44 23 will
510 921 86 26 require
611 924 23 17 to

50 948 64 23 make
135 948 60 23 early
214 947 139 29 application.
390 948 48 21 The
459 947 106 26 Clyde'side
573 953 3 4 •
582 946 51 25 will,

49 975 151 28 immediately
211 983 27 14 on
249 975 139 27 discharging
402 974 40 22 her
458 974 98 26 cafgo,in
574 973 60 21 Lon-

50 1002 51 26 don,
112 1006 92 23 pr.eparje
215 1006 20 18 to
253 1007 76 16 return
345 1004 21 18 to
381 1002 56 21 New
453 1000 113 23 Zealand,'
577 1010 2 5 ■
590 999 47 23 She,

50 1029 45 22 will
110 1029 109 21 therefore
235 1028 70 22 afford
320 1035 28 15 an
365 1027 111 22 excellent
493 1025 140 33 opportunity

48 1055 34 22 for
99 1055 70 27 goods
188 1055 101 27 required
306 1058 23 17 at
344 1054 37 21 the
390 1056 3 5 '
402 1053 88 21 earliest
507 1052 76 27 period
604 1052 29 26 by

48 1081 86 27 parties'
139 1081 60 25 here,
208 1081 47 21 who
266 1088 38 14 are
313 1079 117 28 requested
440 1082 21 18 to
472 1080 92 20 instruct
574 1077 59 22 their

48 1112 77 23 agents
134 1108 45 21 and
188 1107 85 22 friends
283 1110 22 18 at
315 1107 65 20 home
389 1109 23 18 to
423 1105 50 26 give
481 1105 43 21 this
531 1104 101 22 Colonial

48 1135 72 22 trader
139 1134 37 21 the
193 1134 130 27 preference
339 1140 27 13 on
379 1132 44 22 ,all-
433 1131 120 23 occasions.
588 1131 45 21 For

46 1161 82 27 freight
137 1168 24 14 or
170 1167 98 21 passage,
280 1160 65 27 apply
356 1162 22 18 to
408 1176 3 5 ,

169 1211 3 6 ;
293 1211 2 5 ,
305 1195 3 4 '
361 1191 83 22 Waitt
459 1190 46 22 and
519 1190 93 23 Tyser..

74 1227 37 21 Wt
115 1225 111 28 llington,,
229 1225 97 23 October
336 1226 31 24 11,
380 1216 62 30 JBl2.

249 1271 54 20 For
316 1270 112 20 Nelson.
460 1285 3 4 ,

21 1317 3 7 ,
94 1308 69 28 -jwdK*
222 1303 91 33 npHE
341 1303 48 22 well
412 1303 83 21 known
525 1302 108 22 schooner

84 1340 109 22 jQTtwS.-
228 1340 37 14 -*-'
419 1329 40 23 sail
469 1329 36 22 for
515 1329 36 21 the
561 1329 71 21 above

84 1350 126 38 KN^
233 1361 51 23 port
303 1365 28 13 on
350 1364 24 14 or
393 1357 70 21 about
482 1355 150 27 Wednesday,

59 1378 129 43 Jmd&jß,
233 1408 4 5 ,
234 1384 43 22 12tl
279 1392 8 23 \
297 1384 103 22 October.

21 1431 14 24 |
54 1410 160 39 iSSsSSSP
261 1422 47 21 For-
321 1421 81 27 freight
412 1428 25 14 or
453 1427 98 19 passage,
567 1420 65 27 apply

233 1452 22 18 to
266 1448 37 22 the
315 1448 92 27 Captain
419 1455 28 13 on
457 1443 76 29 board,
543 1454 24 14 or
576 1450 23 17 to

364 1482 82 21 Waitt
460 1481 46 22 and
520 1481 77 21 Tyser

78 1515 143 27 Wellington,
232 1514 128 28 September
369 1512 106 29 29/1842.

110 1568 8 25 ;
161 1566 55 20 The
226 1564 155 27 brigantine
420 1564 76 20 Ariel

91 1597 79 37 \SfiL
206 1601 138 33 'WT^J''
367 1604 33 28 st^
402 1603 20 19 rt
450 1603 22 19 to
497 1599 133 23 AKAROA

82 1622 107 40 jg^^^s.
226 1622 42 28 VV
309 1627 157 27 immediately,
480 1627 41 21 her
536 1627 98 21 destina-

77 1649 130 38 jjf^^^y,
228 1655 45 22 tion
284 1655 68 26 being
361 1654 85 21 altered
455 1655 57 20 from
523 1653 91 22 Nelson.

240 1709 98 21 October
348 1709 31 26 14,
392 1709 61 21 1842.
478 1716 5 6 •

178 1761 52 20 For
244 1761 147 20 Auckland
406 1759 95 21 direct.

202 1794 90 34 np^E
309 1794 107 21 schooner
428 1794 85 26 Osprey,
526 1794 38 21 150
574 1796 57 24 tons,

73 1829 124 21 lEteTSS^-
208 1825 51 17 -*-'"
268 1820 49 24 •'&••
330 1820 117 28 Sedgwick
466 1824 89 20 master,
572 1820 60 27 daily

54 1842 155 38 >O^TE^p.'
215 1848 105 23 expected
341 1848 61 21 from.
412 1848 66 21 .New
504 1847 127 27 Plymouth',

52 1869 148 38 3rrj^~WrWaß
215 1875 43 21 an^
273 1874 44 22 w^l
335 1881 24 14 De
374 1874 131 27 dispatched
519 1874 49 21 four
578 1874 55 28 days

74 1937 43 22 For
126 1936 83 28 freight
216 1943 24 14 or
249 1942 98 22 passage,
359 1935 66 28 apply
436 1938 22 18 to

168 1978 10 10 ii
200 1971 132 25 Ridgways,
349 1969 106 27 Guyton,
470 1968 47 21 and
531 1967 71 22 Ear'p.

51 2016 12 12 »
75 2003 141 27 Wellington,
229 2003 96 21 October
336 2004 38 24 11,.
379 2003 61 20 1142.
462 2014 20 9 -..
494 2018 2 4 .
535 2017 4 4 -
559 2015 3 4 •
605 2015 6 5 >

49 2046 156 48 MESSRS.
217 2044 151 23 MACLEOD
384 2044 45 22 and
445 2043 45 23 CO',
503 2044 58 21 have
572 2051 59 15 com-

139 2072 93 21 menced
251 2072 38 21 the
307 2072 99 21 business
421 2071 27 21 of
464 2071 166 27 Store-keepers

45 2107 30 14 on
96 2100 36 21 the
152 2099 104 27 premises
274 2098 69 28 lately
362 2098 106 26 occupied
491 2098 29 26 by
540 2098 88 21 Messrs.

49 2126 118 22 Anderson
183 2126 43 21 and
242 2125 108 26 Rowand,
369 2125 23 21 in
414 2124 155 26 Willis-street,
585 2125 45 21 and
639 2129 2 17 !

49 2157 71 21 trusts,
132 2153 28 26 by
172 2160 13 14 a
194 2153 75 26 steady
280 2152 42 21 and
334 2151 144 27 unremitting
489 2152 108 21 attention
608 2156 21 17 to

46 2180 106 26 business,
163 2182 22 19 to
195 2180 63 21 merit
266 2179 39 22 the
314 2183 121 23 patronage
446 2178 44 21 and
507 2183 89 23 support
606 2186 24 13 so

47 2206 99 27 liberally
157 2206 113 22 conferred
280 2213 29 14 on
320 2206 56 21 their
386 2205 161 29 predecessors.

74 2238 57 22 N.B.
133 2250 25 3 —
160 2238 53 21 The'
219 2237 46 22 best
275 2237 90 21 articles
374 2238 26 20 of
414 2244 68 20 every
496 2237 132 27 description

46 2269 24 17 at
78 2265 112 21 moderate
199 2265 80 26 prices.'
284 2262 7 7 v
357 2281 3 3 .
382 2269 5 12 '•

75 2297 94 22 October
179 2298 32 24 11,
224 2298 59 20 1842.
320 2316 4 4 .

186 2342 130 21 Charcoal
331 2342 54 21 and
398 2342 87 21 Lime.

47 2376 89 49 THE
151 2375 147 28 undersigned
311 2375 40 22 has
362 2383 27 14 on
400 2376 60 21 hand
473 2383 45 20 any
527 2377 101 27 quantity

118 2403 26 21 of
151 2402 99 22 charcoal
260 2403 46 21 and
322 2403 51 21 lime
383 2403 26 21 of
421 2403 38 21 the
473 2403 49 21 best
535 2403 90 28 quality^

42 2430 46 21 and
97 2436 28 15 on
135 2430 45 21 sale
191 2433 23 18 at
223 2429 36 22 the
270 2434 57 17 most
339 2429 130 22 reasonable
479 2430 79 27 prices.

230 2464 21 20 J.
266 2463 118 27 Plimmar,
400 2464 198 26 Ingestrie-street.

71 2495 95 22 October
176 2497 34 23 14,
221 2497 61 19 1842.

151 2538 165 28 Survey-office,
328 2540 54 21 New
393 2539 101 22 Zealand
505 2538 119 30 Company,

124 2583 5 2 -
233 2566 141 28 Wellington,
386 2567 49 21 Oct.
447 2567 19 26 7,
479 2568 60 21 1842.

43 2599 145 49 NOTICE
204 2599 36 22 IS-
247 2599 127 22 HEREBY
390 2599 106 28 GIVEN,
521 2600 47 22 that
588 2600 38 23 the

124 2626 172 26 Country^and
306 2633 48 15 now
365 2626 72 22 under
446 2634 80 20 survey
537 2627 43 22 will
597 2627 28 23 be

43 2653 152 28 thrownopen
206 2653 31 21 for
251 2653 106 21 selection
372 2653 35 22 for
425 2653 38 22 the
479 2653 147 29 Preliminary

45 2680 105 26 Sections,
169 2683 23 18 at
209 2685 87 22 present
313 2681 125 26 remaining
456 2681 120 26 unchosen,
597 2689 28 14 on

43 2706 105 27 Monday,
160 2707 37 21 the
207 2709 32 19 ls*»
247 2707 108 28 January,
367 2709 60 24 1843,
447 2707 44 23 and
510 2707 115 29 following

45 2733 56 27 days-
101 2738 4 10 I—commencing1
105 2745 19 4 —
125 2734 153 26 commencing
287 2738 24 17 at
325 2735 33 20 llv
367 2741 59 19 a.m.,
444 2735 44 21 and
506 2735 83 27 closing
603 2740 23 17 at

42 2761 15 20 4
65 2768 60 19 p.m.,
124 2769 3 5 1
136 2760 115 28 pifeciselj,
261 2761 46 21 and
315 2761 67 26 being
392 2768 24 14 as
426 2761 116 22 follows:—
542 2773 11 15 7
567 2766 3 9 !
574 2778 3 6 ,
597 2778 3 4 .

467 2794 34 17 No.
513 2795 20 16 of
546 2795 80 17 Sections

261 2815 4 5 '
284 2813 4 5 '
475 2815 60 17 under
542 2816 73 21 Survey.

43 2850 3 4 -
69 2835 113 22 District
193 2842 26 14 of
225 2842 44 15 the
276 2834 103 27 Ohariu,'
383 2837 40 20 the
430 2836 110 22 Sections'-

74 2876 3 3 •
97 2869 37 15 are
144 2862 94 21 situated
252 2862 32 21 iru
293 2862 38 21 the
341 2862 79 27 valley,
440 2863 93 26 parallel
553 2869 21 16 ,'■

92 2909 3 9 (
94 2888 56 23 with
234 2888 67 27 given
320 2892 39 17 out
377 2893 23 17 at
424 2888 38 23 the
486 2889 44 22 last

96 2915 112 27 selection,
220 2915 43 21 and
273 2915 107 27 comprise
390 2919 23 18 at
420 2914 67 23 least..
494 2931 33 6 ..
572 2918 28 21 44

78 2942 79 27 [Plans
167 2949 57 21 open
238 2942 33 21 for
283 2942 124 27 inspection
418 2946 23 19 at
452 2943 35 22 the
499 2943 90 27 Office.}

68 2975 216 23 District'of'the
299 2975 70 22 Hutt
448 2978 80 20 '.:..'..
560 2979 40 21 100

95 3003 48 22 The
162 3002 99 22 Sections
266 3005 4 12 1
280 3010 37 14 are
338 3002 45 22 laid
397 3006 38 18 out
451 3008 23 18 at
493 3005 38 21 the
565 3017 4 3 •
585 3017 5 2 -

75 3048 4 4 .
94 3037 70 20 upper
172 3029 80 28 partof
260 3029 164 27 the'river,'and
434 3038 37 14 are
479 3039 54 14 con-

94 3057 82 21 nected
196 3056 51 22 with
270 3056 62 22 those
357 3057 90 28 already
465 3059 67 26 given

95 3087 45 19 out.
170 3083 67 22 Plans
246 3086 23 19 to
279 3083 27 22 be
315 3083 68 28 ready
395 3085 31 21 Ist
434 3085 97 22 Decem-

93 3111 49 26 ber,-
148 3111 66 21 1842.

68 3145 112 22 District
192 3152 26 14 of
228 3144 104 26 Horoki,
344 3145 121 28 extending
474 3147 55 21 from

81 3172 3 5 '
94 3179 53 15 near
158 3172 89 22 Section
258 3173 33 26 10,
304 3172 115 27 Kinapora
428 3172 101 28 District,

94 3198 94 22 towaids
211 3198 37 22 the
272 3202 62 18 coast
357 3202 22 18 at
403 3199 129 23 Wai-kanai

92 3226 108 27 probably
553 3226 46 25 '150

84 3251 78 29 [Plans
172 3257 22 17 to
204 3252 28 22 be
241 3252 70 28 ready
321 3255 38 24 Ist,
364 3253 134 27 December,
510 3253 73 30 1842.]

68 3285 112 24 District
209 3294 27 14 of
259 3286 93 25 .Loury
385 3287 58 27 Bay,
454 3299 15 12 %,
479 3288 57 28 Port,
574 3306 4 5 ,
604 3301 5 3 -

96 3313 120 23 Nicholson
235 3328 100 7 ........
345 3311 43 24 ...1
398 3328 46 7 ....
454 3313 73 23 ...1..
585 3317 13 20 5

212 3339 78 29 [Plans
300 3349 50 14 now
360 3340 90 30 ready.]

65 3366 113 28 Porirua,
191 3368 131 28 Kinapora,
331 3368 43 22 and
380 3368 85 28 sundry
472 3372 59 24 parts
580 3372 2 4 '

92 3395 85 21 around
189 3395 52 22 Port
249 3395 123 22 Nicholson
397 3403 60 14 ....;
572 3398 44 21 18.

45 3443 2 3 .
82 3420 76 27 [Plans
167 3422 138 28 to'be.ready
317 3424 32 21 Ist
360 3422 136 30 November,
510 3422 73 30 1842.]

66 3452 112 24 District
189 3461 26 14 of
225 3454 147 31 Manaw;atu,
381 3454 37 23 the
428 3455 102 23 Sections

93 3480 81 21 extend
183 3478 3 7 '
204 3480 64 22 alone
297 3482 37 22 tlie
354 3482 62 22 hank
430 3483 37 22 'of
480 3485 3 3 '
491 3482 38 22 the
531 3483 9 12 N

92 3506 69 22 River
169 3506 70 22 above
248 3506 62 24 'those
320 3509 73 27 given'
398 3512 39 19 out
451 3513 23 19 at
491 3510 38 22 the

92 3533 43 21 last
148 3533 112 28 selection,
275 3535 84 23 thence
367 3540 32 18 -to
411 3536 47 22 .the
477 3536 52 22 hills

92 3559 43 22 and
145 3560 107 27 comprise
268 3565 24 17 at
308 3557 139 30 1ea5t...!..,
555 3566 42 21 300

73 3599 3 15 i
84 3586 78 29 [Plans
172 3591 22 17 to
206 3587 102 28 be^eady
319 3591 33 19 Ist
362 3590 131 29 December,
506 3591 73 28 1842.]
586 3610 12 9 ,,

65 3618 47 22 The
122 3617 64 26 Field
199 3617 60 23 Plots
267 3626 53 21 may
332 3621 28 22 be
369 3617 56 27 'seen
443 3627 24 18 at
478 3624 39 21 the
522 3642 3 5 .
533 3627 91 24 present

38 3643 53 23 time
101 3648 22 19 at
132 3645 37 22 the
180 3645 83 28 Survey
266 3644 11 25 '
277 3644 95 25 Stations
386 3649 26 21 of
414 3648 46 23 .the
477 3650 87 23 several
578 3650 45 24 dis-

35 3673 63 20 tricts
106 3671 153 29 respectively.
276 3673 65 21 -<'.'*
392 3674 12 13 !-
479 3677 17 11 '-
603 3677 6 12 J

54 3704 3 7 '
65 3702 27 25 Xn
100 3706 65 22 order
172 3710 26 18 to
206 3707 167 23 accommodate
382 3709 37 22 the
427 3709 91 24 holders
529 3712 25 22 of
560 3713 63 28 early

39 3731 92 28 choices,
142 3738 168 23 arrangements
317 3734 57 22 have
390 3736 57 22 been
457 3739 70 21 -made
537 3739 39 22 for-
583 3740 38 22 the

38 3763 62 24 party
110 3760 124 28 possessing
249 3761 44 23 the.
305 3761 48 22 first
362 3762 64 22 order
442 3765 26 22 of
475 3765 84 28 choice,
571 3774 50 15 suc-

38 3786 104 28 cessively
152 3787 92 27 making
259 3788 58 21 their
331 3788 105 24 selection
446 3794 23 19 at
484 3791 38 23 the
536 3794 84 27 Survey

40 3812 68 23 Office
117 3821 24 14 as
151 3821 54 15 soon
214 3822 25 14 as
249 3815 36 21 the
293 3813 71 24 TPlans
373 3823 41 18 are,
418 3817 75 28 ready.

164 3847 34 29 ,/
212 3844 3 6 '
277 3847 94 22 Samusl
508 3850 84 30 Brees,
599 3846 11 33 ['
625 3858 3 7 '

30 3882 3 4 '
134 3913 1 7 |
171 3876 119 39 .','.
378 3881 241 35 Principal-Surveyor.

35 3927 91 47 JUST,
139 3930 132 29 OPENED,-
278 3932 146 24 and,on'Sale
434 3937 24 19 at
468 3935 118 25 the^Offic*
597 3939 26 22 of
623 3927 4 26 !

98 3956 41 22 this
149 3958 77 28 Paper,
236 3959 38 22 ink
285 3960 78 22 stands
373 3961 26 21 of
406 3961 88 24 various
503 3963 64 26 ebsei,
595 3969 11 22 ;v;
606 3984 6 7 v
624 3967 2 6 '

668 715 92 49 MR.
776 714 86 22 JOHN
878 712 96 24 WADE
983 714 20 22 is
1012 710 126 26 instructed'
1143 715 23 19 to
1176 712 40 22 sell
1225 712 31 28 by

759 742 108 26 Auction,
879 749 27 15 on
925 741 37 22 the
972 742 114 27 premises,
1098 748 34 14 on'
1137 740 118 26 Saturday,

666 769 37 21 the
713 769 60 22 22nd
783 769 104 26 October,
901 770 94 26 1842,.at
1011 771 10 19 1
1040 768 85 22 o'clock
1138 767 116 28 precisely,

666 795 38 23 the
715 796 92 22 interest
818 796 25 22 of
851 795 37 23 the
900 796 81 22 Lessee
990 795 99 27 (Robert
1101 795 119 25 Sturgeon)
1231 795 24 21 in

667 823 36 21 the
713 823 59 22 lease
786 823 26 21 of
822 823 29 22 all
862 823 49 22 that
920 823 63 28 piece
1000 830 25 14 or
1039 821 73 29 parcel
1125 821 25 21 of
1154 842 3 5 ,
1162 821 53 21 land
1232 828 24 14 or

665 849 86 28 ground
770 849 46 22 and
833 850 114 28 premises,
959 849 106 21 ''situated
1084 846 171 24 on'Lambton-

666 884 65 19 quav,
741 880 49 23 part
800 877 26 21 of
832 880 59 18 town
902 884 49 14 acre
958 877 43 21 No.
1000 877 3 12 !
1010 877 41 20 486
1061 882 28 14 on
1100 874 156 28 the'Sun-eyor

667 904 116 21 General's
803 904 55 21 Plan
884 903 25 22 of
929 903 37 21 the
991 902 58 26 City,
1066 901 25 22 of
1112 901 101 28 Welling!
1218 908 35 19 on,

665 930 105 22 beunded
780 937 29 15 on
822 930 37 21 the
870 934 47 18 east
931 929 31 31 by
971 929 71 21 Lamb
1046 931 116 24 ton-quay,
1174 936 27 14 on
1202 947 10 8 u
1216 928 42 22 th'e"

666 957 65 21 sonth
750 957 30 26 by
799 959 50 24 part
872 957 26 21 of
917 955 37 22 the
973 962 61 15 same
1058 954 123 27 allotment,
1204 962 50 15 now

666 983 105 26 occupied
788 983 31 26 by
830 983 89 26 George
936 981 80 22 Clarke
1035 981 55 26 (late
1105 981 89 28 Wright
1209 980 45 24 and

666 1009 98 26 Clarke)',
775 1009 46 21 and
835 1016 30 14 on
875 1008 37 22 the
923 1013 55 17 west
987 1008 45 22 and
1042 1008 64 22 north
1115 1008 29 27 by
1151 1010 104 25 -portions

665 1035 24 21 of
706 1036 47 20 the-
760 1042 61 15 same
837 1035 130 27 allotment;
984 1035 83 28 having
1082 1042 14 14 a
1112 1035 99 28 frontage
1230 1040 24 17 to

665 1062 184 27 Lambton-quay
868 1061 26 23 of
905 1062 26 22 25
948 1063 52 26 feet,
1012 1062 46 22 and
1075 1070 14 14 a
1105 1061 66 28 depth
1188 1063 26 21 of
1227 1065 26 19 95

663 1088 45 22 feet
717 1096 32 16 or,
758 1089 63 21 there
832 1089 87 22 abouts.
948 1089 88 22 Leased
1047 1093 22 18 to
1086 1089 37 22 the
1133 1093 77 18 tenant
1219 1090 36 22 for

663 1115 101 22 fourteen
773 1123 72 20 years,
856 1115 58 23 from
931 1115 37 23 the
985 1116 51 22 17th
1054 1116 59 22 June
1130 1118 58 25 1841,
1201 1117 53 21 with

663 1141 120 28 the'option
792 1141 26 23 of
825 1142 125 28 extending-
956 1143 55 21 such
1018 1143 61 22 lease
1088 1146 24 18 to
1119 1147 134 23 twenty-one

663 1176 71 19 years.
763 1170 66 26 Rent,
841 1169 48 23 £25
896 1177 39 20 per
943 1177 61 20 year,
1015 1170 95 27 payable
1121 1171 118 27 quarterly.

666 1216 3 4 .
679 1196 48 24 ;On
738 1195 37 23 the
785 1196 55 22 land
852 1196 62 22 there
924 1204 37 14 are
973 1200 41 19 two
1022 1197 130 22 substantial
1161 1198 91 21 wooden

663 1222 87 27 houses,
761 1223 32 21 let
798 1227 27 17 .to
835 1223 138 28 respectable
985 1227 96 24 tenants,
1093 1223 43 23 and
1146 1223 108 28 realizing

664 1247 17 23 a'
686 1254 50 17 rent
779 1249 48 23 £60
835 1257 41 20 per
884 1257 61 20 year.
964 1270 2 9 (

691 1274 50 24 It'is
750 1277 97 21 situated
857 1277 22 21 in
894 1276 37 24 the
947 1280 57 18 most
1020 1276 132 29 flourishing
1166 1282 49 23 part
1231 1279 27 21 of

664 1302 36 22 the
711 1307 65 23 town,
788 1304 42 20 and
844 1303 43 21 will
904 1311 67 19 prove
987 1311 27 14 an
1027 1303 127 23 invaluable
1168 1305 40 22 site
1219 1305 35 21 for

663 1329 234 28 business,jwhen,the
907 1330 114 27 projected
1031 1331 222 28 improvements.are

664 1357 132 26 completed.
807 1376 3 5 ,
821 1368 4 15 ;
916 1371 4 7 (
921 1372 13 6 
994 1373 11 8 
1068 1373 2 5 ,
1155 1372 2 3 •
1205 1355 9 4 *

723 1383 78 22 Torms
802 1395 27 3 —
832 1384 20 21 A
863 1383 58 26 good
931 1383 54 29 bill,,
990 1387 24 18 at
1024 1383 62 23 three
1096 1385 96 22 months.

865 1446 3 3 .
893 1429 41 20 On
954 1429 71 24 Sale,
1143 1437 6 14 ;

665 1456 91 34 rpHE
770 1455 76 22 BEST
861 1455 78 22 CASE
954 1455 67 27 GIN,
1035 1455 24 22 in
1070 1463 61 15 cases
1144 1456 46 22 and
1206 1457 52 22 half

671 1477 29 28 JL
739 1489 68 16 cases.

980 1508 83 23 Waitt
1080 1510 46 21 and
1139 1510 84 23 Tyser.

691 1537 60 22 June
760 1538 33 26 24,
806 1538 62 21 1842.

835 1583 95 21 Wines
945 1582 29 21 in
988 1584 91 20 wood.

666 1618 70 49 ON
753 1618 78 22 SALE
845 1618 31 26 by
887 1617 37 22 the
935 1617 159 27 undersigned,
1105 1618 57 23 from
1173 1627 42 14 one
1230 1619 28 22 of

741 1645 37 22 the
789 1645 47 22 first
846 1644 96 23 London
953 1644 84 23 houses
1039 1655 26 5 —

691 1672 82 22 Choice
797 1672 70 26 Port,,
884 1672 89 26 Sherry,
975 1681 3 5 1
998 1672 111 26 Madeira,
1134 1672 117 27 Teneriffe,

667 1699 86 27 Alican,
773 1699 46 22 and
837 1700 119 26 Taragoua
980 1698 76 28 wines,
1075 1699 36 22 in.
1119 1700 68 21 bottle
1209 1700 44 22 and

665 1730 88 24 quarter
763 1726 70 26 casks,

691 1754 56 22 Port
754 1754 43 21 and
808 1754 64 21 Sheri
877 1760 15 20 y
901 1753 25 22 in
939 1760 68 15 cases.

947 1779 22 22 J.
986 1780 34 22 M.
1035 1780 102 27 Taylor,
1153 1780 32 22 Te
1197 1781 54 21 Aro.

691 1807 98 22 October
799 1808 33 26 14,
844 1808 61 21 1842.

786 1853 41 21 On
842 1853 70 25 Sale,
927 1858 36 16 ex
1148 1862 2 4 '

666 1889 42 32 f^i
719 1887 130 22 UNTER'S
866 1893 115 21 preserves
994 1886 47 22 and
1051 1886 83 22 bottled
1150 1886 65 23 fruits
1228 1886 24 22 in

666 1913 53 23 vJT
747 1914 98 22 assorted
864 1921 69 20 cases,
952 1913 87 22 bottled
1057 1914 97 27 vinegar,
1167 1921 83 19 sauces,

663 1941 92 27 herring
766 1945 75 23 paste,.
845 1942 51 24 pat6
906 1947 29 16 au
945 1940 82 24 diable,
1037 1940 92 28 pickles,

691 1968 80 21 Choice
783 1967 105 22 Chedder
898 1967 79 22 cheese
988 1963 45 26 and
1044 1967 172 27 confectionery,
1256 1963 5 32 -j

690 1994 175 22 London-made
875 1994 89 22 saddles
974 1994 45 21 and
1030 1994 89 27 bridles,

689 2021 139 21 Bush-made
838 2020 88 22 saddles
936 2020 44 21 and
1236 2024 3 7 '

689 2048 58 26 10-4,
759 2048 57 25 11-4,
828 2046 46 22 and
884 2048 51 21 12-4
944 2045 110 28 blankets',
1066 2046 111 27 coloured,

691 2075 50 20 12-4
752 2081 50 19 rugs
813 2074 44 21 and
868 2077 173 23 counterpanes,
1052 2072 63 23 toilei
1126 2081 83 19 covers,

690 2101 115 21 Women's
816 2105 67 22 stays,
896 2100 37 21 red
945 2099 74 27 shirts,

689 2128 52 22 Two
750 2135 62 14 cases
822 2126 139 23 fashionable
973 2126 85 28 shaped
1065 2127 104 27 bonnets,

690 2155 99 22 Ribbons
799 2155 45 21 and
854 2154 93 27 general
955 2154 121 27 millinery,

689 2182 75 21 Coffee
773 2182 24 21 in
808 2182 63 26 bags,

690 2210 76 21 Green
776 2211 37 18 tea
821 2208 24 22 in
856 2208 74 22 chests
940 2207 45 22 and
994 2207 50 22 half
1052 2207 79 27 chests,

690 2237 63 25 Oars,
764 2236 76 21 mould
851 2234 99 27 candles,

688 2262 66 22 Nails
764 2262 24 22 of
795 2269 67 20 every
873 2262 143 26 description,

687 2289 82 22 Tirm'd
782 2293 37 17 tea
828 2289 90 26 kettles,
930 2296 132 20 saucepans,
1074 2289 49 27 &c,

689 2316 75 22 White
774 2316 58 27 lead,
843 2316 82 27 paints,
938 2323 61 20 soap,
1011 2316 40 22 &c.
1063 2317 40 21 &c.

976 2349 22 21 J.
1014 2348 35 22 M.
1064 2348 102 22 Taylor,

1126 2376 31 21 Te
1168 2376 54 22 Aro.

688 2402 98 22 October
795 2403 33 25 11,
841 2403 61 21 1842.
922 2421 4 3 .
1152 2413 3 4 -
1187 2413 2 4 ■

893 2448 41 20 On
948 2448 72 24 Sale,
1107 2465 2 4 .
1156 2455 3 5 •
1187 2454 5 4 ■
1239 2459 2 6 •

660 2481 139 50 POLICE
815 2481 92 22 DARK
922 2481 176 26 LANTERNS,

733 2508 121 22 American
867 2515 77 15 ovens.

977 2534 22 23 J.
1016 2535 33 21 M.
1065 2535 103 27 Tailor,

1081 2563 3 3 '
1121 2563 31 21 Te
1167 2563 54 21 Aro.

686 2589 97 22 October
794 2591 33 25 11,
840 2591 61 21 1842.

686 2646 13 14 
747 2636 41 19 On
803 2635 71 25 Sale,
890 2641 36 14 ex
1112 2635 44 20 &c.

656 2669 168 48 MARINE
839 2668 223 27 BAROMETERS,

748 2696 135 26 Quadrants,
896 2698 105 24 sextants,

685 2722 161 27 Hydrometers
855 2723 46 22 and
910 2723 187 27 saxharometers,
1211 2726 3 9 '

684 2749 186 27 Thermometers,
882 2750 62 27 spirit
952 2749 76 28 levels,

684 2776 108 28 Drawing
800 2776 152 27 instruments,
966 2777 128 28 telescopes,

668 2807 4 5 '
685 2803 48 26 Log
742 2805 45 20 and
796 2803 56 22 hour
861 2803 91 28 glasses,
963 2804 40 22 &c.
1015 2805 41 20 &c.

655 2836 28 15 "■'
706 2848 3 7 -
805 2844 12 11 ••
915 2831 4 21 ;
1002 2838 23 22 J.
1041 2838 32 22 M.
1082 2839 110 26 'Taylor,

766 2878 1 5 .
914 2869 13 16 -i
940 2877 3 4 •
1006 2881 2 5 .
1025 2865 5 21 :
1108 2866 46 22 <iTe
1165 2866 66 22 Aro..

653 2890 104 22 .October
766 2892 33 26 11,
810 2892 61 22 1842.
905 2907 2 5 ,
1019 2910 2 7 ,
1046 2909 2 5 ,
1074 2908 8 9 
1141 2912 3 7 t
1162 2911 4 4 .
1199 2907 4 3 -

685 2935 40 19 To
736 2930 202 31 Ship-builders
953 2937 55 19 and
1024 2936 194 27 Ship-owners.

660 2968 72 49 ON
747 2968 172 28 SALE'by'the
923 2968 3 16 ;
928 2969 162 27 undersigned:
1093 2981 28 5 —
1145 2983 3 6 .
1185 2977 3 5 ■

723 2995 106 22 Anchors'
839 2996 27 21 of
876 2995 30 22 all
917 2996 63 28 sizes,
1025 3001 12 16 '\

686 3022 71 22 Chain
767 3022 75 23 cables
851 3022 46 23 and
912 3022 61 23 short
987 3023 78 22 linked
1081 3024 83 27 chains,
1176 3024 72 23 tested

657 3049 31 27 by
698 3057 12 14 a
720 3049 134 27 hydrostatic
866 3050 88 27 engine,
963 3050 100 22 assorted
1072 3051 57 22 sizes
1138 3051 43 23 and
1192 3060 54 14 war-

658 3076 85 27 ranted,

653 3109 3 7 1
686 3104 36 21 Bit
724 3104 68 21 heads
802 3104 44 21 and
856 3111 65 20 spare
931 3103 108 28 shackles,

684 3130 115 23 Windlass
808 3132 67 21 metal
886 3131 24 22 in
921 3132 110 27 complete
1040 3135 61 24 setts,

686 3158 111 21 Mariners
807 3165 132 20 compasses,
1221 3168 3 7 >

686 3184 45 26 Sail
741 3191 93 15 canvass
844 3185 45 21 and
900 3186 72 26 twine,

686 3211 71 27 Pitch,
769 3215 39 24 tar,
821 3213 40 21 &c
873 3212 40 22 &c.
929 3216 4 3 '
950 3214 5 6 '
962 3232 4 3 .
1067 3233 12 11 (f

872 3248 5 4 '
900 3249 3 3 '
929 3253 2 5 ■
1013 3243 3 4 '
1023 3240 89 23 Willis
1123 3249 45 15 and
1179 3242 39 22 Co.

650 3265 149 27 .October.!!,
811 3267 60 21 1842.
1225 3281 3 6 ,

658 3310 39 20 To
712 3310 168 25 Merchants,
896 3312 112 25 general
1030 3313 214 26 Store-keepers,

651 3339 24 13 '.i
687 3348 20 4 -.
750 3333 10 19 *'.
781 3339 9 14 ?
839 3335 3 17 i
889 3338 85 21 'J-'&C.
1028 3341 10 13 -'
1070 3341 20 22 V
1106 3344 18 5 '•'
1205 3352 4 3 •
1232 3342 3 5 '

656 3370 52 49 A
723 3370 221 23 RESPECTABLE
958 3371 114 23 YOUNG
1086 3372 72 24 MAN
1169 3381 76 15 accus-

737 3397 76 22 tomed
820 3401 24 18 to
853 3397 39 22 the
902 3398 92 26 general
1003 3403 60 17 store
1073 3400 108 28 business,
1193 3401 18 22 is
1221 3402 23 22 in

658 3427 59 18 want
734 3424 28 22 of.
770 3432 13 14 a
798 3424 105 23 situation
912 3424 38 23 ,as'
960 3426 106 22 assistant
1081 3434 31 17 or,
1120 3427 60 23 clerk
1195 3429 23 21 in
1232 3436 12 14 a

656 3450 134 23 merchants'
800 3451 129 23 warehouse
947 3459 24 15 or
985 3453 90 27 general
1086 3460 65 17 store.
1181 3455 35 21 He
1226 3455 19 23 is

767 3478 24 22 of
802 3479 88 27 getting
905 3479 151 28 employment
1072 3481 73 22 where
1159 3481 29 22 he
1204 3489 41 15 can

654 3504 101 28 improve
765 3504 91 23 himself
868 3506 24 21 iv
909 3507 130 21 mercantile
1056 3507 85 27 affairs,'
1148 3509 79 22 ancLwi
1231 3509 14 22 11

651 3531 55 27 .give
717 3531 33 22 his
759 3532 95 22 services
869 3533 35 22 for
918 3540 15 15 a
948 3541 55 20 very
1011 3534 117 24 moderate
1142 3543 103 15 remune-

656 3559 85 21 ration.
764 3579 2 5 ,
887 3568 4 16 ;
906 3583 2 3 _
934 3574 9 6 
1085 3577 2 5 ,
1160 3579 2 4 ,

678 3586 208 28 .Mostrespectable
893 3587 125 23 references
1028 3595 42 17 can
1078 3589 30 22 be
1117 3589 75 28 given,
1200 3589 44 23 and

656 3612 96 28 security
762 3613 20 21 if
792 3613 112 27 required.

673 3637 4 6 '
683 3640 76 27 Apply
767 3643 25 19 to
802 3640 46 22 Mr.
858 3641 58 26 Roe,
927 3643 23 20 at
959 3641 39 23 the
1009 3642 89 22 Gazette
1110 3643 78 22 Office.

654 3666 145 28 Wellington,
811 3667 98 23 October
918 3669 33 26 11;
962 3670 62 22 1842.
1051 3681 3 3 ■
1077 3682 2 5 ■
1098 3685 7 12 

813 3709 4 11 1
876 3709 153 31 Por'Sale,.

654 3745 125 51 Agood
797 3746 135 23 substantial
950 3748 52 22 well
1023 3748 59 23 built
1103 3748 71 24 house
1197 3749 47 23 and

708 3779 3 8 •
733 3773 114 28 premises,
871 3774 56 22 with
943 3775 176 23 '^Publican's'
1146 3776 98 22 General

653 3801 95 21 License
764 3800 110 28 attached,
894 3801 23 22 in
938 3809 23 14 a<
972 3802 161 28 commanding
1148 3803 44 22 and
1209 3803 35 22 in-

652 3828 102 27 creasing
778 3827 184 27 neighbourhood
983 3829 25 22 in
1022 3850 3 6 .
1035 3829 143 28 Wellington,
1198 3830 45 22 and

653 3855 48 22 well
712 3854 85 28 .worthy
813 3855 38 21 thfe
868 3856 110 22 attention
993 3855 27 23 of
1036 3856 64 22 small
1115 3856 132 31 capitalists.'

708 3881 75 22 term's
797 3881 124 29 moderate,
940 3881 55 23 and',
1006 3889 53 20 may
1074 3883 27 21 be
1116 3883 82 22 known
1210 3881 33 31 Iby

653 3909 107 29 applying
770 3912 22 19 to
857 3914 3 6 '
902 3909 9 8 -'
919 3920 4 3 -
932 3918 3 3 -
958 3913 5 10 i
974 3909 18 12 *-■
1007 3919 4 3 •
1026 3908 22 22 '•!,

641 3946 3 9 i
677 3935 2 7 '
679 3936 12 17 'r~
701 3939 4 8 '
736 3942 19 11 i<-
772 3944 5 9 i
797 3949 4 4 -
813 3935 29 25 J..
852 3935 363 28 ZiLL"wo'oD,:Wiltshire-Taverh.

639 3967 2 16 \
651 3981 11 8 ..
679 3963 226 27 Hawkstone-street,
915 3963 91 27 August
1014 3964 33 26 19,
1060 3964 60 22 1842.

1286 710 184 47 WILLIAM
1479 710 112 22 -ALLEN
1610 711 144 28 fespectfu.ly
1776 712 94 22 informs

1382 736 38 22 the
1428 736 138 23 inhabitants
1574 737 25 22 of
1611 737 51 22 Port
1672 738 131 28 Nichoison,
1823 738 47 22 that

1288 762 32 22 he-
1333 762 38 22 has
1390 763 96 22 entered'
1501 764 47 21 into
1568 769 166 22 arrangements
1755 766 51 21 with
1825 766 44 22 Mr.

1287 788 71 27 Watt,-
1364 789 58 22 fora
1430 790 88 26 regular
1528 790 110 28 supply'of
1645 792 57 26 beef,
1714 795 94 24 mutton,
1819 792 50 26 &c,

1286 813 70 26 which
1364 816 45 21 will
1420 816 80 22 enable
1508 817 46 21 him
1564 823 22 16 to
1596 817 41 22 sell
1646 821 22 18 at
1686 818 99 22 reduced
1801 820 70 26 prices

1285 843 34 21 for
1328 843 68 26 ready
1406 846 83 24 moriey
1501 843 58 27 only.
1583 840 3 11 !
1622 844 5 7 '
1686 841 24 12 '''

1315 868 32 22 VV.
1364 870 28 21 A.
1401 870 56 26 heg<
1467 872 48 19 that
1524 870 28 21 all
1562 870 143 26 outstanding
1714 875 105 18 accounts
1829 871 42 22 due

1287 899 20 18 to
1316 895 45 22 him
1373 903 50 20 may
1435 898 27 19 be
1474 896 78 21 settled
1562 896 119 26 forthwith,
1693 904 24 14 as
1729 897 33 22 his
1773 898 99 21 business

1286 921 42 22 will
1340 923 19 20 in
1369 922 75 22 future
1456 924 26 20 be
1494 922 125 22 conducted
1630 924 72 20 under
1711 923 93 22 another
1813 924 57 22 firm.

1313 954 96 21 October
1421 956 32 24 14,
1467 955 71 32 1842.^

1286 1005 197 48 ALYALL
1505 1011 56 16 most
1573 1006 142 26 respectfully
1728 1007 54 27 begs
1804 1007 63 22 leave

1339 1042 9 11 •
1381 1036 22 17 to
1415 1039 117 15 announce
1545 1037 21 16 to
1586 1032 37 22 the
1643 1033 81 27 public,
1738 1034 47 20 that
1793 1034 27 22 he
1832 1034 39 22 has

1285 1059 88 21 entered
1392 1058 52 27 into,
1460 1065 169 21 arrangements
1652 1065 21 16 to
1696 1058 94 28 receive^
1810 1061 59 22 from

1286 1084 148 28 Berhainpore
1445 1086 81 27 Farm,-
1531 1094 13 13 a
1554 1086 59 26 daily
1625 1086 80 28 supply'
1710 1087 44 21 off
1754 1087 49 22 resh
1811 1087 59 27 bfef,

1285 1111 44 22 and
1339 1111 68 28 hopes
1416 1114 55 25 that,
1484 1112 57 22 from
1551 1113 38 21 the
1599 1114 99 25 superior
1708 1114 86 27 quality
1803 1115 24 21 of
1834 1114 37 22 the

1285 1143 64 21 meat,
1361 1140 38 20 the
1415 1139 97 22 reduced
1529 1140 77 26 prices,
1618 1140 45 21 and
1674 1140 33 21 his
1724 1141 147 27 unremitting

1285 1166 105 21 attention
1409 1169 24 18 to
1453 1166 33 21 his
1507 1171 127 21 customers,
1654 1169 22 18 to
1700 1167 92 21 deserve
1815 1167 57 23 their

1286 1195 125 25 patronage.
1420 1206 3 3 •
1792 1215 2 4 

1300 1217 3 7 '
1312 1225 129 27 September
1449 1227 35 25 39,
1498 1227 59 21 1842.

1301 1270 4 21 1
1438 1272 39 19 To
1493 1272 33 19 be
1542 1271 62 20 sold
1620 1272 92 26 cheap,

1284 1303 74 49 AN
1372 1305 114 21 excellent
1496 1312 79 20 square
1590 1308 54 23 tent,
1654 1305 62 22 lined
1727 1306 142 27 throughout,

1348 1331 54 21 with
1412 1339 15 14 a
1436 1331 97 23 boarded
1543 1331 63 22 floor.

1310 1365 76 27 Apply
1396 1369 24 18 at
1430 1365 38 22 the
1481 1367 86 20 Gazette
1578 1365 76 23 Office.

1398 1411 124 27 Country
1537 1412 78 20 Land
1629 1412 41 21 for
1684 1413 70 21 Sale.

1286 1444 66 49 TO
1367 1444 39 22 BE
1422 1445 78 22 SOLD
1518 1445 34 22 IN
1569 1446 80 26 LOTS,
1666 1450 22 17 to
1705 1447 45 21 suit
1765 1446 38 22 the
1818 1454 54 14 con-

1359 1472 110 21 venience
1479 1472 27 21 of
1511 1472 137 28 purchasers,
1658 1473 42 22 No.
1709 1475 12 20 3
1731 1474 25 21 in
1766 1474 37 21 the
1813 1477 58 18 town

1285 1497 89 27 district,
1388 1498 42 21 No.
1441 1500 29 20 44
1478 1499 24 21 in
1512 1499 37 22 the
1564 1499 59 22 Hutt
1633 1499 92 27 district,
1736 1500 45 21 and
1792 1500 42 22 No.
1844 1502 27 20 68

1284 1524 23 22 in
1324 1524 36 22 the
1381 1524 93 23 Porirua
1492 1526 86 21 district
1586 1534 5 13 :
1607 1526 49 21 half
1667 1526 25 22 of
1709 1527 38 21 the
1764 1527 108 27 purchase

1286 1558 79 21 money
1375 1552 45 21 will
1435 1552 28 21 be
1472 1552 94 21 allowed
1582 1556 22 18 to
1614 1554 82 21 remain
1709 1561 29 14 on
1749 1558 121 23 mortgage,

1284 1582 23 17 at
1317 1580 26 19 10
1350 1585 40 21 per
1401 1583 60 17 cent.'
1489 1579 45 22 For
1543 1580 136 26 particulars,
1691 1580 67 28 apply
1768 1584 22 18 to

1556 1613 98 22 Hanson
1667 1614 45 21 and
1728 1615 116 20 Alzdorf.

1395 1672 4 6 '
1419 1666 88 19 Town
1521 1666 77 20 Land
1609 1666 42 20 for
1665 1667 70 20 Sale.

1286 1698 89 49 THE
1392 1698 71 21 whole
1482 1699 26 20 of
1520 1702 60 19 town
1590 1700 95 21 sections
1700 1700 112 27 N,05.'285,
1823 1702 47 25 106,

1359 1725 44 22 and
1420 1726 48 26 878,
1479 1726 44 21 and
1539 1730 50 22 part
1598 1726 26 21 of
1637 1729 58 18 town
1711 1727 98 21 sections
1822 1728 48 25 204,

1284 1753 47 24 248,
1342 1752 45 21 and
1401 1753 40 20 528
1459 1759 37 15 are
1510 1752 83 22 offered
1603 1752 33 22 for
1646 1754 51 21 sale.
1728 1753 59 24 Half
1797 1754 25 21 of
1834 1754 37 21 the

1283 1778 108 28 purchase
1408 1786 82 20 money
1502 1783 21 18 to
1534 1780 84 21 remain
1630 1787 28 14 on
1674 1784 122 24 mortgage,
1809 1783 21 19 at
1845 1782 27 20 10

1284 1811 38 21 per
1333 1809 57 18 cent.
1419 1806 46 21 For
1472 1806 138 27 particulars,
1622 1806 64 28 apply
1696 1812 23 17 to

1285 1851 11 23 j
1457 1850 3 24 |
1556 1841 97 21 Hanson
1667 1842 46 21 and
1727 1842 116 21 Alzdorf.

1303 1884 85 21 Town
1404 1885 56 20 and
1475 1886 123 26 Country
1612 1886 77 21 Land
1702 1888 31 19 to
1749 1887 33 20 be
1797 1888 55 20 Let.

1286 1917 167 49 SECTIONS
1470 1918 45 22 and
1531 1919 100 26 portions
1648 1920 24 21 of
1686 1919 101 22 Sections
1803 1921 23 21 in
1841 1920 30 22 all

1322 1949 3 4 '
1354 1949 60 23 parts
1432 1945 25 21 of
1473 1945 38 21 the
1529 1945 69 22 Town
1618 1945 26 22 of
1660 1946 144 28 Wellington,
1823 1947 47 21 also

1276 1971 105 28 iCountry
1392 1971 102 22 Sections
1509 1972 23 22 in
1543 1972 38 22 the
1597 1973 95 21 districts
1709 1973 27 22 of
1749 1974 38 21 the
1804 1974 65 27 Hutt,

1284 1996 37 23 Hie
1336 1997 87 28 Karori,
1436 1999 38 21 the
1484 1998 77 25 Ohiro,
1573 1999 45 21 and
1631 1999 38 22 the
1677 1999 100 23 Porirua.
1790 2015 4 5 .
1806 2001 65 26 Long

1284 2025 68 21 leases
1362 2024 26 21 of
1394 2024 38 22 the
1449 2029 96 22 country
1555 2025 54 21 land
1625 2025 44 22 will
1685 2026 28 21 be
1728 2027 94 26 granted
1840 2034 29 14 on

1284 2051 128 22 reasonable
1423 2055 75 17 terms.
1528 2049 43 23 For
1582 2052 130 27 particulars
1721 2053 66 27 apply
1789 2053 3 4 1
1797 2056 23 18 to

1311 2084 95 21 Hanson
1418 2084 46 21 and
1478 2084 116 26 Alzdorf,
1604 2085 193 29 Thorndon-quay
1814 2094 23 14 or
1847 2090 23 18 to

1310 2112 94 21 Robert
1415 2112 94 26 Stokes,
1521 2112 64 21 Land
1599 2113 111 27 Surveyor
1726 2113 46 22 and
1786 2114 82 27 Agent,

1467 2138 216 23 Woolcomb-street.

1338 2185 65 20 Port
1417 2185 153 21 Nicholson
1585 2186 55 20 and
1650 2186 164 26 Wanganui.

1285 2217 164 50 SEVERAL
1465 2218 68 21 Town
1550 2218 43 21 and
1611 2218 97 26 Country
1729 2219 98 21 Sections
1846 2218 24 22 in

1349 2245 61 21 these
1420 2244 96 23 districts
1525 2249 23 17 to
1560 2246 26 21 be
1597 2245 49 22 sold
1655 2253 23 14 or
1693 2243 40 24 let.
1763 2245 45 22 For
1819 2253 51 20 par-

1282 2271 89 22 ticulars
1380 2271 47 22 and
1437 2276 75 23 terms,
1522 2272 67 28 apply
1599 2277 23 16 to
1818 2275 2 8 '

1589 2305 93 22 Robert
1698 2305 28 22 R.
1742 2305 99 22 Strang.

1286 2331 109 33 _August
1395 2331 32 33 4,
1439 2333 61 21 1842
1515 2333 306 21 L
1824 2345 3 5 ■

1283 2377 85 20 Town
1394 2378 54 21 and
1473 2378 123 27 Country
1615 2380 76 21 Land
1712 2382 30 19 to
1765 2382 50 21 Let
1834 2388 36 15 on

1472 2406 80 26 Long
1571 2408 107 20 Leases.

1282 2439 98 49 NOS.
1398 2439 26 22 of
1441 2439 37 22 the
1498 2444 59 18 town
1576 2448 62 15 acres
1656 2449 28 15 on
1702 2442 39 22 the
1762 2444 109 27 Surveyor

1482 2467 117 23 General's
1609 2469 63 27 Plan,

1388 2495 43 20 224
1557 2496 41 21 510
1720 2498 42 21 263

1282 2519 44 22 For
1334 2520 139 28 particulars,
1486 2521 66 28 apply
1562 2526 23 18 to

1445 2555 124 28 Wallace,
1580 2556 92 28 White,
1684 2558 47 21 and
1745 2558 123 23 Wallace.

1309 2581 55 27 May
1372 2583 34 25 31,
1418 2584 62 20 1842.
1731 2578 12 25 '.

1282 2627 66 49 TO
1366 2627 40 21 BE
1427 2627 88 27 SOLD,
1529 2628 82 22 inlols
1626 2632 23 18 to
1668 2631 44 20 suit
1729 2631 137 27 purchasers,

1346 2653 37 23 the
1399 2655 72 21 whole
1489 2655 26 21 of
1525 2658 59 19 town
1601 2663 50 14 acre
1667 2657 43 21 No.
1723 2659 46 24 131-,
1787 2665 28 14 on
1830 2658 38 22 the

1279 2681 51 27 plan
1343 2682 24 20 of
1371 2681 36 21 the
1413 2682 68 21 Town
1489 2682 25 21 of
1517 2681 142 29 Wellington,
1666 2683 84 28 having
1756 2684 112 28 frontages
1876 2688 2 28 j

1280 2712 22 18 to
1311 2708 191 22 Taranaki-street
1512 2709 45 22 and
1566 2709 197 28 Ingestrie-street.
1792 2712 76 22 Terms
1876 2704 2 33 j

1277 2735 85 23 liberal.
1391 2736 77 28 Apply
1477 2740 23 17 to
1513 2738 2 6 '

1434 2782 4 3 .
1483 2787 2 5 ,
1499 2787 3 5 ,
1616 2763 37 22 W.
1663 2763 28 22 V.
1703 2764 109 28 Brewer,

1674 2791 193 24 Manners-street.

1307 2816 57 22 June
1374 2817 32 24 17,
1419 2817 62 22 1842.
1676 2831 24 21 ■_

1279 2861 121 49 LAND,
1411 2865 22 18 to
1442 2862 30 22 be
1482 2862 53 21 Sold
1547 2869 24 14 or
1581 2863 44 22 Let
1639 2870 27 14 on
1681 2863 104 27 building
1797 2864 69 22 leases

1354 2888 23 22 in
1387 2888 31 22 all
1428 2893 61 23 parts
1498 2889 26 22 of
1531 2889 37 22 the
1578 2890 77 21 Town.
1683 2890 77 28 Apply
1772 2895 21 17 to

1385 2922 93 22 Messrs.
1494 2923 78 21 Evans
1587 2923 43 21 and
1645 2923 123 27 Chetham,

1583 2954 118 27 Solicitors,

1632 2990 4 4 ■
1649 2982 192 27 Lambton-qiiay.'

1307 3007 59 27 May.
1369 3009 34 25 23,
1415 3009 68 21 1842.,
1500 3007 4 15 :
1803 3007 11 16 "'

1279 3052 170 27 Wellington
1472 3055 54 19 and
1545 3054 155 27 Wanganui
1701 3066 27 3 —
1729 3055 92 21 Lands
1835 3056 28 20 to

1567 3082 58 20 Let.

1280 3113 119 36 rpOWN
1425 3114 212 22 ALLOTMENTS
1660 3114 23 23 in
1707 3114 31 23 all
1761 3118 61 24 parts
1844 3115 25 22 of

1288 3136 27 26 JL
1338 3153 4 3 •
1353 3140 138 28 Wellington
1508 3141 45 22 and
1707 3142 46 22 and
1769 3143 98 27 Country

1279 3166 97 23 Sections
1389 3168 25 21 in
1430 3168 64 28 both,
1501 3168 104 27 districts,
1621 3172 23 19 to
1660 3169 24 22 be
1700 3168 32 23 let
1742 3176 29 15 on
1788 3169 77 22 leases.

1279 3194 43 22 For
1331 3194 63 27 plans
1404 3195 46 22 and
1458 3196 140 27 particulars,
1609 3195 72 29 apply,
1684 3199 23 23 f;o

1611 3229 87 23 Henry
1713 3231 38 21 St.
1768 3230 75 23 Hill.-

1307 3254 53 28 July
1369 3257 18 24 1,
1400 3257 61 21 1842.
1688 3258 3 33 |

1444 3302 91 21 Beach
1553 3302 144 28 Frontage.
1733 3313 3 7 ■

1281 3335 66 49 TO
1361 3335 47 22 BE,
1415 3335 70 28 LET,-
1498 3335 70 23 beach
1578 3336 101 27 frontage
1693 3335 44 23 lots
1749 3337 24 21 in
1783 3340 84 20 section

1340 3386 2 8 (
1351 3363 41 21 490
1402 3370 30 14 on
1449 3363 38 22 the
1498 3363 56 22 Plan
1564 3363 26 21 of
1598 3362 38 23 the
1645 3363 66 22 Town
1728 3364 26 21 of
1761 3363 106 27 Welling-

1279 3393 44 22 ton,
1335 3389 115 28 adjoining
1461 3390 44 22 Mr.
1513 3390 89 22 Taine's
1609 3394 58 18 store
1672 3398 5 20 ;
1693 3391 46 21 and
1749 3391 24 21 in
1783 3391 83 22 section

1271 3417 53 25 '616,
1334 3415 98 23 between
1442 3417 77 28 Major
1526 3416 92 23 Baker's
1628 3417 96 22 and-Mr.
1733 3418 134 22 Swaiiis'on's

1279 3442 89 23 houses.-
1433 3457 2 3 •
1460 3448 12 12 v
1483 3456 2 5 ,
1619 3445 3 6 ■
1658 3450 4 3 •

1267 3490 7 4 -
1279 3476 5 23 \
1306 3476 54 22 Also
1371 3476 37 23 the
1416 3477 117 29 following
1541 3478 98 22 sections
1648 3485 29 15 on
1686 3478 38 22 the
1732 3478 57 22 Plan
1798 3479 26 21 of
1830 3478 37 22 the

1278 3504 76 27 Town,
1365 3504 50 23 viz:-
1415 3509 5 11 1
1420 3516 21 5 —

1379 3532 27 21 55
1534 3533 52 25 ,319
1681 3553 3 4 .
1735 3533 43 21 922

1366 3560 42 20 240
1475 3582 4 6 ,
1517 3583 6 3 _
1545 3560 41 21 718
1673 3556 3 6 '
1723 3560 55 22 1079

1303 3584 76 29 Apply
1393 3589 23 18 to
1474 3582 6 15 :
1554 3591 4 5 '
1681 3582 130 21 •■''".

1265 3615 2 19 !
1413 3610 24 12 ''
1453 3612 28 22 E.
1496 3612 23 22 J.
1521 3616 3 7 1
1534 3612 151 28 Wakefield,
1699 3619 27 15 or
1782 3615 49 13 ''••
1837 3627 5 4 -

1265 3638 2 30 J
1303 3660 3 4 .
1339 3644 3 6 '
1408 3661 3 3 .
1453 3639 37 23 W.
1505 3639 29 23 V.
1549 3639 109 28 Brewer,
1672 3640 193 23 Manners-street.

1276 3692 123 25 Country
1412 3686 128 27 Sections
1555 3692 46 21 fox
1620 3692 61 21 Sale
1702 3698 36 15 on
1758 3692 108 23 Liberal

1265 3729 2 15 ;
1280 3728 4 4 ■
1328 3718 7 28 ,'
1368 3718 10 10 "'
1404 3721 4 4 '
1422 3727 3 5 ■
1477 3718 5 13 •'
1494 3745 3 4 _
1522 3719 103 21 Terms.

1279 3749 179 50 SEVERAL-
1478 3751 103 22 Sections
1608 3751 26 22 of
1664 3751 102 28 Country
1794 3751 72 29 Land,

1329 3789 2 10 i
1342 3776 91 29 already
1443 3776 84 23 chosen
1535 3777 26 22 in
1570 3778 39 22 the
1621 3778 93 23 Porirua
1729 3779 94 28 district,
1832 3779 35 23 for

1266 3800 69 26 .Salet
1337 3808 1 7 1
1345 3810 77 16 terms
1430 3811 107 16 liberal.
1566 3805 109 29 Apply-to
1693 3807 5 13 •'
1726 3809 4 19 :
1759 3807 10 9 >r
1782 3808 9 11 ■'
1796 3808 16 13 i>

1278 3844 32 18 i..
1328 3846 2 13 i
1345 3843 14 12 ''•
1371 3837 24 22 F.
1403 3835 236 30 ;A'VMolbsw6rth,-
1646 3839 186 29 Murphy-street,
1841 3847 26 15 or

1284 3878 2 7 ,
1328 3864 5 21 I
1351 3883 4 3 .
1373 3864 78 24 W..y.
1465 3865 110 27 Brewer,
1586 3866 204 22 Manners-street.'
1803 3881 1 5 .
1841 3875 2 4 -
1863 3865 4 12 '

1274 3909 74 50 Otf
1364 3908 87 29 SALE;
1465 3913 24 18 at
1499 3909 38 23 the
1549 3911 87 21 Gazette
1650 3911 79 26 Office,
1740 3918 36 16 'an
1782 3911 84 27 'ext&n-

1335 3947 2 7 <
1354 3937 46 23 sive
1409 3936 46 23 and
1465 3937 84 23 varied'
1552 3941 133 19 assortment
1700 3939 28 22 d'
1739 3939 127 28 'stationery

1278 3965 24 23 sf
1312 3972 12 14 c
1333 3972 46 21 rety
1388 3964 147 28 description-.'
1567 3972 3 3 *
1620 3972 73 16 '•■*.■
1761 3973 9 5 ■-
1804 3975 3 7 •

2027 715 66 21 Port
2105 716 152 24 Nicholson
2270 720 94 22 Races.
2445 713 7 39 '^

2053 1067 117 24 PETONI
2185 1070 152 24 MEETING.

1904 1100 90 34 rpHE
2010 1097 97 26 RACE'S
2123 1102 43 22 will
2184 1110 127 16 commence
2326 1113 27 14 on
2368 1107 118 27 Thursday

1894 1141 8 11 ■,
1910 1126 29 23 JL
1947 1143 3 4 .
1963 1127 104 27 morning
2075 1131 60 23 next,
2144 1128 37 22 the
2190 1130 51 22 20th
2252 1131 87 27 instant,
2349 1136 22 18 at
2379 1133 51 22 half
2436 1139 49 22 past

1903 1154 77 22 eleven
1990 1153 94 28 o'clock,
2097 1162 26 14 on
2135 1154 36 22 the
2182 1155 79 23 Petoni
2271 1157 80 24 Beach.

2098 1187 91 23 FIRST
2203 1188 87 24 RACE.

1930 1219 20 21 A
1971 1219 150 27 Sweepstakes
2140 1220 33 21 for
2191 1223 37 19 ten
2250 1221 90 27 guineas
2358 1224 62 27 each,
2439 1228 44 20 two

1902 1246 52 21 mile
1963 1246 71 26 heats,
2046 1252 29 15 on
2086 1246 37 22 the
2135 1246 78 22 Petoni
2224 1248 81 22 Beach.

1946 1279 79 17 Owner*.
2090 1279 76 18 Horse*'
2173 1285 69 13 names.
2264 1281 65 20 Rider,
2374 1283 84 19 Colour*.

1902 1301 34 20 Mri
1944 1303 225 19 Mole'sworth's...Calmuc
2180 1307 233 19 Tartar...Owner...Black.

2334 1334 74 82 (Green
2432 1336 52 21 body,

2387 1356 63 21 yellow

2380 1377 77 20 sleeves,
2463 1378 9 17 :

1902 1417 36 13 Mr.
1946 1417 86 17 euytons
2097 1417 57 15 Calais
2267 1417 69 17 Drawn.

1901 1451 35 16 Mr.
1945 1451 87 17 Revans's
2097 1452 87 21 Mazeppa
2264 1453 54 21 Tyser
2333 1444 12 37 {
2349 1464 26 17 wh
2371 1444 16 37 f
2384 1467 8 14 t
2388 1444 30 17 lue
2438 1449 12 13 n
2450 1467 5 3 .
2451 1446 13 16 d

1902 1497 35 17 Mr.
1946 1497 77 17 Virtue't
2098 1498 105 17 Marksman
2264 1500 61 17 Owner
2333 1491 12 30 (X(
2347 1510 16 11 X1
2366 1490 18 17 R
2385 1495 9 22 ?
2396 1491 11 16 d
2416 1491 10 16 h
2418 1512 6 5 ,
2427 1492 22 16 od
2450 1496 26 16 f''

2333 1510 11 21 \
2347 1510 53 18 black
2410 1512 74 18 sleeves.

2332 1537 118 81 (Orange

2349 1557 36 17 slee
2387 1562 15 25 Y.
2399 1563 18 12 es
2419 1569 4 8 >
2443 1559 42 17 blua

2391 1579 50 20 body,

2358 1604 34 16 cap
2413 1601 60 17 white.

1902 1622 34 16 Mr.
1945 1621 112 18 Machattie's
2102 1623 45 20 Grey
2154 1623 57 17 entire
2264 1624 63 17 Owner

1902 1657 34 17 Mr.
1944 1656 88 18 Hunter's
2103 1659 119 20 Temperance
2265 1660 63 17 Dorset
2336 1651 29 30 (7,
2366 1651 17 16 el
2384 1651 10 30 \
2392 1656 27 12 ow
2418 1672 4 9 ,
2431 1652 35 17 hoi
2466 1657 17 17 ?'

2314 1680 2 5 •
2324 1688 4 6 ,
2336 1672 11 19 I
2350 1672 51 17 black
2408 1672 75 18 sleeves.

2331 1698 65 82 (Blue
2432 1700 52 21 body,

2349 1719 136 40 .leevt'black

2399 1766 37 16 cap.

2070 1798 4 7 .
2109 1785 172 24 STEWARDS.

1957 1816 94 28 Captain
2066 1816 98 28 Daniell,
2234 1819 89 22 Messrs.
2339 1820 94 28 White,-
2460 1813 11 18 ''

1957 1844 90 22 Messrs.
2061 1843 113 28 'Bethurie,
2342 1846 80 29 Baker,

2065 1870 100 28 Jenkins,
2342 1873 89 23 Barnes.

2065 1895 77 29 Wai'tt,
2237 1911 6 4 -
2281 1912 3 4 -
2418 1910 3 4 -
2501 1919 2 4 .

1936 1924 66 22 Clerk
2013 1924 26 21 of
2044 1924 38 22 the
2092 1931 82 21 course,
2187 1926 24 21 E.
2224 1926 22 22 J.
2259 1926 128 29 Wakefield,
2400 1928 52 28 Esq.

1930 1957 132 23 Gentlemen
2080 1966 37 14 are
2133 1961 118 26 requested
2267 1965 40 18 not
2323 1965 22 18 to
2362 1962 64 27 bring
2440 1969 46 21 any

1896 1983 59 28 'dogs
1966 1984 52 22 with
2029 1985 68 21 them.

1956 2018 60 21 State
2025 2016 26 22 of
2058 2017 38 22 the
2106 2018 55 21 odds
2170 2026 30 20 up
2215 2022 22 19 to
2248 2020 99 28 Monday
2357 2022 71 26 night.

1955 2048 80 27 Figaro
2046 2049 85 26 against
2141 2050 37 21 the
2190 2050 58 27 field,
2261 2059 55 15 even
2328 2053 87 28 (taken)

1955 2077 13 19 3
1979 2081 22 15 to
2013 2076 9 20 1
2034 2076 86 25 against
2130 2076 91 22 Calmuc
2231 2078 77 22 Tartar
2319 2079 87 28 (taken)

1957 2103 26 20 10
1994 2106 21 17 to
2025 2103 12 20 1
2048 2103 88 26 against
2147 2103 69 28 Sulky
2227 2104 87 29 (taken)

1956 2130 40 21 100
2005 2133 22 16 to
2041 2131 30 19 10'
2075 2130 87 26 against
2171 2131 204 30 Daylighf(taken)

1956 2157 26 20 10
1992 2159 21 18 to
2024 2157 10 20 1
2046 2157 87 26 against
2144 2157 111 28 Mazeppa
2262 2159 94 28 (taken.)

1941 2208 43 20 Eac
2023 2208 55 20 Am
2177 2211 54 19 and
2247 2213 16 10 •«

1900 2246 70 24 OA
1990 2245 80 23 TONS
2091 2246 44 23 fine
2151 2248 61 22 fresh
2228 2250 98 22 Colonial
2347 2251 73 28 Flour,
2436 2253 50 27 just

1901 2271 68 24 £l\J
1998 2273 111 27 imported
2123 2274 29 28 by
2166 2276 38 22 the
2213 2277 95 27 Ammell,
2319 2277 58 23 from
2394 2280 90 22 Grose's

1999 2299 86 27 Wharf,
2107 2304 3 3 '

1927 2328 29 21 20
1964 2331 49 18 tons
2043 2326 55 23 ditto
2153 2328 55 24 ditto
2264 2338 27 15 ex
2302 2333 116 26 Catherine,

1909 2358 2 5 '
1929 2354 81 27 CoiFee,
2020 2354 66 21 black
2097 2355 44 22 and
2150 2363 67 19 green
2230 2361 41 24 tea,

1928 2381 101 22 Tobacco
2041 2382 22 20 in
2074 2382 78 22 tierces
2163 2391 27 13 an
2194 2384 10 21 j
2215 2384 60 28 kegs,

1928 2408 76 28 Sugar,
2017 2408 43 21 and
2068 2408 62 28 piece
2140 2411 75 26 goods.

2157 2444 35 22 W.
2207 2444 27 22 B.
2250 2446 95 23 Rhodes
2358 2448 46 23 and
2419 2449 37 23 Co.

1929 2469 97 22 October
2037 2470 32 26 18,
2082 2471 60 22 1842.

1902 2516 72 48 ON
1990 2516 84 26 SALE,
2087 2518 145 25 exEaffle:—

1967 2544 20 20 A
1997 2544 103 27 quantity
2110 2544 26 20 of
2147 2545 65 26 coals,

1963 2570 98 21 Daiitzic
2071 2570 68 27 deals,
2152 2576 2 5 '

1945 2608 2 5 ■
1959 2597 76 27 'Ships'
2046 2596 112 29 fittings—
2159 2599 50 26 viz.,
2220 2599 52 22 inch
2287 2599 87 28 boards,
2387 2601 96 30 battens,

1899 2624 45 21 and
1953 2624 69 27 poles,
2034 2624 73 22 suited
2116 2624 34 22 for
2159 2626 138 27 stock-yards
2307 2635 24 15 or
2341 2628 96 29 fencing,

2289 2654 89 23 Willis
2389 2664 47 14 and
2446 2657 39 24 Co.

1900 2678 96 22 October
2006 2677 19 27 7,
2038 2679 61 22 1842.

2021 2725 41 19 On
2077 2725 70 24 Sale,
2162 2731 36 14 ex

1899 2757 121 50 SLOPS,
2070 2768 44 20 t,■
2128 2758 21 9 -f
2156 2764 3 11 ;

1951 2785 79 21 Cotton
2042 2782 81 28 shirts,'

1952 2812 98 26 Regatta
2059 2811 45 26 do.,
2428 2821 4 9 <
2441 2827 3 4 ,
2463 2821 4 7 >

1952 2838 146 22 Doubleand
2107 2838 189 27 single-barrelled
2306 2839 91 28 fowling
2406 2840 80 28 pieces,

1899 2865 60 27 (flint
1968 2864 45 23 and
2025 2865 145 27 percussion,)

1951 2892 106 27 Farming
2069 2892 147 26 implements,

1938 2919 153 28 .Carpenters'
2102 2919 62 26 tools,
2175 2926 62 20 saws,
2248 2927 43 14 saw
2301 2920 116 28 files,v&c,

1952 2946 171 28 Ironmongery,
2132 2945 65 28 nails,
2208 2946 47 27 &c,
2375 2954 4 6 '

1952 2973 72 22 Glass.

2168 2999 26 23 F.
2209 2999 28 22 V.
2253 3000 99 24 Martin
2365 3001 45 23 and
2420 3001 48 24 Co..

1896 3033 33 22 Te
1938 3033 54 26 Aro,
2005 3031 129 28 September
2142 3031 35 27 27,
2189 3033 61 20 1842.
2280 3046 3 6 ,
2373 3027 4 3 '

1951 3078 54 20 For
2025 3076 61 21 Sale
2109 3078 28 19 at
2161 3077 44 22 the
2220 3077 106 22 Nelson
2347 3078 84 28 Dairy

2032 3102 84 28 ,'..
2180 3105 28 20 at

2078 3130 106 22 Nelson
2199 3131 103 22 Haven.
2315 3151 4 4 ,

1893 3169 75 27 ,Qf|
1984 3163 84 24 COWS
2084 3163 49 24 IN,
2135 3164 87 26 CALF,

1897 3186 71 32 Oil
1983 3193 42 22 i3O
2034 3190 83 23 heifers
2121 3191 28 22 -in
2159 3191 51 27 calf,
2238 3210 3 6 ,

1996 3219 28 21 50
2032 3225 78 21 young
2119 3218 89 27 heifers,
2217 3240 3 3 ,
2348 3240 3 4 ,
2461 3233 5 8 v

1900 3246 40 27 .4
1949 3243 116 26 halt-bred
2075 3244 103 23 Durham
2190 3245 68 28 bulls,

1926 3274 24 21 11
1962 3269 93 31 steers^;,
2077 3294 6 4 ,

1952 3302 14 20 6
1977 3299 100 26 working
2086 3298 111 28 bullocks,

1952 3328 15 21 4
1976 3325 63 24 stock
2048 3325 94 28 horses,,
2175 3344 4 3 .

1954 3355 114 25 100e,wes,
2080 3350 17 6 '"

1952 3382 28 21 50
1990 3379 102 28 wethers,

1893 3405 10 10 ''
1925 3407 48 23 The
1989 3408 71 21 above
2073 3413 39 15 are
2128 3407 56 23 from
2199 3407 40 23 Dr.
2251 3408 91 27 Imlay's
2359 3407 127 24 celebrated

1898 3434 62 23 stock
1970 3439 22 20 at
2002 3433 102 24 Twofold
2117 3434 42 26 Baj
2167 3450 6 6 .
2202 3434 47 25 The
2260 3436 65 21 cattle
2339 3441 37 16 are
2386 3434 38 23 the
2436 3434 50 23 best

1900 3461 53 22 bred
1952 3459 4 10 1
1954 3478 6 10 ,
1970 3461 58 23 have
2041 3462 56 21 been
2108 3460 84 24 Unded
2202 3462 22 21 in
2237 3462 38 21 the
2286 3461 63 22 finest
2359 3461 70 27 order,
2440 3462 45 23 and

1895 3489 61 22 form
1967 3488 37 22 the
2018 3488 51 21 best
2078 3488 106 23 selection
2192 3488 25 23 of
2224 3495 42 21 any
2274 3488 30 21 lot
2312 3493 38 22 yet
2359 3488 99 28 brought'
2463 3494 22 18 to

1965 3514 109 24 Zealand.'
2103 3515 45 22 For
2154 3515 134 29 particulars,
2299 3515 65 31 apply
2374 3519 22 18 to

2090 3543 22 22 S.
2129 3542 99 28 Revans,
2244 3539 141 31 Wellington,
2398 3550 25 16 or

2090 3568 29 23 D.
2130 3569 145 26 Drummond,
2286 3568 84 23 Nelson
2380 3569 91 24 Haven.

1925 3597 55 27 July
1988 3597 23 24 7.
2020 3597 63 22 1842.
2088 3594 4 10 '
2292 3594 7 7 r

1990 3660 4 3 .
2020 3641 172 27 Wellington
2206 3640 160 23 Almanack.
2403 3658 5 6 -

1897 3676 51 51 IT
1956 3676 41 23 has
2006 3676 57 22 been
2074 3674 110 27 arranged
2194 3677 21 18 to
2224 3673 59 23 issue
2292 3680 14 15 a
2321 3674 86 23 Pocket
2419 3675 44 23 and
2472 3683 14 16 s

1925 3705 3 20 :
1957 3703 68 22 Sheet
2034 3701 127 23 Almanack
2170 3701 34 22 for
2213 3701 61 27 1843,
2284 3700 56 23 from
2351 3701 36 23 the
2400 3701 87 24 GazetU

1899 3730 78 23 Office;
2000 3729 101 23 -Persons
2116 3728 68 27 being
2195 3728 24 21 in
2227 3728 125 26 possession
2361 3729 26 22 of
2398 3737 46 21 any
2451 3730 35 22 in-

1898 3756 120 23 formation
2029 3754 73 23 which
2112 3755 52 26 they
2175 3754 65 23 think
2249 3754 69 29 likely
2328 3760 22 17 to
2359 3756 45 23 add
2414 3760 24 21 to
2441 3759 44 22 -the

1898 3784 124 23 attraction'
2025 3782 28 22 of
2059 3781 38 23 the
2105 3781 62 22 work
2177 3782 27 21 in'
2215 3781 109 28 question,
2335 3789 36 16 are
2384 3782 102 25 solicited

1887 3813 5 11 :
1899 3814 22 19 to
1931 3810 86 24 furnish
2027 3809 38 22 the
2076 3815 61 16 same
2147 3812 23 18 to
2180 3808 37 23 the
2226 3805 86 25 Gawifif*
2317 3808 77 30 Office,
2403 3810 82 28 for.the

1898 3845 40 15 use
1947 3839 26 20 of
1980 3838 37 22 the
2028 3835 77 23 Editor
2114 3835 26 22 of
2147 3843 14 14 a
2161 3833 7 12 7
2171 3836 60 22 work
2239 3836 80 26 which,
2326 3836 24 22 if-
2354 3837 55 22 well'
2413 3838 74 23 stored

1896 3864 54 23 -with
1961 3864 57 23 local
2034 3866 89 24 matter,
2128 3862 93 23 -cannot'
2225 3863 39 22 fail
2279 3866 23 19 to
2318 3870 62 16 serve
2391 3864 37 23 rti'e
2438 3865 50 22 best

1888 3902 3 6 ■
1898 3892 105 23 interests
2011 3890 26 23 of
2043 3890 40 22 the
2092 3888 135 24 settlement.
2254 3897 4 2 '
2343 3899 15 21 /
2377 3887 32 33 /f

1890 3928 4 11 :
1896 3929 92 31 'T7<'QE
2001 3928 127 30 SAi.E'at'
2133 3934 45 23 triis
2187 3932 77 31 .office;
2282 3934 78 28 Hynm
2374 3935 75 25 Books
2462 3937 24 22 in

1886 3984 2 3 .
1899 3958 33 27 JC
1942 3958 6 9 r
1971 3963 38 23 the
2018 3961 77 23 native
2104 3961 117 27 language.
