2529 4039
272 896 142 20 ARRIVED.

77 922 93 22 October
188 924 33 24 17,
230 924 79 26 barque
325 924 94 25 Amwell,
432 924 41 21 300
492 926 57 22 tons,
561 922 74 26 Hesse,

51 950 56 22 from
118 950 91 28 Sydney.

289 996 116 21 SAILED.

78 1023 94 21 October
187 1025 33 23 15,
235 1025 104 19 schooner
358 1024 84 25 Henry,
462 1023 26 21 17
506 1025 56 22 tons,
579 1023 58 26 Day-

51 1051 72 22 mond.
136 1052 33 20 for
179 1052 81 26 Cloudy
271 1052 52 25 Bay.

79 1079 62 20 Same
151 1079 46 26 day,
209 1082 68 18 cutter
286 1079 115 24 Pickwick,
411 1079 34 22 38,
449 1081 57 22 tons,
516 1078 77 24 Axton,
603 1078 36 20 for

49 1107 91 24 Poverty
151 1107 51 26 Bay.

78 1133 94 22 October
184 1135 34 23 17,
227 1135 47 26 brig
287 1135 101 23 Victoria,
401 1134 41 20 200
454 1136 55 22 tons,
520 1133 74 26 Nagle,
605 1133 34 21 for

52 1162 91 21 Nelson.

276 1206 34 21 IN
325 1206 86 21 PORT.

75 1236 85 26 Barque
178 1235 115 26 Ctydeside,
303 1235 41 20 256
360 1237 58 21 tons,
437 1234 131 24 Mathieson,
582 1235 57 20 refit-

47 1265 56 24 ting.
132 1263 68 20 Waitt
209 1262 40 20 and
259 1262 74 26 Tyser,
340 1262 90 26 Agents.

77 1291 83 26 Barque
169 1291 126 25 Indemnity,
305 1291 41 19 450
364 1293 58 21 tons,
438 1289 87 26 Adams,
538 1289 100 27 refitting.

49 1320 90 25 Agents,
150 1318 68 20 Waitt
227 1318 42 20 and
278 1318 76 26 Tyser.

78 1347 109 20 Schooner
211 1347 55 24 Ann,
292 1347 27 19 22
344 1349 58 20 tons,
427 1345 86 25 Brown,
535 1345 44 20 laid
600 1351 37 20 up.

50 1375 78 25 Agent,
140 1374 67 20 Waitt
217 1374 39 19 and
267 1374 74 26 Tyser.

78 1401 109 21 Schooner
204 1401 77 25 Maori,
294 1403 24 19 15
334 1404 56 17 tons.
420 1399 43 22 For
475 1401 37 20 the
525 1402 60 18 coast
598 1400 41 20 and

52 1429 91 20 Nelson.

46 1464 4 3 -
79 1456 109 21 Schooner
204 1456 72 23 Mana,
291 1456 27 20 17
334 1457 58 23 tont,
404 1455 83 28 Swany.
516 1455 69 20 Willis
599 1455 40 21 and

54 1484 30 21 Co
96 1498 4 7 .
111 1484 91 26 Agents.

79 1512 109 20 Schooner
197 1512 58 22 Jane,
268 1512 24 19 15
303 1513 57 22 tons,
371 1510 83 27 Vendy.
479 1510 76 26 Agent,
565 1510 72 21 Wade.

81 1539 109 20 Schooner
202 1539 73 23 Union,
287 1540 26 19 35
324 1542 56 16 tons.

80 1566 82 27 Barque
181 1567 72 25 Eagle,
273 1567 42 20 438
334 1568 56 22 tons,
409 1566 103 26 Buckley.
550 1566 88 26 Agents,

54 1594 71 21 Willis
135 1594 41 20 and
186 1594 39 21 Co.

80 1622 82 26 Barque
181 1622 104 23 Arachne,
305 1621 42 20 396
367 1623 56 23 tons,
439 1620 83 21 Pearce.
550 1621 87 25 Agents,

51 1649 70 21 Waitt
131 1650 40 19 and
185 1650 73 25 Tyser.

81 1676 107 21 Schooner
197 1676 120 27 Richmond,
329 1677 27 20 30
367 1678 56 23 tons,
437 1676 95 21 Sinclair.
561 1676 76 26 Agent,

53 1704 138 21 Fitzherbert.

80 1731 124 26 Brigantine
221 1731 65 25 Ariel,
308 1732 38 20 104
367 1734 57 22 tons,
447 1731 141 21 Cruikshank.
616 1731 21 21 J.

52 1759 73 23 Wade,
141 1759 75 26 Agent.
338 1764 12 14 «■

80 1787 108 20 Schooner
203 1786 105 27 Industry,
321 1787 26 20 24
364 1789 56 22 tons,
437 1786 95 27 Bradley.
560 1785 77 28 Agent,

54 1814 74 20 Wade.

80 1841 123 26 Brigantine
220 1843 92 26 Success,
330 1843 27 19 82
374 1843 57 22 tons,
449 1841 83 21 Mason.
560 1841 76 26 Agent,

57 1869 26 21 C.
94 1869 33 20 M.
138 1870 77 20 Evans.

81 1897 83 27 Barque
173 1897 93 26 Amwell,
278 1897 40 20 300
330 1899 55 24 tons,
398 1896 75 21 Hesse.

1275 139 65 30 been,
1344 139 55 32 duly
1410 140 125 31 impressed
1547 141 54 23 with
1615 140 26 30 it,
1653 141 142 32 theywoiild
1807 152 56 16 nave

1276 172 118 25 abstained
1406 173 57 24 from
1475 174 186 31 entering/upon*
1665 175 40 23 the
1712 173 96 33 ;pu'rsuit
1818 176 51 30 thijt

1277 213 61 22 year.
1375 206 52 24 The
1434 214 81 16 season
1524 206 44 24 has
1578 200 84 38 pfr&ved
1675 216 53 23 very
1740 209 123 31 unfavour-

1277 237 59 29 able,
1395 239 4 8 1
1476 239 240 33 more'"3i§cburaging
1733 241 96 25 because
1847 244 18 21 it

1278 278 44 16 was
1352 272 38 23 the
1418 272 50 24 first
1496 277 105 27 attempt.
1639 273 54 24 Had
1721 274 66 24 those
1813 275 50 23 who

1278 305 92 22 entered
1382 312 60 24 upon
1454 305 39 23 the
1505 306 90 30 pursuit
1605 306 57 23 been
1674 315 26 15 so
1712 306 71 32 lucky
1798 316 25 15 as
1841 313 23 19 to

1278 337 56 23 have
1346 338 86 23 started
1444 338 54 22 with
1510 347 13 14 a
1536 339 78 30 couple
1626 339 26 23 of
1660 340 59 31 good
1735 348 101 22 seasons,
1851 349 14 15 a

1279 369 42 24 bad
1338 378 82 15 season
1431 371 224 31 following/instead
1668 373 25 23 of
1710 373 96 31 dipping
1816 375 49 23 into

1278 404 90 29 capital,
1381 402 74 25 would
1467 403 52 32 only
1533 404 64 26 have.
1601 404 135 25 diminished
1750 406 89 31 profits,
1851 415 15 15 a

1278 435 120 25 difference
1406 436 73 24 which
1491 437 19 23 is
1522 444 55 24 very
1587 439 101 23 material
1699 439 25 23 in
1735 440 30 22 its
1778 439 85 24 effects.

1279 468 123 33 Confiding
1423 470 24 23 in
1470 469 38 25 the
1536 470 96 24 whalers
1660 473 142 30 experience,
1830 481 34 15 we

1278 501 95 32 predict,
1384 503 73 24 better
1474 503 57 23 luck
1549 503 41 28 the.
1599 508 55 20 next
1670 505 62 29 time,
1745 505 52 28 and,
1809 514 26 15 as
1847 507 18 22 it

1278 542 20 15 is
1316 533 112 33 tolerably
1439 537 94 28 certain,
1547 544 33 16 we
1598 536 64 33 hope'
1674 538 64 24 those
1755 538 52 24 who
1820 539 45 24 had

1279 567 37 24 the
1336 576 98 24 courage
1454 574 35 18 to-
1500 566 71 27 enter*
1582 578 60 23 upon
1660 580 14 15 a
1692 572 98 30 pursuit,
1799 573 25 22 of
1838 580 27 15 so
1871 582 5 3 -

1279 601 67 24 much
1366 602 141 31 importance
1525 607 23 19 to
1566 602 38 24 the
1620 604 64 30 place
1702 605 58 27 will,
1765 610 48 24 not,
1834 606 32 30 by,

1279 634 146 32 abandoning
1455 635 40 23 the
1512 642 2 5 ■
1530 635 159 33 undertaking,
1719 637 78 32 forego
1826 639 39 22 the

1279 667 83 24 chance
1371 668 26 23 of
1407 669 119 31 regaining
1536 670 59 23 their
1602 670 45 23 lost
1656 671 96 30 ground.
1790 672 24 24 A
1822 672 42 24 few

1279 700 91 24 months
1389 701 46 23 will
1453 707 41 26 put
1505 703 62 23 them
1580 702 22 24 in
1615 703 37 24 the
1670 705 98 29 position
1787 709 22 19 to
1828 709 36 27 try

1280 733 57 24 their
1354 734 103 23 fortunes
1468 736 76 30 again,
1557 735 44 24 and
1617 736 38 24 the
1667 738 133 30 experience
1812 738 53 31 they

1279 767 57 23 have
1359 767 107 32 acquired
1489 773 84 19 cannot
1590 769 40 23 fail
1650 774 22 19 to
1693 770 28 23 be
1740 770 24 24 of
1781 778 41 17 use
1841 776 24 18 to

1280 800 70 25 them.

1312 834 51 24 The
1376 835 145 23 termination
1533 835 26 24 of
1568 835 38 24 the
1618 843 80 17 season
1805 837 61 24 back

1280 872 22 18 to
1313 867 38 24 the
1362 868 133 24 settlement
1506 877 11 15 a
1530 868 63 32 large
1604 868 59 32 body
1674 869 27 24 of
1715 870 52 23 able
1785 870 82 31 daring

1279 900 94 30 fellows,
1394 901 45 23 and
1449 921 2 3 .
1459 903 31 22 its
1507 902 81 24 failure
1605 902 76 24 leaves
1698 903 61 23 them
1771 904 96 24 without

1279 933 38 24 the
1325 942 79 16 means
1413 935 25 23 of
1447 936 136 31 supporting
1590 935 136 25 themselves
1738 937 57 23 until
1808 937 58 24 their

1280 968 98 24 services
1390 976 52 23 may
1451 970 67 29 again
1530 969 29 24 be
1571 969 103 31 required
1683 975 24 18 at
1719 969 38 24 the
1767 970 100 32 whaling

1281 1001 102 24 stations.
1421 1002 58 23 Live
1502 1002 55 31 they
1576 1002 77 23 will—
1653 1003 45 23 live
1719 1003 111 32 honestly,
1849 1005 20 23 if

1281 1033 52 31 they
1345 1042 49 20 can,
1404 1034 53 31 they
1465 1036 71 31 ought
1548 1041 23 18 to
1583 1036 26 23 do
1612 1048 32 4 —
1645 1036 40 24 but
1698 1037 46 23 still
1755 1037 46 23 live
1811 1038 54 30 they

1281 1066 52 24 will.
1378 1068 44 23 We
1445 1069 74 23 would
1541 1068 56 24 have
1620 1077 41 16 our
1686 1070 179 25 fellow-settlers

1280 1100 53 23 bear
1344 1102 25 22 in
1380 1101 71 28 mind,
1461 1101 49 24 that
1519 1107 94 26 support
1621 1102 63 24 these
1696 1103 71 31 hardy
1779 1103 86 25 fellows

1281 1133 53 31 they
1345 1139 71 23 must,
1430 1134 99 24 whether
1541 1135 53 31 they
1605 1135 46 24 like
1663 1136 18 23 it
1693 1143 26 16 or
1731 1141 47 19 not.
1814 1138 51 23 The

1281 1166 53 31 only
1350 1168 104 30 question
1471 1168 36 23 for
1524 1168 59 23 their
1604 1168 173 29 consideration,
1795 1170 20 23 is
1827 1171 39 23 the

1280 1207 94 17 manner
1387 1201 23 22 in
1422 1201 73 22 which
1507 1201 54 31 they
1573 1201 43 23 will
1627 1208 95 24 support
1733 1202 71 24 them.
1841 1204 26 23 It

1281 1232 71 32 ought
1362 1239 24 18 to
1397 1234 30 23 be
1444 1234 133 31 impossible
1595 1234 49 23 that
1656 1235 80 23 labour
1754 1236 66 23 could
1837 1237 28 23 be

1281 1267 22 22 in
1315 1274 80 16 excess
1408 1267 24 23 in
1444 1275 13 15 a
1467 1274 48 17 new
1527 1267 129 24 settlement
1667 1268 47 23 like
1725 1268 52 24 this.
1802 1270 64 23 Such

1281 1307 13 15 a
1305 1300 46 24 fact
1362 1301 20 22 is
1395 1309 14 15 a
1417 1300 67 31 proof
1494 1301 25 23 of
1528 1300 128 32 something
1665 1301 74 32 faulty
1750 1302 25 22 in
1788 1303 28 23 its
1829 1311 36 15 ar-

1280 1339 154 25 rangements,
1459 1334 96 23 because
1578 1335 18 23 it
1618 1335 20 22 is
1661 1335 90 23 evident
1774 1335 30 24 all
1826 1336 39 23 the

1280 1366 79 24 labour
1371 1367 50 23 that
1432 1375 42 15 can
1484 1367 28 24 be
1524 1367 106 24 obtained
1642 1375 40 16 can
1701 1368 28 24 be
1745 1369 120 32 profitably

1281 1400 125 31 employed,
1420 1401 44 22 and
1483 1400 50 25 that
1544 1401 150 31 unemployed
1710 1401 81 24 labour
1793 1420 16 13 u
1811 1411 25 15 as
1849 1404 18 22 it

1281 1433 45 23 will
1343 1441 97 24 manage
1458 1439 23 18 to
1500 1439 40 26 get
1557 1443 30 15 an
1608 1435 114 23 existence
1740 1436 28 27 is,
1787 1441 22 18 to
1827 1436 38 24 the

1281 1471 78 19 extent
1369 1467 19 23 it
1399 1475 108 23 manages
1517 1473 25 18 to
1555 1468 28 23 do
1594 1476 33 20 so,
1641 1476 13 15 a
1665 1468 57 23 dead
1736 1468 47 23 loss
1793 1474 22 19 to
1827 1469 39 24 the

1281 1502 147 29 community.
1475 1500 52 24 The
1556 1501 149 31 Corporation
1735 1502 45 22 will
1807 1503 58 23 have

1281 1533 69 30 work,
1366 1542 26 15 or
1404 1533 63 24 could
1480 1535 121 30 profitably
1613 1534 66 24 make
1692 1535 70 28 work,
1777 1536 44 23 and
1833 1544 32 15 we

1281 1572 94 25 suggest
1394 1573 22 17 to
1435 1575 41 15 our
1495 1568 142 23 Councillors
1653 1568 40 24 the
1710 1569 115 31 propriety
1843 1570 26 22 of

1280 1599 88 32 finding
1380 1601 68 26 these,
1456 1609 51 15 men
1520 1601 161 31 employment.

1314 1650 203 24 Presbyterian
1537 1652 109 24 Church
1668 1660 30 16 of
1718 1652 145 25 Scotland.

1279 1696 35 4 —
1314 1683 50 24 The
1378 1684 141 31 Worshipful
1540 1685 123 24 Aldermen
1683 1686 45 23 and
1748 1686 82 30 Mayor
1843 1687 26 23 of

1281 1717 38 23 the
1338 1717 114 31 Borough
1461 1718 25 23 of
1501 1718 148 32 Wellington,
1662 1718 106 24 attended
1774 1722 3 4 '
1790 1719 75 25 divine

1280 1751 86 22 service
1378 1758 30 16 on
1421 1751 100 24 Sabbath
1533 1752 52 28 last,
1599 1752 63 24 when
1684 1761 14 14 a
1716 1760 91 16 sermon
1818 1761 47 16 was

1280 1784 112 30 preached
1404 1784 29 31 by
1445 1784 38 24 the
1500 1785 59 23 Rev.
1573 1785 59 23 John
1653 1786 149 29 Macfarlane,
1815 1787 52 23 first

1282 1817 107 24 Minister
1409 1818 22 23 of
1449 1818 39 23 the
1508 1818 64 24 Kirk
1590 1819 24 22 of
1635 1819 108 24 Scotland
1764 1820 25 22 in
1809 1820 56 24 New

1281 1850 109 25 Zealand.
1407 1858 11 19 •,
1427 1851 47 23 For
1486 1852 122 28 ourselves,
1622 1860 33 16 we
1673 1853 41 23 felt
1733 1853 46 23 this
1798 1862 65 15 occa-

1281 1884 49 22 sion
1353 1892 26 15 as
1403 1892 42 15 one
1467 1886 134 30 possessing
1622 1893 29 16 no
1674 1886 59 23 little
1749 1897 3 3 -
1761 1886 104 24 interest.

1277 1916 54 24 The
1350 1917 61 24 Rev.
1427 1918 46 23 Mr.
1488 1918 149 29 Macfarlane,
1649 1919 160 31 accompanied
1829 1920 38 23 the

1279 1951 50 22 first
1350 1951 85 23 Scotch
1455 1951 182 31 Presbyterians,
1660 1953 65 23 when
1745 1952 55 32 they
1822 1953 45 24 had

1280 1984 140 24 determined
1432 1989 22 19 to
1467 1986 110 30 emigrate
1590 1991 21 17 to
1624 1994 13 14 a
1655 1986 34 23 far
1708 1986 85 23 distant
1805 1987 60 28 land,

1280 2017 44 22 and
1336 2019 28 20 he
1376 2018 42 21 has
1430 2018 58 21 been
1500 2018 81 30 spared
1601 2023 23 17 to
1646 2019 85 22 deliver
1749 2027 13 14 a
1775 2027 90 15 sermon

1282 2055 21 17 to
1326 2057 13 15 a
1348 2069 4 5 ,
1357 2050 142 30 respectable
1520 2050 159 30 congregation
1699 2051 44 23 and
1762 2059 14 14 a
1794 2051 73 23 Town

1282 2083 104 28 Council,
1401 2083 72 22 which
1486 2091 32 15 we
1536 2083 96 23 hesitate
1644 2089 38 18 not
1695 2088 23 19 to
1729 2092 49 22 say,
1792 2084 73 23 would

1280 2116 27 22 be
1320 2123 13 15 a
1349 2116 72 23 credit
1441 2120 22 19 to
1482 2124 45 23 any
1540 2116 71 23 Town
1628 2117 23 23 in
1670 2125 44 23 any
1735 2123 94 25 country
1842 2119 24 21 in

1282 2149 101 31 Europe,
1397 2149 72 23 Great
1482 2149 89 24 Britain
1590 2150 87 23 herself
1692 2155 39 18 not
1747 2151 117 31 excepted.

1281 2182 43 23 We
1336 2187 84 19 cannot
1432 2183 39 23 but
1482 2184 79 22 reflect
1581 2183 49 23 that
1647 2184 63 23 three
1723 2184 64 23 short
1801 2192 65 23 years

1281 2215 57 24 have
1350 2221 41 18 not
1408 2220 39 27 yet
1465 2216 93 32 elapsed
1578 2217 61 23 since
1660 2217 38 23 the
1718 2217 90 24 settlers
1826 2223 41 26 put

1280 2249 47 23 foot
1340 2257 28 15 on
1381 2250 39 23 the
1430 2250 55 22 land
1497 2251 25 22 of
1537 2250 59 23 their
1609 2250 106 31 adoption
1718 2264 31 3 —
1750 2251 24 23 in
1787 2259 14 15 a
1811 2252 55 22 land

1281 2283 73 23 where
1366 2283 19 24 it
1397 2291 44 15 was
1454 2283 49 24 said
1515 2292 53 15 man
1580 2283 111 24 devoured
1705 2292 51 15 man
1758 2297 33 3 —
1792 2285 73 23 where

1281 2316 97 31 nothing
1401 2316 47 24 like
1469 2317 136 23 civilization
1629 2316 55 24 then
1707 2318 97 29 existed,
1820 2318 45 24 and

1281 2349 74 24 where
1379 2350 38 23 the
1441 2350 128 31 aborigines
1597 2350 60 24 lived
1686 2352 24 21 in
1738 2350 127 33 dwellings,

1281 2382 71 24 which
1366 2384 38 22 the
1413 2388 59 18 most
1484 2384 120 23 miserable
1615 2389 94 26 peasant
1714 2385 30 23 -in
1756 2385 110 23 Scotland
1876 2389 2 11 '

1281 2416 73 23 would
1366 2417 28 23 be
1411 2417 107 23 ashamed
1531 2422 21 19 to
1571 2422 40 26 put
1632 2417 35 24 his
1688 2419 40 30 pig
1745 2419 33 22 in.
1814 2419 51 22 The

1281 2449 87 32 change
1387 2450 42 23 has
1447 2458 62 16 more
1531 2451 38 23 the
1589 2459 139 23 appearance
1745 2452 26 22 of
1785 2452 80 23 fiction
1876 2447 2 13 :

1280 2483 55 23 than
1347 2492 14 15 a
1373 2483 88 31 reality,
1472 2484 43 23 and
1529 2488 61 19 must
1602 2485 22 22 in
1637 2492 28 15 no
1678 2485 63 22 short
1753 2485 78 30 period
1844 2486 24 23 of

1281 2517 53 22 time
1347 2517 66 23 effect
1425 2525 12 15 a
1449 2517 47 23 still
1508 2525 63 15 more
1578 2531 3 3 ■
1590 2518 64 30 rapid
1665 2525 116 24 progress.
1817 2518 48 24 Ere

1279 2550 95 23 another
1386 2551 62 22 three
1460 2558 66 22 years
1538 2551 58 22 shall
1615 2551 57 23 have
1690 2551 85 31 passed
1794 2559 70 24 away,

1279 2591 33 15 we
1323 2607 5 4 ,
1332 2584 71 23 doubt
1423 2589 39 17 not
1480 2584 49 22 that
1542 2592 66 16 many
1620 2584 26 22 of
1662 2584 37 23 the
1712 2584 96 31 wealthy
1821 2586 42 22 ab-

1279 2622 90 18 sentees
1388 2617 45 23 will
1451 2617 28 22 be
1498 2617 148 30 comfortably
1657 2617 83 31 lodged
1759 2626 31 15 on
1807 2619 60 24 their

1279 2655 83 19 estates
1385 2650 45 24 and
1451 2649 78 32 aiding
1551 2650 54 24 with
1627 2650 59 24 their
1710 2651 83 31 capital
1816 2652 50 23 that

1279 2692 92 23 energy,
1385 2683 72 24 which
1470 2685 38 22 the
1520 2685 51 22 first
1583 2683 91 24 settlers
1686 2684 57 23 have
1755 2692 27 15 so
1794 2685 70 31 nobly

1279 2721 35 19 set
1325 2725 28 15 an
1366 2717 113 32 example.
1492 2737 4 9 ,

1313 2767 51 24 Our
1387 2768 109 23 columns'
1512 2768 27 23 of
1564 2767 86 32 to-day,
1680 2767 115 25 furnishes
1824 2777 43 16 our

1279 2801 91 24 readers
1382 2798 55 26 with
1448 2801 38 23 the
1504 2801 138 32 proceeding
1653 2802 26 23 of
1696 2801 38 24 the
1754 2802 112 32 Supreme

1280 2835 78 29 Court,
1372 2833 112 25 Criminal
1492 2834 64 25 Side.
1592 2834 50 24 The
1651 2836 51 23 first
1710 2843 50 16 case
1769 2836 99 31 brought

1277 2868 30 31 by
1324 2868 45 24 the'
1385 2868 83 24 Crown
1488 2868 137 24 Prosecutor
1644 2869 77 23 before
1738 2869 38 23 the
1796 2870 72 23 Court

1279 2909 44 16 was
1335 2902 50 23 that
1397 2902 26 23 of
1437 2910 13 15 a
1463 2901 84 30 Maori,
1561 2910 24 15 or
1605 2909 29 16 an
1646 2902 137 31 Aboriginal
1796 2903 72 24 Inha-

1272 2935 79 27 bitant
1363 2935 25 23 of
1401 2935 57 24 New
1470 2934 116 26 Zealand..
1616 2935 51 24 The
1679 2936 70 24 crime
1761 2944 45 16 was
1819 2937 50 23 that

1279 2969 24 23 of
1312 2968 66 29 theft,
1392 2968 44 24 and
1445 2976 73 17 aware
1526 2969 50 24 that
1592 2968 38 25 the
1639 2974 90 26 greater
1735 2972 134 29 proportion

1278 3002 25 24 of
1312 3001 136 25 uncivilized
1460 3003 78 28 tribes,
1556 3010 38 16 are
1606 3003 113 30 naturally
1730 3003 102 24 addicted
1844 3008 23 19 to

1277 3036 108 31 stealing,
1402 3036 46 23 and
1459 3037 36 23 for
1506 3036 75 24 which
1593 3036 69 24 crime
1674 3036 55 31 they
1740 3036 57 24 have
1809 3038 60 22 their

1278 3077 50 15 own
1345 3070 56 23 laws
1413 3069 45 23 and
1475 3069 169 32 punishments,
1656 3078 35 15 we
1702 3069 45 25 feel
1765 3070 102 29 assured,

1278 3103 49 23 that
1339 3111 42 16 our
1399 3102 91 25 readers
1501 3103 47 24 will
1559 3111 81 23 peruse
1651 3102 55 24 with
1720 3111 29 15 no
1761 3104 108 31 ordinary

1277 3137 120 28 attention,
1418 3136 38 23 the
1468 3135 80 25 details
1566 3136 44 23 and
1627 3136 74 24 result
1712 3136 24 24 of
1752 3137 38 23 the
1797 3156 3 4 .
1807 3137 60 24 trial.

1267 3193 7 10 /
1277 3169 45 24 We
1340 3169 61 24 need
1412 3174 40 18 not
1468 3169 94 24 remark
1580 3169 49 24 that
1646 3170 106 30 repeated
1770 3177 64 17 cases
1846 3171 26 23 of

1279 3203 45 23 this
1347 3203 58 23 kind
1428 3202 44 24 had
1495 3203 130 31 previously
1645 3210 63 16 come
1731 3203 78 25 before
1829 3204 40 24 the

1279 3236 89 24 Sheriff
1376 3236 46 23 and
1434 3235 79 24 Police
1532 3235 135 32 Magistrate
1682 3236 22 23 in
1717 3236 150 33 Wellington,

1279 3269 42 24 but
1340 3269 47 24 this
1399 3277 45 15 was
1465 3268 38 25 the
1521 3269 51 23 first
1590 3277 58 16 case,
1654 3269 74 25 which
1747 3269 45 25 had
1813 3271 56 24 been

1279 3303 123 24 submitted
1421 3307 21 19 to
1454 3311 21 14 a-
1486 3303 66 31 Jury,
1570 3303 43 23 and
1625 3311 14 16 a
1651 3303 72 24 Court
1733 3306 134 29 possessing

1279 3337 38 23 the
1336 3337 115 30 authority
1462 3344 30 16 an
1500 3338 5 22 1
1524 3337 121 30 solemnity
1657 3337 26 23 of
1698 3337 37 24 the
1754 3337 113 33 Supreme

1280 3370 82 24 Court.
1547 3389 3 4 .
1573 3391 3 5 ,
1605 3396 3 3 .
1626 3378 14 20 -,

1314 3403 47 23 Not
1379 3403 54 32 only
1449 3411 47 16 was
1507 3403 39 24 the
1552 3421 6 3 -
1566 3404 100 31 prisoner
1687 3412 14 16 a
1723 3404 85 30 Moari,
1827 3405 43 24 but

1279 3436 52 30 also,
1347 3436 39 24 the
1399 3437 121 31 aggreived
1539 3445 91 23 person,
1648 3437 46 24 and
1705 3438 163 31 consequently

1279 3470 39 23 the
1329 3469 73 25 whole
1421 3478 51 16 case
1485 3470 137 24 constituted
1640 3478 42 16 one
1695 3472 25 22 of
1735 3471 65 24 those
1811 3476 56 25 acts,

1279 3502 73 25 which
1366 3503 74 31 might
1457 3503 58 24 have
1527 3504 56 23 been
1596 3504 66 31 fairly
1675 3504 58 24 tried
1750 3504 31 31 by
1793 3506 76 23 native

1278 3536 55 24 laws
1345 3537 46 23 and
1409 3541 108 20 customs.
1554 3537 95 24 Neither
1667 3537 38 24 the
1723 3546 93 16 accuser
1827 3547 42 15 nor

1279 3570 39 23 the
1337 3570 97 24 accused
1453 3570 67 23 knew
1539 3578 14 15 a
1569 3570 59 24 word
1647 3570 25 24 of
1688 3579 41 16 our
1746 3571 121 32 language.

1278 3603 41 24 An
1331 3603 135 32 interpreter
1469 3600 4 12 1
1481 3601 52 26 Vas
1545 3604 104 31 required
1667 3609 23 18 to
1703 3605 108 24 translate
1830 3605 44 24 the'

1279 3636 137 24 indictment
1426 3642 23 18 to
1460 3636 43 24 the.
1513 3637 119 31 prisoner,'
1644 3638 45 23 and
1696 3642 28 23 .to
1736 3638 133 24 administer

1279 3671 39 23 the
1329 3669 93 32 awfully
1432 3669 141 32 responsible
1585 3670 53 24 oath
1649 3671 73 24 which
1736 3679 29 16 an
1776 3679 93 16 accuser

1279 3704 68 24 takes
1359 3704 24 23 in
1402 3703 31 24 all
1451 3711 64 16 cases
1527 3703 25 24 of
1560 3711 21 17 .a
1598 3704 104 24 criminal
1719 3710 88 19 nature.
1842 3705 25 24 A

1281 3737 104 25 criminal
1394 3737 128 24 conviction
1533 3737 42 24 has
1582 3737 84 32 always
1676 3737 112 33 appeared
1799 3743 21 19 to
1831 3746 37 21 us,

1279 3776 24 19 to
1315 3770 62 25 draw
1389 3770 62 25 after,
1462 3772 21 22 it
1493 3770 78 32 nearly
1583 3770 37 24 the
1632 3778 63 17 same
1712 3771 155 32 punishment,

1279 3805 36 23 for
1327 3803 101 26 whether
1447 3803 44 25 the.
1503 3803 84 33 culprjt
1599 3804 21 24 is
1637 3804 91 32 hanged
1740 3812 25 16 or
1783 3810 50 19 sent
1844 3809 23 19 to

1277 3837 44 33 jail
1336 3838 20 24 it
1373 3842 95 20 matters
1484 3837 76 29 little:;
1578 3837 38 24 the
1632 3836 123 33 happiness
1773 3838 44 24 and
1834 3845 35 16 we

1279 3879 54 25 may
1350 3871 45 24 add
1414 3871 38 23 the
1470 3871 129 24 usefulness
1610 3870 25 24 of
1650 3871 39 23 the
1700 3871 107 32 unhappy
1819 3871 49 25 cul-

1279 3906 54 30 prit,
1345 3905 21 24 if
1371 3909 52 20 sent
1435 3909 22 18 to
1463 3904 42 32 jail
1519 3905 20 23 is
1547 3904 90 26 forever
1648 3904 128 32 destroyed.

1260 3957 2 3 .
1298 3958 3 5 .
1314 3939 52 26 The
1383 3937 73 25 result
1467 3937 34 25 of.
1506 3937 39 25 the
1562 3937 51 27 trial
1627 3945 45 17 was
1684 3946 29 18 an
1726 3938 108 31 acquittal
1845 3938 26 24 of

1280 3970 39 24 the
1329 3971 112 31 prisoner,
1454 3970 44 24 and
1509 3976 47 26 yet,
1569 3970 56 25 after
1637 3970 38 31 all,
1688 3971 39 24 the
1738 3972 94 31 opinion
1844 3971 27 24 of

759 940 59 23 have
834 940 70 31 lately
916 940 57 23 been
992 939 109 24 informed
1119 939 49 23 that
1179 940 74 24 wheat

666 973 46 23 will
722 973 29 23 be
763 980 77 24 grown
853 980 30 15 on
901 973 38 22 the
952 972 62 24 Hutt
1025 972 46 23 this
1082 980 88 21 season,
1187 974 64 23 suffi-

667 1008 59 21 cient
738 1010 22 20 to
773 1006 59 31 yield
844 1010 43 18 two
898 1006 102 23 hundred
1013 1009 51 20 tons
1073 1006 25 22 of
1103 1005 67 24 flour.
1201 1006 52 24 The

666 1039 62 23 truth
741 1039 23 24 of
781 1039 45 23 this
844 1043 123 20 statement
978 1039 45 23 will
1039 1039 108 31 probably
1159 1039 28 23 be
1204 1039 47 24 dis-

666 1072 77 31 puted,
756 1073 43 23 but
809 1072 28 23 be
849 1072 46 24 this
905 1081 26 15 as
943 1073 17 23 it
971 1080 57 23 may,
1042 1072 62 24 there
1114 1072 19 23 is
1144 1080 29 15 no
1183 1072 70 24 doubt

667 1105 48 23 that
727 1105 38 24 the
778 1105 63 24 Hutt
853 1105 45 24 will
915 1106 47 23 this
974 1114 80 15 season
1072 1105 58 31 yield
1141 1107 65 29 grain
1218 1107 35 22 far

666 1140 135 30 surpassing
816 1138 37 24 the
866 1140 103 30 quantity
981 1139 73 23 which
1066 1138 45 24 will
1128 1139 27 23 be
1167 1140 86 23 needed

666 1172 35 23 for
712 1172 55 23 seed
778 1176 55 19 next
851 1180 62 22 year.
950 1173 33 22 At
995 1172 37 23 the
1046 1180 62 15 same
1122 1173 54 22 time
1189 1173 64 24 there

666 1206 20 22 is
708 1205 59 24 little
789 1213 81 16 reason
894 1210 23 19 to
941 1206 70 23 doubt
1039 1206 38 23 the
1100 1206 95 24 demand
1217 1207 36 23 for

667 1238 83 24 Indian
762 1239 63 24 Corn
835 1239 60 23 meal
912 1240 21 22 is
949 1238 86 32 greatly
1047 1246 29 16 on
1094 1239 37 23 the
1142 1239 109 29 increase,

667 1272 44 23 and
731 1279 31 16 we
783 1272 68 24 think
860 1272 46 23 will
931 1280 69 23 prove
1014 1272 58 31 fully
1089 1272 65 31 equal
1173 1277 21 18 to
1214 1272 39 24 the

668 1306 101 30 capacity
781 1307 26 22 of
816 1305 37 24 the
865 1310 93 26 present
966 1305 130 24 Flour-mill
1106 1307 25 22 in
1139 1305 114 32 Welling-

667 1343 46 20 ton.
752 1339 169 31 Consequently
941 1347 34 15 we
997 1338 56 25 have
1074 1340 75 23 before
1167 1347 28 16 us
1214 1340 38 23 the

667 1378 106 25 prospect
790 1373 45 23 this
854 1380 54 24 year
920 1373 26 23 of
962 1373 85 31 having
1065 1378 23 18 to
1111 1377 80 26 export
1211 1380 41 16 our

667 1406 65 30 grain
745 1411 22 18 to
777 1410 39 27 get
833 1406 18 23 it
863 1406 178 28 manufactured,
1060 1406 43 23 and
1115 1405 80 24 should
1207 1406 46 23 this

668 1439 26 22 be
715 1446 122 24 necessary
855 1439 39 23 the
910 1440 64 30 .price
995 1439 18 23 it
1030 1439 47 23 will
1096 1438 60 32 yield
1174 1443 22 19 to
1214 1439 39 24 the

666 1479 87 23 grower
764 1472 46 24 will
821 1476 40 19 not
878 1472 28 23 be
919 1473 22 22 in
955 1472 133 31 conformity
1100 1477 22 18 to
1140 1472 38 23 the
1190 1473 63 30 price

667 1505 24 23 of
700 1505 59 23 flour
771 1505 62 28 here,
843 1506 42 22 but
894 1505 57 24 with
958 1505 37 24 the
1008 1506 60 30 price
1078 1507 23 22 of
1108 1505 58 24 flour
1179 1506 22 23 in
1214 1506 39 23 the

666 1538 90 24 market
769 1544 22 18 to
802 1539 72 23 which
884 1539 19 24 it
912 1540 22 22 is
942 1539 121 31 exported.'
1094 1539 94 31 Having
1199 1540 53 23 thus

667 1576 31 21 to.
705 1571 50 25 deal
768 1572 54 24 with
837 1572 37 24 his
893 1574 65 30 grain
970 1571 74 25 would
1058 1573 25 23 in
1100 1580 39 15 cur
1152 1573 99 30 opinion,

667 1605 67 23 make
747 1614 13 15 a
772 1605 120 24 difference
909 1611 24 18 to
945 1606 37 23 the
1000 1613 94 23 grower,
1107 1606 24 23 of
1139 1605 58 24 from
1209 1614 43 15 one

667 1638 60 24 third
746 1644 23 18 to
790 1646 42 16 one
851 1639 54 29 half,
926 1640 24 22 in
970 1639 37 23 the
1020 1646 47 23 way
1088 1639 26 23 of
1132 1639 119 23 deduction

666 1672 58 23 from
737 1672 37 23 the
786 1673 61 30 price
859 1672 28 23 he
900 1672 73 23 would
985 1672 118 23 otherwise
1114 1672 84 24 obtain.
1230 1679 5 5 '

699 1705 49 23 Not
760 1705 53 32 only
825 1706 20 23 is
863 1707 17 21 it
893 1705 131 25 reasonable
1036 1710 22 19 to
1078 1711 79 26 expect
1172 1714 13 14 a
1197 1714 54 16 con-

666 1738 111 24 siderable
789 1740 102 23 increase
903 1738 23 25 of
937 1740 64 31 grain
1008 1739 59 23 from
1075 1740 37 22 the
1126 1739 59 23 Hutt
1197 1745 56 18 next

666 1779 61 24 year,
741 1773 41 23 but
793 1780 33 16 we
838 1780 53 23 may
902 1778 81 26 expect
1001 1773 100 30 supplies
1112 1772 58 24 from
1188 1773 65 24 other

665 1805 94 31 valley's
778 1806 25 23 in
815 1806 38 23 the
866 1806 184 31 neighbourhood
1063 1806 26 23 of
1103 1806 38 23 the
1159 1806 73 24 Town
1243 1815 6 20 ;

665 1839 59 23 from
746 1839 138 31 Wanganui,
905 1840 61 23 from
983 1839 125 27 Taranaki,
1127 1839 44 23 and
1193 1840 58 23 from

666 1872 97 29 Nelson,
785 1873 19 23 it
821 1874 20 22 is
860 1872 111 25 therefore
983 1872 90 24 evident
1090 1872 36 23 the
1144 1872 108 24 colonists

666 1905 82 25 should
760 1906 28 24 be
800 1914 30 24 up
843 1905 46 25 and
900 1906 76 31 doing,
988 1905 20 24 if
1022 1905 54 32 they
1087 1905 56 24 wish
1153 1911 21 18 to
1187 1906 66 24 avoid

666 1947 43 23 any
728 1947 153 23 unnecessary
900 1939 120 24 deduction
1039 1940 57 23 from
1114 1939 37 23 the
1172 1940 80 30 profits

666 1972 25 23 of
706 1973 147 30 agriculture.
890 1973 23 23 It
926 1973 45 23 will
988 1973 80 23 indeed
1085 1973 27 23 be
1129 1973 123 23 a-circrfm-

666 2011 78 17 stance
755 2006 62 22 alike
829 2006 158 23 discreditable
997 2006 45 23 and
1053 2004 199 33 discouragfr)g,-t'o

666 2037 47 23 fiud
762 2045 122 23 necessary
896 2043 23 18 to
934 2038 108 23 sendViir
1058 2039 64 30 grain
1134 2038 85 24 twelve.
1223 2035 37 27 W

666 2071 78 23 fifteen
762 2071 104 23 hundred
883 2071 74 29 miles,
976 2076 23 17 to
1017 2071 27 24 be
1062 2071 107 24 rendered
1180 2071 27 24 fit
1217 2072 36 23 for
1256 2071 5 10 1

666 2104 38 22 the
715 2112 42 16 use
770 2105 22 22 of
805 2112 61 15 man.
1207 2121 16 7 :
1257 2124 3 2 .

699 2137 25 24 It
735 2138 20 23 is
768 2138 90 23 evident
870 2137 49 24 that
931 2145 33 16 we
976 2137 57 24 shall
1045 2145 55 16 soon
1118 2138 58 23 have
1187 2139 65 31 grain

666 2171 115 23 sufficient
800 2175 23 19 to
842 2176 95 27 support
955 2179 13 15 a
988 2171 126 30 flour-mill,
1135 2171 44 24 and
1197 2174 18 21 it
1232 2173 21 22 is

666 2204 91 32 equally
778 2205 60 23 clear
858 2205 48 23 that
925 2205 21 22 if
966 2205 127 23 immediate
1113 2210 61 26 steps
1195 2213 58 16 were

665 2237 70 23 taken
755 2242 21 18 to
804 2246 83 15 secure-
908 2246 29 15 an
959 2238 97 24 efficient
1080 2238 50 24 Mill
1157 2239 34 23 for
1202 2241 51 21 -the

666 2270 96 32 Colony,
774 2272 20 23 it
802 2271 64 24 could
879 2276 39 19 not
929 2271 29 24 be
970 2271 107 32 provided
1089 2272 74 23 before
1176 2273 19 22 it
1206 2272 52 23 will'

666 2304 27 24 be
705 2305 96 23 needed.
837 2304 52 24 The
896 2305 153 32 undertaking
1056 2305 71 23 would
1141 2305 112 24 therefore

666 2345 49 16 now
726 2338 26 23 be
765 2338 124 32 peculiarly
900 2338 86 31 timely.
1023 2338 24 24 If
1055 2347 32 16 we
1096 2338 26 24 do
1132 2344 40 18 not
1183 2347 70 23 prove

667 2371 68 31 ready
748 2377 22 17 to
781 2373 52 28 give
854 2372 39 23 the
904 2372 93 30 highest
1014 2373 61 30 price
1087 2372 72 24 which
1171 2380 40 16 can
1224 2373 29 23 be

665 2405 106 24 obtained
782 2405 36 24 for
828 2405 82 29 wheat,
929 2405 49 24 that
990 2405 71 24 which
1074 2406 20 23 is
1105 2405 113 32 produced
1229 2411 24 18 at

666 2438 117 24 Taranaki
804 2438 44 24 and
866 2439 65 23 other
948 2443 62 26 parts
1028 2439 25 23 of
1067 2439 37 23 the
1117 2443 69 24 coast,
1207 2439 46 24 will

665 2476 40 19 not
715 2472 49 24 find
775 2472 31 23 its
818 2480 44 23 way
875 2472 49 23 into
936 2472 45 23 this
993 2472 97 25 market.
1124 2472 56 24 And
1190 2473 20 24 if
1219 2481 33 16 we

665 2513 38 15 are
722 2511 40 18 not
779 2505 111 32 prepared
906 2511 25 17 to
948 2506 66 30 grind
1025 2507 80 28 wheat,
1124 2514 33 16 we
1170 2511 83 19 cannot

665 2546 57 16 even
731 2540 52 30 give
796 2539 37 24 the
846 2540 60 28 price
919 2539 74 23 which
1004 2547 52 24 may
1065 2540 26 23 be
1103 2539 105 24 obtained
1216 2540 36 24 for

664 2572 18 23 it
693 2573 24 22 in
731 2572 101 31 Sydney,
845 2572 44 24 and
901 2578 24 18 to
935 2572 92 32 Sydney
1036 2574 71 23 direct
1114 2572 70 24 under
1195 2573 56 24 such

665 2606 177 23 circumstances
854 2607 18 22 it
891 2614 54 23 may
958 2606 26 23 be
996 2607 108 31 expected
1122 2612 23 17 to
1156 2606 28 24 be
1197 2615 54 16 con-

665 2639 79 31 veyed.
780 2639 36 24 As
827 2644 39 26 yet
878 2639 89 25 Nelson
983 2640 40 24 has
1039 2649 29 15 no
1079 2640 120 24 flour-mill
1210 2641 41 23 but

664 2673 20 22 if
699 2680 43 17 one
759 2674 28 23 be
799 2673 91 24 erected
908 2673 65 24 there
987 2674 76 23 before
1082 2681 31 16 we
1130 2679 61 18 erect
1208 2682 43 16 one

665 2706 61 29 here,
740 2715 13 15 a
763 2707 63 23 trade
835 2707 74 23 which
920 2707 119 24 otherwise
1046 2707 71 24 would
1127 2707 56 23 have
1194 2708 56 24 been

654 2762 9 9 r
665 2747 52 16 ours
726 2740 45 23 will
778 2740 29 23 be
815 2740 147 32 intercepted,
971 2741 44 23 and
1023 2749 57 16 even
1088 2741 37 23 the
1134 2740 116 25 Colonists

666 2773 24 23 of
710 2773 37 24 the
768 2773 62 24 older
851 2775 131 23 settlement
999 2774 45 24 will
1062 2775 55 23 have
1136 2778 23 19 to
1179 2780 72 19 resort

665 2806 64 23 there
752 2806 46 25 and
813 2815 45 23 pay
878 2808 92 23 tribute.
1013 2807 59 24 This
1088 2808 110 30 however,
1216 2809 35 24 for

665 2840 59 23 New
734 2840 138 24 Zealanders
881 2842 74 23 would
965 2841 26 23 be
999 2841 34 23 far
1045 2842 72 23 better
1127 2841 54 23 than
1194 2843 55 23 hav-

664 2873 41 31 ing
715 2878 24 19 to
750 2874 57 23 send
825 2878 22 19 to
860 2874 101 32 Sydney,
979 2880 22 18 to
1014 2874 73 25 which
1098 2883 32 15 we
1146 2881 61 18 must
1219 2876 31 23 all

665 2910 80 25 resort,
764 2907 87 31 greatly
863 2912 23 18 to
904 2907 39 25 the
955 2908 158 31 disadvantage
1124 2908 26 24 of
1164 2909 31 24 all
1212 2909 38 24 the

666 2939 150 30 settlements,
836 2940 22 23 if
866 2948 14 15 a
891 2941 61 31 good
970 2941 54 24 Mill
1040 2942 28 23 be
1086 2946 39 19 not
1134 2942 117 25 forthwith

666 2974 89 23 erected
766 2974 55 23 here
832 2981 26 16 or
870 2979 23 18 at
906 2974 95 24 Nelson.

699 3006 51 25 The
770 3007 53 24 Saw
843 3007 44 24 and
906 3008 72 24 Flour
999 3008 55 24 Mill
1074 3009 118 31 Company
1207 3017 42 24 ap-

665 3040 80 31 pealed
764 3041 25 23 in
809 3041 52 23 vain
884 3046 23 18 to
932 3041 38 24 the
991 3042 77 31 public
1089 3043 33 23 for
1145 3048 103 27 support.

666 3073 56 24 Had
734 3074 50 23 that
797 3074 119 32 Company
934 3074 101 25 received
1053 3076 38 23 the
1109 3076 86 32 trifling
1213 3077 37 24 aid

665 3107 112 32 required,
788 3115 37 17 ere
838 3107 46 24 this
896 3109 38 23 the
947 3108 83 32 capital
1040 3109 73 24 would
1126 3109 56 25 have
1194 3111 57 23 been

665 3148 64 16 more
741 3141 56 24 than
816 3142 78 30 repaid
912 3146 24 19 to
955 3142 38 23 the
1012 3143 145 31 community,
1170 3144 30 31 by
1212 3144 38 24 the

665 3174 117 24 reduction
795 3175 23 23 in
830 3175 38 23 the
880 3176 64 31 prioe
960 3175 24 24 of
999 3176 82 24 timber
1093 3176 72 24 which
1177 3177 74 24 would

665 3207 58 24 have
734 3208 59 24 been
813 3208 37 24 the
870 3207 175 33 consequence^'-
1070 3210 34 23 At
1119 3210 38 23 the
1175 3219 75 15 same-

666 3241 55 23 time
740 3241 38 24 the
800 3241 120 33 Company
937 3242 74 24 would
1027 3243 24 23 in
1068 3243 30 23 all
1114 3244 136 31 probability

666 3282 51 16 now
728 3274 58 25 have
797 3275 58 24 been
875 3276 101 32 engaged
989 3283 60 25 upon
1065 3276 36 24 the
1114 3277 81 24 useful-
1199 3278 53 23 task

667 3308 24 23 of
714 3309 103 30 erecting
837 3309 29 23 its
886 3309 72 24 Flour
975 3309 62 30 Mill,
1055 3310 55 24 with
1132 3318 15 16 a
1165 3311 87 31 perfect

666 3342 129 23 conviction
813 3342 50 23 that
883 3351 58 16 soon
959 3343 55 24 after
1032 3344 19 23 it
1073 3351 44 16 was
1138 3345 69 31 ready
1227 3349 24 19 to

666 3382 131 17 commence
809 3375 64 23 work
884 3377 18 23 it
914 3376 74 24 would
999 3376 28 24 be
1036 3377 98 31 usefully
1144 3378 43 23 and
1197 3386 54 23 pro-

665 3408 81 32 fitably
766 3408 127 32 employed.
939 3409 110 24 Whether
1072 3410 37 24 the
1133 3410 118 33 Company

665 3441 68 24 could
745 3442 28 24 be
784 3442 149 24 resuscitated
946 3450 33 16 we
991 3443 68 23 know
1072 3448 39 19 not
1119 3452 7 21 ;
1145 3445 42 23 but
1198 3445 21 23 if
1233 3445 20 23 it

666 3475 67 24 could
744 3480 41 19 not
795 3476 28 23 be
835 3476 24 23 in
870 3476 30 23 its
919 3476 38 24 old
974 3476 66 30 form,
1053 3478 19 23 it
1083 3476 72 32 might
1169 3478 29 24 be
1209 3478 42 24 ad-

665 3509 165 31 vantageously
840 3509 24 23 in
885 3518 13 14 a
915 3517 51 16 new
983 3509 78 32 shape.
1096 3509 51 25 The
1165 3513 88 29 sawing

665 3542 133 31 machinery
817 3542 74 31 might
908 3543 30 24 be
956 3542 105 32 disposed
1082 3544 25 23 of
1120 3544 46 24 and
1178 3545 75 23 would

665 3582 55 24 very
732 3575 72 32 likely
816 3575 27 24 be
860 3583 57 17 soon
936 3581 42 26 put
995 3577 24 23 in
1039 3578 83 23 motion
1141 3578 31 31 by
1183 3584 69 18 water

664 3615 76 24 power
751 3610 23 22 in
788 3617 62 16 some
872 3609 89 24 district
977 3617 55 16 near
1043 3617 23 17 at
1078 3610 65 30 hand,
1156 3612 44 23 and
1213 3612 39 24 the

665 3647 81 19 steam.
750 3643 83 30 engine
851 3650 76 24 power
945 3642 73 33 might
1037 3643 29 25 be
1085 3644 94 25 devoted
1198 3645 56 24 with'

665 3675 127 32 advantage
804 3676 71 31 solely
887 3682 23 19 to
929 3676 38 25 the
980 3684 110 25 .purpose.
1094 3678 26 23 of
1133 3679 118 31 grinding.

665 3707 45 25 We
730 3709 119 24 commend
866 3709 46 25 this
929 3711 123 31 important
1070 3711 88 32 subject
1178 3716 22 21 to
1213 3712 40 25 the
1253 3710 2 12 1

665 3742 88 24 serious
764 3742 111 25 attention
888 3744 26 23 of
929 3743 38 24 the
985 3744 91 32 public.
1103 3755 3 6 •
1183 3753 6 15 ;

698 3798 96 32 Among
816 3800 104 31 whalers,
942 3810 16 16 a
979 3802 42 23 bad
1044 3810 26 16 or
1090 3803 163 26 unfavourable

665 3839 82 17 season
765 3833 21 23 is
804 3833 83 31 always
904 3834 84 25 looked
1003 3835 36 24 for
1058 3836 56 25 after
1133 3841 43 20 two
1194 3838 60 31 good

665 3872 103 17 seasons-.
805 3865 51 25 The
868 3871 44 19 two
924 3876 93 16 seasons
1037 3869 130 32 previously
1187 3879 15 16 ;o
1214 3871 40 25 the

665 3906 44 16 one
725 3899 53 32 just
796 3899 72 24 ended
886 3908 59 16 were
962 3901 131 26 considered
1112 3903 66 24 favou
1187 3905 64 24 ■able.

665 3931 26 25 If
708 3932 39 24 the
760 3932 95 24 whalers
867 3934 133 28 conviction,
1006 3936 21 22 is
1043 3936 39 23 the
1093 3936 71 24 result
1174 3948 6 12 <
1190 3938 12 24 f
1210 3946 51 19 c*-.

665 3965 113 31 perience,
797 3966 45 23 and
859 3965 39 25 the
918 3967 89 23 settlers
1026 3969 25 22 of
1070 3969 44 22 this
1131 3969 49 31 plac
1186 3977 10 16 e
1207 3970 47 24 had

1977 1404 141 22 SATURDAY,
2132 1405 114 17 OCTOBER
2264 1401 38 27 15,
2317 1388 52 35 184
2369 1388 35 35 jO

1928 1463 49 24 The
1995 1463 96 25 Council
2108 1469 46 19 met
2173 1470 22 18 at
2212 1465 50 24 half
2278 1470 52 25 past
2351 1468 16 22 9
2388 1467 88 24 o'clock

1893 1505 65 21 a.m.,
1973 1498 22 23 in
2008 1505 127 23 pursuance
2146 1498 25 23 of
2180 1498 76 31 public
2267 1500 73 23 notice
2356 1500 77 24 issued
2445 1502 30 30 by

1893 1530 38 23 the
1952 1531 70 23 Town
2041 1530 79 30 Clerk,
2134 1531 44 23 and
2189 1532 124 30 proceeded
2324 1537 21 19 to
2362 1533 88 24 discuss
2462 1543 14 14 a

1893 1564 86 30 variety
1990 1564 25 23 of
2024 1564 109 31 subjects.
2168 1564 76 24 There
2254 1573 44 16 was
2310 1574 14 15 a
2335 1566 41 23 full
2387 1567 88 23 attend-

1893 1604 56 16 ance
1961 1598 25 23 of
1993 1597 133 25 Aldermen.
2164 1597 46 24 His
2222 1598 108 32 Worship
2342 1599 38 23 the
2392 1599 84 32 Mayor

1893 1630 111 31 presided.
2396 1643 3 3 ■
2450 1648 3 9 ,

1928 1663 50 24 The
1997 1665 99 22 minutes
2109 1665 25 23 of
2149 1665 44 23 last
2205 1666 100 31 meeting
2317 1666 84 31 having
2417 1667 58 24 been

1893 1697 62 29 read,
1973 1698 89 23 various
2083 1697 86 30 letters,
2188 1698 107 32 applying
2314 1699 35 24 for
2371 1701 105 30 appoint-

1893 1735 75 19 ments
1976 1731 42 23 &c.
2033 1731 70 23 under
2116 1731 37 24 the
2166 1731 103 30 Council,
2283 1740 57 16 were
2352 1733 124 24 submitted

1893 1764 35 23 for
1941 1764 174 25 consideration.

1894 1802 58 16 Name
1959 1803 21 16 of
1984 1803 102 21 Applicant.
2277 1804 136 21 Appointment.

1895 1828 34 22 W.
1942 1829 24 21 B.
1978 1829 95 27 Burgess
2154 1830 43 21 for.
2205 1844 6 6 .
2219 1845 5 5 .
2231 1830 136 27 .Treasurer,

1895 1855 73 22 Baker
1976 1856 80 21 Polhill
2158 1857 32 21 for
2246 1857 76 22 Forest
2327 1858 98 27 -Ranger,

1896 1882 88 26 George
1997 1883 79 21 Souter
2157 1884 42 21 f0r.
2207 1898 5 6 .
2221 1898 5 6 .
2234 1898 5 6 .
2246 1884 77 21 Forest
2333 1884 94 28 Ranger,

1896 1909 34 21 W.
1942 1909 46 22 Bell
2158 1910 43 21 f0r.
2209 1924 32 6 ...
2249 1911 75 22 Letter
2334 1911 91 27 Carrier,
2437 1912 39 21 &c.

1895 1935 21 22 J.
1928 1936 34 21 W.
1974 1937 85 21 Graves
2082 1942 72 15 ..'....
2159 1937 34 21 f0r
2197 1952 45 5 ....
2248 1938 52 27 Any
2311 1938 71 27 thing.

1928 1972 24 24 A
1980 1972 66 26 letter
2069 1980 47 16 was
2143 1973 48 23 also
2220 1974 54 23 read
2300 1974 57 23 from
2383 1974 46 30 Mr,
2453 1975 23 23 J.

1895 2005 134 31 M'Gregor,
2037 2006 36 22 for
2084 2010 107 27 payment
2200 2007 34 23 for
2246 2007 37 23 the
2293 2007 88 24 trouble
2393 2007 27 24 he
2432 2008 46 23 had

1894 2038 57 22 been
1962 2043 41 25 put
2014 2043 22 17 to
2049 2039 24 21 in
2090 2039 116 29 attending
2221 2045 23 15 to
2256 2040 44 22 and
2312 2040 68 30 firmg
2382 2060 5 8 v
2389 2046 15 16 a
2415 2041 62 30 piefce

1895 2070 24 23 of
1929 2070 110 23 ordnance
2051 2070 70 32 daily,
2133 2076 23 17 at
2171 2073 29 22 12
2213 2071 96 24 o'clock.
2318 2071 3 3 '

1928 2103 51 23 The
2001 2103 115 24 chairman
2139 2104 127 29 remarked,
2290 2105 50 23 that
2366 2105 38 24 the
2427 2105 49 24 first

1895 2137 102 23 business
2011 2138 24 21 of
2049 2136 38 24 the
2098 2137 94 24 Council
2202 2138 78 30 ought,
2293 2139 23 22 in
2331 2139 33 22 his
2377 2139 97 30 opinion,

1895 2174 22 18 to
1928 2170 29 24 be
1975 2170 36 23 the
2024 2171 156 30 appointment
2194 2171 25 23 of
2234 2179 14 15 a
2267 2171 71 24 Town
2353 2172 121 31 Surveyor,

1894 2203 34 23 for
1942 2203 70 24 which
2024 2198 82 29 indeed
2117 2205 63 22 there
2193 2212 44 15 was
2257 2213 27 15 no
2303 2206 87 23 written
2403 2206 71 32 appli-

1895 2238 73 22 cation
1979 2238 75 23 before
2067 2237 37 24 the
2114 2238 103 28 Council,
2227 2238 40 23 but
2277 2238 17 24 it
2305 2246 44 16 was
2361 2239 113 31 generally

1893 2270 137 24 understood
2049 2271 48 22 that
2117 2271 89 24 Robert
2225 2271 72 29 Park,
2319 2272 66 30 Esq.,
2403 2272 71 24 would

1893 2309 41 17 not
1945 2304 85 24 decline
2043 2304 38 23 the
2093 2305 170 32 appointment.'
2292 2305 48 24 Mr.
2350 2305 124 25 Alderman

1893 2337 74 24 Wade
1985 2337 71 24 stated
2070 2337 48 25 that
2130 2338 27 23 he
2170 2338 45 23 had
2231 2338 59 24 been
2307 2338 87 32 spoken
2406 2344 22 19 to
2447 2340 27 30 by

1895 2370 48 24 Mr.
1957 2371 71 29 Park,
2040 2371 51 23 who
2110 2372 44 22 had
2173 2372 82 30 agreed
2273 2377 22 19 to
2308 2373 27 23 do
2353 2372 39 23 the
2403 2372 71 24 duties

1893 2404 35 23 for
1945 2405 37 23 the
1993 2405 50 23 first
2059 2412 54 23 year
2124 2410 23 18 at
2158 2413 14 15 a
2183 2406 100 23 nominal
2299 2413 59 16 sum.
2396 2406 22 23 It
2430 2413 44 16 was

1883 2446 2 14 :
1893 2438 111 30 proposed
2027 2438 29 30 by
2081 2446 61 16 some
2167 2438 116 24 Members
2307 2445 22 17 to
2351 2439 62 23 unite
2439 2439 36 23 the

1895 2471 73 23 duties
1977 2471 24 24 of
2010 2472 115 30 Surveyor
2134 2472 51 23 with
2194 2472 49 23 that
2251 2473 25 22 of
2283 2472 82 24 Forest
2374 2472 99 31 Ranger,

1895 2504 44 23 and
1951 2505 47 23 that
2010 2505 38 23 the
2065 2505 96 23 Council
2180 2506 72 24 would
2263 2506 54 23 then
2334 2506 29 23 be
2384 2506 91 24 enabled

1894 2542 24 19 to
1940 2538 70 23 afford
2036 2539 130 31 something
2192 2539 49 23 like
2269 2547 13 16 a
2307 2540 169 30 remunerating

1894 2571 85 31 salary.
2016 2572 47 23 His
2074 2572 106 31 Worship
2186 2572 38 24 the
2237 2573 82 31 Mayor
2331 2572 95 31 thought
2438 2573 36 23 the

1895 2604 74 24 duties
1989 2605 25 23 of
2034 2605 38 23 the
2092 2605 72 24 Town
2187 2606 122 32 Surveyor,
2321 2606 35 23 for
2373 2606 38 23 the
2425 2606 50 24 first

1893 2645 63 22 year,
1974 2638 74 23 would
2067 2638 82 31 chiefly
2168 2639 85 23 consist
2271 2641 24 22 in
2313 2639 93 32 valuing
2424 2648 50 23 pro-

1894 2676 73 26 perty,
1978 2679 24 15 so
2014 2679 25 15 as
2051 2676 24 18 to
2088 2672 78 23 enable
2178 2672 38 23 the
2230 2673 96 23 Council
2338 2678 23 18 to
2372 2673 34 24 fix.
2417 2678 58 19 rates

1894 2709 23 17 to
1929 2704 28 24 be
1969 2704 80 30 levied,
2062 2705 45 23 and
2126 2706 24 22 in
2162 2706 108 31 assisting
2281 2707 24 22 in
2323 2706 78 31 laying
2411 2707 63 23 down

1895 2737 38 24 the
1950 2742 85 19 correct
2053 2738 91 25 outline,
2150 2739 25 23 of
2190 2739 38 23 the
2246 2739 71 24 beach
2329 2739 62 29 road,
2404 2740 71 24 which

1895 2771 81 30 would,
1995 2772 23 22 in
2037 2771 33 24 all
2088 2772 142 31 probability,
2250 2773 28 23 be
2296 2772 38 24 the
2346 2773 51 23 first
2401 2779 75 24 -great

1895 2804 64 24 work
1976 2805 25 23 of
2017 2805 38 23 the
2069 2805 104 24 Council.
2210 2805 48 25 Mr.
2270 2806 126 23 Alderman
2414 2808 62 23 Scott

1896 2838 96 31 thought
2000 2838 49 24 that
2060 2838 39 24 the
2107 2839 73 23 duties
2189 2839 26 23 of
2225 2839 37 24 the
2274 2840 72 23 Town
2357 2840 116 31 Surveyor,

1895 2871 36 24 for
1943 2872 37 23 the
1990 2873 50 22 first
2051 2880 63 23 year,
2126 2873 75 23 would
2212 2873 28 23 be
2251 2881 55 23 very
2317 2873 107 33 arduous^
2435 2873 39 24 and

1896 2905 121 24 advocated
2029 2906 39 23 the
2086 2911 23 18 at
2120 2914 56 16 once
2187 2906 73 31 fixing
2271 2914 13 16 a
2302 2914 82 24 proper
2395 2906 77 32 salary.

1930 2938 30 24 In
1969 2947 14 15 a
1989 2939 116 32 desultory
2114 2940 163 29 conversation,
2285 2940 19 23 it
2312 2947 44 16 was
2368 2940 106 32 proposed

1896 2977 24 19 to
1938 2980 44 24 pay
1998 2972 49 24 Mr.
2061 2973 65 23 Park
2145 2973 31 32 by
2187 2981 78 16 means
2283 2974 26 23 of
2323 2982 14 15 a
2354 2980 83 25 system
2455 2974 21 22 of
2488 2984 9 27 y

1895 3014 41 23 per
1949 3010 92 27 centage
2059 3014 30 15 on
2101 3007 37 24 the
2150 3007 82 24 timber
2244 3007 112 31 resulting
2371 3007 56 24 from
2440 3007 32 23 the
2485 3004 8 15 '

1897 3039 110 31 clearings
2026 3040 25 23 of
2071 3040 38 24 the
2121 3040 73 24 Town
2208 3040 115 24 Reserves
2338 3041 46 23 and
2402 3041 69 24 Orna-

1896 3073 85 24 mental
2001 3073 54 24 Belt
2075 3074 125 31 encircling
2218 3074 40 23 the
2276 3074 80 24 Town.
2392 3074 24 24 It
2434 3081 38 16 was

1896 3106 127 31 ultimately
2041 3106 97 33 thought
2158 3107 50 23 that
2229 3107 19 23 it
2271 3115 46 17 was
2339 3107 133 32 impossible,
2480 3101 4 24 '

1896 3139 72 24 under
1976 3139 36 24 the
2020 3146 92 25 present
2121 3142 176 23 circumstances
2305 3142 26 23 of
2337 3141 38 23 the
2382 3141 89 27 finance,

1897 3173 50 24 that
1957 3174 37 23 the
2014 3174 97 24 Council
2128 3174 66 24 could
2212 3174 56 24 offer
2279 3182 14 16 a
2310 3175 162 29 remunerating

1897 3207 74 32 salary
1983 3212 21 19 to
2018 3208 49 23 Mr.
2081 3208 71 29 Park,
2174 3215 56 16 even
2248 3208 30 32 by
2289 3208 152 23 combination
2454 3207 21 23 of

1897 3241 82 23 duties.
2029 3254 3 3 ■
2111 3254 100 3 ....
2288 3253 3 4 .
2324 3259 3 4 ,

1932 3274 84 24 Moved
2032 3274 32 32 by
2080 3274 126 25 Alderman
2226 3274 74 32 Lyon,
2320 3274 112 24 seconded
2447 3274 25 29 by

1896 3307 126 25 Alderman
2040 3308 152 29 Fitzherbert,
2212 3308 45 23 and
2274 3307 82 31 passed
2373 3308 98 24 unanim-

1898 3341 64 32 ously
1963 3355 33 3 —
2001 3342 3 4 '
2166 3363 132 9 .....

1923 3378 59 22 That
1996 3379 45 21 Mr.
2054 3378 85 22 Robert
2152 3377 65 23 .Park
2228 3376 31 22 .be
2276 3377 118 28 appointed
2397 3378 75 22 -Town

1898 3405 117 28 Surveyor,
2027 3405 52 23 with
2090 3412 13 15 a
2112 3405 71 26 salary
2193 3403 26 22 of
2225 3403 49 23 j£5Q
2281 3412 40 20 per
2332 3412 90 16 annum.

1932 3440 80 24 Town
2036 3440 166 24 Treasurer.
2205 3451 33 5 —
2242 3440 45 23 His
2310 3440 107 31 Worship
2439 3439 32 23 the

1898 3474 83 31 Mayor
2000 3473 127 29 remarked,
2149 3473 49 23 that
2220 3473 59 26 John
2304 3474 83 28 Smith,
2409 3473 61 31 Esq.,

1896 3507 94 29 banker,
2009 3506 45 24 had
2072 3514 54 23 very
2143 3505 80 32 kindly
2242 3507 107 25 tendered
2366 3507 35 23 his
2422 3513 48 24 gra-

1898 3541 84 22 tuitous
1993 3540 107 23 services.
2135 3539 36 24 As
2183 3539 38 24 the
2230 3540 95 25 Council
2337 3548 57 16 were
2403 3548 23 15 as
2437 3542 33 28 yet

1898 3573 92 24 without
2011 3572 77 30 funds,
2111 3573 29 23 it-
2152 3573 75 24 would
2255 3574 28 24 be
2304 3578 126 27 premature
2451 3577 18 18 to

1896 3607 91 31 appoint
1999 3614 13 15 a
2031 3605 134 31 Treasurer,
2182 3607 76 24 whilst
2269 3608 38 23 the
2326 3607 74 29 funds,
2411 3605 58 24 when

1896 3639 117 32 procured,
2025 3639 75 24 would
2112 3640 138 32 necessarily
2268 3642 27 23 be
2307 3641 81 32 placed
2397 3641 21 22 in
2436 3638 33 23 the

1896 3673 76 24 Bank.
2008 3673 47 24 His
2065 3673 108 33 Worship
2181 3675 123 31 suggested
2314 3675 48 23 that
2370 3682 14 15 a
2393 3678 76 19 runner

1896 3714 25 16 or
1933 3714 131 24 messenger
2076 3707 74 25 would
2161 3708 154 32 immediately
2326 3708 28 24 be
2366 3704 101 35 required,

1895 3741 25 22 in
1932 3740 64 23 order
2012 3740 50 24 that
2074 3740 38 25 the
2124 3742 190 24 communication
2329 3741 96 24 between
2436 3738 31 23 the

1896 3772 117 24 Members
2024 3773 25 24 of
2060 3774 96 24 Council
2168 3776 26 23 be
2207 3775 55 31 kept
2273 3782 31 24 up
2313 3784 6 20 ;
2337 3774 47 23 this
2394 3777 73 28 person

1896 3806 66 23 could
1981 3807 47 23 also
2049 3807 81 25 collect
2148 3808 37 23 the
2210 3809 53 30 City
2284 3807 77 29 funds,
2384 3805 48 28 and,
2453 3802 16 24 if

1895 3840 70 23 found
1983 3842 153 31 trustworthy,
2148 3842 127 31 ultimately
2291 3842 29 23 be
2337 3838 94 26 selected
2446 3843 21 17 as

1896 3872 127 27 Treasurer,
2037 3874 37 23 for
2092 3875 38 24 the
2152 3875 117 31 Borough.
2306 3874 46 24 His
2369 3871 98 28 Worship

1896 3908 126 29 remarked,
2029 3907 52 25 that
2089 3908 63 24 these
2159 3909 155 23 observations
2324 3915 56 16 were
2392 3903 76 30 merely

1896 3940 86 25 thrown
1993 3946 39 19 out
2044 3949 27 16 as
2082 3941 70 30 hints,
2163 3946 23 20 to
2195 3941 30 24 be
2236 3942 64 25 acted
2312 3947 59 25 upon
2380 3943 23 30 fit
2412 3942 55 20 some

1895 3973 75 26 future
1983 3975 113 28 meeting.-
2246 3982 6 4 -
2348 3989 6 3 -
2469 3981 8 11 '

121 1956 129 26 WRECKS
259 1956 34 21 IN
312 1956 116 21 TORRES
444 1956 124 21 STRAITS.

145 1984 178 25 (Communicated
332 1985 26 24 by
370 1984 61 25 Capt.
442 1985 96 24 Devlin.)

80 2015 45 19 The
136 2015 89 26 Spanish
235 2015 46 26 brig
291 2016 73 20 Nuevo
373 2015 107 23 Belbaino,
490 2015 89 26 Captain
588 2017 51 20 Jose

52 2043 92 24 Alaejos,
156 2043 59 19 when
225 2043 84 26 passing
324 2043 92 24 through
432 2042 78 20 Torres
517 2043 82 24 Straits,
610 2050 28 14 on

52 2071 38 19 her
99 2076 44 20 way
153 2071 55 19 from
226 2070 84 26 Sydney
327 2072 23 18 to
368 2069 123 27 Singapore,
508 2072 84 19 rescued
607 2072 32 19 six

52 2097 89 26 English
151 2098 74 20 sailors
235 2098 54 20 from
298 2104 41 14 one
357 2097 23 20 of
394 2097 35 20 Sir
446 2097 86 21 Charles
546 2098 91 27 Hardy's

51 2126 87 23 islands,
151 2126 50 19 who
211 2131 50 20 gave
271 2125 35 20 the
317 2125 109 26 following
437 2131 12 14 a
456 2128 72 19 qcotnt
536 2133 9 17 :.
546 2136 25 4 —

80 2152 58 26 They
148 2153 42 20 had
205 2153 102 25 belonged
324 2155 22 18 to
365 2152 35 20 the
418 2152 48 27 ship
477 2153 87 20 Martha
574 2154 64 25 Ridg-

52 2186 51 20 way,
115 2181 24 20 of
151 2180 119 26 Liverpool,
282 2179 40 21 650
332 2183 56 20 tons,
400 2179 64 26 Capt.
478 2180 75 27 Henry
562 2180 75 23 Webb,

52 2208 73 20 bound
142 2211 22 17 to
179 2207 101 26 Bombay,
292 2208 54 20 from
365 2208 51 19 New
430 2208 99 21 Zealand.
560 2208 33 21 On
603 2210 36 19 the

51 2236 61 25 night
122 2236 24 19 of
158 2236 36 19 the
205 2236 35 20 7th
250 2235 58 27 July,
320 2235 68 26 being*
399 2242 52 14 near
461 2236 36 19 the
512 2238 64 18 outer
591 2237 46 20 bar-

52 2263 42 20 rier
104 2263 46 20 reef
162 2264 24 19 of
198 2263 75 20 Torres
284 2263 83 23 Straits,
377 2263 36 20 the
423 2264 49 26 ship
482 2269 40 14 was
532 2264 43 20 laid
585 2266 21 18 to
617 2268 21 17 at

54 2291 24 20 10
91 2291 81 20 o'clock
183 2296 14 13 v
206 2297 32 17 m.,
250 2291 41 19 and
301 2294 22 17 at
331 2290 15 23 i
356 2293 46 23 past
414 2291 25 20 11
451 2297 58 17 p.m.,
520 2292 36 19 she
567 2292 70 20 struck

53 2325 27 13 on
91 2325 12 13 a
113 2319 56 19 coral
179 2318 45 20 reef
230 2325 6 17 ;
252 2318 36 20 the
298 2318 69 20 mizen
381 2321 56 17 mast
446 2325 42 13 was
498 2319 140 27 immediately

52 2350 37 16 cut
98 2352 64 20 away,
173 2349 23 16 to
206 2345 79 27 lighten
301 2347 35 18 the
355 2346 46 26 ship
420 2346 65 24 abaft,
495 2346 22 20 in
534 2347 36 19 the
584 2347 54 27 hope

52 2373 46 20 that
108 2373 36 21 she
155 2373 66 20 would
231 2379 27 19 go
269 2379 49 14 over
333 2373 37 20 the
386 2373 52 25 reef,
449 2374 39 20 but
498 2375 80 25 finding
593 2375 45 20 that

52 2401 24 20 of
94 2407 28 14 no
138 2401 60 23 avail,
216 2401 40 19 and
274 2401 54 20 after
343 2401 64 26 using
423 2408 63 20 every
506 2403 93 20 exertion
615 2403 22 20 in

52 2429 56 23 vain,
118 2431 23 17 to
150 2432 36 23 get
199 2429 38 19 her
251 2429 36 23 off,
298 2428 41 20 and
350 2429 71 25 seeing
432 2429 17 20 it
464 2436 41 13 was
517 2430 120 26 impossible

52 2459 23 17 to
85 2462 47 14 save
142 2457 45 22 her,
198 2457 37 19 she
249 2462 41 14 was
308 2456 71 26 finally
392 2456 123 21 abandoned
529 2460 50 18 next
590 2459 46 25 day,

52 2486 23 18 at
85 2484 25 20 11
122 2484 82 20 o'clock
215 2489 65 18 a.m.;
296 2484 36 20 the
349 2485 90 19 weather
454 2491 42 13 was
512 2485 125 27 moderately

52 2512 49 22 fine,
115 2511 42 21 and
172 2512 29 19 all
215 2511 65 20 hand*
298 2512 113 20 embarked
424 2512 21 20 in
464 2512 36 20 the
519 2512 66 25 boats,
602 2514 35 20 the

53 2539 91 26 captain,
155 2539 50 19 with
220 2539 36 20 the
270 2539 95 24 steward,
376 2540 78 19 second
472 2542 61 21 mate,
544 2540 41 21 and
597 2542 40 20 five

53 2573 56 16 men,
120 2566 21 20 in
152 2567 36 19 the
199 2568 68 18 cutter
274 2573 4 17 ;
295 2567 36 19 the
351 2566 56 21 chief
420 2570 62 23 mate,
494 2568 51 20 with
561 2575 13 13 a
589 2576 47 20 pas-

53 2600 81 19 senger,
146 2594 41 19 and
199 2594 23 20 14
240 2599 55 19 men,
306 2595 23 19 in
344 2595 35 19 the
395 2594 52 26 long
463 2595 50 20 boat
521 2603 5 16 ;
542 2596 41 21 and
597 2598 40 20 five

54 2627 82 14 seamen
146 2622 21 19 in
178 2622 36 19 the
223 2621 35 25 gig
265 2629 5 17 ;
287 2622 49 26 they
347 2622 27 19 all
383 2622 82 20 steered
475 2623 35 20 W.
520 2624 42 20 and
571 2624 27 27 by
607 2625 28 20 N.

54 2649 37 20 till
103 2649 59 20 three
174 2648 89 26 o'clock,
275 2655 57 16 p.m.,
346 2650 59 19 when
424 2651 51 25 they
485 2651 59 20 made
559 2658 13 13 a
586 2653 51 20 sand

53 2676 64 22 bank,
138 2677 67 20 where
221 2676 50 26 they
289 2677 99 20 intended
407 2679 25 18 to
451 2679 77 20 remain
549 2679 34 20 for
600 2681 37 19 the

54 2704 66 25 night.
149 2704 45 21 The
209 2704 82 26 captain
308 2706 42 19 and
365 2711 54 14 crew
435 2706 77 20 landed
529 2707 55 20 from
600 2709 36 20 the

54 2734 77 20 cutter,
141 2732 38 19 but
197 2732 69 24 seeing
275 2732 46 20 that
336 2733 36 20 the
390 2733 50 25 long
456 2733 51 20 boat
522 2735 62 20 could
599 2739 38 17 not

55 2760 61 19 make
127 2765 22 14 so
160 2759 32 20 far
201 2762 22 17 to
237 2760 119 24 windward,
365 2760 35 20 the
411 2761 83 26 captain
506 2762 85 22 ordered
601 2764 36 20 the

54 2787 79 19 second
151 2789 61 24 mate,
229 2787 41 19 and
287 2787 37 20 the
339 2788 39 19 five
394 2794 48 14 men
459 2789 47 20 who
521 2796 54 14 were
587 2792 50 20 with

54 2814 52 24 him,
117 2817 23 17 to
157 2820 27 20 go
200 2814 40 20 and
257 2815 62 19 assist
335 2815 36 19 the
385 2815 35 25 gig
437 2816 22 20 in
477 2817 78 26 towing
564 2824 28 21 up
602 2819 36 21 the

53 2842 51 25 long
115 2842 54 26 boat,
181 2842 61 20 while
257 2842 27 20 he
294 2842 41 20 and
346 2843 35 19 the
395 2844 89 20 steward
493 2845 104 21 remained
608 2853 29 14 on

54 2870 36 20 the
106 2869 55 20 bank
170 2877 5 19 ;
198 2869 42 21 this
256 2869 50 27 they
323 2870 43 24 did,
377 2870 40 20 but
432 2871 80 26 finding
527 2873 47 19 that
588 2874 50 26 they

54 2897 63 20 could
128 2901 37 16 not
174 2899 42 18 tow
225 2897 38 20 her
279 2898 83 25 against
371 2904 12 13 a
393 2900 74 25 strong
476 2899 55 20 wind
541 2900 40 20 and
590 2907 46 14 cur-

54 2928 54 20 rent,
119 2925 50 26 they
178 2931 54 14 were
247 2924 82 27 obliged
346 2928 22 17 to
384 2926 58 20 leave
453 2927 45 23 her,
508 2928 40 19 and
563 2929 74 20 endea-

54 2952 79 20 voured
143 2956 22 17 to
174 2955 36 24 get
219 2952 52 20 back
282 2955 23 17 to
317 2953 36 20 the
360 2953 65 24 bank,
435 2954 68 20 where
512 2955 34 20 the
555 2958 83 24 captain

54 2980 38 20 had
105 2987 12 13 a
126 2980 41 26 flag
176 2980 71 26 flying,
263 2980 38 20 but
317 2980 101 21 darkness
434 2988 58 13 came
506 2989 57 19 upon
573 2985 64 23 them,

54 3008 41 19 and
106 3008 48 25 they
165 3008 70 26 pulled
251 3007 29 20 all
297 3008 62 26 night
374 3008 91 21 without
480 3009 62 27 being
558 3011 45 21 able
613 3014 23 18 to

54 3036 62 19 reach
136 3036 24 23 it,
180 3036 40 19 and
238 3035 22 20 iv
281 3036 36 20 the
336 3037 99 25 morning
454 3038 51 26 they
524 3039 61 20 could
603 3047 34 13 see

54 3063 89 25 nothing
153 3063 25 20 of
190 3064 23 23 it,
223 3063 42 20 and
282 3064 59 20 made
352 3064 33 20 for
401 3065 60 20 three
471 3066 79 20 islands
564 3069 22 18 to
595 3067 42 21 lee-

54 3090 56 19 ward
120 3090 24 20 of
156 3091 63 25 them,
230 3091 68 20 where
317 3092 49 26 they
375 3093 107 20 remained
497 3093 32 20 fir
539 3094 40 20 five
588 3095 49 26 days

54 3117 90 20 without
153 3118 58 24 food,
221 3118 33 20 till
262 3120 87 19 rescued
359 3120 27 26 by
395 3120 38 20 the
447 3121 105 21 Belbaino.
580 3122 58 27 They

54 3149 56 16 went
120 3148 37 17 out
172 3146 51 19 each
237 3146 38 26 day
285 3146 55 21 from
356 3147 36 20 the
408 3147 76 26 island,
495 3149 22 19 in
534 3151 72 19 search
616 3151 24 20 of

54 3173 37 20 the
108 3172 61 26 bank,
186 3173 67 20 where
270 3174 55 20 their
341 3175 139 21 unfortunate
495 3177 83 25 captain
596 3179 42 19 and

55 3200 88 20 steward
156 3207 53 13 were
223 3201 38 20 left
277 3201 90 21 without
383 3209 43 19 any
435 3210 71 14 means
521 3204 24 19 of
556 3210 80 22 escape,

54 3228 39 19 but
103 3228 47 26 they
162 3234 53 13 were
223 3234 24 14 so
263 3229 59 20 weak
338 3230 46 19 that
400 3230 52 27 they
468 3231 61 20 could
547 3236 38 17 not
593 3233 46 27 pull

54 3255 33 20 far
96 3253 26 21 at'
129 3262 12 13 a
149 3255 58 25 time,
225 3255 41 20 and
281 3256 64 27 being
360 3257 90 21 without
459 3264 13 14 a
485 3265 101 20 compass,
597 3261 41 20 and

56 3289 24 14 so
96 3282 73 20 driven
186 3283 63 19 about
263 3283 28 26 by
299 3285 37 19 the
352 3288 102 23 currents,
466 3287 46 19 that
527 3288 51 26 they
586 3295 52 14 were

53 3311 100 25 ignorant
169 3310 26 20 of
213 3310 27 20 its
258 3311 100 25 position,
374 3312 19 20 it
407 3313 20 20 is
444 3320 27 14 no
489 3315 84 20 wonder
589 3317 49 25 they

54 3344 54 14 were
120 3337 149 21 unsuccessful.
293 3339 69 20 There
369 3340 20 19 is
398 3346 58 15 some
466 3342 54 20 faint
529 3342 55 26 hope
593 3344 46 20 that

54 3367 60 19 these
123 3366 99 25 unhappy
233 3372 47 13 men
290 3372 48 19 may
348 3367 24 19 be
381 3369 88 20 rescued
479 3369 29 27 by
514 3376 58 15 some
581 3371 54 27 ship,

55 3400 23 14 as
89 3393 79 20 several
177 3399 53 14 were
242 3393 101 26 expected
359 3396 21 18 to
398 3401 49 20 pass
463 3397 47 20 that
524 3404 45 20 way
578 3405 59 19 Boon,

55 3421 41 20 and
110 3421 49 26 they
169 3421 42 20 had
219 3423 41 17 two
270 3426 24 15 or
307 3421 60 20 tiree
375 3422 77 21 weeks'
461 3425 118 25 provisions
589 3427 50 20 with

54 3449 66 20 them.
148 3448 31 21 As
194 3448 33 20 for
240 3448 36 20 the
290 3448 49 26 long
350 3448 63 25 boat,.
417 3451 41 20 and
468 3452 41 26 gig,
519 3453 52 20 with
585 3454 53 21 their

55 3482 72 17 crews,
138 3476 59 20 there
206 3476 18 19 is
312 3478 22 18 to
352 3476 43 19 fear
405 3476 34 21 for
449 3478 55 21 their
513 3480 73 26 safety,
596 3482 48 24 for,-

54 3504 52 19 with
124 3510 12 13 a
151 3504 42 19 fair
209 3502 55 21 wind
283 3504 42 19 and
343 3504 85 19 smooth
447 3512 41 20 sea,
509 3508 50 26 they
577 3509 61 21 could

56 3532 92 25 scarcely
157 3531 38 20 fail
205 3534 21 17 to
243 3531 62 20 make
323 3537 56 14 some
391 3531 24 20 of
428 3532 35 20 the
473 3540 56 14 more
539 3537 98 20 northern

54 3558 88 24 islands,
153 3559 66 20 where
233 3558 50 26 they
292 3558 70 21 would
371 3558 26 20 be
414 3565 48 14 sure
477 3562 22 19 to
515 3568 33 14 see
563 3565 75 20 vessels

54 3586 87 26 passing
150 3589 22 17 at
186 3586 42 20 this
245 3592 82 15 season.
356 3586 46 20 The
418 3587 47 20 reef
477 3593 28 14 on
519 3590 67 20 which
602 3592 36 20 the

54 3614 89 20 Martha
157 3614 101 25 Ridgway
267 3620 42 14 was
325 3614 43 20 lost
377 3614 19 20 is
406 3615 106 25 supposed
521 3619 22 17 to
553 3617 26 20 be
588 3624 49 15 near

56 3642 53 19 1440
120 3642 25 19 E.
156 3642 116 25 longitude,
282 3642 42 20 and
335 3640 37 21 12°
382 3641 23 20 S.
415 3641 46 25 lat.,
472 3649 25 13 or
512 3644 99 27 probably
625 3653 13 13 a

54 3669 56 20 little
120 3675 58 14 more
188 3669 114 26 northerly,
311 3676 24 14 as
346 3669 35 20 the
392 3669 85 26 captain
485 3670 40 20 had
535 3672 104 27 evidently

56 3702 50 14 over
108 3708 6 5 -
118 3702 39 14 run
172 3696 35 20 his
219 3696 103 25 distance,
339 3696 79 26 having
434 3697 53 20 been
503 3698 94 22 deceived
611 3701 27 26 by

55 3723 42 23 the,
101 3726 78 23 strong,
191 3726 96 19 currents
302 3724 69 21 which
388 3727 33 17 set
435 3727 24 18 to
469 3724 170 27 the^northrwest

46 3751 3 4 '
55 3751 67 21 about
132 3751 26 25 li
168 3751 60 21 miles
237 3758 37 20 per
284 3753 62 19 hour.

82 3778 46 20 The
138 3779 97 21 Belbaino
244 3779 45 21 also
301 3781 84 24 reports
394 3779 37 21 the
444 3780 45 20 loss
498 3779 24 21 of
532 3786 13 15 a
561 3781 77 28 barque

54 3806 24 20 in
87 3803 78 24 Torres
175 3806 83 25 Straits,
273 3806 23 21 in
308 3806 37 21 10°
354 3805 34 23 33'
405 3807 23 20 S.
445 3807 39 22 lat
493 3807 41 21 and
545 3808 50 21 1420
607 3810 32 20 18'

54 3833 29 21 E.
107 3833 66 28 long.j
193 3834 131 27 Wednesday
339 3835 82 22 .Island
439 3835 86 26 bearing
544 3835 93 23 N.N.W.

54 3858 82 24 distant
143 3861 66 21 about
218 3861 47 21 four
275 3863 68 24 miles,
353 3862 48 24 and.
404 3862 90 21 Horned
503 3862 45 21 Hill
555 3863 84 28 bearing

56 3887 75 21 S.S.E.
160 3889 42 20 She
216 3889 42 20 had
273 3890 124 26 apparently
413 3890 74 21 struck
503 3896 28 14 on
546 3897 14 14 a
576 3892 62 27 sharp

54 3915 52 20 rock
109 3916 75 20 -which
193 3919 41 18 wits
244 3922 54 14 seen*
302 3919 70 18 astern
382 3917 25 20 of
472 3923 54 21 gone
536 3918 29 21 off
570 3920 67 26 again,

54 3942 42 21 and
106 3944 54 20 sunk
174 3950 35 20 up-
215 3946 22 18 to
252 3944 39 20 her
300 3944 65 21 lower
379 3944 72 26 yards.
462 3953 4 4 -
480 3944 98 23 ShV'was
590 3954 47 20 per-

54 3969 65 27 fectly
134 3971 93 27 upright,
245 3972 43 20 and
299 3974 24 18 at
338 3977 13 18 a.
367 3971 96 22 distance
472 3972 75 22 looked
565 3974 44 21 like
626 3981 13 14 a

564 44 242 52 etffStm
831 47 210 43 geatattft
1065 49 308 48 <Bto?ett<rattft
1394 52 308 47 meUutgton
1724 51 256 50 grpictatar.

663 136 68 21 vessel
739 138 23 18 at
770 136 87 20 anchor.
870 147 5 4 •
886 135 47 22 Her
941 138 65 19 masts
1014 137 47 20 and'
1067 137 81 27 rigging
1157 143 54 16 were
1224 138 23 21 in

663 163 212 27 good'preservation,
881 163 39 21 but
929 164 30 20 all
965 164 37 20 her
1011 164 49 21 sails
1068 170 52 14 were
1127 170 63 20 gone,
1197 166 51 20 with

664 192 35 19 the
704 204 3 11 ;
710 197 5 13 ;
718 190 119 27 exception^
846 188 25 23 of
884 191 36 20 the
938 191 193 26 main-top.gallant
1149 192 46 25 sail,
1213 193 36 20 the

656 218 66 22 ■leech
731 218 25 21 of
774 218 73 20 which,
858 224 46 15 was-
913 218 93 26 flapping
1023 218 23 20 in
1063 219 35 20 the
1110 218 77 22 iwind.-
1207 218 42 22 She

664 246 102 27 appeared
782 247 24 18 to
816 245 24 20 be
851 251 12 14 a
873 246 61 19 small
947 246 85 25 barque,
1043 246 64 20 about
1120 246 40 20 300
1170 247 23 19 to
1207 247 41 20 350

664 277 55 21 tons,
739 272 51 21 with
809 272 63 21 white
883 272 137 21 -mast-heads
1039 273 41 21 and
1100 272 61 21 black
1178 274 72 25 yards,'

665 299 125 27 main-royal
799 302 56 18 mast
863 300 42 20 and
913 300 61 27 royal
987 299 56 27 .'yard
1052 306 76 18 across,
1139 300 41 20 and
1190 301 59 20 short

664 327 184 26 fore-top-gallant
858 329 61 19 mast.
947 327 67 20 There
1031 333 42 14 was
1082 327 87 25 nothing
1183 327 67 26 living

665 355 57 25 to.be
732 360 49 14 seen
791 355 65 19 about
864 354 46 25 her,
920 354 43 20 and
972 354 53 20 from
1040 355 37 19 the
1086 360 127 21 appearance
1219 375 3 3 .
1227 355 23 20 of

666 383 33 20 the
717 387 62 20 ropes
788 381 49 28 and;
847 387 59 20 spars
910 382 24 20 it
952 387 41 14 was
1009 381 132 26 conjectured
1152 381 45 20 that
1213 383 37 19 the

659 409 101 21 .accident
767 409 44 20 had
819 409 110 26 happened
939 411 41 18 two
990 414 24 14 or
1028 408 59 21 three
1096 408 66 20 weeks
1176 408 73 22 before

665 437 34 21 the
709 436 101 21 Belbaino
819 436 90 26 passed,'*
912 436 68 20 which
987 441 43 16 .was
1041 442 27 14 on
1078 436 35 20 the
1124 435 52 21 18th
1190 437 58 26 July.

692 464 11 20 1
721 463 53 21 have
790 463 130 21 ascertained
938 463 46 20 that
1001 463 35 20 the
1051 463 68 21 vessel
1127 463 49 20 here
1191 470 58 14 men-

665 491 72 21 tioned
755 496 42 14 was
809 490 35 20 the
853 490 87 27 .barque
957 491 48 20 Two
1022 490 85 25 Sittert,
1115 507 5 5 ,
1124 490 68 20 which
1211 491 39 21 left

666 518 84 27 Sydney
766 517 57 21 Jane
840 518 33 21 19.
902 518 46 21 The
964 524 61 14 crew-
1032 524 41 14 was
1089 517 62 21 saved
1157 533 3 5 ,
1167 518 29 27 by
1214 518 36 22 the.

665 547 89 26 barques
763 545 100 20 Malcolm
872 546 41 20 and
924 545 99 21 Nouvelle
1030 545 110 28 Epnance.

692 573 11 20 1
720 573 54 20 have
788 573 53 20 also'
849 572 129 21 ascertained
993 573 51 19 that,
1055 573 36 20 the
1108 577 55 15 crew
1178 573 25 21 of
1214 573 36 20 the

665 600 118 26 long-boat,
811 600 41 20 and
872 600 34 20 the
927 599 117 21 remainder
1062 599 27 21 of
1108 600 35 20 the
1163 606 87 20 persons,

666 627 87 26 missing
768 628 55 20 from
839 627 39 20 the'
891 627 136 20 unfortunate
1038 627 87 20 Martha
1141 627 108 26 Ridgway,

665 656 52 20 have
726 655 52 20 been
793 654 76 27 picked
882 660 30 21 up
929 654 28 27 by
973 654 36 20 the
1101 654 78 20 vessels
1195 655 55 20 John

666 683 91 24 Brewer,
768 682 69 23 Kelto,
848 681 41 20 and
899 682 70 23 Arab,-
981 681 42 20 and
1031 682 65 20 taken
1109 687 29 14 on
1148 684 23 17 to
1187 682 63 21 Bom-

666 709 161 25 bay.—-Sydney
836 708 91 25 Herald;
941 709 86 20 October
1036 709 21 20 4.

664 762 93 66 New
788 762 216 66 Zealand
1035 762 217 66 Gazette

705 830 69 21 AND
790 828 216 23 WELLINGTON
1025 829 212 22 SPECTATOR.

111 848 169 23 SHIPPING
301 848 273 23 INTELLIGENCE.

753 883 157 26 Wednesday,
927 884 109 22 October
1050 885 33 24 19,
1099 884 60 21 1842.

1891 145 38 23 the
1936 144 57 32 Jury
2002 153 45 16 was
2055 153 69 17 never
2132 147 148 25 ascertained.
2306 148 51 24 The
2366 149 107 25 evidence

1891 178 26 22 of
1933 177 36 25 the
1981 179 49 22 first
2041 179 92 23 witness
2154 180 125 24 examined'
2286 182 34 23 on'
2332 181 44 28 the.
2451 184 26 23 of

1892 211 38 23 the
1944 212 142 29 prosecution
2098 216 41 27 put
2149 220 28 16 an
2189 213 44 24 end
2244 218 23 18 to
2279 214 38 24 the
2330 214 59 29 trial,
2403 216 43 23 and
2457 216 20 24 if

1893 243 37 23 the
1952 244 106 23 colonists
2077 245 25 23 in
2119 246 37 22 the
2168 246 72 24 Court
2258 254 57 16 were
2336 248 138 30 astonished,

1893 284 32 16 we
1936 277 44 23 feel
1992 277 49 23 well
2052 278 101 29 assured,
2166 279 49 23 that
2227 279 38 24 the
2276 280 167 25 astonishment
2451 282 26 23 of

1893 309 38 24 the
1949 311 101 30 prisoner
2069 316 61 18 must
2146 311 57 24 have
2222 312 56 25 been
2291 314 67 22 much

1893 342 51 24 The
1956 343 90 30 general
2056 344 135 31 impression
2203 345 24 23 in
2239 345 38 24 the
2290 347 72 23 Court
2371 354 45 17 was
2425 348 51 23 that

1888 375 43 28 ,the
1943 376 90 23 witness
2050 374 28 33 (a
2089 376 82 33 moari)
2189 377 168 34 had.»perjured
2375 380 100 31 himself,

1884 408 50 24 tbut
1945 409 24 28 if,
1975 410 37 22 '.as
2023 416 33 16 we
2068 409 74 30 think,
2161 411 28 23 he
2199 411 46 24 had
2263 417 39 18 not
2319 413 37 23 the
2368 418 59 19 most
2438 421 38 16 re-

1893 445 60 19 mote
1964 440 54 25 idea'
2059 442 38 24 the
2109 448 48 19 true
2168 449 80 18 nature
2260 445 26 22 of
2300 453 30 15 an
2342 446 59 28 oath,
2420 447 56 23 then

1893 474 38 23 the
1942 475 57 30 guilt
2009 474 40 24 fell
2060 483 60 24 upon
2136 477 62 24 those
2211 477 49 24 who
2273 477 44 24 had
2329 479 82 24 caused
2428 480 47 23 him

1893 512 23 18 to
1928 515 76 21 swear,
2025 508 80 24 indeed
2118 510 38 23 the
2174 510 136 31 impression
2328 519 72 16 seems
2412 518 23 18 to
2448 514 28 22 be

1893 546 86 18 correct
1990 541 23 23 in
2025 549 25 15 as
2064 543 67 23 much
2143 551 25 15 as
2180 551 33 16 we
2225 543 56 24 have
2293 549 40 18 not
2344 545 62 23 d.ice
2417 546 59 23 been

1892 573 51 23 able
1955 579 21 18 to
1989 576 110 22 ascertain
2111 576 48 23 that
2170 584 45 23 any
2225 577 89 24 farther
2327 579 148 30 proceedings

1893 606 56 24 have
1961 607 55 24 been
2030 607 117 25 instituted
2159 610 89 30 against
2260 609 37 25 the
2308 612 93 30 parties.

1927 639 50 24 The
1989 641 102 30 prisoner
2104 641 20 24 E
2127 642 6 9 1
2143 642 61 28 Poti,
2217 642 54 24 with
2279 644 74 23 whose
2365 645 109 30 physiog-

1893 680 111 23 nomy,we
2025 681 58 16 were
2101 674 103 29 familiar,
2224 675 38 30 (as
2282 684 42 16 one
2343 677 25 23 of
2384 677 37 24 the
2439 678 38 24 Tc

1893 706 49 23 Aro
1954 707 70 31 squad
2040 708 23 21 in
2086 709 71 27 1840,
2171 715 57 21 now,
2244 710 71 28 1842,
2328 710 45 23 fast
2392 711 84 31 ebbing

1893 745 23 17 to
1928 747 14 15 a
1954 739 78 30 close,)
2041 740 83 24 looked
2136 749 25 15 as
2173 741 19 23 if
2206 741 29 23 he
2247 741 44 25 had
2307 743 97 23 suffered
2416 745 58 23 from

1893 772 158 30 confinement,
2063 773 45 24 and
2127 774 119 32 presented
2261 783 28 16 an
2301 783 138 24 appearance
2451 777 26 24 of

1893 805 101 24 reckless
2022 806 146 25 indifference
2197 808 45 23 and
2270 809 88 31 squalid
2381 811 93 30 misery.

1896 838 38 23 He
1946 839 88 23 seemed
2046 844 23 18 to
2088 841 53 23 take
2157 849 29 15 no
2208 841 94 24 interest
2319 842 112 25 whatever
2450 844 26 23 in

1895 871 38 24 the
1952 872 147 31 proceedings
2119 874 117 24 instituted
2255 875 89 31 against
2363 875 54 30 him,
2429 876 46 24 and

1893 905 100 23 whether
2005 905 45 24 this
2062 914 64 16 arose
2136 907 58 23 from
2205 915 14 15 a
2228 909 104 30 previous
2343 908 133 32 knowledge

1894 937 49 24 that
1956 938 36 23 the
2003 940 104 29 prisoner
2124 940 106 24 intended
2252 946 21 18 to
2286 941 75 31 falsify
2374 941 36 25 his
2417 950 57 24 .pre-

1893 972 66 22 vious
1971 972 126 31 deposition
2108 973 77 24 before
2197 974 37 23 the
2247 975 79 23 Police
2339 975 137 31 Magistrate

1894 1004 44 23 and
1951 1004 81 24 Crown
2053 1006 143 29 Prosecutor,
2210 1015 25 15 or
2253 1016 14 15 a
2284 1008 151 25 carelessness
2453 1009 24 24 of

1893 1038 38 24 the
1944 1043 71 24 event,
2027 1047 24 15 or
2064 1039 75 32 lastly,
2152 1049 14 14 a
2183 1041 127 24 conviction
2322 1042 24 23 of
2361 1042 36 23 his
2408 1044 67 22 inno-

1893 1079 76 21 cence,
1985 1072 37 23 the
2040 1073 85 32 feeling
2143 1074 115 31 produced
2276 1076 24 22 in
2321 1075 46 24 the.
2377 1076 64 23 mind
2453 1076 24 23 of

1893 1105 38 23 the
1943 1105 120 24 looker-on
2077 1114 44 16 was
2133 1107 117 31 decidedly
2258 1109 49 23 that
2319 1109 37 23 the
2370 1109 106 31 unhappy

1893 1138 57 23 New
1962 1138 126 25 Zealander
2103 1148 46 16 was
2168 1149 54 22 very
2235 1142 68 23 much
2323 1147 40 18 out
2380 1142 25 23 of
2420 1143 56 23 cha-

1894 1176 80 18 racter.
2011 1172 41 23 We
2071 1179 82 18 cannot
2170 1175 108 23 conclude
2295 1175 64 23 these
2372 1175 104 24 remarks

1893 1204 94 23 without
2005 1205 117 32 distinctly
2134 1208 86 29 stating
2229 1206 57 31 that,
2289 1208 39 23 the
2345 1208 73 24 whole
2430 1209 46 23 cir-

1893 1242 142 19 cumstances
2053 1239 25 23 of
2093 1239 38 23 the
2142 1240 52 23 trial
2206 1248 57 15 were
2276 1241 144 34 humiliating
2432 1241 45 24 and

1893 1269 80 32 deeply
1989 1276 20 18 to
2023 1272 26 22 be
2062 1272 120 29 regretted.

1998 1335 199 25 MUNICIPAL
2211 1333 175 29 COUNCIL.
