2529 4039
1894 130 220 25 WHOLESALE
2143 122 125 34 PRICES
2302 132 173 24 CURRENT.

561 42 98 47 C3)t
682 43 119 42 tffeto
826 42 210 42 Ztal&Pto
1060 43 189 46 «sr&fette
1273 44 93 39 mh
1390 42 297 47 W^tiixnqton
1712 39 253 50 &pntitt<yi\

53 133 40 20 To
108 132 162 21 Gentlemen
284 131 147 27 intending
443 132 30 20 to
489 132 75 20 enter
578 130 59 21 into

80 160 44 20 the
152 159 142 26 profitable
323 158 110 27 pursuit
461 157 31 21 of
518 157 120 26 Grazing

80 186 54 21 and
154 185 136 27 Breeding
308 185 92 24 Stock,
423 184 43 21 for
485 183 89 21 which
593 183 44 21 the

80 212 87 21 fertile
187 212 109 21 Islands
319 211 30 21 of
365 211 70 21 New
452 210 122 21 Zealand
592 216 44 15 are

80 244 31 15 so
126 239 151 26 peculiarly
289 238 127 25 adapted.

53 273 91 48 THE
153 272 151 26 .undersigned
315 272 43 26 beg
368 275 21 18 to
398 271 82 22 inform
490 270 58 23 their
553 270 84 23 friends

123 299 44 22 and
184 299 38 21 the
237 298 73 34 public
327 298 121 27 generally,
465 298 49 21 that
530 298 53 27 they
593 297 42 22 will

51 330 101 18 contract
175 327 36 21 for
229 320 39 26 the
290 324 101 28 delivery
416 325 25 21 of
462 324 38 22 the
523 324 114 26 following

52 351 132 29 description
198 352 26 22 of
231 351 71 27 Stock,
311 352 24 21 in
343 359 45 20 any
399 352 57 21 Port,
461 351 27 22 of
501 350 36 23 the
549 350 88 23 Islands

52 380 26 22 of
85 380 54 21 New
149 378 100 23 Zealand
257 386 5 13 :—:
264 389 27 4 —

79 406 92 22 Horned
188 405 68 21 cattle
274 404 124 28 (improved
411 404 89 26 breeds)
516 404 27 21 of
554 403 30 22 all
598 404 38 21 de-

50 433 123 27 scriptions,
254 454 4 5 .
337 446 4 8 r

78 460 84 21 Horses
162 475 7 16 ;
190 458 58 22 from
270 458 36 22 the
329 458 51 21 best
399 456 94 28 English
514 456 44 23 and
574 456 62 23 Arab

48 486 70 26 studs,
135 485 93 22 suitable
245 485 35 22 for
297 485 86 27 racing,
398 484 84 28 saddle,
493 491 25 15 or
530 484 91 21 harness
628 491 6 19 ;

48 512 47 22 and
104 512 106 27 breeding
220 519 79 19 mares,

78 539 57 21 Pure
144 540 73 20 Saxon
229 538 46 22 and
285 538 85 22 merino
379 545 65 19 ewes,

76 565 119 22 Half-bred
213 565 112 22 Leicester
339 564 45 23 and
401 564 90 28 merino,
507 571 63 18 ewes,
587 571 50 20 par-

47 592 104 28 ticularly
161 592 96 27 adapted
271 591 32 22 for
313 591 45 22 this
368 595 102 23 country,
481 598 23 14 as
574 591 62 21 unite

47 618 83 28 weight
140 618 25 22 of
171 626 88 14 carcass
269 618 52 22 with
330 618 98 22 fineness
439 618 25 21 of
471 617 63 22 wool.

75 645 48 22 The
146 644 160 28 undersigned,
319 652 42 15 can
389 644 167 23 accommodate
584 651 52 19 pur-

48 672 89 22 chasers
152 672 25 21 of
190 671 59 22 their
259 672 66 21 Stock
343 671 53 22 with
414 671 115 22 extensive
543 671 93 26 grazing

47 707 62 18 runs,
120 698 76 23 within
208 701 41 19 100
258 698 63 22 miles
332 699 26 21 of
364 698 43 22 this
418 698 60 21 Port.

310 725 35 22 W.
362 726 25 21 B.
403 726 93 20 Rhodes
511 723 44 22 and
569 724 38 21 Co.

238 771 68 21 Bees
321 770 42 21 for
377 770 70 20 Sale.

51 804 43 22 T7<
101 803 144 22 XPECTED
260 804 54 21 from
333 802 97 29 Sydney,
443 802 29 28 by
482 802 47 22 first
544 801 89 28 arrival,

128 837 14 14 a
155 830 42 22 few
214 830 63 22 hives
288 830 23 21 of
317 830 64 26 bees;
399 829 76 22 orders
489 828 43 22 will
548 828 45 23 also
608 829 27 21 be

49 857 68 22 taken
127 857 35 22 for
172 857 37 22 the
225 856 140 28 importation
377 856 26 21 of
414 856 53 22 bees
478 860 22 17 to
511 855 37 22 the
559 859 76 18 extent

48 884 28 21 of
83 884 55 21 from
150 888 81 22 twenty
240 888 21 17 to
268 883 66 27 thirty
341 883 71 22 hives.
441 882 44 22 For
493 882 69 28 price,
569 882 66 28 apply

49 914 24 18 at
82 910 38 22 the
280 910 75 21 Office.

78 938 127 26 September
214 938 35 26 20,
261 938 59 21 1842.

300 982 89 20 Seeds.

51 1016 72 49 ON
135 1016 84 28 SALE,
231 1019 23 18 at
263 1016 37 22 the
309 1017 86 20 Gazette
400 1016 78 25 Office,
486 1016 24 22 in
516 1016 119 32 quantities

130 1047 21 18 to
167 1044 44 21 suit
229 1043 138 27 purchasers,
386 1043 38 22 the
442 1043 113 27 following
572 1042 63 23 seeds

48 1077 75 21 grown
135 1070 22 21 in
167 1070 38 21 the
216 1070 85 27 Colony
301 1081 28 5 —

78 1097 91 22 Lettuce
181 1097 109 25 (cabbage
300 1097 44 21 and
354 1096 144 27 drumhead),

75 1124 84 26 Turnip
170 1123 77 26 (white
258 1126 60 19 stone
327 1124 46 21 and
384 1123 90 27 swede),

76 1151 79 21 Carrot
165 1150 68 27 (early
244 1150 56 21 horn
311 1150 43 22 and
363 1150 55 27 long
429 1150 100 27 orange),

76 1177 103 27 Cabbage
191 1177 75 26 (sugar
276 1177 62 27 loaf),

76 1204 56 21 Peas
156 1204 109 26 (victoria,
290 1211 65 19 green
385 1210 101 20 marrow,
515 1210 118 20 auvergne,

47 1230 90 28 knights
148 1237 98 19 marrow,
259 1230 105 28 imperial,
378 1230 134 26 Mazarine),

76 1258 74 21 Beans
162 1257 90 25 (scarlet
261 1258 99 26 runner),

76 1284 80 26 Beans,
167 1284 84 28 kidney
263 1284 114 28 (speckled
389 1283 77 27 dwaif,
477 1283 66 23 black
558 1284 75 27 dwarf,

48 1311 64 23 dunn
122 1310 85 27 dwarf),

77 1338 78 27 Celery
165 1338 76 24 (white
252 1338 73 27 solid),

78 1365 75 22 Onion
165 1365 85 27 (mixed
263 1365 69 27 seed),

76 1392 68 26 Leek,

76 1418 95 22 Lentille
182 1418 100 28 (French
291 1418 44 23 and
345 1418 106 28 Spanish)

77 1445 105 26 Raddish,

77 1472 102 22 Mustard
189 1472 46 22 and
245 1479 66 20 cress,

77 1499 94 26 Spinach
182 1499 101 27 (round),

48 1525 54 23 And
114 1526 85 22 various
208 1525 68 22 kinds
287 1526 24 21 of
318 1526 117 26 vegetable
445 1526 65 22 seeds
525 1534 74 19 grown
610 1526 23 22 in

48 1552 118 28 England;
182 1552 46 22 also
240 1561 13 13 a
269 1552 86 28 variety
364 1554 26 21 of
402 1552 76 23 flower
494 1554 69 26 seeds,
579 1554 54 21 both

48 1580 102 21 Colonial
161 1579 43 22 and
215 1579 100 28 English.

77 1607 128 26 September
217 1608 32 24 16,
261 1608 57 21 1842.

87 1652 57 22 UST
159 1651 156 23 RECEIVED
325 1655 24 17 at
358 1651 37 23 the
403 1651 70 22 Office
480 1652 26 22 of
513 1651 36 23 the

115 1679 95 21 Zealand
350 1686 13 14 a
372 1679 43 21 few
431 1679 73 26 copies
514 1679 25 21 of
546 1679 37 23 the
593 1679 42 23 fol-

47 1706 83 27 lowing
146 1705 75 27 works,
233 1705 26 21 of
266 1705 44 22 last
318 1706 73 27 year's
400 1705 142 28 publication,
553 1707 44 21 and
611 1708 22 21 in

48 1733 113 22 excellent
170 1733 112 21 condition
289 1741 6 13 :
297 1743 25 5 —

75 1766 48 22 The
138 1766 98 22 Poetical
251 1766 79 22 Works
347 1766 25 21 of
388 1766 88 26 Hilton,
487 1766 55 22 with
556 1774 14 15 a
588 1775 47 14 me-

47 1794 64 26 moir,
131 1793 43 22 and
196 1800 68 15 seven
289 1793 190 22 embellishments
502 1793 31 28 by
553 1794 80 27 Fuseli,

47 1820 100 26 Westall,
172 1820 44 21 and
240 1820 92 22 Martin.
381 1820 62 26 Also,
468 1828 28 14 an
525 1821 110 22 excellent

47 1847 94 27 portrait
160 1847 26 21 of
200 1846 90 28 Milton,
313 1847 113 27 engraved
440 1848 29 26 by
483 1847 23 22 J.
527 1848 105 27 Cochran,

46 1874 60 21 from
117 1881 12 14 a
137 1874 125 27 miniature,
275 1874 116 27 originally
401 1874 22 21 in
435 1874 37 21 the
480 1875 120 26 possession
613 1876 25 21 of

48 1900 77 23 Oliver
132 1900 122 23 Cromwell.
285 1901 12 22 I
308 1901 43 21 vol.
358 1902 56 24 Svo.,
423 1901 76 22 bound
509 1902 22 21 in
540 1902 66 21 cloth.

75 1928 51 21 Life
142 1928 25 21 of
182 1928 37 21 the
238 1928 66 21 Duke
320 1928 26 21 of
359 1928 145 27 Wellington,
525 1929 109 27 compiled

47 1954 59 22 from
130 1954 34 22 his
188 1954 92 23 Grace's
303 1954 144 28 Despatches,
472 1955 116 27 published
611 1956 22 22 in

48 1983 61 25 1840,
122 1981 29 27 by
163 1982 87 26 George
259 1982 78 26 Soane,
349 1982 57 21 A.B.
435 1984 14 19 2
459 1982 53 21 vols.
523 1982 59 22 cloth
590 1983 44 21 and

46 2008 102 22 lettered.

74 2035 49 22 The
132 2034 61 28 Holy
203 2035 73 26 Bible,
286 2036 127 26 containing
423 2035 38 22 the
470 2035 44 22 Old
525 2036 44 22 and
579 2036 55 22 New

47 2062 146 25 Testaments,
218 2062 54 21 with
296 2065 69 23 notes,
384 2062 32 26 by
439 2062 37 21 the
496 2062 56 21 Rev.
573 2063 60 21 John

48 2088 89 22 Hobart
151 2088 103 26 Caunter,
272 2088 58 26 8.C.,
346 2088 80 21 author
440 2088 27 21 of
473 2088 38 21 the

47 2114 26 22 of
84 2114 39 23 the
309 2114 44 22 and
363 2114 146 23 embellished
520 2116 52 21 with
584 2116 50 22 four

47 2149 64 20 maps
127 2142 43 21 and
184 2142 40 21 144
238 2142 138 26 engravings,
398 2142 58 21 from
475 2142 111 28 paintings
605 2144 29 27 by

47 2168 92 22 Westall
151 2168 43 22 and
205 2168 92 27 Martin,
309 2170 47 20 Svo.
367 2168 68 22 cloth.

73 2196 49 21 The
134 2195 129 27 Beginner's
275 2195 85 22 French
376 2196 71 26 Book,
460 2196 44 21 and
517 2196 38 22 the
565 2196 68 22 Scho-

45 2222 53 21 lar's
118 2222 84 22 French
219 2222 71 26 Book,
309 2222 25 28 by
347 2223 62 21 Rene
428 2218 75 32 Aliva,
514 2224 79 22 author
612 2224 25 22 of

45 2248 38 23 the
120 2249 165 27 Anti-Spelling

73 2276 143 22 Montacute:
234 2283 25 14 or
268 2283 14 14 a
292 2276 54 22 New
363 2276 66 22 horne
431 2288 28 3 —
459 2276 74 22 who'll
547 2277 86 22 follow?

45 2302 35 28 By
91 2303 55 22 Mrs.
159 2304 63 26 Mary
233 2304 96 21 Clavers.
358 2305 14 20 2
379 2304 53 21 vols.
443 2306 49 20 Bvo.

75 2330 110 27 Scripture
200 2330 134 28 Biography,
348 2332 35 20 for
396 2330 37 22 the
447 2331 90 27 Young,
550 2331 83 22 embel-

44 2356 75 22 lished
130 2357 50 21 with
189 2357 78 28 plates.

73 2384 111 26 Voyages,
196 2384 147 26 Adventures,
360 2384 46 22 and
421 2384 96 28 Escapes
532 2385 26 21 of
570 2386 61 27 Capt.

46 2410 98 22 Richard
156 2410 113 26 Falconer,
282 2411 84 21 written
377 2411 30 27 by
417 2411 96 26 himself,
526 2413 10 21 1
549 2413 42 22 vol.

73 2438 97 21 Fisher's
180 2438 105 22 Juvenile
296 2438 66 26 Scrap
372 2438 70 27 Book,
454 2439 35 21 for
499 2441 58 20 1842.

74 2464 50 22 Life
143 2465 45 21 and
207 2465 71 25 Reign
299 2465 24 21 of
335 2465 99 22 William
449 2465 37 22 the
503 2466 89 26 Fourth,
603 2467 30 25 by

43 2491 39 21 the
95 2492 54 21 Rev.
162 2492 27 22 G.
200 2492 29 22 N.
241 2492 95 27 Wright,
348 2492 72 26 M.A.,
432 2494 13 20 2
456 2492 54 22 vols.

73 2518 50 22 Life
133 2519 42 21 and
186 2519 134 27 Campaigns
330 2519 26 22 of
367 2519 38 21 the
414 2519 68 22 Duke
491 2520 26 21 of
525 2519 108 29 Welling-

43 2549 46 23 ton,
101 2546 30 27 by
141 2545 36 22 the
188 2553 59 15 same
258 2545 95 23 Author.
380 2547 16 21 4
405 2546 55 22 vols.

73 2573 50 21 Life
137 2572 44 22 and
195 2573 96 21 services
309 2573 24 21 of
346 2573 94 21 Horatio
454 2573 109 23 Viscount
579 2575 53 21 Nel-

44 2607 50 19 son,
113 2599 56 22 from
182 2599 34 22 his
234 2599 117 28 lordship's
372 2600 153 27 manuscripts,
547 2601 29 28 by
595 2601 37 23 the

45 2627 57 21 Rev.
115 2626 22 22 J.
148 2627 21 21 S.
181 2626 85 27 Clarke,
278 2626 87 27 F.R.S.,
377 2627 46 21 and
433 2627 60 22 John
504 2627 127 29 M'Arthur,

45 2653 61 27 Esq.,
118 2653 85 22 L.L.D.
231 2655 13 20 3
256 2653 55 22 vols.

72 2680 50 22 The
139 2679 78 27 Rhine,
229 2680 67 27 Italy,
308 2680 42 22 and
369 2681 85 22 Greece
464 2681 133 28 illustrated,
608 2683 23 21 in

45 2714 15 15 a
69 2707 69 22 series
147 2707 25 21 of
180 2707 110 27 drawings
306 2707 54 23 from
377 2712 87 23 nature,
476 2708 51 22 with
544 2709 88 22 histori-

45 2734 36 22 cal
92 2734 45 22 and
146 2733 121 28 legendary
276 2734 151 28 descriptions.

73 2761 156 27 Shakspeare's
238 2761 116 22 Dramatic
365 2761 87 27 Works,
464 2761 52 23 with
527 2762 76 28 plates.
621 2765 10 21 1

42 2788 47 22 -vol.

72 2814 144 23 Buchanan's
224 2814 87 27 history
322 2814 24 22 of
352 2815 116 23 Scotland.
496 2817 11 21 1
518 2816 44 22 vol.

73 2841 95 28 History
178 2841 25 21 of
214 2841 109 27 England,
336 2845 20 17 to
372 2841 38 23 the
426 2842 67 22 death
508 2843 26 21 of
546 2843 87 28 George

45 2868 38 22 the
97 2868 92 26 Second,
200 2868 29 28 by
240 2869 78 21 Oliver
328 2868 125 22 Goldsmith
459 2878 7 18 ;
482 2869 121 23 continued
610 2874 23 18 to

44 2895 39 23 the
94 2895 127 23 coronation
231 2895 27 22 of
271 2895 78 25 Queen
360 2895 108 28 Victoria,
485 2897 28 26 by
524 2896 37 22 the
576 2897 57 23 Rev.

46 2923 29 22 G.
87 2923 31 21 N.
130 2922 95 27 Wright,
235 2923 67 21 M.A.

71 2949 111 28 Wesley's
205 2950 112 26 Sermons,
335 2949 53 22 with
406 2956 14 14 a
437 2950 100 27 memoir,
562 2951 29 27 by
610 2952 23 21 S.

43 2976 77 27 Drew,
135 2977 63 22 M.A.
640 2987 2 7 •

72 3003 98 23 Memoir
180 3004 25 21 of
211 3004 57 21 Rev.
278 3003 109 23 Rowland
402 3003 55 27 Hill,
469 3003 30 28 by
510 3004 33 21 W.
555 3005 77 26 Jones,

45 3030 90 22 Author
159 3030 26 22 of
228 3030 169 28 Testamentary
423 3031 114 27 Counsels,
589 3033 46 20 2nd

45 3057 91 22 edition.
165 3059 9 20 1
189 3057 40 22 vol.
640 3071 2 21 I

73 3084 122 27 Magnall's
203 3084 133 28 Questions;
350 3085 104 28 pictorial
464 3085 91 22 edition.

71 3111 106 22 Barton's
188 3111 82 30 Gospel
278 3111 84 28 history
371 3112 25 21 of
403 3112 82 22 Christ.
513 3114 11 20 1
534 3113 45 22 vol.

72 3137 49 23 The
131 3138 78 22 Easter
218 3138 55 22 Gift,
285 3139 30 27 by
324 3139 83 22 L.E.L.
438 3140 10 20 1
459 3139 44 21 vol.
640 3142 2 19 I

73 3163 49 24 The
132 3165 98 21 Parents'
242 3165 89 28 Friend,
339 3165 28 28 by
376 3165 60 22 John
448 3166 107 27 Morison,
563 3167 68 27 D.D.,

45 3191 91 23 Author
146 3192 23 20 of
317 3195 22 19 to
348 3200 13 14 a
374 3193 178 27 newly.-wedded

74 3218 112 28 Scripture
203 3219 92 26 History
308 3219 35 22 for
357 3219 85 22 Youth.
470 3221 15 21 2
501 3221 62 27 vols.,
581 3221 52 22 with

44 3253 65 24 maps
119 3244 44 22 and
174 3244 75 29 plates.

73 3272 48 22 The
142 3271 91 23 Women
255 3272 24 22 of
297 3272 106 27 England,
424 3273 58 22 their
502 3274 73 22 Social
590 3275 41 22 and

44 3299 116 22 Domestic
175 3299 86 26 Duties,
278 3298 31 28 by
318 3299 54 22 Mrs.
389 3299 68 28 Ellis;
476 3301 51 22 15th
541 3301 89 23 edition.

45 3327 9 21 1
68 3326 44 22 vol.

71 3354 103 21 Summer
188 3352 45 23 and
241 3352 88 22 Winter
344 3352 21 23 in
381 3353 38 22 the
429 3354 117 27 Pyrenees,
558 3356 28 26 by
594 3354 37 23 the

43 3387 62 15 lame
116 3380 94 22 Author.
239 3381 11 20 1
262 3379 45 22 vol.

73 3407 137 22 Goldsmiths
219 3406 84 26 history
314 3406 25 21 of
346 3405 36 23 the
392 3406 70 23 earth.
489 3409 15 20 4
513 3408 56 23 vols.

70 3434 108 23 Burder's
188 3433 88 27 Village
286 3434 110 21 Sermons.
425 3433 12 22 I
449 3434 43 22 vol.

71 3461 91 22 Wood's
172 3461 132 26 Dictionary
314 3460 26 21 of
346 3459 37 22 the
393 3459 71 23 Bible.
492 3463 14 20 2
515 3462 56 23 vols.

72 3488 92 22 Smith's
174 3487 111 27 Mecanic,
297 3488 14 21 2
320 3486 52 22 vols.

70 3515 49 22 The
130 3515 63 22 Book
203 3515 25 22 of
240 3515 108 21 Common
359 3514 90 27 Prayer,
460 3513 129 25 illustrated.
599 3516 3 4 '

69 3541 147 23 Fleetwood's
224 3541 40 22 life
275 3541 25 21 of
308 3541 79 22 Christ.

70 3568 69 22 Fox's
149 3568 110 23 Christain
269 3568 163 27 Martyrblogy.

69 3595 50 22 The
130 3595 70 22 whole
210 3595 54 28 duty
275 3595 26 22 of
308 3595 62 27 Man,
385 3595 32 27 by
426 3594 38 25 the
474 3595 56 22 Rev.
542 3595 90 24 Charles

40 3622 106 26 'Atmore,

70 3649 132 22 Morrison's
210 3648 89 28 Family
308 3649 101 27 Prayers.

69 3676 119 27 Bunyan's
204 3675 114 29 Pilgrim's
333 3676 110 27 Progress,
459 3675 134 27 beautifully
605 3676 17 22 il

40 3703 118 24 histrated.

69 3729 113 22 Sermon's
191 3729 30 27 by
229 3729 61 22 Blair
299 3729 46 22 and
354 3728 136 23 Whitefield.

69 3756 115 23 Buchan'a
193 3756 115 23 Domestic
318 3756 122 22 Medicine.

69 3782 113 24 Walker's
192 3783 156 27 Pronouncing
356 3782 139 33 Dictionary,

69 3809 136 24 Jamieson's
211 3810 133 26 Dictionary
349 3810 23 21 of
376 3810 144 23 Mechanical
531 3810 99 28 Science,

43 3838 63 26 Arts,
115 3837 175 26 Manufactures,
302 3837 41 22 &c.
369 3839 14 19 2
393 3837 64 26 vols.,
468 3838 44 21 4to.

69 3863 173 28 Encyclopaedia
251 3863 127 23 Edinensis.
407 3866 14 19 6
431 3864 56 22 vols.

68 3890 191 28 Drawing-Room
270 3892 70 26 Scrap
349 3890 61 22 Beok
420 3890 35 23 fox
466 3892 59 21 1842.

38 3935 4 4 .
69 3916 101 24 Mathew
181 3916 79 23 Wald.'

69 3944 65 23 Close
137 3944 18 22 '»
163 3944 86 23 Farailr
258 3943 93 28 Prayer.
483 3963 6 3 .
497 3962 4 4 .
522 3965 3 5 v
541 3962 12 5 
576 3944 17 22 /

69 3970 73 28 Grxft
151 3970 92 28 •pelling
252 3970 66 28 book,
330 3971 46 27 &c.,
389 3971 47 28 &<?.,
452 3972 41 21 &o.

1487 139 7 4 -
1518 129 40 21 To
1572 128 58 27 Let,
1711 136 2 5 '
1739 129 3 4 '
1781 150 9 3 _

1283 155 88 50 FOR
1386 155 54 23 such
1451 164 12 14 a
1472 159 56 19 term
1540 155 25 23 of
1570 163 63 20 years
1643 164 23 14 as
1682 164 52 19 may
1742 157 31 21 be
1785 157 82 27 agreed

1354 190 38 19 on,
1404 183 35 21 six
1447 190 61 14 acres
1508 183 11 30 j
1526 182 64 27 along
1606 183 36 21 the
1653 183 45 22 Kai
1713 183 151 28 Warra-rbad,

1280 216 29 14 on
1319 209 89 22 Section
1419 209 42 22 No.
1470 211 21 24 4,
1506 209 24 21 in
1546 216 42 14 one
1605 216 25 15 or
1646 217 59 14 more
1720 209 55 23 lots'."
1793 210 71 27 'Also,

1279 235 89 22 wanted
1388 243 12 15 a
1420 235 123 23 contractor
1560 235 35 23 for
1613 236 100 27 building
1731 244 13 14 a
1759 237 106 22 weather-

1279 262 100 22 boarded
1392 262 76 27 house,
1486 262 54 22 with
1557 262 62 22 brick
1638 262 114 29 chimnies,
1768 270 29 15 on
1817 264 48 22 said

1279 289 93 21 section.
1402 289 75 28 Apply
1487 293 22 17 to

1470 316 49 21 Mr.
1533 315 153 28 Macdonald,
1697 316 44 22 Kai
1750 315 88 24 Warra.

1283 360 4 6 ,
1306 341 46 23 Kai
1362 341 87 27 Warra,
1461 341 52 28 July
1525 343 20 25 8,
1558 343 58 21 1842.
1633 340 3 3 '

1316 402 3 3 •
1328 401 4 3 ■
1350 402 3 3 -
1381 409 2 4 ,
1404 413 4 2 _
1428 387 40 20 To
1482 387 34 20 be
1531 387 66 20 Sold
1616 393 30 14 or
1658 388 57 20 Let.

1278 418 9 12 r
1294 418 78 22 r*WO
1381 418 105 22 .Wooden
1497 415 95 29 Houses,
1603 426 28 13 on
1639 418 37 22 the
1681 418 182 30 Tinakore-road,

1288 440 24 24 X
1356 444 38 23 the
1412 444 82 23 second
1512 451 52 15 acre
1581 446 57 21 from
1657 445 92 28 Captain
1767 446 91 22 Smith's

1300 477 8 24 \
1324 472 130 26 containing
1468 471 49 22 four
1523 478 77 15 rooms
1609 472 43 21 and
1668 479 13 14 a
1694 479 99 21 passage,
1809 473 56 21 each

1280 496 52 23 with
1350 498 51 22 zinc
1420 498 66 25 roofs,
1512 498 45 21 and
1579 498 23 21 in
1626 505 67 21 every
1699 504 4 6 ■
1710 503 89 23 respect
1816 500 47 21 well

1280 523 101 23 finished.
1409 525 106 22 Terms—
1516 524 25 22 lf
1548 524 54 27 sold,
1613 525 59 22 dEISO
1682 526 35 21 for
1723 526 54 22 each
1783 526 69 22 house
1858 534 6 19 ;

1278 550 20 21 if
1309 550 38 28 let,
1359 551 31 22 £1
1402 559 40 19 per
1452 551 61 23 week
1522 551 36 22 for
1567 551 54 22 each
1630 551 77 23 house.
1734 553 76 27 Apply
1820 557 29 24 to^
1862 565 4 5 •

1552 602 3 4 .
1582 604 3 7 ,
1668 586 75 22 James
1757 587 81 22 Watt.
1858 600 7 7 .-

1290 610 145 28 Wellington,
1444 612 59 22 Nov.
1512 613 35 26 27,
1556 614 9 20 1
1569 613 37 21 841
1611 628 4 6 .
1801 611 3 3 '

1505 658 54 20 For
1573 658 69 23 Sale,
1670 669 3 3 -
1703 667 3 6 >
1729 670 4 3 -
1759 670 3 4 .
1781 667 6 4 -

1280 689 92 49 THE
1389 690 143 22 COTTAGE
1546 691 94 22 situated
1648 692 25 21 in
1691 692 99 22 Oriental
1807 693 56 28 Bay,

1355 716 46 22 and
1415 717 67 27 lately
1491 718 104 27 occupied
1613 719 27 26 by
1651 719 36 21 the
1705 719 158 27 undersigned.

1278 743 23 22 A
1315 742 54 28 long
1386 743 61 21 lease
1466 744 23 21 of
1506 744 39 22 the
1559 745 83 21 section
1656 753 58 20 upon
1734 746 73 22 which
1826 746 38 22 the

1279 769 68 23 house
1357 769 76 22 stands
1444 771 42 21 will
1496 771 27 21 be
1533 772 101 25 granted.

1305 797 68 21 Town
1385 796 54 22 land
1448 797 43 21 will
1501 797 27 22 be
1538 798 73 22 taken.
1614 799 22 21 in
1647 799 120 28 exchange.

1305 823 45 22 For,
1357 823 85 22 further
1451 824 134 27 particulars,
1597 825 64 28 apply
1672 829 22 18 to

1599 856 96 23 George
1710 858 88 27 Duppa,
1814 865 24 15 or

1428 898 3 5 .
1599 883 35 22 W.
1651 884 27 21 V.
1693 884 101 22 Brewer

1471 928 92 20 House
1578 930 28 19 to
1618 929 54 20 Let.

1278 961 52 48 A
1352 961 87 21 GOOD
1458 961 130 22 substantial
1607 962 74 26 house,
1702 962 51 22 with
1773 962 91 23 kitchen

1357 987 45 22 and
1413 988 135 27 out-houses,
1561 992 22 17 to
1592 988 31 22 let
1631 989 23 22 in
1664 989 198 23 Manners-street.

1278 1013 45 22 For
1331 1015 137 26 particulars,
1480 1015 65 27 apply
1558 1020 21 17 to
1591 1016 42 21 Mr.
1645 1016 119 22 Brewer's
1785 1017 76 22 Office.

1453 1065 107 22 Heifers
1574 1066 29 21 in
1618 1067 68 21 Calf.

1278 1091 90 47 FOR
1382 1091 85 26 SALE,
1479 1092 67 22 about
1561 1093 27 21 50
1598 1094 97 27 superior
1704 1094 55 21 bred
1772 1093 89 28 heifers,

1338 1122 59 17 most
1413 1117 31 22 of'
1450 1117 60 23 them
1525 1119 72 27 heavy
1612 1117 21 24 iii
1653 1120 48 27 calf,
1720 1121 43 21 and
1780 1121 83 27 having

1278 1143 56 22 been
1355 1151 61 15 some
1433 1144 51 22 time
1500 1145 22 21 in
1537 1146 37 22 the
1595 1146 89 27 Colony,
1703 1152 39 16 not
1756 1147 67 22 liable
1840 1152 22 17 to

1277 1171 68 21 suffer
1354 1171 57 21 from
1421 1171 38 21 the
1470 1171 74 22 effects
1554 1173 25 21 of
1591 1172 36 22 the
1643 1173 61 21 Toot.
1733 1174 47 21 The
1794 1175 69 21 above

1278 1198 67 21 cattle
1362 1205 42 15 can
1420 1198 27 21 be
1463 1199 99 26 strongly
1576 1199 177 28 recommended,
1773 1208 23 14 as
1811 1201 51 27 they

1278 1223 58 23 have
1352 1225 57 21 been
1426 1224 95 23 selected
1538 1226 55 21 from
1611 1226 36 21 the
1664 1234 117 14 numerous
1797 1228 66 21 cattle

1278 1251 60 28 ships
1347 1251 73 23 which
1432 1251 54 22 have
1503 1253 87 21 arrived
1604 1253 59 21 here.
1693 1253 73 28 Apply
1781 1257 23 18 to
1818 1254 44 21 Mr.

1278 1278 97 27 Revans,
1390 1279 87 20 Gazette
1486 1279 69 27 office,
1568 1287 24 14 or
1600 1282 23 20 to
1633 1280 44 22 Mr.
1689 1280 83 27 Hulke,
1781 1281 82 21 Evans'

1278 1305 56 26 Bay.

1306 1329 62 29 Also,
1379 1331 63 23 three
1451 1333 115 22 well-bred
1576 1341 71 15 mares
1653 1334 23 22 in
1686 1334 52 27 foal,
1750 1338 22 18 to
1781 1335 82 27 impor-

1278 1358 36 22 ted
1325 1359 83 21 horses.

1278 1404 65 26 Ship
1358 1404 84 21 Hotel
1457 1406 21 19 &
1492 1402 114 29 Tavern,
1621 1407 130 20 Manners
1766 1408 96 23 Street,

1428 1438 41 22 BY
1484 1438 84 22 JOHN
1585 1439 128 27 FULLER,

1279 1471 82 20 WINES,'
1371 1472 95 20 SPIRITS,
1479 1472 45 15 AND
1533 1473 63 15 MALT
1606 1474 96 15 LIQUOE.S
1713 1474 27 14 OF
1750 1474 113 15 SUPERIOR

1517 1500 107 15 QUALITY.

1352 1517 155 23 Commodious
1517 1526 74 15 rooms
1602 1520 49 21 with
1663 1520 54 27 good
1727 1521 61 21 beds.

1304 1545 94 21 Dinners
1415 1547 37 24 got
1472 1547 62 25 ready
1555 1554 26 13 on
1601 1549 35 19 the
1648 1549 91 19 shortest
1759 1549 74 20 notice.

1359 1580 31 14 AN
1402 1580 118 15 ORDINARY
1531 1582 69 14 DAILY
1611 1582 28 14 AT
1648 1576 14 20 2
1679 1575 101 22 O'CLOCK.

1385 1627 3 3 •
1422 1618 143 23 CHARLES
1582 1619 137 28 HARVEY,

1487 1646 101 24 Tailor,
1602 1647 54 24 &c,

1406 1672 114 26 Adjoining
1533 1674 71 20 Kumu
1620 1675 50 20 Toto
1684 1676 54 26 Pah,

1496 1707 155 21 WELLINGTON,

1278 1726 108 47 BEGS
1401 1729 23 18 to
1441 1730 75 18 return
1533 1727 81 22 thanks
1632 1733 21 16 to
1670 1729 37 21 the
1722 1731 82 25 gentry
1818 1729 44 21 and

1355 1753 74 27 public
1441 1753 22 20 of
1473 1753 56 22 New
1540 1754 99 23 Zealand
1647 1756 34 21 for
1689 1756 37 21 the
1734 1759 92 24 support
1835 1756 28 22 he

1278 1778 39 23 has
1334 1780 103 21 received
1452 1780 56 21 from
1526 1781 59 22 them
1602 1782 59 22 since
1675 1782 28 22 he
1718 1783 144 21 commenced

1278 1806 107 26 business,
1404 1806 45 22 and
1468 1806 28 22 he
1513 1815 87 15 assures
1616 1809 59 21 them
1692 1810 48 20 that
1756 1810 16 20 it
1792 1810 18 20 is
1830 1810 33 21 his

1278 1833 109 22 intention
1400 1837 23 18 to
1432 1834 105 22 continue
1547 1835 34 21 his
1597 1840 57 17 most
1670 1840 115 18 strenuous
1790 1843 2 4 1
1800 1844 53 14 exer

1278 1860 58 21 tions
1347 1865 22 16 to
1380 1861 67 21 merit
1456 1860 16 22 a'
1479 1862 147 22 continuance
1637 1863 24 21 of
1668 1863 56 21 their
1735 1869 127 21 patronage.

1305 1888 24 21 C.
1340 1888 29 21 H.
1380 1888 64 21 takes
1459 1888 44 21 this
1523 1890 142 26 opportunity
1680 1890 26 21 of
1717 1891 82 26 stating
1816 1891 48 21 that

1278 1913 32 22 his
1321 1914 63 22 stock
1394 1915 95 22 consists
1498 1915 26 22 of
1534 1923 14 14 a
1559 1916 57 26 good
1625 1917 83 27 variety
1719 1917 26 21 of
1752 1917 110 27 superfine

1278 1940 77 28 cloths,
1366 1941 111 27 doeskins,
1496 1944 87 24 tweeds,
1600 1944 125 26 moleskins,
1738 1944 122 26 velveteen,

1277 1968 55 26 pilot
1348 1968 66 27 cloth,
1427 1969 39 21 &c.
1477 1970 48 26 &c,
1541 1970 45 21 and
1602 1970 33 21 his
1646 1971 92 26 charges
1750 1971 45 25 (for
1814 1973 49 18 cash

1277 1996 58 24 only)
1347 1995 121 22 moderate.

1470 2041 26 19 J.
1510 2042 38 18 M.
1564 2042 109 23 Taylor,

1291 2072 154 22 LICENSED
1470 2072 238 23 CUSTOM-HOUSE
1732 2075 114 27 AGENT,

1525 2107 28 14 TE
1567 2108 51 13 ARO.
1873 2107 2 21 j

1414 2147 87 20 Town
1519 2147 30 20 of
1564 2147 162 21 Manewatu.

1277 2180 92 49 THE
1392 2180 216 23 PROPRIETORS
1633 2181 25 22 of
1682 2182 37 21 the
1740 2182 60 22 three
1815 2184 48 21 first

1365 2207 89 22 choices
1470 2211 24 18 at
1503 2209 36 20 the
1557 2208 44 21 last
1615 2209 103 21 selection
1730 2209 25 21 of
1769 2215 92 23 country

1277 2234 69 26 lands,
1362 2234 84 27 having
1465 2234 136 22 determined
1616 2242 59 19 upon
1692 2236 37 21 the
1745 2237 40 21 site
1800 2238 35 20 for
1849 2246 13 13 a

1290 2260 93 23 TOWN
1400 2262 42 21 ON
1459 2261 64 22 THE
1540 2262 186 22 MANEWATU
1743 2264 103 26 RIVER,

1277 2288 56 22 after
1338 2289 80 20 several
1426 2290 60 19 visits
1496 2293 20 17 to
1526 2289 36 21 the
1572 2289 185 28 neighbouroood,
1769 2291 46 21 and
1825 2292 36 21 the

1275 2318 58 18 most
1352 2315 85 22 careful
1456 2316 45 21 and
1518 2316 84 21 minute
1622 2317 148 22 examination
1786 2319 26 21 of
1825 2319 37 21 the

1277 2347 70 17 entire
1364 2342 93 27 district,
1472 2342 66 22 aided
1554 2343 31 27 by
1593 2343 37 22 the
1646 2344 142 27 professional
1802 2345 58 28 skill,

1277 2368 137 28 knowledge,
1435 2370 44 21 and
1494 2370 129 27 experience
1639 2370 25 21 of
1676 2370 36 22 the
1728 2376 58 17 most
1801 2380 60 14 com-

1277 2399 76 23 petent
1359 2396 90 27 judges,
1466 2403 92 21 propose
1574 2400 23 18 to
1613 2398 53 20 offer
1679 2398 31 21 for
1726 2398 102 28 disposal,
1840 2404 22 17 at

1428 2423 37 22 the
1473 2427 94 21 'present
1576 2424 59 27 time,
1647 2424 67 22 about

1276 2449 221 23 TWENTY-FIVE
1531 2451 106 25 ACRES,
1675 2452 34 20 IN
1747 2452 114 24 ALLOT-

1277 2476 113 28 MENTS,
1406 2476 86 23 EACH
1513 2477 39 22 OF
1578 2478 63 22 ONE
1661 2478 147 24 QUARTER
1823 2481 38 21 OF

1494 2504 43 21 AN
1554 2505 89 21 ACRE.

1303 2530 47 22 The
1359 2533 50 25 spot
1419 2530 51 22 thus
1478 2530 96 22 selected
1587 2539 108 20 possesses
1704 2531 37 22 the
1750 2538 58 18 most
1823 2542 38 14 ex-

1276 2557 85 22 tensive
1375 2558 102 26 frontage
1491 2561 22 18 to
1531 2558 56 27 deep
1600 2564 66 16 water
1681 2559 25 21 of
1717 2566 44 20 any
1776 2568 27 14 on
1824 2561 36 22 the

1277 2585 62 21 river.
1371 2585 21 20 It
1409 2584 19 21 is
1447 2584 96 22 situated
1557 2585 49 25 just
1618 2588 23 18 at
1656 2586 47 21 that
1723 2588 61 25 point
1802 2588 58 22 from

1338 2610 73 22 which
1422 2618 13 14 a
1444 2611 55 21 road
1510 2611 71 21 would
1592 2612 81 21 branch
1685 2612 32 22 off
1723 2617 22 17 to
1755 2613 37 22 the

1277 2645 94 15 WOODED
1394 2645 47 14 AND
1451 2652 3 4 •
1463 2645 96 15 FERTILE
1580 2645 115 15 DISTRICTS
1717 2647 74 15 ALONG
1815 2649 45 15 THE

1447 2672 56 14 BASE
1517 2672 27 14 OF
1558 2672 46 14 THE
1619 2672 73 20 HILLS,

1277 2692 41 22 and
1332 2692 71 22 above
1414 2692 72 21 which
1498 2692 34 21 the
1548 2692 126 26 navigation
1689 2693 34 22 for
1732 2695 81 21 vessels
1823 2695 38 23 be-

1278 2726 73 15 comes
1362 2719 85 25 tedious,
1459 2719 23 25 if
1487 2721 35 18 not
1532 2720 94 25 difficult.
1656 2720 21 21 It
1684 2720 17 22 is
1708 2720 107 24 therefore
1823 2722 37 22 the

1441 2750 3 6 1
1475 2747 63 26 point
1547 2746 71 22 where
1629 2747 36 21 the

1278 2780 88 22 LAND
1381 2780 68 22 AND
1465 2780 113 22 WATER
1593 2780 160 24 CARRIAGE
1767 2782 93 23 MEET.

1267 2808 2 32 j
1277 2807 44 21 and
1331 2806 73 23 where
1414 2814 14 15 a
1438 2807 68 22 Town
1524 2815 59 14 must
1599 2815 27 14 be
1640 2812 93 19 formed'
1748 2809 64 22 when
1824 2810 37 22 the

1278 2834 84 21 district
1377 2834 19 21 is
1405 2834 88 22 settled.
1523 2834 22 21 It
1553 2841 45 15 was
1607 2834 96 23 selected
1719 2836 29 28 by
1759 2836 36 22 the
1809 2837 54 22 Sur-

1267 2857 2 23 !
1277 2860 81 28 veying
1367 2860 60 23 Staff
1439 2868 24 15 as
1473 2861 37 22 the
1511 2861 2 6 1
1519 2861 136 23 rendezvous
1664 2862 35 22 for
1714 2862 57 23 their
1784 2864 62 28 body
1854 2873 6 19 ;

1278 2888 40 21 and
1331 2888 39 21 has
1380 2888 58 21 been
1448 2895 50 15 now
1511 2888 77 28 found,
1599 2889 56 22 after
1666 2890 84 22 several
1767 2892 95 21 months'

1277 2914 103 27 location,
1392 2918 22 18 to
1429 2915 27 22 be
1466 2915 37 22 the
1514 2920 57 17 most
1585 2916 163 28 advantageous
1758 2918 103 28 position,

1278 2942 55 21 from
1350 2943 28 20 its
1393 2942 99 27 peculiar
1513 2942 85 28 facility
1613 2943 24 22 of
1649 2944 110 27 approach
1770 2945 54 22 both
1833 2946 30 27 by

1278 2968 51 23 land
1339 2968 131 26 and.waler.
1826 2974 3 5 '
1846 2988 2 5 ,

1267 3000 2 17 I
1305 2996 27 21 In
1343 2996 154 22 confirmation
1509 2996 25 22 of
1539 2996 39 23 the
1588 2997 129 28 superiority
1727 2998 26 22 of
1761 2998 43 22 this
1814 3002 50 24 spot

1278 3030 52 15 over
1338 3030 46 21 any
1393 3024 64 21 other
1466 3028 38 23 yet
1513 3024 89 27 known,
1614 3024 37 22 the
1661 3025 89 22 Messrs.
1759 3026 103 27 Kebbell,

1278 3050 56 22 after
1352 3050 38 22 the
1410 3051 150 22 examination
1578 3052 26 21 of
1606 3057 3 3 •
1620 3052 36 21 the
1665 3054 3 4 '
1674 3052 59 22 river
1748 3052 56 22 from
1825 3053 38 21 the

1267 3077 2 32 j
1279 3077 88 22 Paneiri
1377 3078 48 21 Pah
1435 3081 23 18 to
1468 3078 28 21 its
1506 3078 84 27 mouth,
1602 3078 138 22 determined
1753 3085 31 16 on'
1792 3085 71 17 erect-

1481 3104 10 9 "'
1518 3104 37 28 ing
1567 3105 60 22 their
1645 3109 5 3 '
1713 3104 2 6 '

1279 3138 66 22 SAW
1359 3138 82 22 MILL
1462 3138 229 23 IMMEDIATELY
1705 3139 157 24 OPPOSITE.

1278 3165 47 22 Ihe
1343 3165 72 22 works
1433 3165 26 21 of
1475 3165 48 22 that
1540 3165 168 22 establishment
1726 3174 36 14 are
1782 3171 22 18 at
1820 3168 43 21 this

1279 3196 100 18 moment
1396 3192 23 21 in
1435 3192 64 27 rapid
1514 3199 107 20 progress,
1638 3193 43 21 and
1700 3193 36 22 the
1754 3194 109 28 proposed

1278 3219 68 22 Town
1357 3219 43 22 will
1411 3219 132 26 necessarily
1550 3219 90 26 partake
1647 3219 26 22 of
1679 3219 41 22 this
1731 3220 130 28 advantage.

1305 3246 48 23 The
1373 3246 93 21 nucleus
1482 3245 24 22 of
1523 3253 11 13 a
1550 3245 72 22 Town
1637 3246 25 27 is,
1672 3247 24 21 in
1710 3248 50 26 fact,
1772 3248 91 28 already

1280 3273 95 25 created,
1385 3273 29 26 by
1425 3272 37 22 the
1473 3273 164 21 concentration
1654 3273 24 22 of
1693 3273 36 22 the
1730 3281 4 4 1
1740 3276 124 27 Surveying

1279 3300 57 22 Staff
1342 3307 30 14 on
1383 3299 47 22 that
1441 3304 55 23 spot,
1508 3306 23 15 as
1540 3301 37 20 the
1588 3304 74 17 centre
1679 3301 24 21 of
1714 3302 150 23 communica-

1279 3328 44 21 tion
1334 3330 23 18 to
1369 3327 36 21 the
1416 3327 148 27 surrounding
1574 3326 96 28 district;
1687 3328 37 22 the
1734 3330 97 21 erection
1841 3330 26 21 of

1280 3351 89 24 Messrs!
1381 3353 116 22 Kebbell's
1513 3354 48 21 Saw
1578 3353 62 22 Mills
1658 3355 95 27 opposite
1762 3363 4 19 ;
1783 3357 28 26 by
1826 3357 37 22 the

1279 3384 165 24 arrangements
1457 3380 35 21 for
1507 3388 27 14 an
1553 3382 112 21 extensive
1677 3382 97 23 General
1786 3384 76 28 Store;

1280 3408 42 21 and
1334 3408 28 26 by
1371 3406 91 23 the'latie
1473 3407 131 27 application
1613 3408 32 21 for
1654 3416 13 13 a
1673 3409 107 23 Licensed
1788 3410 76 23 House

1278 3442 28 15 on
1315 3434 38 22 the
1359 3438 59 28 part-
1422 3434 25 21 of
1454 3441 34 14 .an
1498 3434 123 22 individual
1636 3435 48 22 who
1693 3457 5 7 t
1699 3436 45 28 has,
1751 3437 65 25 .since
1825 3438 39 21 the

1278 3462 117 21 formation
1414 3461 26 22 of
1454 3461 38 21 the
1509 3461 91 27 Colony',
1616 3462 106 26 pursued.
1727 3470 14 15 a
1759 3464 106 23 lucrative

1279 3488 61 22 trade
1352 3488 52 22 with
1414 3487 38 22 the
1463 3487 92 28 natives,
1566 3488 47 22 and
1624 3488 70 23 whose
1705 3489 130 29 knowledge
1843 3492 25 22 of

1278 3516 37 21 the
1325 3515 137 27 advantage's
1473 3515 25 22 of
1504 3515 37 21 the
1552 3515 100 27 position,
1661 3518 115 26 prompted
1785 3517 47 24 him
1842 3522 24 19 at

1278 3549 56 15 once
1345 3546 22 18 to
1374 3542 77 29 prefer
1459 3541 49 22 that
1520 3542 160 26 application...
1706 3562 3 6 ,

1295 3569 2 5 '
1304 3569 48 22 The
1362 3568 96 23 Natives
1472 3568 29 28 by
1511 3571 72 19 whom
1599 3568 44 22 this
1653 3570 53 21 land
1715 3578 45 15 was
1770 3572 95 23 claimed

1278 3603 37 15 are
1325 3596 61 27 quite
1397 3595 109 27 prepared
1515 3595 350 31 togiveuppossession,.andare

1277 3623 148 27 exceedingly,
1434 3622 95 22 anxious
1541 3626 22 17 to
1578 3629 59 15 nave
1646 3630 14 15 a
1669 3623 118 29 European
1795 3633 71 21 popu-

1276 3649 69 23 lation
1355 3656 84 20 among
1449 3648 67 27 them,
1528 3648 84 28 having
1618 3650 4 2 '
1628 3647 61 24 Been*
1692 3657 60 21 upon
1762 3652 37 22 the
1807 3657 60 18 most

1277 3676 97 31 friendly
1380 3676 88 27 footing
1479 3676 52 21 with
1539 3676 38 21 the
1589 3676 124 29 Surveying
1722 3678 59 23 Staff
1786 3680 81 26 during

1276 3704 39 21 the
1323 3702 51 25 four
1383 3711 24 14 or
1416 3703 45 22 five
1470 3702 89 23 months
1567 3702 55 28 they
1640 3702 67 24 have.
1712 3704 57 26 been
1778 3706 94 23 located'

1275 3730 71 23 there.

1306 3758 33 21 As
1348 3758 38 21 the
1395 3756 139 28 Proprietors
1541 3763 95 21 purpose
1644 3760 23 19 to
1676 3757 87 29 dispose
1773 3760 26 22 of
1803 3760 42 22 but
1853 3768 14 14 a

1276 3785 86 22 limited
1374 3783 92 35 portion
1484 3783 28 22 of
1520 3782 38 23 the
1572 3784 70 21 Town
1657 3788 23 18 at
1697 3789 96 25 present,
1812 3788 53 27 they

1276 3812 78 28 pledge
1365 3811 134 23 themselves
1507 3810 54 27 that,
1572 3814 25 18 at
1605 3817 30 16 no
1653 3811 73 23 future
1734 3812 64 29 sales,
1808 3814 59 23 shall

1277 3840 38 21 the
1325 3839 130 22 allotments
1463 3838 29 22 be
1501 3840 40 26 put
1546 3845 30 19 up
1586 3840 25 19 at
1619 3845 14 14 a
1642 3835 45 26 less
1696 3846 49 15 sum
1754 3840 53 22 than
1816 3849 51 15 now

1278 3866 89 23 offered.
1390 3871 3 4 '

1303 3895 22 22 A
1344 3894 135 26 Prospectus
1498 3890 44 24 and
1561 3890 57 24 Plan
1638 3892 26 22 of
1677 3892 38 23 the
1732 3893 69 23 Town
1820 3896 47 21 will

1277 3920 84 28 shortly
1370 3920 29 22 be
1407 3919 70 27 ready
1486 3918 34 23 for
1529 3919 124 26 inspection
1668 3922 23 19 at
1702 3920 38 21 the
1751 3920 82 24 Offices
1844 3922 26 22 of
1867 3927 4 12 1

1268 3944 99 26 ivMessrs'.
1379 3946 70 23 Waitt
1458 3945 45 23 and
1513 3946 75 26 Tyser,
1600 3946 31 22 Te
1640 3947 54 22 Aro.
1748 3956 4 7 >
1865 3958 6 12 >

1268 3967 12 28 %
1304 3974 147 26 Wellington,
1462 3972 65 28 April
1535 3974 34 26 22,
1581 3974 60 21 1542.

851 130 114 21 Gazette
979 129 91 21 Office.

665 163 201 23 STATIONERY
880 163 197 23 WHOLESALE
1092 163 19 22 &
1127 163 124 23 RETAIL.

664 198 87 48 WE
775 198 45 27 beg
842 200 22 19 to
889 204 115 15 announce
1023 197 37 22 the
1082 197 88 27 arrival,
1183 197 68 24 .from

758 224 114 28 England,
884 224 24 22 of
916 224 38 22 the
970 224 48 22 first
1027 228 48 23 part
1084 223 26 23 of
1118 231 42 23 pur
1175 227 77 19 exten-

664 250 46 23 sive
719 251 76 22 orders
804 251 22 21 in
838 251 45 21 this
892 251 143 26 department
1044 251 26 21 of
1076 250 109 23 business.
1205 250 47 22 Our

664 277 63 22 stock
736 277 90 27 already
837 277 92 22 consists
945 277 26 22 of
982 284 68 19 every
1058 277 76 21 article
1151 277 100 28 requi/ed

664 304 34 22 for
712 304 98 27 Schools,
827 303 81 28 Banks,
1101 303 88 25 Offices,
1207 303 44 22 and

665 331 87 26 Artists,
764 331 41 21 &c.
814 338 5 19 ;
836 330 74 22 whilst
918 330 37 22 the
972 329 139 23 ornamental
1122 330 43 22 and
1183 331 68 21 draw-

664 358 37 26 ing
713 364 63 14 room
792 357 123 27 stationery
931 357 40 21 has
983 360 42 18 not
1037 357 59 21 been
1112 357 138 22 overlooked.

664 384 46 22 The
722 384 127 22 difficulties
859 383 115 28 attending
982 383 40 22 the
1031 383 48 22 first
1086 383 166 22 establishment

664 410 80 27 having
755 411 57 21 been
828 417 123 20 overcome,
962 410 46 22 and
1019 417 66 20 every
1100 410 81 21 arrival
1197 411 52 21 from

665 437 103 27 England
787 437 84 27 adding
887 437 59 21 fresh
962 437 111 21 additions
1088 439 23 19 to
1127 443 39 15 our
1181 437 68 26 stock,

666 463 42 22 will
725 463 79 23 enable
819 471 26 14 us
854 467 24 19 to
894 463 81 22 reduce
992 470 41 15 our
1047 463 92 26 charges
1150 470 29 14 on
1195 466 56 19 most

664 490 87 22 articles
760 494 24 18 at
792 490 59 22 least
858 491 29 21 50
894 497 40 20 per
943 494 59 18 cent.

690 517 162 28 Storekeepers^
865 517 42 21 and
926 516 119 22 wholesale
1063 515 87 23 dealers
1167 524 42 14 can
1222 516 29 22 be

664 543 100 28 supplied
779 547 24 18 to
818 550 45 21 any
872 547 84 22 extent,
974 543 44 22 and
1035 550 27 14 on
1080 547 68 17 terms
1163 543 88 28 equally

665 569 164 28 advantageous
838 573 24 19 to
871 577 44 21 any
923 569 106 23 obtained
1038 569 23 22 in
1072 569 97 28 Sydney,

691 597 95 27 Writing
794 604 76 21 papei,

692 623 112 31 Imperial^

691 651 79 26 Royal,

690 677 116 27 Foolscap,
817 677 88 22 various
915 677 109 28 qualities,

691 703 71 28 Large
770 703 61 23 thick
840 707 58 28 post,
909 711 62 15 wove
981 703 46 23 and
1037 703 52 27 laid,

690 730 58 22 Thin
757 734 57 23 post,
825 730 64 26 ditto,

692 757 55 21 Fine
755 757 55 21 bath
821 761 56 22 post,
889 756 46 28 gilt.

690 783 89 22 Double
795 783 111 28 elephant,
923 784 148 27 antiquarian,
1087 783 108 29 imperial,
1207 782 43 23 and

664 810 61 27 royal
736 810 98 27 drawing
842 818 75 20 paper,

692 837 90 27 Oblong
791 837 92 27 clasped
894 837 167 23 memorandum
1071 837 77 26 books,

689 863 87 23 French
786 864 86 27 tracing
881 871 74 20 paper,

690 890 88 22 Ladies'
788 891 46 21 and
842 891 148 26 gentlemen's
1000 891 54 21 card
1064 898 67 19 cases,

691 917 64 22 Ditto
824 917 36 22 do.
917 917 71 23 tinted
998 918 47 22 and
1056 917 116 23 embossed
1179 917 71 27 cards,'

690 945 95 27 Sponge,
797 944 78 22 wafers
884 945 23 21 in
916 947 14 19 2
939 952 35 14 oz.
983 945 77 25 boxes,

690 971 68 23 Black
775 971 56 28 edge
850 971 46 23 and
914 971 117 27 bordered,
1051 971 65 22 letter
1134 971 46 22 and
1199 975 50 18 note

663 1004 74 21 paper.

690 1025 91 22 Invoice
791 1025 76 27 books,
878 1025 52 21 with
941 1025 101 27 indexes,
1053 1025 88 21 various
1151 1025 63 27 sizes,

691 1052 56 21 Cash
754 1052 78 27 books,
842 1052 66 22 ruled
917 1051 88 28 double,
1016 1052 89 22 various
1115 1053 62 26 sizes,

690 1078 131 27 Envelopes,

690 1105 84 22 Pewter
781 1105 125 27 inkstands,

690 1131 79 28 Ebony
777 1132 125 27 inkstands,
913 1132 52 22 with
976 1132 101 27 drawers,

690 1157 72 23 Broad
774 1159 43 22 and
828 1166 83 15 narrow
922 1166 69 21 green
1000 1159 43 22 silk
1055 1159 85 28 ribbon,

690 1185 65 22 Brief
761 1186 45 21 and
817 1186 58 22 deed
883 1194 73 19 paper,

690 1212 72 22 Ruled
772 1220 70 21 paper
851 1213 34 21 for
895 1213 38 21 bill
943 1213 76 26 heads,

690 1239 71 27 Royal
777 1241 68 26 hand,
859 1240 80 22 double
957 1240 62 22 hand
1034 1240 85 26 brown,
1136 1239 45 22 and
1189 1239 60 28 royal

662 1265 74 22 brown
748 1267 115 28 wrapping
871 1274 74 21 paper,

691 1293 99 27 Ledgers
800 1295 44 20 and
854 1298 96 17 account
958 1293 78 27 books,
1047 1293 87 22 various
1146 1293 62 28 sizes,

690 1319 82 23 Pocket
781 1321 89 27 ledgers
880 1321 42 22 and
933 1320 170 22 memorandum
1113 1320 76 27 books,

690 1346 120 28 Engraved
820 1356 56 20 copy
884 1348 52 27 slips
946 1347 45 22 and
1000 1347 78 27 books,

691 1374 52 22 Best
752 1375 79 21 Welch
842 1375 73 26 slates,
925 1375 61 27 large
994 1374 44 22 and
1048 1374 71 27 small,

690 1400 74 23 Blank
773 1402 72 23 music
854 1402 77 27 books,

690 1427 103 29 Message
804 1430 71 27 cards,

689 1455 111 22 Coloured
812 1465 86 20 papers,

690 1483 71 26 Sugar
769 1490 87 21 papers,

692 1509 59 22 hote
760 1517 87 21 papers,

690 1536 92 28 Playing
792 1538 71 27 cards,
875 1539 104 22 coloured
989 1539 44 22 and
1040 1538 52 28 gold
1100 1538 76 27 backs,

690 1564 61 27 Copy
760 1564 77 28 books,

690 1590 68 22 Black
769 1591 50 23 lead
829 1592 91 28 pencils,

690 1618 65 21 India
764 1619 88 27 rubber,
863 1620 71 21 bottle
944 1620 45 21 and
1001 1622 85 25 patent,

690 1644 67 28 Ivory
767 1646 82 22 folders
858 1646 47 22 and
914 1647 84 27 knives,

690 1672 46 21 Pen
748 1672 85 26 knives,

690 1698 86 26 Rulers,
785 1700 84 26 pocket
878 1700 76 27 books,

691 1725 71 22 Blank
772 1727 52 22 bills
834 1727 25 22 of
866 1728 124 26 exchange,

690 1752 76 23 Letter
774 1754 46 21 and
832 1754 36 22 bill
882 1754 53 27 files,

690 1778 42 23 Ink
742 1780 42 22 and
795 1780 40 22 ink
844 1781 105 28 powders,

690 1806 74 23 Bibles
774 1808 42 21 and
829 1811 133 24 testaments,

690 1833 97 29 Spelling
795 1835 77 26 books,
884 1835 93 27 various,

690 1860 100 28 Primers,

690 1887 124 23 Children's
824 1889 70 21 books
904 1890 23 20 in
937 1891 63 25 great
1008 1888 95 28 variety,

690 1914 71 23 Blank
773 1916 170 22 Custom-house
957 1916 76 26 forms,
1052 1916 35 21 for
1103 1915 144 27 auctioneers,

663 1941 45 21 and
717 1941 28 22 all
756 1942 37 22 the
810 1942 65 22 other
885 1943 172 21 Custom-house
1067 1943 68 21 forms
1145 1942 34 22 for
1189 1943 58 21 Mer-

663 1968 83 22 chants.

690 1996 114 21 Seamen's
813 1996 100 22 advance
924 1999 71 19 notes.

690 2022 115 22 Seamen's
815 2024 88 21 articles
913 2024 24 21 of
944 2026 138 24 agreement.

690 2049 136 25 Log-books.

690 2074 72 23 Blank
772 2076 67 24 writs,

690 2101 144 22 Parchments
844 2102 35 21 for
906 2102 74 22 deeds.

690 2128 79 24 Quills.

691 2155 56 22 Ever
757 2156 89 27 pointed
857 2155 73 28 pencil
939 2163 61 15 cases
1009 2156 24 22 in
1040 2156 99 29 superior
1150 2156 97 22 German

663 2182 76 22 Silver.

690 2209 88 22 Lucifer
787 2210 76 21 boxes.

689 2236 76 21 Wafer
774 2239 89 25 stamps.

730 2281 108 22 ANTED
854 2281 20 22 A
889 2281 243 23 SHEPHERD.-No
1142 2290 41 14 one
1192 2283 55 21 need

743 2308 65 27 apply
819 2308 48 22 who
878 2309 41 21 has
934 2311 40 20 not
983 2309 57 22 been
1056 2309 95 28 brought
1159 2318 30 19 up
1198 2317 25 14 as
1236 2317 13 14 a

663 2335 120 27 Shepherd.
813 2335 77 28 Apply
900 2338 23 19 to

838 2370 35 21 W.
886 2370 90 28 Hulke,
988 2371 150 27 Cowpastures
1149 2372 73 21 Farm.

755 2422 93 19 Union
862 2422 79 21 Bank
956 2423 30 20 of
1003 2424 150 20 Australia.

664 2454 91 22 London
774 2455 93 26 Office,
884 2455 45 22 No.
942 2457 36 24 38,
997 2456 50 22 Old
1064 2457 184 22 Broad-street.

715 2487 93 27 Capital,
819 2487 122 27 £800,000;
962 2488 52 27 paid
1021 2495 40 21 up,
1077 2489 118 27 £500,000.

896 2526 109 13 DinECTons
1009 2526 6 13 :

766 2547 69 21 George
842 2547 38 17 Fife
888 2548 67 20 Angas,
963 2548 49 20 Esq.,

766 2568 68 17 Robert
841 2569 76 19 Brooks,
927 2569 47 20 Esq.,

765 2589 61 17 James
835 2590 47 16 John
891 2589 99 20 Cummins,
999 2590 48 20 Esq.,

765 2610 69 17 Robert
841 2611 96 19 Gardener,
949 2611 48 20 Esq.,
1009 2611 123 19 Manchester.

765 2631 47 16 John
822 2631 46 17 Gore
884 2631 49 21 Esq.,

764 2652 48 17 John
820 2652 81 17 William
908 2652 75 19 Buckle,
989 2652 49 21 Esq.,

765 2673 95 20 Benjamin
869 2673 21 17 E.
896 2672 64 21 Lindo,
967 2673 49 20 Esq.,

765 2694 73 16 Charles
845 2692 79 19 'Edward
931 2694 87 20 Mangles,
1025 2695 51 19 Esq.,

765 2715 115 20 Christopher
888 2715 83 19 Rawson,
980 2715 48 20 Esq.,
1040 2716 82 20 Halifax,

764 2736 80 16 Thomas
851 2736 64 19 Sands,
924 2736 47 20 Esq.,
979 2735 101 21 Liverpool,

764 2757 62 16 James
834 2756 56 21 Bogle
897 2756 65 20 Smith,
968 2757 49 20 Esq.,

764 2778 62 16 James
834 2777 81 17 Ruddell
921 2777 106 21 Todd.Esq.

661 2800 85 23 Trustees
751 2811 5 11 :
772 2806 82 16 George
864 2805 58 17 Carr
933 2806 60 19 Glyn,
1006 2806 48 20 Esq.,
1065 2806 54 17 John
1131 2807 61 20 Gore,
1201 2808 50 20 Esq..

806 2827 38 16 and
851 2827 66 16 James
925 2826 17 17 J.
948 2827 102 19 Cummins,
1059 2827 44 21 Esq.

688 2854 91 17 Bankers:
791 2854 76 17 Messrs.
874 2854 62 19 Gltn,
947 2854 116 21 Hallifax,
1070 2855 72 20 Mills,
1150 2855 35 17 and
1193 2855 31 19 Co.

780 2883 102 20 Secretary:
894 2883 84 16 Samuel
984 2883 96 19 Jackson,
1087 2884 44 20 Esq.

751 2910 80 17 Colonial
838 2911 96 20 Inspector
938 2916 5 10 :
953 2911 18 16 J.
979 2911 19 16 C.
1005 2911 104 20 M'Laren,
1117 2912 44 21 Esq.

783 2958 69 21 New
870 2958 122 21 Zealand
1011 2960 116 20 Branch.

661 2993 54 16 Local
721 2993 91 16 Dircctori
818 2997 5 11 :
838 2992 48 16 Geo.
897 2992 19 16 S.
927 2992 72 18 Evans,
1012 2993 49 20 Esq.,
1073 2993 65 17 D.C.L.
1156 2995 35 17 and
1204 2996 47 17 Geo.

882 3013 92 20 Hunter,
986 3013 44 21 Esq.

661 3039 95 21 Manager:
768 3038 49 17 John
824 3039 73 19 Smith,
906 3039 47 20 Esq.,
962 3038 36 18 late
1005 3040 21 16 of
1033 3040 33 17 the
1073 3040 118 19 Commercial
1198 3042 53 17 Bank

829 3060 22 16 of
859 3059 89 21 England,
959 3060 124 18 Manchester.

770 3080 115 22 Branches
895 3085 25 17 at
935 3081 96 28 Sydney,

935 3107 89 23 Hobart
1031 3109 78 28 Town,

928 3153 3 3 .
937 3135 148 28 Launceslon,
1098 3137 45 21 and
1167 3151 2 3 ■

936 3162 53 22 Port
999 3163 81 28 Philip.

662 3189 53 23 Port
724 3188 131 29 Nicholson,
866 3189 81 22 March
956 3191 35 26 24,
1003 3191 61 21 1840.

663 3243 90 49 THE
769 3243 116 22 Directors
901 3243 27 22 of
943 3243 39 22 the
998 3243 58 23 New
1071 3244 101 23 Zealand
1187 3246 65 22 Land

736 3271 117 27 Company
866 3269 81 28 hereb}
967 3270 51 27 give
1035 3271 82 27 notice,
1134 3272 50 22 that
1197 3273 55 28 they

661 3297 57 22 have
724 3305 113 15 EFFECTED
849 3304 29 15 AN
889 3305 172 15 ARRANGEMENT
1070 3299 52 21 with
1131 3299 37 22 the
1174 3299 76 23 Union

661 3324 64 22 Bank
739 3325 26 21 of
781 3323 121 28 Australia,
920 3324 43 22 No.
980 3326 34 25 38,
1030 3322 44 25 Old
1091 3325 158 29 Broad-street,

661 3351 106 28 London,,
773 3351 35 22 for
817 3351 39 21 the
868 3351 169 22 establishment
1051 3352 27 22 of
1091 3360 14 14 a
1120 3352 130 24 BRANCH

660 3378 89 22 BANK
764 3377 34 23 IN
812 3377 73 22 NEW
899 3377 159 29 ZEALAND,
1073 3379 96 28 through
1179 3381 71 22 which

660 3404 38 23 the
706 3405 103 22 business
820 3404 28 22 of
860 3404 38 22 the
917 3405 54 22 New
989 3405 102 26 Zealand
1104 3406 65 23 Land
1186 3408 65 22 Com-

661 3439 59 20 pany
729 3432 45 22 will
782 3432 28 22 be
819 3431 137 23 transacted.
969 3433 3 4 '
983 3431 48 23 The
1047 3433 116 22 Directors
1169 3452 2 3 .
1178 3433 73 24 there-

659 3460 47 21 fore
717 3458 144 23 recommend
870 3462 22 18 to
911 3459 110 22 Colonists
1037 3459 38 22 the
1094 3460 76 22 Union
1186 3461 65 23 Bank

660 3486 27 22 of
704 3486 113 22 Australia
835 3492 25 15 as
878 3493 28 15 an
934 3485 170 23 establishment
1124 3488 127 28 possessing

660 3513 58 21 their
733 3513 70 22 entire
826 3513 138 27 confidence,
984 3513 45 22 and
1049 3513 50 22 able
1118 3518 23 18 to
1158 3515 93 27 provide

660 3540 125 27 effectually
800 3539 36 22 for
851 3539 38 22 the
903 3539 107 23 financial
1024 3544 72 19 wants
1113 3541 25 22 of
1150 3542 37 21 the
1202 3542 49 23 first

659 3567 136 22 settlement.
865 3587 4 3 .
970 3581 4 3 •
1037 3587 5 5 ,

825 3593 38 28 By
872 3593 67 22 order
948 3593 26 22 of
983 3590 38 25 the
1031 3593 82 29 Board,

904 3627 87 23 JOHN
1004 3628 106 27 WARD,
1125 3629 124 29 Secretary.

656 3654 61 22 New
725 3654 99 23 Zealand
833 3654 67 22 Land
909 3655 136 27 Company's
1054 3655 79 28 Office,
1151 3668 4 3 ■

687 3687 19 22 1,
718 3685 160 27 Adam-street,
889 3686 105 28 Adelphi,
1004 3687 55 22 27th
1067 3687 60 27 Aug.
1146 3689 61 21 1839.

663 3730 90 48 THE
775 3732 81 20 Nelson
878 3733 118 20 Examiner
1018 3734 43 20 and
1081 3732 55 23 New
1157 3735 94 21 Zealand

735 3756 109 24 Chronicle
860 3759 127 27 (published
996 3763 23 18 at
1028 3760 103 28 Nelson,)
1146 3760 21 23 is
1183 3769 68 21 regu-

659 3783 58 29 larly
735 3786 142 22 transmitted
891 3789 23 18 to
931 3786 144 29 Wellington,
1095 3787 44 23 and
1154 3795 52 21 may
1221 3790 28 22 be

659 3810 44 22 had
713 3814 24 19 at
745 3810 38 23 the
793 3812 64 22 office
867 3812 25 22 of
903 3812 45 23 this
956 3821 74 21 paper.

687 3836 47 23 The
744 3839 77 21 Nelson
830 3840 118 21 Examiner
963 3840 44 22 will
1016 3842 28 20 be
1054 3841 70 23 found
1134 3849 29 15 an
1175 3843 83 30 excel-)

659 3864 49 23 lent
715 3865 99 22 medium
823 3866 36 22 for
869 3866 138 23 advertisers.
1250 3863 8 26 I

685 3891 78 22 Terms
773 3892 34 22 for
816 3892 39 23 the
864 3900 74 21 paper,
950 3897 36 19 ten
995 3893 103 29 shillings
1111 3902 39 21 per
1159 3888 100 36 quarter)

656 3918 101 28 .payable,
760 3919 24 22 in
795 3918 108 23 advance.
1244 3916 8 25 (

654 3942 17 33 .\,
687 3945 81 23 Orders
790 3946 34 23 for
844 3946 39 23 the
904 3954 68 22 paper
995 3948 46 22 and
1052 3966 4 4 .
1063 3948 196 24 advertisements

659 3972 102 23 received
770 3976 23 19 at
804 3973 36 22 the
851 3973 76 22 Office'
934 3974 26 22 of
971 3974 45 22 thi»
1024 3982 77 20 paper.
1232 3971 32 34 Y-\i
