3253 4248
71 88 227 47 Visitors'
320 88 121 47 List.

166 187 102 30 Geyser
278 188 82 25 Hotel

37 222 44 17 Sirs
85 221 43 19 sod
134 222 49 18 Miss
190 222 23 18 Oi
216 223 6 17 i
224 229 40 15 ven,
273 223 77 24 Sydney

177 246 79 24 Uriggs,
304 259 13 8 „

177 268 115 23 Alexander,
301 269 113 20 Melbourne

73 291 98 21 HicJiwds,
179 291 78 24 Sydney

37 314 69 18 Misses
113 315 79 22 .Hun-ay
200 314 34 24 (2),
241 315 79 24 Sydney

36 336 49 19 Miss
94 338 84 17 Perkins.
186 338 90 17 Brisbane

69 360 116 21 Grimwude,
198 361 112 18 Melbourne

68 384 42 17 jand
117 384 33 17 Mr
157 384 97 20 fiicnards,
263 385 78 23 Sydney

36 406 53 18 Man.
97 407 24 17 P.
130 408 38 16 and
176 408 40 16 Mrs
224 407 85 23 Pcrlrius,
318 408 92 19 Brisbane

35 429 33 18 Mr
75 429 86 24 Murray,
167 430 80 23 Sydney

70 453 41 17 and
118 453 73 17 Master
198 453 96 22 Blundell,
303 454 118 24 Wellington

67 475 27 18 X.
103 475 84 20 Perkins,
197 476 92 19 Brisb.no

68 498 41 17 and
116 498 41 18 Mrs
164 498 91 23 Seymou*
265 501 62 21 Allan,
337 501 91 18 Brisbane

68 522 96 25 Courage,
171 524 90 23 England

70 547 115 22 Gill-Garey,
195 547 108 23 Wanganui

69 571 40 17 nnd
117 571 40 17 Mrs
165 571 98 20 Patcrson,
273 569 90 19 Adelaide

68 594 76 22 Smyth,
156 594 72 17 Dublin

69 615 67 22 Wood,
145 616 78 23 Sydney

68 639 40 17 and
116 640 40 17 Mrs
165 639 112 21 Orimwadc,
287 639 112 19 Melbourne

68 662 87 21 Bastard,
166 663 100 17 Auckland

66 686 91 20 Smibert,
169 686 90 17 Sootland

68 707 62 22 Hunt,
141 708 90 23 England

67 732 76 21 Atkins,
174 745 12 7 ~

67 754 41 18 Mrs
117 755 38 17 and
162 755 48 17 Miss
218 755 86 18 Norman,
318 754 65 19 Gisboi
388 761 22 12 J6

67 778 39 17 and
113 778 47 17 Miss
169 778 87 21 Stewart,
266 778 76 23 Sydney

68 801 127 21 Whitehouse,
205 802 89 22 England

66 824 39 17 and
113 825 40 16 Mrs
162 825 38 16 Lee
207 825 85 21 Murray,
302 825 76 22 Sydney

66 847 38 17 and
113 848 47 17 Miss
172 848 80 20 Palmer,
263 848 70 22 Napier

67 870 86 23 Haggus,
169 867 89 26 England

66 893 88 21 Thomas,
168 893 89 23 England

66 916 69 21 Miller,
146 916 99 18 Auckland

66 940 38 16 and
113 940 39 17 Mrs
160 940 99 20 Mcßeath,
270 939 76 23 Sydney

33 962 68 18 Messrs
110 962 59 18 Blake
177 962 34 23 (2),
221 963 76 22 Sydney

103 986 66 22 Irvbig
177 987 34 22 (2),
221 983 111 20 Melbourne

33 1008 44 19 Rev.
87 1009 71 17 Father
165 1009 100 23 Dorrigen,
275 1009 90 18 Brisbano

33 1031 26 18 Dr
66 1032 74 22 Hardy,
150 1032 77 23 Sydney

33 1055 80 22 Captain
122 1055 67 21 Nevin,
199 1056 90 17 Scotland

31 1078 77 18 Colonel
117 1078 110 22 Townsend,
237 1077 89 23 England

63 1115 104 24 Brent's
185 1115 129 25 Bathgate
331 1116 97 25 House.

33 1147 25 15 Dr
66 1146 61 22 Barry
135 1147 21 17 T.
166 1146 80 20 Russell,
256 1147 51 17 West
315 1147 95 17 Maitland

31 1170 38 16 Mrs
79 1169 28 17 W.
117 1169 21 18 F.
149 1169 103 21 Crawford,
263 1170 91 17 Gisborno

63 1192 38 17 and
110 1193 45 16 Miss
165 1193 84 20 Mueeko,
259 1193 90 18 Adelaidu

63 1215 109 21 MoKenzie,
186 1216 91 18 Gisborne

30 1239 45 17 Miss
84 1239 88 20 Graham,
183 1239 99 18 Auckland

75 1262 76 22 Macky,
164 1262 63 18 Otahu
228 1263 5 11 :
242 1267 12 12 u

75 1285 52 21 Hall,
139 1286 91 17 Otahuliu

75 1308 80 21 Hanter,
166 1308 76 23 Sydney

75 1331 64 21 Black,
154 1331 76 23 Sydney

62 1354 28 17 M.
99 1354 83 20 Hunter,
192 1355 47 17 New
247 1355 61 17 South
316 1355 62 18 Wales

28 1377 29 17 Mr
65 1378 89 19 Melville,
165 1378 119 19 (Queensland

60 1401 68 22 Laing,
139 1401 117 22 Wellington

60 1423 39 18 and
107 1424 40 17 Mrs
155 1423 30 18 W.
195 1425 15 16 I.
220 1425 64 19 Coote,
296 1424 97 18 Australia

131 1447 65 20 Baird,
207 1448 91 17 Otahuhu
332 1447 4 20 '

61 1470 61 21 Bond,
132 1470 126 21 Manchester,
267 1470 90 24 England

59 1493 70 21 White,
139 1493 77 23 Sydney

60 1517 24 16 A.
94 1516 47 21 Olio,
152 1517 77 23 Sydney

59 1540 95 17 Matthew
375 1545 18 3 "'

59 1562 115 21 McDonald,
184 1563 47 19 Now
240 1563 60 18 South
309 1564 62 17 Wales

59 1586 83 22 Aubrey,
157 1585 116 24 Wkangarei

60 1609 76 21 Swales,
146 1609 47 18 New
202 1610 60 17 South
271 1609 62 18 Wa'es

60 1637 19 17 I-
87 1632 97 21 Cameron,
194 1633 47 17 New
248 1633 60 17 South
317 1633 62 18 Wales

26 1655 72 17 Master
106 1656 59 22 Percy
174 1656 103 21 Crawford,
287 1656 92 18 Gisborne

27 1678 71 18 Master
106 1679 37 17 and
152 1679 47 17 Miss
207 1679 108 21 McKenzic,
325 1679 93 19 Gisborne

26 1702 44 17 Hev.
79 1702 31 17 Mr
118 1702 73 21 Norrie,
201 1702 105 26 Papakura.
341 1702 3 26 •
372 1702 1 26 .

145 1745 71 22 Lake
232 1745 96 23 House

26 1776 40 17 Mrs
74 1774 57 19 Jones
140 1775 38 17 and
187 1781 39 15 son,
234 1774 86 19 Victoria

60 1799 94 22 Simpson,
162 1798 84 18 Victoria
281 1798 2 23 .
302 1798 3 23 .

61 1821 86 21 Goodall,
157 1821 99 18 Auckland
368 1821 4 21 -
384 1821 1 21 ■

59 1846 29 17 W.
98 1845 22 17 G.
131 1845 101 20 Kobinson,
242 1845 72 23 Napier

26 1868 46 17 Miss
80 1868 94 20 Finleson,
184 1868 83 18 Victoria

60 1892 100 22 Complon,
170 1891 84 17 Victoria

60 1914 99 20 Murdock,
169 1914 99 18 Auckland

25 1938 32 16 Mr
65 1937 38 17 and
110 1938 40 16 Mrs
158 1938 98 20 Murdook,
267 1938 99 18 Auckland

59 1960 65 21 Davis,
134 1960 99 18 Auckland

60 1983 38 18 and
105 1984 41 17 Mrs
154 1984 120 20 Blockwood,
284 1984 99 18 Auckland

141 2007 119 21 Blockwood,
270 2007 89 18 Dunedin

59 2030 66 21 Grant,
135 2030 79 17 Galatea

58 2053 57 21 Been,
125 2053 79 18 Galatea

58 2076 102 20 Robinson,
173 2077 78 17 Galatea

57 2100 38 17 and
103 2100 40 17 Mrs
152 2100 71 21 Carter,
234 2100 113 24 Cambridgo

57 2123 67 20 G.rfen,
134 2122 72 23 Napier

56 2145 39 18 and
103 2146 40 16 Mrs
151 2145 83 21 Jellicoe,
246 2145 117 24 Wellinglon

57 2169 73 23 George
139 2169 53 20 Parr,
201 2169 100 18 Hamilton

57 2192 38 17 and
103 2192 40 17 Mrs
152 2192 97 21 Williams,
263 2192 101 19 Hamilton

56 2215 79 21 Fowle3,
149 2216 98 16 Auckland

56 2238 58 22 Gray,
187 2251 11 9 .»

55 2261 83 21 Forstor,
187 2274 12 9 ~

55 2284 79 23 Soppet,
188 2297 11 9 ~

54 2307 80 21 Clifton,
188 2321 12 8 „

56 2331 64 19 Grace,
134 2330 80 18 Galatea

21 2354 70 23 Sigaor
98 2354 90 22 Bragato,
199 2354 58 22 Spaiu

21 2376 53 19 Hon.
82 2376 72 21 Tairoa,
164 2378 80 20 M.L.C.,
254 2378 118 23 Wel'ington

23 2401 51 17 Hon.
84 2401 31 16 Mr
122 2399 58 23 Hike,
189 2401 100 18 Auckland

21 2423 70 18 Messrs
99 2423 77 23 Dright,
187 2424 76 22 Sydney

133 2464 114 23 Rotorua
263 2465 86 24 Hotel.

22 2494 39 17 Mrs
70 2494 107 22 Shanahan,
187 2495 116 23 Wellington

56 2518 53 21 Reid,
119 2518 97 22 Rangiriri

56 2541 91 20 Gardner,
157 2541 99 17 Auckland

21 2564 46 17 Miss
77 2564 121 22 Fitzpatrick,
208 2565 100 17 Auckland

67 2587 90 23 Murphy,
167 2587 117 23 Wellington

21 2610 32 17 Mr
60 2610 101 21 Johnston,
171 2611 111 18 Melbourne

56 2634 58 20 Moss,
124 2634 99 17 Auckland

56 2657 44 20 Gill,
109 2657 101 23 Tnuranga

55 2679 111 20 Schmledel,
179 2681 107 22 Onehunga

55 2703 99 22 Keyaai'd
162 2704 68 20 fiiend,
240 2704 100 17 Auckland

56 2726 52 17 Fairs
117 2726 38 18 and
164 2726 66 21 friend,
241 2727 99 18 Auckland

56 2749 67 21 Smith,
134 2750 99 17 Auckland

56 2772 91 21 Steward,
157 2773 107 23 Wanganui

56 2795 73 24 Logan,
139 2796 100 17 Auckland

56 2819 103 22 Megahan,
170 2819 72 17 Mercer

56 2842 91 21 Wishart,
157 2843 100 17 Auckland

57 2865 89 23 Westley,
200 2880 12 7 ~

57 2888 88 21 Wallace,
199 2902 12 9 ~

57 2911 74 22 Hardy,
200 2925 12 8 ~

39 2954 122 23 Seddon's
172 2954 71 24 Lake
253 2955 75 24 Veiw
346 2954 97 25 House.

22 2989 47 18 Miss
77 2989 73 21 Naden,
163 2989 62 18 North
236 2990 59 17 Shore

22 3012 40 18 Mrs
79 3012 61 21 Clark,
159 3019 55 14 senr.,
236 3013 38 17 and
293 3014 44 17 four
347 3014 110 22 daughters,

92 3036 47 17 New
149 3036 59 17 South
217 3036 61 18 Wales

58 3059 63 20 Clark,
130 3059 47 17 New
185 3059 61 17 South
257 3059 62 18 Wales

23 3081 102 18 Constable
133 3082 87 23 Hughes,
232 3083 80 17 Maketu

116 3106 116 20 Emmerson,
243 3106 99 17 Auckland

24 3129 31 17 Mr
64 3128 62 21 Clark,
136 3134 56 14 senr.,
201 3126 47 20 New
257 3128 61 18 South
329 3128 62 18 Wales

58 3152 63 20 Clark,
131 3151 47 17 New
187 3151 61 18 South
258 3151 62 19 Wales

59 3175 73 21 Sh'orttj
141 3175 105 17 Auckland-
277 3173 4 23 '
313 3180 6 2 -
338 3180 10 12 •:
434 3186 8 5 >

60 3198 78 20 Martin,
148 3198 84 17 Hotorua

60 3221 49 17 Tara
117 3221 70 21 Whiti,.
191 3221 71 22 Napier
277 3227 6 2 -
325 3235 10 4 -
344 3235 7 3 -

60 3245 82 21 Harper,
152 3241 98 21 Mararoa.
281 3254 8 8 _■

61 3268 70 21 Pyson,
141 3268 88 16 Mararoa

129 3305 138 22 Tarawera
276 3305 90 23 House

27 3342 32 17 Mr
67 3342 37 17 and
111 3342 40 17 Mrs
160 3341 22 18 E.
193 3341 57 21 Cook,
257 3342 112 17 Melbourne

63 3365 38 17 and
108 3365 41 17 Mrs
158 3365 78 22 Capper,
246 3364 112 18 Melbourne

28 3388 40 16 Mrs
76 3388 19 17 J.
104 3389 75 16 Tonson
189 3387 82 22 Garliok,
281 3388 100 18 Auckland

63 3411 58 20 llake,
130 3411 100 17 Auckland

63 3434 72 22 Henry.
145 3434 63 17 Tahiti

29 3457 47 17 Miss
84 3457 81 21 Garlick,
178 3457 99 17 Auckland

75 3480 85 20 Wilkins,
170 3480 122 23 Pongpkawa

29 3503 32 17 Mr
69 3504 28 16 W.
108 3503 66 21 Smith,
187 3503 89 18 Adelaide

65 3526 84 21 Jenkins,
160 3523 87 21 Waikato

65 3549 51 21 Best,
125 3549 110 23 Devonport

64 3572 72 23 Bogey,
149 3573 60 17 Patea

142 3620 105 24 Mokoia
264 3621 85 24 View.

29 3657 40 16 Mrs
78 3655 74 19 Elliott,
165 3653 90 23 England

64 3678 93 22 Fleming,
167 3677 26 17 Te
203 3676 64 17 Aroha

65 3702 38 16 and
115 3701 47 17 Miss
170 3700 77 19 Barton,
257 3699 100 19 Hamilton

30 3725 47 17 Miss
85 3724 78 20 Wilson,
172 3722 90 23 England

76 3747 66 21 Green,
153 3746 33 23 (4),
198 3745 106 23 Onehunga

30 3770 32 17 Mr
69 3770 67 20 Green,
148 3769 107 23 Onehunga

64 3792 94 23 Simpson,
167 3792 47 18 New
221 3792 60 18 South
290 3791 62 17 Wales

64 3816 39 17 and
111 3816 40 16 Mrs
158 3815 86 22 Thorley,
255 3814 124 18 Coromandel

65 3839 39 18 and
112 3839 40 17 Mrs
161 3838 59 20 Firth,
232 3838 117 22 Wellington

160 3861 99 17 Auckland

126 3891 11 10 •.
146 3885 99 17 Auckland

126 3901 92 35 'jlgaglan

187 3930 2 17 ■
198 3930 64 17 Aroha

211 3959 17 12 ■:;

241 3976 34 22 'ld,
289 3977 31 17 Mt'
322 3976 10 12 v
335 3981 64 13 journe

39 4016 262 35 WHOLESALI

482 90 110 25 MAIL
620 90 221 25 NOTICES.

496 147 6 9 <
588 142 121 21 Lotter-V'*
720 144 42 19 will
775 144 27 19 be
811 143 80 20 cleared
899 144 32 19 for

503 165 3 26 .
514 165 11 21 I
560 169 87 21 Despatch
655 169 19 16 of
685 170 144 21 correspondence
844 170 44 16 from
896 170 35 15 this

498 189 48 23 iifato
553 193 19 14 to
579 191 28 16 the
790 191 58 21 places
861 196 19 11 as
894 191 27 16 fol-

496 210 76 17 lows:

517 232 34 17 For
559 233 90 16 Auckland
658 233 34 16 and
708 233 120 16 intermediate
836 233 63 16 Offices
906 233 24 21 by

497 254 50 19 train,
557 253 91 22 Mondays,
668 254 116 22 Wednesdays
798 255 35 16 and
849 255 79 20 Fridays,

496 275 10 15 8
514 280 41 10 a.m.

517 294 34 17 For
558 295 93 22 Tauranga
659 297 35 16 and
705 296 24 17 Te
737 296 54 21 Puke,
800 297 87 21 Mondays
894 296 35 17 and

496 316 77 21 Fridays,
583 319 38 15 6.30
630 323 41 12 a.m.

517 337 34 16 For
567 339 73 19 Matati,
665 339 114 19 Whakatane,
807 339 63 16 Ohiwa
894 339 34 16 and

496 358 75 21 Opoiiki,
588 360 90 21 Mondays,
698 362 40 15 6.30
755 366 49 14 a.m.,
820 360 107 21 Thursdays,

496 381 38 15 7.80
541 385 42 16 p.m.

516 400 35 17 For
558 402 93 21 Alhmuri,
665 402 97 21 Wairakc-i,
775 403 61 21 Taupo
856 402 71 22 Napier,

495 423 94 20 Tuesdays,
599 424 39 16 7.30
646 430 43 15 p.m.

515 443 35 16 For
556 445 93 20 Atiamuri,
656 444 89 17 WairaVei
751 446 33 16 and
790 445 66 23 Tanpo,
861 445 55 17 Thurs-

494 464 43 21 days
544 466 33 15 and
583 466 101 21 Saturdays,
694 466 40 17 7.30
743 473 42 15 p.m.

515 485 34 17 For
557 487 79 21 Galatea,
645 488 94 22 Tuesdays,
752 490 37 16 7.30
798 494 42 16 p.m.

515 513 137 17 N.B.—Letters
675 515 102 21 containing
799 515 88 21 anything
910 515 18 16 of

494 534 50 16 value
549 534 60 17 should
616 536 21 15 be
642 536 70 17 handed
726 538 18 15 to
755 537 30 17 tho
795 537 106 16 Postmaster
909 539 18 14 to

493 555 21 15 be
522 555 101 21 registered.

513 576 68 17 Letters
587 579 104 21 containing
696 580 44 22 coin,
752 579 15 16 if
778 579 61 21 posted
855 579 72 21 uuregL

493 598 52 16 tered.
564 598 34 16 will
616 600 21 16 bo
653 601 122 20 oompulsorily
786 601 95 20 registered
892 601 34 16 and

492 618 75 21 charged
573 620 62 17 double
642 623 111 19 registration
761 623 34 15 feo.

513 640 36 16 The
557 640 141 23 Receiving-box
706 645 19 14 at
732 644 29 15 Mr
771 643 71 16 Wake's
854 644 44 21 shop
912 644 14 16 is

492 661 65 16 clearei
565 662 46 22 daily
621 666 17 13 at
650 664 9 16 5
667 670 50 15 p.m.,
727 667 61 18 except
797 670 22 10 on
839 665 87 22 Sundays.

650 690 25 21 R.
686 691 26 19 D.
725 690 122 25 DANREY,

766 717 133 20 Postmaster.

945 1259 58 24 THE
1025 1259 55 25 HOT
1097 1261 100 23 LAKES
1213 1261 166 26 CHRONICLE

1133 1301 56 14 AND

1047 1330 109 21 Tourists'
1174 1330 164 27 Journal.

1065 1396 50 14 fact
1124 1392 12 19 I
1145 1398 52 13 will

975 1450 171 22 WEDNESDAY,
1156 1452 92 19 MARCH
1258 1454 28 19 27,
1302 1450 77 23 1895.

945 1493 23 19 It
984 1493 17 18 is
1020 1500 50 17 very
1084 1493 61 20 muoh
1163 1496 20 17 to
1194 1495 24 19 be
1229 1495 97 26 deplored
1333 1497 45 20 that

944 1519 87 25 English
1053 1519 82 19 Church
1154 1526 9 12 r
1178 1520 45 20 !airs
1242 1522 21 19 in
1287 1523 91 19 Rotorua

943 1545 53 19 have
1006 1545 51 19 been
1067 1546 32 18 for
1109 1552 54 13 some
1176 1548 47 18 time
1237 1548 32 18 far
1291 1549 53 19 from
1366 1556 12 12 a

943 1571 129 25 satisfactory
1082 1574 58 22 state,
1150 1573 77 26 arising
1237 1574 52 19 from
1297 1575 81 19 various

943 1604 76 13 causes.
1048 1597 69 20 About
1128 1599 57 24 eight
1194 1606 59 17 years
1262 1607 39 18 ago
1319 1601 59 19 when

943 1624 36 19 the
998 1623 57 25 place
1076 1630 41 13 was
1133 1625 117 26 practically
1263 1627 86 19 without
1366 1635 12 11 a

943 1650 98 23 minister,
1053 1650 35 19 the
1094 1650 50 19 Rev.
1156 1651 22 18 F.
1190 1651 27 19 11.
1227 1652 93 25 Spencer,
1333 1653 44 20 who

943 1676 49 19 then
1005 1682 41 13 was
1059 1676 91 26 residing
1156 1677 21 19 in
1185 1677 33 20 the
1227 1677 65 21 South
1299 1679 77 24 Island,

943 1702 91 19 received
1052 1709 26 12 an
1096 1703 140 24 appointment
1257 1705 21 18 in
1300 1705 75 26 Japan,

943 1728 40 19 had
994 1728 122 26 everything
1128 1730 101 24 arranged
1238 1732 21 17 to
1269 1737 26 19 go
1311 1732 64 23 there,

942 1754 41 19 and
994 1760 39 13 was
1044 1754 72 19 within
1126 1756 39 18 two
1182 1756 66 19 weeks
1263 1757 23 18 of
1302 1757 75 26 sailing

943 1780 58 19 when
1011 1783 21 16 at
1043 1780 34 19 the
1090 1783 71 21 urgent
1171 1785 82 21 request
1267 1784 21 18 of
1302 1784 75 25 Bishop

942 1806 71 19 Stuart
1022 1806 41 19 and
1074 1806 68 19 others
1152 1807 110 20 interested
1272 1809 21 19 in
1310 1810 66 19 Maori

942 1832 83 19 mission
1039 1832 26 19 ho
1082 1832 85 20 acceded
1180 1836 20 16 to
1217 1834 52 19 their
1286 1836 50 19 wish
1356 1838 21 17 to

942 1858 47 19 take
999 1858 75 25 charge
1083 1858 22 19 of
1115 1858 34 19 the
1159 1860 70 24 Taupo
1237 1861 40 18 and
1286 1861 90 20 Rotorua

942 1884 84 20 district.
1055 1885 27 18 At
1092 1884 41 20 this
1143 1885 47 19 timo
1199 1886 87 22 English
1293 1888 81 19 Church

941 1917 86 13 somces
1038 1917 52 13 were
1100 1911 47 24 only
1157 1912 133 26 occasionally
1301 1914 46 19 held
1356 1914 19 19 in

942 1936 90 20 Rotorua
1043 1936 40 19 and
1093 1944 23 12 as
1127 1938 33 18 the
1173 1938 73 20 tourist
1259 1940 65 19 traffic
1336 1947 39 12 was

941 1962 115 26 increasing
1066 1963 15 18 it
1092 1970 40 11 was
1151 1963 88 26 thought
1255 1971 27 13 an
1300 1972 63 19 oppor-

940 1991 49 17 tune
999 1989 49 19 time
1060 1991 20 17 to
1090 1989 52 19 have
1152 1991 82 24 regular
1251 1998 60 19 every
1323 1993 49 18 Sun*

940 2014 40 25 day
990 2015 91 23 services,
1095 2015 13 19 h
1136 2021 28 18 ce,
1176 2016 41 19 this
1229 2024 40 12 was
1288 2018 75 25 inaugu-

940 2041 57 19 rated
1013 2041 35 19 the
1065 2041 65 19 whole
1148 2043 60 23 work,
1229 2043 87 26 English
1335 2045 40 19 and

941 2067 73 23 Maori,
1034 2069 21 17 to
1074 2066 27 20 ba
1119 2069 110 24 supported
1251 2069 28 25 by
1297 2071 78 19 annual

939 2093 149 19 contributions
1095 2099 22 13 as
1124 2093 251 23 follows:—Archdeacon

939 2119 20 18 S.
971 2119 112 23 Williams,
1100 2119 67 24 £100;
1189 2120 99 21 Diocesan
1308 2123 65 22 Fund,

938 2144 44 20 £SO
990 2144 4 27 :
1009 2144 92 21 llawkes
1111 2144 44 26 Bay
1169 2145 66 25 Trust,
1254 2147 42 20 £SO
1305 2144 4 27 ;
1332 2149 41 19 and

940 2170 102 20 whatever
1060 2170 147 21 contributions
1218 2174 85 19 accrued
1322 2175 53 19 from

938 2196 35 19 the
996 2196 88 26 English
1102 2197 85 20 services
1205 2199 40 19 less
1263 2200 112 20 incidental

938 2229 99 19 expenses
1046 2223 23 19 of
1084 2223 35 19 the
1136 2224 67 19 latter.
1241 2225 83 27 During
1339 2227 35 19 the

938 2248 44 20 first
1000 2249 40 19 few
1065 2255 59 19 years
1154 2253 82 18 matters
1265 2258 52 14 went
1348 2260 25 12 on

938 2276 67 24 pretty
1026 2275 128 25 favourably,
1172 2276 37 20 but
1226 2278 34 19 the
1277 2278 40 20 last
1334 2281 40 17 two

938 2307 59 19 years
1003 2308 22 12 or
1032 2307 22 13 so
1062 2301 155 21 circumstances
1223 2304 151 21 haveoccurred

938 2327 45 18 that
1004 2327 35 19 the
1068 2333 24 19 gr
1112 2330 37 17 -tor
1180 2331 85 18 number
1290 2332 21 17 of
1335 2339 38 12 our

938 2352 91 20 Tourists
1039 2353 45 20 who
1100 2353 97 27 formerly
1213 2356 71 24 stayed
1301 2357 22 19 in
1338 2359 35 18 the

938 2379 38 19 Old
986 2379 114 26 Township,
1116 2379 130 27 Ohinemutu,
1258 2383 68 20 where
1338 2384 35 19 the

938 2405 81 19 Church
1029 2405 19 20 is
1057 2405 95 24 situated,
1164 2406 51 21 have
1223 2408 80 20 located
1310 2410 56 19 them
1368 2405 4 24 1

938 2431 64 19 selves
1012 2432 22 18 in
1052 2432 36 18 the
1105 2432 51 20 New
1170 2432 109 28 Township
1295 2436 40 19 and
1352 2439 21 16 at

938 2457 199 25 Whakarewarewa,
1147 2465 54 14 some
1209 2460 91 20 distance
1308 2468 64 18 away,

938 2483 146 26 consequently
1099 2490 12 13 a
1129 2485 74 26 falling
1219 2487 28 19 off
1262 2487 22 19 of
1300 2489 73 18 tourist

938 2511 122 18 attendance
1069 2511 41 18 and
1121 2511 52 19 their
1190 2513 110 26 pecuniary
1317 2514 55 26 help.

939 2535 94 24 Further,
1045 2542 38 13 our
1093 2536 59 20 smalt
1166 2539 91 19 resident
1262 2540 109 19 communi'

939 2565 22 21 ty
969 2562 65 18 which
1044 2562 17 18 is
1070 2568 49 19 very
1128 2564 61 18 much
1197 2565 83 19 divided
1290 2566 83 25 against

938 2587 55 20 itself
1003 2588 21 18 in
1034 2588 86 25 religion
1137 2591 55 22 (and,
1204 2591 80 24 indeed,
1295 2592 16 19 it
1326 2599 47 18 may

939 2613 72 20 besaid
1019 2614 22 19 in
1049 2614 27 19 all
1085 2617 85 17 matters
1176 2615 64 27 here,)
1248 2617 36 20 has
1291 2618 82 20 become

938 2642 36 17 out
983 2641 21 18 of
1014 2640 60 19 touch
1085 2641 48 19 with
1143 2642 34 18 the
1188 2643 100 22 Minister,
1306 2645 55 19 there-

938 2666 44 19 fore
1004 2667 34 19 the
1056 2666 82 21 Church
1156 2667 17 19 is
1192 2669 99 25 seriously
1309 2671 64 24 going

940 2692 56 19 back.
1024 2692 74 26 Again,
1112 2693 35 20 the
1162 2694 89 21 Hawkes
1260 2695 43 26 Bay
1311 2696 62 20 Trust

939 2718 36 19 has
985 2725 71 18 convo3
1056 2718 4 25 r
1062 2719 26 18 ed
1100 2720 36 19 the
1151 2721 122 20 unwelcome
1290 2723 71 19 intima-

939 2744 43 19 tion
992 2744 45 19 that
1049 2744 36 19 the
1102 2746 76 19 annual
1193 2748 139 20 contribution
1351 2750 22 18 of

939 2770 43 19 £SO
994 2770 59 19 could
1068 2773 35 17 not
1120 2772 25 19 be
1163 2773 130 20 maintained.
1329 2775 43 19 The
1377 2765 1 32 j

938 2795 82 20 Church
1030 2797 18 19 is
1056 2803 46 14 now
1112 2798 21 19 in
1143 2799 40 19 this
1201 2800 100 24 position:
1322 2801 48 19 Out'

939 2822 43 19 side
990 2822 49 26 help
1049 2823 63 24 £l5O,
1126 2825 80 19 Church
1216 2826 69 19 casual
1300 2827 61 20 contri-

940 2848 82 20 butions
1032 2849 49 24 £SO,
1096 2850 150 26 (approximate
1261 2853 109 25 estimate),

939 2874 50 19 total
998 2874 61 21 £2OO.
1088 2876 49 19 This
1146 2883 45 14 sum
1197 2884 47 18 may
1253 2885 55 13 soem
1316 2880 56 24 quite

939 2907 12 12 a
961 2901 99 19 sufficient
1076 2902 80 25 stipend
1171 2903 37 20 but
1223 2904 16 19 it
1256 2904 37 20 has
1309 2909 21 16 to
1347 2906 25 19 be

941 2926 61 20 borne
1012 2927 22 19 in
1046 2928 54 18 iniud
1110 2929 46 19 that
1170 2929 35 19 the
1225 2930 92 21 Rotorua
1331 2932 41 19 and

938 2952 71 25 Taupo
1021 2954 78 19 disirict
1109 2954 17 19 is
1135 2962 12 12 a
1157 2962 47 18 very
1215 2956 52 19 wide
1276 2963 38 13 one
1331 2958 41 19 and

939 2985 22 12 as
976 2979 133 21 Archdeacon
1130 2980 100 21 Williams
1246 2983 126 20 contributes

940 3004 31 19 his
981 3005 56 19 £IOO
1048 3006 80 25 subject
1138 3010 21 16 to
1168 3007 35 19 the
1211 3008 67 19 Maori
1288 3010 84 19 mission

941 3030 62 26 being
1025 3032 124 26 thoroughly
1158 3034 77 19 carried
1250 3041 31 17 on,
1293 3035 17 19 it
1319 3042 39 13 com-

940 3058 71 18 mand:
1022 3058 34 18 the
1074 3062 80 21 greater
1170 3062 46 23 part
1234 3060 22 19 of
1274 3061 42 19 this
1326 3067 45 14 sum

939 3082 32 20 for
996 3084 110 25 travelling
1124 3085 40 19 and
1187 3086 59 19 other
1265 3094 105 19 expenses,

939 3108 102 20 therefore
1050 3111 35 18 the
1103 3111 80 26 stipend
1197 3112 19 19 is
1230 3113 142 26 considerably

939 3135 88 19 reduced
1037 3136 40 20 and
1086 3137 17 19 is
1114 3144 45 13 now
1173 3137 124 26 inadequate
1306 3141 21 17 to
1337 3140 35 19 the

940 3167 73 19 proper
1027 3165 85 22 support
1128 3164 22 18 of
1167 3170 13 12 a
1197 3165 89 19 married
1295 3165 66 26 clergy-

941 3193 18 13 m
978 3193 10 12 l
997 3187 47 20 here
1055 3189 66 19 where
1132 3193 46 15 rent
1192 3190 41 19 and
1250 3192 123 18 necessaries

940 3213 22 18 of
971 3213 36 19 life
1018 3220 34 13 are
1061 3221 26 12 no
1096 3214 53 20 little
1159 3215 66 20 items.
1255 3216 39 20 We
1310 3217 61 19 think

942 3238 45 20 that
996 3240 88 25 perhaps
1094 3241 34 19 the
1141 3241 44 20 be3t
1192 3248 71 14 course
1273 3243 67 19 would
1349 3243 24 19 be

941 3266 21 17 to
972 3265 52 20 have
1033 3266 35 19 the
1078 3266 66 20 Maori
1161 3268 83 19 mission
1261 3269 56 18 work
1334 3269 28 19 dis-

941 3290 51 20 tinct
1003 3292 52 19 from
1065 3292 35 19 the
1114 3292 115 26 European,
1245 3295 35 19 the
1298 3295 76 19 former

941 3323 54 19 upon
1004 3318 77 20 similar
1091 3318 55 20 basis
1156 3325 22 13 as
1186 3320 21 18 in
1222 3320 35 19 the
1275 3320 98 21 Waikato

942 3343 66 20 where
1018 3350 12 13 a
1040 3351 49 18 very
1098 3345 47 19 able
1154 3345 65 20 Maori
1227 3346 100 24 Minister,
1337 3348 34 24 (an

942 3368 99 21 educated
1050 3370 81 26 Maori),
1143 3371 17 19 is
1167 3372 132 26 successfully
1306 3373 55 20 labor-

941 3394 37 26 ing
987 3396 31 19 for
1029 3396 41 19 £SO
1081 3396 80 26 stipend
1171 3397 39 19 and
1220 3398 54 19 little
1286 3405 88 19 expense

941 3420 109 21 allowance
1060 3429 5 17 ;
1076 3423 21 18 of
1115 3429 75 17 course,
1202 3424 54 19 train
1274 3424 96 19 facilities

942 3447 72 19 enable
1018 3447 42 20 him
1064 3450 20 17 to
1088 3455 58 13 move
1150 3448 62 20 about
1216 3450 93 25 cheaply.
1314 3450 59 19 How

942 3478 52 18 ever,
1005 3473 35 19 the
1055 3473 65 20 whole
1140 3475 21 18 of
1171 3474 131 20 Archdeacon
1319 3475 39 20 Wil-

942 3497 65 20 liam's
1016 3500 58 19 £IOO
1083 3500 60 19 could
1153 3500 24 18 be
1188 3501 145 26 appropriated
1344 3502 31 19 for

942 3523 66 21 Maori
1015 3525 82 19 minion
1107 3525 66 20 alone.
1203 3527 58 19 With
1274 3527 74 26 regard
1354 3532 21 15 to

942 3549 34 19 the
999 3549 88 26 English
1106 3552 87 24 Church,
1204 3553 69 25 surely
1290 3560 13 12 a
1323 3554 52 25 good

942 3577 102 25 energetic
1067 3578 116 20 unmarried
1202 3585 48 13 man
1270 3579 61 19 could
1349 3580 24 19 be

942 3609 8 11 t
963 3602 62 20 cared
1047 3603 32 19 for
1100 3610 14 13 a
1131 3604 81 25 stipend
1225 3605 23 19 of
1263 3606 58 19 £l5O
1335 3606 41 18 and

942 3634 12 13 a
972 3635 49 18 very
1034 3629 41 20 fiiir
1090 3633 93 22 prospeci
1195 3631 22 19 o£
1233 3631 64 26 doing
1310 3631 67 19 better

944 3654 28 24 by
981 3654 32 19 his
1020 3655 78 26 having
1104 3655 35 20 the
1148 3656 63 19 whoie
1218 3657 22 19 of
1249 3657 31 19 his
1289 3657 49 19 time
1345 3657 32 19 for

942 3679 81 20 Church
1037 3683 91 18 matters.
1155 3682 41 20 We
1215 3687 42 15 cert
1264 3683 50 25 iinly
1330 3689 35 13 can-

942 3707 36 17 not
997 3712 35 13 see
1048 3713 40 18 any
1106 3709 58 23 great
1175 3708 99 26 difficulty
1286 3709 23 18 in
1328 3709 47 19 this.

943 3731 59 20 With
1023 3732 35 19 the
1076 3732 100 21 Diocesan
1194 3735 138 18 contiibution
1356 3735 21 19 of

943 3757 50 24 £SO,
1013 3758 93 20 Rotorua
1129 3760 67 19 would
1217 3760 53 19 have
1295 3763 20 17 to
1335 3760 42 20 find

943 3782 63 20 £IOO.
1046 3784 96 21 Towards
1163 3786 41 19 this
1230 3793 37 12 our
1296 3789 81 23 present

943 3809 77 19 annual
1030 3812 44 17 nett
1083 3810 81 19 Church
1173 3812 85 25 receipts
1269 3819 34 12 are
1314 3813 63 19 about

943 3835 51 22 £SO,
1006 3841 109 18 moreover,
1121 3836 56 20 thew
1182 3836 37 21 has
1226 3838 90 25 recently
1326 3839 52 18 been

944 3871 9 7 «
966 3859 103 21 tablished
1083 3867 26 13 an
1123 3868 40 13 auy
1166 3859 4 28 :
1175 3859 1 28 '
1182 3863 43 24 iary
1234 3865 115 18 committee
1356 3864 22 19 of

943 3885 65 19 ladies
1018 3885 40 19 and
1067 3887 116 24 gentlemen
1192 3889 45 19 who
1251 3896 35 12 are
1303 3891 60 18 endea-

943 3911 94 25 vouring,
1048 3911 50 20 with
1109 3912 40 19 fair
1154 3916 83 17 amount
1254 3915 22 19 of
1291 3922 86 17 success,

944 3939 21 17 to
978 3939 98 23 augment
1090 3937 34 19 the
1144 3938 62 20 funds
1223 3939 29 26 by
1270 3941 108 26 obtaining

944 3963 76 25 special
1029 3962 40 21 don
1077 3963 65 20 :tions.
1169 3964 41 19 Wa
1220 3967 53 17 trust
1300 3967 24 19 he
1331 3967 36 19 Bis-

943 3990 41 24 hop
997 3989 41 19 and
1046 3995 37 14 our
1092 3988 156 28 Church-going
1255 3993 73 24 people
1337 3992 41 20 will

944 4015 60 19 think
1012 4021 48 14 over
1069 4022 38 13 our
1115 4015 92 20 remarks
1216 4016 41 19 and
1275 4018 103 19 whatever

943 4041 18 19 is
971 4040 51 20 done
1030 4041 42 20 will
1085 4042 26 19 be
1124 4042 36 19 the
1167 4047 71 14 means
1252 4043 22 18 of
1292 4043 86 25 happier

943 4066 61 21 times
1012 4067 33 20 for
1054 4073 38 14 our
1105 4067 89 20 Church.

1438 89 59 21 Since
1505 91 64 19 above
1581 99 40 13 was
1630 93 82 19 written
1726 93 35 19 the
1778 93 56 19 auxil-

1411 117 44 24 iary
1464 117 116 20 committee
1596 119 53 19 have
1669 119 43 19 had
1729 119 54 19 their
1801 119 44 19 first

1411 143 90 24 meeting
1510 143 58 19 when
1578 145 16 18 it
1606 151 41 13 was
1664 145 119 19 announced
1799 145 46 19 that

1411 175 12 13 a
1432 175 45 13 sum
1486 169 22 18 of
1527 171 44 19 £3B
1592 172 22 16 2s
1633 171 41 18 ha.d
1691 171 83 24 already
1792 171 53 19 been

1410 195 101 24 promised
1521 202 22 12 as
1553 197 76 18 annual
1644 196 149 19 contributions
1813 199 21 17 to-

1411 221 65 18 wards
1485 221 35 19 the
1530 222 80 24 stipend
1623 222 21 19 of
1653 223 36 19 the
1705 229 101 12 successor
1823 225 21 17 to

1409 246 52 19 Rev.
1474 246 24 19 F.
1509 247 28 19 H.
1547 248 94 24 Spencer,
1656 248 40 19 and
1705 249 17 18 it
1738 248 17 19 is
1772 248 62 19 antici-

1409 272 62 25 pated
1481 272 35 19 the
1525 279 84 14 amount
1627 274 40 19 will
1688 275 26 18 be
1732 274 111 24 increased,

1411 298 57 19 when
1479 298 34 19 the
1524 305 84 14 canvass
1617 301 18 18 is
1650 300 120 26 completed,
1787 302 21 17 to
1823 303 21 16 at

1409 324 52 19 least
1471 324 50 20 £SO.

1433 373 16 16 A
1458 375 63 20 report
1529 374 20 16 of
1557 374 32 17 the
1597 373 69 19 School
1674 374 113 18 Committee
1800 374 44 18 held

1408 395 38 18 last
1454 396 56 22 night
1519 397 38 16 will
1565 403 70 17 appear
1644 398 19 17 in
1672 404 35 11 our
1712 399 47 16 next
1764 399 56 16 issue.

1432 427 39 17 The
1479 427 57 18 Town
1545 428 40 18 Boa
1585 428 23 18 vd
1616 430 45 16 staff
1674 429 34 18 has
1724 429 120 18 commenced

1409 450 46 17 with
1463 450 33 17 the
1505 451 101 18 formation
1615 453 21 16 of
1644 452 96 23 Haupapa
1750 452 35 20 St.,
1795 453 49 16 frcm

1408 474 105 17 Tutanekai
1521 474 28 17 St.
1559 475 20 17 to
1587 475 81 18 Amohia
1677 475 28 18 St.

1432 502 38 17 The
1479 502 32 17 old
1519 503 117 18 Courthouse
1645 504 39 17 will,
1693 504 23 17 be
1724 505 37 21 put
1773 510 26 16 up
1815 504 29 18 for

1408 525 76 17 auction
1501 524 39 19 sale
1556 526 25 22 by
1594 527 32 17 Mr
1645 528 20 17 J.
1684 528 26 16 H.
1728 528 73 22 Taylor,
1819 534 25 11 on

1408 548 46 18 Satu
1458 548 50 23 cday,
1519 549 54 22 April
1581 550 39 17 6th.

1431 585 32 16 Mr
1472 584 20 17 F.
1502 585 51 17 Lake
1562 585 16 17 is
1585 585 85 23 pushing
1678 586 62 17 ahead
1754 587 46 17 with
1815 587 29 17 his

1407 613 42 11 new
1457 608 76 21 bakery,
1543 608 71 24 having
1620 609 85 18 reooived
1711 610 32 17 the
1750 610 94 17 ironwork

1407 631 49 17 from
1463 630 107 18 Auckland.

1430 662 39 17 The
1478 662 84 22 Railway
1571 663 75 19 Station
1654 670 82 12 reserves
1747 670 31 12 are
1786 665 58 23 being

1407 685 73 17 cleared
1488 686 26 22 by
1529 686 33 17 the
1578 687 126 23 Department
1720 690 124 21 preparatory

1407 710 20 15 to
1435 708 89 23 planting
1531 709 53 18 them
1592 711 46 17 with
1647 717 11 11 a
1667 711 73 23 variety
1754 712 21 17 of
1787 717 44 12 orna-

1406 731 71 18 mental
1486 733 55 17 trees.

1430 759 31 17 Mr
1475 759 110 19 MePadven
1600 761 34 18 bid
1650 761 55 18 adieu
1722 763 20 16 to
1759 762 83 17 Rotorua

1406 781 59 25 last*
1465 781 71 25 Monday
1552 783 37 18 and
1597 785 104 22 proceeded
1715 785 26 22 by
1756 785 50 17 train
1822 787 20 15 to

1406 806 105 21 Auckland,
1529 813 23 10 en
1569 809 53 16 route
1639 808 27 17 foi
1684 808 33 17 the
1733 808 109 17 Australian

1406 829 92 18 Colonies.

1430 856 55 18 Hone
1505 857 60 20 Ileke,
1587 858 80 17 M.H.R.
1689 858 20 18 of
1731 858 32 18 the
1779 858 63 18 North

1406 880 99 17 Auckland
1508 880 80 22 district,
1593 881 35 17 left
1634 881 29 17 for
1667 881 100 17 Auckland
1773 881 25 22 by
1804 882 38 16 this

1406 903 103 23 morning's
1529 904 56 17 train.
1619 905 30 16 Ho
1666 907 74 14 returns
1757 905 44 17 hero
1817 910 25 12 on

1406 926 100 23 Saturday.

1429 954 45 17 Rev.
1485 955 21 16 F.
1516 955 25 17 H.
1552 956 82 22 Spencer
1642 956 36 17 left
1686 956 30 17 for
1724 956 79 17 Galatea
1816 963 25 10 on

1406 978 84 22 Monday
1498 978 89 23 morning
1597 980 21 16 to
1629 979 83 17 conduct
1728 980 32 16 the
1776 980 65 17 Binuil

1406 1001 73 16 Service
1487 1001 21 17 of
1517 1001 30 17 Mr
1555 1001 18 17 J.
1584 1002 76 22 WyKe's
1675 1002 57 20 child,
1748 1003 93 17 therefore

1405 1023 53 18 there
1466 1024 39 17 will
1514 1023 22 18 be
1552 1030 25 12 no
1594 1025 76 18 Church
1686 1025 71 18 service
1773 1025 19 18 in
1809 1026 32 17 tho

1405 1046 120 18 Sanato.ium
1534 1048 37 17 this
1580 1048 88 23 evening.

1428 1076 39 16 The
1475 1076 69 17 Native
1553 1077 46 17 Paki
1609 1077 38 17 Pat
1651 1076 4 19 i
1665 1077 56 18 Brass
1729 1077 54 18 Band
1797 1077 44 18 take

1405 1098 49 18 their
1462 1098 100 23 departure
1576 1101 30 16 for
1621 1100 100 18 Auckland
1732 1107 24 11 on
1771 1101 70 23 Friday

1404 1123 52 19 next,
1466 1123 61 17 where
1536 1123 45 22 they
1590 1124 39 16 will
1638 1124 43 22 give
1691 1124 70 17 several
1778 1125 52 16 enter-

1404 1145 103 18 tainments
1515 1145 63 18 before
1587 1147 113 23 continuing
1708 1147 48 17 their
1761 1147 80 23 journey

1404 1168 55 17 home
1468 1171 20 15 to
1497 1169 82 18 Hawkes
1588 1170 47 22 Bay.

1428 1201 25 16 As
1463 1201 37 17 will
1511 1201 23 17 be
1542 1207 43 12 seen
1593 1202 27 22 by
1628 1208 25 11 an
1661 1201 146 18 advertisement
1821 1203 20 16 in

1404 1224 80 17 another
1491 1225 81 20 column,
1582 1225 32 17 the
1623 1225 47 18 road
1678 1226 48 17 from
1733 1225 32 18 the
1773 1225 68 18 Palace

1404 1248 59 17 Hotel
1471 1249 20 16 to
1500 1248 32 17 the
1540 1248 118 17 Courthouse
1667 1249 69 16 known
1745 1249 96 17 asßanolf

1404 1270 62 18 Street
1474 1270 37 18 and
1519 1272 44 21 part
1569 1272 20 16 of
1597 1272 15 17 A
1616 1277 51 12 rawa
1679 1272 68 20 Street,
1762 1272 15 17 is
1791 1274 36 16 tem-

1403 1294 84 22 porarily
1495 1294 68 18 closed.

1427 1323 16 17 A
1453 1323 81 17 farewell
1543 1326 76 15 concert
1627 1324 105 22 consisting
1742 1324 20 18 of
1775 1330 64 17 songs,

1403 1346 60 20 duets,
1474 1347 41 22 step
1531 1346 73 18 dances,
1623 1347 39 17 and
1677 1347 66 21 liakas,
1761 1347 39 17 will
1817 1348 23 16 be

1403 1370 57 22 given
1468 1370 38 17 this
1514 1370 81 22 evening
1603 1370 20 17 in
1636 1372 33 15 the
1682 1371 87 17 Pokeroa
1786 1371 53 20 Hall,

1402 1392 61 18 under
1482 1393 32 17 the
1534 1394 85 22 auspices
1639 1394 21 17 of
1680 1394 32 17 the
1729 1394 46 17 Paki
1792 1394 48 17 Pali

1403 1416 69 17 Native
1481 1417 55 16 Brass
1547 1417 61 17 Baud.

1427 1444 16 16 A
1452 1443 32 17 sad
1493 1444 86 18 accident
1594 1444 100 23 happened
1711 1446 20 16 to
1748 1451 11 10 a
1775 1444 65 18 native

1402 1467 57 20 child,
1467 1473 11 10 a
1486 1467 50 17 little
1542 1467 37 23 girl
1588 1468 20 17 of
1616 1468 59 17 about
1684 1468 54 22 eight
1752 1474 54 16 years
1820 1468 20 17 of

1402 1496 42 16 ago,
1466 1491 20 16 at
1507 1491 179 21 Whakarewarewa,
1710 1497 24 11 on
1755 1491 84 22 Monday

1402 1514 42 16 last.
1470 1514 37 17 She
1516 1519 38 11 was
1562 1514 35 17 left
1605 1514 82 23 bathing
1698 1514 19 17 in
1726 1520 35 11 one
1774 1515 20 16 of
1807 1514 32 17 the

1401 1537 56 17 baths
1465 1537 38 16 and
1512 1537 112 22 apparently
1633 1539 35 22 got
1676 1538 61 19 out'of
1743 1538 32 16 her
1780 1537 58 23 depth

1401 1559 38 18 and
1448 1565 38 12 w..s
1494 1559 95 19 drowned.

1424 1589 39 17 Tho
1472 1589 87 22 monthly
1566 1590 149 17 entertainment
1724 1589 19 17 in
1758 1595 69 11 connec-

1401 1613 40 17 tion
1451 1612 45 17 with
1505 1612 32 17 the
1546 1613 84 18 Rotorua
1640 1613 54 17 Band
1704 1613 20 16 of
1733 1613 55 22 Hope
1794 1613 44 17 took

1401 1636 53 22 place
1463 1636 18 17 in
1491 1636 31 17 the
1532 1636 79 17 District
1620 1636 128 19 Schoolroom,
1759 1642 24 11 on
1796 1636 31 17 Fri-

1400 1659 37 22 day
1453 1658 81 22 evening
1550 1659 43 18 last.
1618 1660 41 17 The
1670 1659 91 18 auJionco
1772 1665 39 12 was
1827 1665 11 11 a

1400 1682 53 22 large
1461 1688 35 11 one
1505 1683 20 16 of
1533 1683 75 17 visitors
1616 1690 20 10 as
1652 1683 42 17 well
1708 1689 20 10 as
1745 1682 93 18 residents

1400 1705 38 18 and
1446 1705 26 22 by
1480 1705 49 17 their
1540 1711 19 12 re
1564 1705 72 23 (pouted
1653 1706 90 23 applause
1760 1705 77 18 showed

1400 1729 46 22 they
1466 1728 115 23 thoroughly
1599 1729 120 23 appreciated
1742 1729 33 17 tho
1794 1735 33 16 pro-

1400 1758 90 16 gramme.
1516 1752 25 16 At
1551 1752 30 17 the
1590 1752 109 18 conclusion
1708 1752 21 17 of
1738 1752 31 17 the
1778 1752 59 18 above

1399 1782 12 10 a
1420 1775 106 17 committee
1535 1777 84 22 mooting
1628 1782 38 12 was
1675 1775 51 18 held.

1423 1803 39 17 The
1471 1803 60 17 South
1540 1804 71 18 British
1623 1805 103 17 In-.ur.iuce
1740 1803 97 22 Company

1399 1826 21 17 of
1428 1825 46 18 New
1483 1827 82 17 Zealaud
1574 1827 11 17 h
1593 1834 15 11 is
1621 1834 11 11 a
1649 1827 70 23 cipital
1736 1826 20 17 of
1772 1826 65 22 nearly

1399 1851 38 16 two
1446 1849 38 17 mil'
1487 1849 6 13 :
1494 1855 25 12 on
1527 1850 79 22 pounds,
1625 1851 45 17 uilh
1688 1849 99 18 unlimited
1801 1849 27 17 lia-

1399 1872 55 22 bility
1463 1873 20 17 of
1491 1873 136 19 shareholders.
1654 1874 60 21 Being
1723 1879 12 11 a
1750 1872 87 18 Colonial

1399 1896 108 17 institution
1515 1896 32 17 the
1556 1897 66 22 profits
1630 1904 32 10 are
1672 1895 84 19 invested
1768 1895 69 23 loci'ly

1399 1919 37 17 and
1445 1919 93 18 therefore
1547 1920 15 17 it
1570 1920 69 18 .should
1654 1921 23 17 be
1691 1918 104 24 supported
1812 1919 25 21 by

1399 1942 53 17 those
1473 1942 81 23 wishing
1574 1945 20 15 to
1614 1944 70 17 insure.
1715 1944 32 16 Air
1766 1942 19 17 J.
1808 1942 22 17 W

1399 1965 83 23 Wrigley
1491 1966 15 16 is
1515 1966 32 17 the
1555 1966 30 18 loc
1594 1966 9 18 .1
1613 1969 59 21 agent
1688 1966 38 18 and
1739 1972 24 10 no
1777 1965 60 17 doubt

1399 1988 38 18 will
1446 1989 22 17 be
1477 1989 42 17 able
1528 1990 20 16 to
1556 1996 26 16 qu
1590 1992 24 15 >te
1623 1996 19 12 as
1656 1991 37 17 low
1702 1991 48 16 rates
1759 1995 21 10 as
1788 1994 36 17 any-

1400 2017 42 12 one.

1421 2041 39 16 The
1469 2040 60 17 Maori
1539 2041 117 18 Parliament
1667 2042 99 22 Assembly
1775 2044 20 15 at
1804 2043 32 17 the

1398 2064 112 21 instigation
1519 2064 19 16 of
1547 2064 55 18 Hone
1611 2065 55 17 Heke
1679 2065 37 18 and
1734 2066 67 17 Patere
1818 2067 19 16 to

1398 2086 107 21 Pukuauia,
1526 2087 35 17 has
1580 2088 71 23 agreed
1667 2090 21 16 to
1708 2088 80 18 dissolve
1805 2089 31 17 tho

1398 2109 116 18 Parliament
1522 2111 37 17 and
1568 2111 129 18 Government
1705 2111 38 17 and
1752 2118 10 10 a
1774 2118 9 11 e
1794 2118 43 11 now

1397 2133 92 22 devoting
1496 2133 50 17 their
1554 2135 84 21 energies
1647 2137 20 15 to
1673 2135 32 17 the
1711 2135 125 23 establishing

1397 2156 20 17 of
1426 2163 11 10 a
1446 2156 144 18 Confederation
1604 2158 20 17 of
1641 2158 32 17 the
1690 2158 60 17 whole
1767 2158 20 17 of
1805 2158 31 17 the

1397 2179 74 18 various
1480 2180 58 17 tribes
1548 2180 19 17 of
1576 2180 47 18 New
1632 2181 90 17 Zealand.
1747 2181 38 17 The
1802 2181 25 17 sit-

1397 2203 44 22 ting
1457 2203 15 16 it
1492 2202 15 18 is
1529 2204 91 22 expectei
1642 2203 38 18 wi'l
1701 2205 89 17 cont'nue
1808 2205 29 17 for

1397 2226 79 17 another
1497 2226 56 20 week,
1580 2227 54 18 when
1654 2227 96 23 delegates
1763 2233 32 12 are
1816 2229 20 16 to

1397 2249 79 22 proceed
1485 2250 20 16 to
1515 2251 49 16 meet
1581 2250 32 17 the
1630 2251 54 22 King
1700 2251 37 17 and
1752 2251 29 17 his
1799 2251 27 18 fol-

1397 2273 66 16 lowers
1472 2274 20 15 at
1501 2273 146 22 Maungakawo,

1421 2301 16 17 A
1445 2301 63 17 native
1517 2302 25 16 Tc
1550 2302 49 17 Taru
1609 2301 38 19 w.i!
1655 2302 84 18 arrested
1745 2309 24 11 on
1778 2303 42 17 Mon-

1397 2324 46 22 dayf
1451 2324 26 22 by
1598 2326 87 21 Hughes,
1702 2332 25 11 on
1740 2332 11 11 a
1766 2326 69 23 charge

1397 2348 19 16 of
1425 2347 50 18 theft
1484 2348 19 17 of
1511 2354 11 10 a
1539 2348 71 23 cheque
1625 2349 30 18 for
1672 2349 38 18 £OO
1727 2349 65 18 drawn
1809 2350 26 22 by

1397 2370 98 18 Buckland
1508 2372 37 17 and
1561 2371 43 20 Son,
1623 2371 106 20 Auckland,
1747 2373 52 21 early
1816 2373 19 17 in

1397 2394 96 21 February
1501 2394 43 21 lust,
1554 2394 20 18 in
1589 2396 67 16 favour
1670 2396 21 16 of
1705 2394 94 24 Ng.iriinu
1816 2397 19 16 of

1397 2416 126 22 Wai-o-tapu.
1561 2419 39 16 The
1620 2419 72 22 cheque
1709 2425 38 11 wis
1768 2419 67 22 posted

1397 2441 49 16 from
1455 2440 99 18 Auckland
1563 2443 20 16 to
1592 2441 91 18 Rotorua.
1709 2443 58 16 Much
1775 2443 60 21 praise

1397 2462 14 19 is
1421 2463 36 17 due
1465 2466 21 15 to
1494 2464 101 17 Constable
1605 2465 81 23 Hughes
1692 2466 29 16 for
1731 2466 28 17 his
1764 2472 71 16 energy

1396 2487 38 17 and
1442 2488 40 16 tact
1489 2487 21 17 in
1518 2487 99 24 following
1634 2494 26 17 up
1677 2495 11 10 a
1704 2488 41 18 clue
1762 2490 35 21 got
1816 2491 19 15 at

1397 2509 78 18 Maketu
1484 2509 37 18 and
1529 2513 20 14 to
1562 2513 61 15 arrest
1637 2514 19 14 at
1672 2512 16 17 R
1694 2513 49 16 >toru
1750 2518 12 11 i.
1795 2513 38 16 The

1396 2533 78 17 accused
1484 2533 37 18 will
1531 2534 22 17 be
1561 2534 86 24 brought
1654 2535 65 18 before
1731 2535 31 18 the
1776 2535 59 18 Court

1396 2562 25 12 on
1430 2556 70 23 Friday
1508 2558 52 16 next.

1419 2585 39 17 The
1467 2585 98 21 following
1576 2592 95 11 coni'iiui"
1679 2585 4 21 •.
1689 2587 47 16 iS>n
1754 2592 38 12 was
1805 2593 20 11 re-

1396 2608 63 17 ceived
1468 2608 25 23 by
1502 2608 31 18 Mr
1541 2608 28 19 W.
1581 2609 63 22 Kelly,
1655 2609 80 18 M.H.R.
1745 2610 20 17 in
1780 2610 54 23 reply

1396 2633 20 15 to
1424 2631 29 17 his
1470 2632 91 22 telegram
1575 2639 19 11 re
1611 2633 51 17 work
1679 2634 29 16 for
1721 2633 32 17 the
1768 2640 53 11 unem-

1395 2654 69 22 ployed
1470 2656 20 16 at
1497 2655 90 18 Rotorua.
1613 2656 127 23 Department
1745 2657 21 17 of
1771 2657 64 17 Lands

1395 2677 35 24 and
1430 2677 84 24 Survey,
1519 2678 124 23 Wellington,
1649 2680 66 17 March
1724 2680 49 20 13th,
1783 2681 51 18 1893.

1395 2701 35 20 Sir,
1433 2701 75 17 —Hon.
1518 2701 88 19 Minister
1614 2703 21 17 of
1643 2702 17 18 L
1665 2702 42 18 inds
1721 2702 70 19 desires
1804 2709 30 12 me

1395 2725 20 16 to
1424 2724 133 22 acknowledge
1566 2726 71 22 receipt
1648 2727 20 16 of
1682 2731 47 17 your
1743 2727 92 22 telegram

1395 2747 100 18 addressed
1504 2749 20 16 to
1533 2749 50 17 Hon.
1591 2749 89 21 Premier,
1688 2749 45 18 with
1741 2750 93 17 reference

1395 2772 20 16 to
1424 2770 32 18 the
1467 2771 20 17 12
1496 2777 43 11 men
1548 2773 63 16 whom
1620 2778 38 16 you
1667 2777 34 17 viy
1710 2778 30 11 a.'e
1754 2773 81 18 anxious

1395 2794 20 16 to
1428 2793 66 18 obtain
1507 2794 130 23 employment
1654 2797 20 15 at
1691 2796 91 18 Rotorua.
1816 2797 19 17 If

1395 2817 45 22 they
1449 2822 31 12 are
1489 2817 59 23 really
1556 2818 101 23 deseis'ng
1666 2825 51 11 cases
1729 2819 33 17 tho
1775 2819 48 17 Mini-

1395 2841 38 16 ster
1441 2840 34 17 has
1483 2846 25 11 no
1517 2841 94 22 objection
1621 2843 20 16 to
1650 2841 50 18 their
1708 2843 77 22 getting
1794 2848 27 12 em-

1395 2863 98 22 ployment
1501 2869 25 12 on
1534 2864 32 17 tho
1582 2871 52 11 same
1648 2865 106 18 conditions
1768 2872 20 11 as
1802 2866 33 17 the

1395 2887 63 16 others
1479 2893 24 11 on
1524 2887 32 17 the
1573 2888 47 17 road
1637 2888 62 18 works
1717 2894 43 12 now
1777 2889 58 23 being

1395 2908 113 19 started.—l
1517 2910 53 21 have,
1583 2911 40 21 &c.,
1639 2911 19 18 S.
1675 2912 68 17 Percy*
1760 2911 73 21 Smith,

1395 2932 192 23 Surveyor-General.

1418 2960 30 17 An
1456 2960 98 24 exchange
1562 2967 43 17 says
1614 2962 43 17 that
1666 2963 20 16 at
1694 2968 12 11 a
1718 2962 63 18 Maori
1795 2963 38 22 pah

1394 2989 46 11 near
1448 2982 83 23 Marton,
1541 2991 11 10 a
1560 2985 47 17 tank
1616 2986 112 22 containing
1741 2987 35 16 200
1790 2986 32 22 gal-

1395 3006 41 17 lons
1445 3007 20 17 of
1474 3008 57 16 watar
1540 3008 33 17 fell
1583 3008 49 17 from
1641 3015 11 10 a
1661 3008 47 23 dray
1716 3014 25 12 on
1747 3015 11 11 a
1764 3009 68 17 Maori.

1395 3029 39 18 The
1442 3030 106 22 aboriginal
1556 3031 79 23 escaped
1642 3032 78 17 unhurt.
1745 3032 89 23 Nothing

1395 3052 15 17 is
1430 3053 63 17 stated
1509 3059 20 12 as
1546 3055 20 17 to
1581 3055 86 17 whether
1683 3055 32 17 the
1732 3055 47 17 tank
1795 3061 39 12 was

1395 3075 101 24 damaged.

1420 3107 30 17 An
1470 3108 109 18 Australian
1600 3111 85 21 squatter
1707 3110 83 22 recently
1815 3110 19 17 in

1395 3130 122 23 Wellington,
1527 3132 42 17 who
1577 3132 82 23 shipped
1667 3133 58 17 cattle
1737 3133 63 17 Home
1808 3133 26 23 by

1395 3153 32 17 the
1436 3149 81 25 Eehuca,
1527 3156 59 16 states
1595 3156 43 17 that
1648 3156 33 17 the
1695 3156 59 22 prices
1768 3156 66 18 cabled

1395 3175 63 19 would
1472 3177 42 22 give
1531 3177 59 18 about
1606 3178 26 18 £S
1652 3179 30 17 10s
1699 3184 33 18 per
1747 3179 49 17 head
1814 3186 20 11 as

1396 3200 76 22 against
1481 3200 26 17 .£4
1515 3201 65 22 ruling
1588 3202 20 17 in
1616 3202 84 22 Sydney.
1724 3202 39 17 The
1776 3203 59 17 result

1395 3222 25 18 he
1428 3222 93 18 considers
1529 3223 70 24 highly
1607 3224 126 23 satisfactory.

1420 3250 31 18 Mr
1460 3251 77 20 Collins,
1547 3258 11 11 a
1567 3252 61 18 South
1637 3254 108 17 Australian
1752 3255 82 20 breeder,

1396 3280 43 16 says
1447 3274 23 16 he
1479 3274 48 18 finds
1536 3275 33 17 the
1577 3276 43 18 best
1630 3276 78 23 rc-nedy
1724 3277 31 17 for
1767 3283 68 12 worms

1395 3297 21 17 iu
1432 3297 57 23 sheep
1505 3297 16 18 is
1537 3299 37 17 salt
1590 3299 38 17 and
1641 3300 175 22 turpentine—half
1823 3307 12 11 a

1395 3320 44 22 pint
1446 3320 21 17 of
1475 3322 108 21 turpentine
1592 3323 38 17 and
1640 3324 21 15 13
1670 3325 20 15 to
1700 3324 22 16 20
1733 3323 74 23 pounds
1816 3324 20 17 of

1395 3343 44 20 salt,
1449 3344 43 17 well
1500 3344 63 18 mixed
1572 3346 88 22 together
1668 3346 20 17 in
1697 3353 11 10 a
1717 3347 77 22 trough.

1419 3370 39 18 The
1467 3371 59 17 Patea
1540 3372 54 18 Press
1608 3374 96 21 saysA
1722 3374 77 17 scandal
1814 3374 20 17 of

1395 3400 26 10 an
1430 3394 123 23 exceedingly
1569 3402 59 16 grave
1644 3398 73 17 nature,
1735 3396 100 22 attacking

1396 3417 33 16 the
1439 3419 134 20 management
1581 3419 20 17 of
1614 3425 35 11 our
1665 3419 64 23 public
1745 3419 88 23 hospital,

1397 3439 15 17 is
1420 3440 21 16 at
1453 3442 77 20 present
1538 3442 106 22 exercising
1650 3443 32 16 the
1697 3442 64 23 public
1776 3442 57 20 mind,

1397 3462 38 17 and
1444 3463 38 17 will
1489 3464 111 18 necessitate
1607 3470 47 17 very
1663 3467 75 20 prompt
1750 3465 38 17 and
1801 3465 22 17 de-

1397 3485 56 17 cisive
1461 3492 93 12 measures
1566 3487 59 23 being
1637 3489 58 16 taken
1709 3489 20 16 to
1746 3494 44 11 save
1803 3489 32 16 the

1397 3508 108 18 institution
1525 3510 49 17 from
1595 3511 115 21 disgraceful
1730 3511 104 18 ostracism.

1398 3532 25 16 As
1432 3537 11 11 a
1451 3532 42 17 first
1501 3534 40 21 step
1550 3533 33 17 the
1592 3534 96 17 chairman
1703 3534 21 17 of
1737 3534 33 17 the
1784 3534 39 17 Hos-

1398 3554 47 22 pital
1454 3555 63 17 Board
1522 3555 34 18 has
1566 3556 59 18 found
1633 3556 16 17 it
1658 3562 98 17 necessary
1764 3559 21 15 to
1794 3563 31 11 sus-

1398 3577 51 22 pend
1469 3578 32 17 tho
1522 3579 105 17 wardsmen
1652 3579 84 23 pending
1763 3581 74 17 further

1398 3600 83 23 inquiry.

1424 3632 16 17 A
1449 3632 71 18 Nelson
1536 3633 42 17 firm
1595 3633 16 17 is
1627 3640 43 11 now
1687 3635 152 23 experimenting

1401 3655 46 16 with
1457 3661 11 10 a
1475 3661 42 11 new
1526 3662 83 16 processs
1625 3657 29 17 for
1667 3658 109 23 preserving
1791 3664 47 18 eggs

1401 3677 67 21 which,
1479 3678 15 17 it
1503 3678 14 18 is
1528 3680 123 22 anticipated,
1668 3681 39 17 will
1722 3681 48 23 keep
1786 3682 52 17 them

1402 3701 21 16 in
1432 3707 10 10 a
1449 3701 60 17 sound
1517 3703 49 16 state
1574 3704 21 16 of
1602 3704 129 21 preservation
1740 3704 31 18 for
1786 3705 53 17 three

1399 3729 59 17 years.

1423 3757 26 16 As
1458 3757 31 17 Mr
1498 3757 54 18 Grim
1555 3758 58 20 wade,
1623 3765 11 11 a
1650 3765 104 17 passenger
1768 3760 26 22 by
1807 3761 33 17 the

1400 3779 94 18 Monowai
1505 3781 49 17 from
1564 3782 118 20 Melbourne,
1698 3788 38 11 was
1750 3783 78 21 proceed-

1399 3802 35 22 ing
1442 3802 49 17 from
1501 3804 32 17 the
1542 3804 53 17 Bluff
1602 3805 63 17 wharf
1672 3807 21 16 to
1701 3805 54 17 catch
1766 3812 10 10 a
1790 3807 51 16 train

1400 3826 20 16 to
1429 3826 57 19 town,
1498 3827 54 17 when
1561 3828 87 22 opposite
1663 3828 32 17 the
1708 3830 53 15 stern
1774 3829 20 16 of
1808 3830 33 16 the

1400 3854 31 11 s.s.
1453 3849 43 17 Star
1517 3850 20 16 of
1557 3850 91 21 Victoria,
1666 3852 23 16 he
1703 3851 46 17 took
1764 3852 34 16 out
1812 3852 29 18 his

1401 3871 67 21 watch,
1479 3878 11 11 a
1498 3878 45 16 very
1552 3873 88 18 valuable
1649 3874 46 22 geld
1700 3880 35 11 one
1741 3875 20 16 to
1770 3880 29 11 see
1809 3875 33 17 the

1401 3894 52 17 time.
1477 3895 39 18 The
1526 3896 131 18 chronometer
1663 3897 77 17 became
1748 3896 94 19 detached

1402 3917 49 17 from
1459 3917 18 25 it
1486 3917 9 25 3
1504 3917 55 25 chain,
1573 3920 40 17 and
1625 3920 85 22 slipping
1726 3921 35 16 out
1773 3920 21 17 of
1811 3921 31 16 Mr

1402 3940 122 18 Grimwade'B
1532 3941 51 19 hand
1591 3944 51 16 went
1648 3942 85 22 through
1738 3943 33 17 the
1780 3943 62 18 wharf

1403 3962 81 23 decking
1496 3964 40 17 into
1552 3965 33 17 the
1601 3967 66 16 water.
1704 3965 82 22 Captain
1799 3967 43 16 Mc-

1403 3983 81 23 Donald,
1494 3986 160 23 harbourmaster,
1664 3988 130 23 immediately
1801 3991 42 15 sent

1404 4014 11 10 a
1431 4008 53 17 diver
1503 4009 62 21 down,
1587 4011 38 17 and
1645 4006 23 22 he
1689 4017 39 11 was
1745 4011 98 19 fortunate

1402 4031 78 22 enough
1488 4032 20 17 to
1516 4032 45 22 pick
1568 4039 26 17 up
1602 4034 33 17 the
1644 4034 63 17 watch
1720 4036 20 15 at
1753 4035 32 16 the
1801 4035 43 18 first

1403 4054 88 22 attempt.
1516 4055 39 18 The
1564 4058 59 15 water
1637 4063 38 11 was
1691 4056 59 18 about
1767 4058 22 16 23
1806 4058 38 18 feet

1403 4075 56 23 deep.

1892 98 24 17 In
1924 98 33 17 the
1965 103 65 12 course
2039 99 21 16 of
2069 99 44 16 1893
2122 98 51 22 (says
2182 99 32 16 the
2225 99 78 18 London

1868 121 57 22 Daily
1933 121 59 22 news)
2001 128 11 10 a
2021 122 74 16 curious
2103 127 43 11 race
2154 122 15 16 is
2175 123 20 15 to
2201 122 45 17 take
2251 122 52 22 place

1867 144 33 17 the
1908 150 65 12 oourse
1981 145 59 21 being
2048 145 33 17 the
2089 145 47 21 high
2145 145 46 16 road
2197 145 48 17 from
2252 146 51 17 Paris

1867 168 20 16 to
1896 167 105 18 Bordeaux.
2027 168 19 17 It
2055 167 40 18 will
2103 167 23 17 be
2134 174 11 10 a
2152 173 42 11 race
2199 168 21 17 of
2224 168 79 19 vehicles

1867 190 81 18 without
1956 191 55 17 horse
2013 196 13 12 3.
2051 190 117 22 Electricity,
2178 197 21 11 or
2208 192 65 19 steam,
2283 199 20 10 or

1867 220 37 15 any
1912 214 55 16 other
1975 213 116 17 mechanical
2105 213 70 17 motive
2188 220 63 16 power
2264 216 39 17 will

1866 237 23 17 be
1898 235 99 18 admitted.
2023 237 16 17 A
2048 237 108 17 committee
2165 237 84 21 presided
2259 244 44 11 over

1866 260 26 22 by
1904 260 27 17 M.
1952 260 73 17 Marcel
2041 260 78 21 Dcprez,
2137 259 112 20 electrician.,
2269 261 34 18 has

1866 283 48 17 been
1922 283 73 17 formed
2004 284 19 16 to
2032 288 54 16 carry
2096 284 34 15 out
2138 282 33 17 the
2176 283 79 22 project,
2265 285 38 16 and

1867 306 76 22 already
1954 306 52 16 there
2020 312 32 10 are
2067 311 20 11 so
2102 311 57 16 many
2176 307 68 17 entries
2260 307 42 18 that

1866 329 143 22 4G,soooJfrancs
2015 328 34 17 has
2055 328 78 22 already
2138 328 145 19 beensubscrilje
2290 331 12 16 1.

1866 352 39 17 The
1913 352 42 17 first
1962 352 70 16 arrival
2041 352 38 16 will
2095 352 71 16 receive
2180 352 87 17 one-half
2283 354 20 17 of

1867 375 31 17 the
1918 375 48 17 total
1987 375 142 22 subscriptions.
2166 374 83 23 Bicycles
2265 376 38 18 and

1867 398 61 17 tricles
1943 397 39 18 will
1996 398 49 17 form
2062 404 11 11 a
2089 397 48 18 class
2154 399 59 21 apart,
2234 399 69 21 special

1866 420 58 22 prizes
1933 421 113 22 amounting
2060 422 21 15 to
2097 421 53 19 5,000
2168 421 61 17 fnines
2246 421 57 22 being

1867 444 77 18 allotted
1959 446 21 16 to
1992 444 59 17 them.
2084 443 86 18 Vehicles
2186 444 43 17 that
2244 445 59 17 break

1867 467 55 17 down
1931 468 51 17 must
1989 467 24 17 be
2021 467 85 22 repaired
2112 467 45 21 only
2162 467 25 22 by
2192 467 33 17 the
2230 474 73 11 owners

1867 491 45 17 with
1921 490 107 23 appliancos
2037 490 90 22 specially
2141 490 72 17 carried
2226 491 29 17 lor
2270 491 33 17 the

1867 519 86 17 purpose.

1889 548 17 16 A
1914 546 86 23 singular
2006 546 64 17 native
2079 545 98 23 grievance
2185 546 16 16 is
2209 545 58 23 being
2272 547 20 17 in-

1865 570 105 22 ve-tigattd
1978 570 26 22 by
2013 569 33 17 the
2058 569 52 17 Hon.
2129 569 30 16 Mr
2176 569 72 17 Carroll
2265 570 37 17 and

1865 594 33 17 the
1907 592 191 24 Surveyor-General.
2123 592 59 21 Many
2193 597 53 16 years
2255 592 47 18 back

1865 616 33 18 the
1907 617 78 17 Porirua
1998 616 74 16 netives
2089 615 40 17 sold
2146 616 20 14 to
2183 615 30 17 Sir
2229 615 73 24 George

1866 641 55 21 Grey,
1936 646 25 11 on
1973 639 66 18 behalf
2055 639 20 17 of
2091 638 33 17 tho
2140 638 133 20 Government,
2291 646 11 10 a

1865 663 55 18 block
1929 664 21 17 of
1961 662 45 17 land
2021 662 56 17 south
2093 662 21 16 of
2131 661 86 21 Porirua,
2236 662 66 23 giving

1865 686 70 17 certain
1945 688 54 15 outer
2015 684 119 18 boundaries.
2159 684 41 18 One
2218 686 19 16 of
2250 686 52 17 these

1865 716 38 10 was
1917 709 73 17 describ
1997 709 17 17 k1
2027 714 21 11 as
2062 709 99 19 Arataura,
2176 714 21 10 or
2211 708 32 17 the
2257 714 45 17 rope

1865 733 52 22 path.
1943 733 39 17 The
1990 731 73 18 native?
2071 732 60 16 assert
2139 731 43 17 that
2195 731 74 18 instead
2282 731 20 18 of

1864 756 78 22 placing
1950 756 32 17 the
1990 754 100 22 boundary
2103 756 20 14 at
2135 754 62 17 where
2210 755 33 16 the
2257 761 45 16 rope

1865 778 45 18 road
1917 778 38 18 had
1962 778 48 18 been
2018 778 20 16 in
2044 777 75 17 ancient
2125 776 60 21 times,
2192 783 24 11 on
2222 778 80 18 another

1865 802 43 17 wise
1928 802 70 17 almost
2013 799 120 19 inaccessible
2150 800 44 20 cliff,
2212 801 32 17 the
2258 808 32 10 sur-

1864 831 67 16 veyors
1940 825 45 17 took
1994 830 10 11 a
2014 824 52 17 short
2080 825 32 15 cut
2129 823 58 23 along
2202 830 25 11 an
2243 825 59 16 easier

1864 848 43 21 line,
1925 848 62 17 whioli
2004 846 84 23 brought
2104 846 20 17 in
2138 847 33 16 700
2185 852 52 12 acres
2250 853 52 12 more

1863 871 45 17 land
1917 871 47 17 than
1973 872 45 21 they
2027 870 38 17 had
2073 869 69 23 agreed
2150 872 21 15 to
2183 870 41 17 sell.
2249 871 53 22 They

1863 896 40 20 pro;
1912 900 8 6 v
1921 894 44 20 ;ted,
1983 895 35 16 but
2041 893 80 17 without
2142 893 55 19 avail,
2215 894 37 16 and
2269 894 33 17 the

1864 917 107 18 Provincial
1979 917 128 18 Government
2122 916 72 17 re-sold
2208 916 32 17 the
2256 917 46 17 land

1863 942 20 15 to
1892 941 80 17 settlers.
1997 940 40 17 The
2045 939 73 17 natives
2130 938 49 19 have
2193 940 109 23 repeatedly

1863 964 104 21 petitioned
1976 964 32 17 the
2017 963 65 17 House
2096 968 25 11 on
2130 962 32 17 the
2177 963 74 22 subject
2263 963 39 17 and

1863 992 43 12 now
1915 987 69 17 Messrs
1993 989 5 7 '
2004 986 61 17 'arroll
2074 985 38 17 and
2121 985 62 18 Smith
2192 986 47 17 have
2252 992 50 18 gone

1863 1015 44 12 over
1915 1010 33 17 the
1956 1010 119 19 boundaries,
2086 1008 45 17 with
2141 1009 32 16 the
2186 1010 58 16 result
2259 1010 43 17 that

1863 1033 32 17 tho
1905 1034 78 17 natives'
1993 1032 109 19 contention
2110 1038 21 11 as
2140 1034 19 15 to
2168 1032 33 18 the
2215 1033 34 17 site
2263 1032 39 18 and

1863 1056 120 23 significance
1992 1057 20 17 of
2021 1056 32 17 tho
2067 1055 31 17 old
2107 1061 55 11 name
2175 1056 63 17 would
2251 1062 51 12 socm

1863 1081 20 16 to
1891 1079 23 18 be
1924 1086 11 11 a
1943 1080 91 22 probable
2041 1079 119 18 one.—Post.

1886 1112 29 22 By
1926 1113 31 17 the
1966 1112 111 18 demolition
2088 1112 19 17 of
2123 1118 51 12 some
2188 1111 32 19 old
2233 1113 69 17 houses

1863 1135 19 17 in
1891 1136 176 19 Catherine-street,
2077 1135 75 20 Strand,
2163 1136 38 16 and
2209 1136 19 16 in
2237 1136 64 23 Drury

1863 1159 58 19 Lane,
1931 1165 42 17 says
1983 1159 32 17 the
2023 1158 131 18 Westminster
2161 1159 81 21 Review,
2249 1160 53 17 what

1863 1188 43 16 may
1914 1182 24 17 be
1946 1182 93 22 regarded
2047 1188 20 11 as
2076 1189 10 10 a
2094 1182 65 17 classic
2165 1183 43 21 spot
2215 1182 33 17 has
2253 1183 48 17 been

1862 1206 82 21 exposed
1952 1208 21 15 to
1982 1206 53 16 view.
2060 1205 45 17 This
2114 1205 15 17 is
2138 1206 33 17 the
2179 1206 31 16 old
2219 1206 70 18 ohurch-

1862 1229 46 21 yard
1918 1229 62 17 which
1994 1229 78 18 Charles
2086 1228 80 18 Dickens
2182 1229 119 22 graphically

1862 1251 97 18 described
1968 1253 21 17 in
2188 1252 37 17 and
2239 1253 62 17 which

1862 1274 15 17 is
1886 1275 119 22 approached
2013 1276 26 21 by
2048 1281 11 10 a
2067 1281 75 10 narrow
2156 1281 78 17 passage
2248 1276 42 17 lead-

1862 1298 34 22 ing
1906 1298 49 18 from
1964 1298 66 18 ltussel
2040 1299 64 17 Court.
2129 1298 40 18 The
2182 1299 119 22 churchyard

1862 1327 24 11 on
1904 1321 32 18 the
1954 1322 98 17 left-hand
2069 1321 39 17 side
2128 1322 21 16 of
2169 1322 63 22 Drury
2248 1318 53 22 Lane

1862 1344 68 23 higher
1938 1351 26 17 up
1973 1345 34 17 has
2020 1345 108 22 frequently
2140 1345 48 17 boon
2202 1345 64 18 talked
2280 1347 21 16 of

1862 1373 20 11 as
1892 1367 69 18 "Joe's
2117 1368 35 17 but
2161 1368 33 17 the
2202 1368 99 19 miserable

1862 1391 60 17 burial
1931 1391 75 23 ground
2016 1391 60 17 which
2085 1391 84 17 receivod
2177 1392 32 16 the
2218 1392 82 18 remains

1862 1415 20 16 of
1890 1420 46 16 poor
1945 1414 61 18 Nemo
2014 1415 16 17 is
2038 1415 43 17 that
2089 1420 25 11 on
2131 1415 62 17 which
2207 1415 32 17 the
2254 1421 34 11 sun-

1860 1437 51 22 light
1919 1437 16 18 is
1943 1444 44 11 now
1995 1437 80 18 allowed
2083 1439 20 15 to
2112 1437 52 17 shiue
2173 1438 84 22 through
2268 1439 32 16 the

1862 1460 83 23 clearing
1964 1467 56 16 away
2037 1461 20 17 of
2077 1461 32 16 the
2125 1461 94 17 rookeries
2235 1462 62 19 .which

1862 1484 106 22 previously
1977 1484 88 18 hemmed
2073 1484 16 17 it
2097 1484 19 16 in
2122 1490 25 11 on
2156 1486 40 15 east
2201 1484 37 18 and
2246 1486 52 16 west.

1862 1507 25 16 At
1896 1507 32 17 the
1938 1507 37 17 end
1983 1508 20 16 of
2012 1507 31 17 the
2058 1507 74 17 Russell
2145 1507 59 17 Court
2220 1513 80 17 passage

1862 1530 32 17 the
1910 1532 51 20 gate,
1980 1531 46 16 with
2042 1531 25 16 its
2083 1530 41 17 iron
2143 1530 50 21 bars,
2215 1531 84 22 through

1861 1553 61 17 which
1931 1552 35 19 Joe
1975 1554 78 22 poiated
2062 1555 33 15 out
2104 1555 20 15 to
2133 1554 53 21 Ltdy
2201 1554 97 17 Deadlock

1861 1577 32 17 the
1902 1583 57 16 grave
1968 1578 21 16 of
1997 1577 29 17 his
2035 1577 109 17 benefactor
2152 1577 39 17 still
2205 1577 61 22 hangs
2275 1584 24 11 on

1860 1599 24 17 its
1894 1603 53 19 rusty
1955 1600 52 23 hinge
2007 1600 22 23 3,
2039 1600 94 21 although
2147 1601 31 16 the
2192 1601 106 22 graveyard

1858 1622 54 18 itself
1920 1624 34 16 has
1962 1624 47 17 been
2018 1623 100 23 asphalted
2126 1629 45 12 over
2179 1624 37 17 and
2229 1624 69 17 turned

1860 1646 40 17 into
1909 1653 11 10 a
1933 1646 127 23 playground.
2091 1646 55 18 Some
2160 1647 104 17 thousands
2279 1648 21 17 of

1860 1669 32 17 tho
1901 1669 90 18 admirers
2000 1671 20 16 of
2029 1669 88 18 Dickon's
2124 1669 67 21 works,
2199 1670 99 22 including

1860 1699 11 10 a
1879 1692 54 23 large
1940 1693 82 18 number
2030 1694 20 16 of
2056 1693 114 19 Americans,
2177 1693 48 18 have
2230 1694 68 17 visited

1860 1716 33 17 the
1902 1718 43 20 spot
1954 1716 66 17 within
2029 1717 32 16 tho
2070 1716 37 17 last
2116 1717 35 16 few
2160 1716 67 18 weeks.

1860 1783 59 20 THE
1933 1784 105 20 STATUS
2053 1784 35 20 OF
2102 1784 57 20 THE
2176 1785 120 20 TOMATO.

1886 1841 19 19 It
1918 1841 37 19 lias
1968 1843 35 17 not
2009 1844 35 22 yet
2052 1841 51 19 been
2111 1841 83 20 decided
2206 1842 92 20 whether

1860 1867 35 18 the
1905 1870 40 16 torn
1954 1871 29 15 ito
1994 1868 17 18 is
2022 1874 10 12 a
2048 1867 51 19 fruit
2114 1874 22 12 or
2152 1875 12 11 a
2182 1869 114 24 vegetable.

1860 1893 43 19 The
1913 1893 96 25 question
2020 1893 17 19 is
2046 1893 43 25 just
2101 1900 51 17 now,
2171 1894 16 18 it
2202 1900 93 19 appears,

1859 1919 103 26 agitating
1973 1920 35 18 the
2018 1919 114 26 gardening
2145 1920 55 19 mind
2207 1921 22 18 of

1860 1945 54 19 laud.
1955 1945 121 19 Exhibitors
2103 1951 21 13 at
2155 1947 141 20 horticultural

1859 1971 72 23 shows,
1950 1971 108 25 according
2078 1975 21 16 to
2122 1972 54 19 their
2194 1973 101 25 opinions,

1859 1998 51 18 havo
1922 1998 51 19 been
1984 1998 20 18 in
2012 1998 65 19 doubt
2088 2005 22 12 as
2121 2001 20 16 to
2158 1999 34 18 the
2209 2003 88 16 correct™

1860 2030 45 13 ness
1915 2024 20 19 of
1949 2024 106 24 including
2072 2027 99 16 tomatoes
2189 2025 20 19 in
2226 2026 60 19 collec-

1859 2050 53 19 tions
1922 2050 21 19 of
1954 2050 60 19 fruits
2032 2057 23 12 or
2070 2050 119 25 vegetables
2206 2051 40 20 and
2264 2053 31 19 for

1858 2076 54 19 their
1933 2076 76 19 benefit
2028 2083 13 11 a
2069 2077 157 25 correspondent
2244 2079 22 18 of
2284 2086 12 12 g,

1858 2102 115 25 gardening
1997 2109 63 18 paper
2081 2109 61 23 urges
2171 2104 44 18 that
2246 2104 49 26 they

1858 2128 73 19 should
1943 2128 25 19 bo
1986 2128 64 24 freely
2066 2128 99 19 admitted
2183 2129 43 20 into
2245 2130 50 20 both

1858 2154 92 19 sections.
1973 2154 33 19 lie
2015 2154 73 19 admits
2099 2154 45 19 that
2154 2155 47 25 only
2213 2157 82 23 general

1858 2182 119 23 acceptance
1986 2187 37 12 can
2034 2180 73 19 enable
2124 2181 34 18 the
2175 2184 77 17 tomato
2272 2185 21 17 to

1860 2205 24 20 bo
1900 2206 99 19 admitted
2020 2209 21 16 to
2061 2206 35 19 the
2117 2206 61 19 select
2195 2208 60 20 circle
2274 2210 22 19 of

1858 2232 56 23 fruit,
1926 2239 22 12 as
1959 2232 153 26 unfortunately
2125 2239 28 13 wo
2163 2233 43 20 first
2217 2235 50 19 used
2279 2236 16 19 it

1858 2265 22 12 as
1889 2265 13 12 a
1910 2259 77 19 cooked
1999 2259 107 25 vegetable
2124 2260 40 18 and
2183 2260 53 20 from
2253 2262 42 19 this

1858 2284 59 25 lowly
1935 2285 94 19 estimate
2045 2285 16 18 it
2079 2285 17 19 is
2113 2285 50 19 hard
2180 2288 21 17 to
2218 2286 35 20 lift
2271 2288 23 19 it.

1859 2311 29 19 Its
1899 2311 86 25 position
1994 2318 22 12 as
2031 2317 11 12 a
2052 2311 107 25 vegeta.ble
2168 2312 17 18 is
2194 2314 60 18 much
2261 2316 34 17 too

1858 2337 31 19 far
1900 2337 83 19 assured
1994 2340 21 16 to
2025 2337 59 19 allow
2095 2338 21 18 of
2125 2338 34 18 the
2178 2339 117 24 possibility

1858 2364 21 18 of
1888 2363 17 19 it
1915 2370 47 12 ever
1973 2363 63 26 being
2043 2363 122 19 dissociated
2175 2365 51 19 from
2234 2372 48 19 vege-

1859 2389 70 19 tables.
1959 2389 31 19 On
2001 2391 35 17 the
2046 2389 58 19 other
2116 2391 61 23 Itiand,
2239 2392 17 19 is
2274 2392 20 20 in

1858 2422 61 18 every
1940 2422 59 12 sense
2020 2416 43 25 just
2086 2422 22 12 as
2130 2417 59 19 much
2211 2424 12 12 a
2244 2419 51 18 fruit

1859 2441 123 25 botanically
1991 2448 22 13 as
2022 2443 17 17 is
2051 2441 102 26 anything
2169 2446 66 20 oaten,
2254 2445 39 18 and

1858 2467 16 19 if
1884 2468 99 25 partaken
1994 2469 21 18 of
2025 2469 21 18 in
2055 2474 12 12 a
2076 2474 41 13 raw
2128 2469 43 25 ripe
2183 2472 53 17 state
2246 2471 17 19 is
2274 2471 19 18 in

1858 2494 35 19 the
1915 2500 56 13 same
1994 2500 22 19 p--
2024 2494 57 20 jition
2106 2501 22 12 as
2154 2495 70 26 apples
2253 2497 40 18 and

1967 2521 33 18 lie
2013 2521 111 24 complains
2142 2521 46 19 that
2204 2522 15 18 it
2236 2523 57 19 looks

1857 2553 22 12 as
1889 2546 17 19 if
1914 2546 56 19 there
1982 2553 50 13 were
2043 2546 69 19 efforts
2124 2547 63 25 being
2197 2548 58 19 made
2274 2552 19 15 to

1857 2575 20 16 to
1887 2572 63 20 check
1959 2573 35 19 tho
2004 2579 35 13 use
2050 2573 21 19 of
2081 2573 35 18 the
2136 2576 75 17 tomato
2229 2582 22 12 as
2268 2582 25 11 an

1857 2599 97 25 ordinary
1963 2599 43 25 ripe
2017 2606 41 13 raw
2070 2599 56 23 fruit,
2162 2600 49 19 than
2228 2601 65 19 which

1857 2626 87 24 nothing
1955 2626 60 19 could
2027 2626 24 19 bo
2062 2632 53 12 more
2131 2633 130 18 ungenerous
2270 2634 23 11 or

1857 2651 117 19 ridiculous.
1977 2652 12 8 *'
2033 2652 64 19 What
2119 2652 17 19 is
2168 2653 79 19 wanted
2272 2655 21 17 to

1856 2680 117 16 counteract
1983 2678 41 19 this
2057 2684 130 18 ungenerous
2224 2685 54 13 move-

1857 2706 55 16 ment
1920 2704 16 18 is
1953 2704 35 19 the
2006 2704 120 25 production
2141 2704 21 19 of
2185 2711 11 12 a
2218 2704 75 26 higher

1856 2730 79 19 flavour
1944 2730 22 19 in
1983 2733 105 20 tomatoes,
2102 2730 76 19 soionce
2196 2730 40 20 and
2251 2732 40 18 cub

1857 2760 45 14 ture
1912 2756 78 26 having
1999 2756 52 19 done
2061 2756 27 18 all
2097 2756 6 18 i
2123 2763 38 12 can
2176 2756 25 19 do
2220 2757 21 19 in
2258 2757 35 19 the

1856 2782 98 19 direction
1972 2783 22 18 of
2011 2782 89 26 prolific#
2114 2789 13 18 y
2145 2782 41 19 and
2207 2782 84 26 beauty.

1856 2809 28 18 At
1894 2808 34 19 the
1938 2815 55 12 same
2006 2809 49 18 time
2073 2808 36 19 tho
2128 2808 67 19 writer
2216 2815 76 19 argues

1856 2834 46 19 that
1915 2834 41 19 this
1966 2834 87 19 demand
2069 2834 33 19 for
2121 2834 74 26 higher
2213 2834 80 21 flavour

1856 2860 18 19 is
1882 2860 35 20 the
1927 2860 64 20 result
2007 2861 22 19 of
2044 2867 37 13 our
2097 2860 92 20 variated
2206 2861 86 26 palates.

1881 2887 38 19 We
1933 2894 35 12 are
1985 2887 75 24 always
2079 2887 84 25 craving
2178 2887 32 19 for
2229 2894 52 13 some-

1856 2913 60 25 thing
1926 2913 52 24 high
1989 2920 22 12 or
2025 2913 92 25 piquant.
2154 2913 43 19 Our
2213 2914 80 25 palate*,

1857 2939 52 19 have
1919 2940 51 18 been
1980 2939 134 19 demoralised
2124 2939 27 24 by
2161 2939 43 19 rich
2223 2940 68 23 fruits,

1857 2965 125 25 pineapples,
1993 2967 78 17 muscat
2082 2972 73 18 grapes
2164 2965 42 19 rich
2224 2972 66 19 pears,

1856 2998 23 12 or
1895 2992 76 25 apples,
1991 2991 93 25 strongly
2103 2991 104 19 flavoured
2226 2994 65 17 necta.

1856 3017 54 19 rines
1919 3017 41 19 and
1969 3017 68 26 plums
2045 3017 4 26 ;
2065 3017 44 19 also
2119 3017 27 26 by
2156 3019 93 18 constant
2256 3024 36 12 use

1856 3043 21 19 of
1888 3050 64 12 meats
1963 3044 41 18 and
2013 3043 127 19 condiments
2155 3043 41 20 and
2206 3043 85 26 liquors.

1857 3069 58 19 With
1937 3070 50 18 such
2005 3070 131 25 competition
2160 3069 34 19 the
2215 3072 76 16 tomato

1857 3101 64 13 seems
1933 3096 73 19 almost
2016 3098 54 16 tame
2081 3095 40 19 and
2134 3095 81 25 insipid,
2225 3097 35 23 yet
2270 3097 21 17 to

1856 3128 12 13 a
1875 3122 74 24 purely
1958 3122 83 19 natural
2057 3121 68 26 palate
2143 3122 26 18 its
2180 3121 41 19 soft
2241 3121 50 19 flesh

1857 3148 40 19 and
1912 3148 57 25 juicy
1985 3151 72 16 nature
2077 3154 33 12 are
2131 3147 103 19 delicious.
2272 3147 21 19 It

1856 3173 49 20 does
1915 3176 36 17 not
1961 3177 64 22 tempt
2035 3175 21 17 to
2065 3173 59 23 feast,
2140 3172 59 20 much
2216 3173 40 19 less
2271 3175 21 18 to

1858 3206 11 12 a
1880 3206 63 19 gorge
1952 3207 5 16 ;
1971 3200 38 19 but
2015 3200 17 18 it
2039 3199 17 19 is
2063 3198 133 26 delightfully
2203 3200 78 18 refresh-

1857 3226 37 25 ing
1909 3226 40 19 and
1967 3225 110 25 satisfying
2079 3224 3 27 -
2125 3224 26 19 In
2169 3225 59 19 order
2247 3225 46 19 that

1857 3252 35 19 the
1910 3254 50 17 next
1978 3251 119 25 generation
2114 3257 47 18 may
2177 3252 116 24 appreciate

1857 3278 35 18 the
1902 3280 76 16 tomato
1989 3277 66 19 better
2074 3276 51 19 than
2140 3276 53 20 their
2209 3280 85 22 parents

1857 3304 31 21 do,
1900 3303 42 19 this
1952 3305 77 17 tomato
2039 3302 115 19 enthusiast
2169 3309 63 19 urges
2248 3304 46 18 that

1856 3328 93 20 children
1967 3328 74 20 should
2059 3328 26 19 be
2109 3328 90 26 brought
2220 3336 28 19 up
2272 3332 22 16 to

1857 3355 81 19 natural
1949 3357 63 17 tastes
2022 3354 41 19 and
2077 3354 75 24 habits,
2170 3361 22 13 so
2209 3356 47 19 that
2272 3355 22 19 in

1859 3381 50 19 later
1927 3380 36 19 life
1979 3381 49 24 they
2044 3386 47 19 may
2109 3380 26 20 be
2152 3383 82 17 content
2243 3381 50 19 with

1858 3406 35 20 the
1903 3406 50 19 mild
1963 3406 158 25 unstimulating
2130 3406 79 20 flavour
2218 3408 22 19 of
2258 3407 35 19 the

1858 3435 77 16 tomato
1944 3432 80 20 instead
2034 3434 22 18 of
2072 3432 121 26 hankering,
2204 3440 23 12 as
2245 3433 50 24 they

1858 3458 26 18 do
1895 3465 50 17 now,
1956 3459 53 19 after
2019 3459 61 19 fruits
2089 3459 49 19 with
2148 3459 35 19 the
2190 3461 105 23 strongest

1858 3483 86 21 flavour.

2329 99 429 46 CABLEGRAMS

2359 184 90 33 HOME
2478 187 65 31 AND
2582 188 153 30 FOREIGN.

2459 250 61 29 Ship
2537 252 100 21 ashore.

2353 282 92 23 London,
2457 282 70 18 March
2537 284 31 16 26.
2571 282 69 18 —The
2650 281 46 24 ship
2707 280 53 19 L-ksli

2314 307 1 29 j
2327 308 92 21 Kalrine.
2431 308 65 19 which
2506 308 37 18 left
2553 307 94 23 Geelong
2664 313 26 12 on
2712 307 48 17 Dec.

2326 335 35 19 6th
2378 336 33 18 for
2431 334 89 22 Londoi,
2537 340 36 12 ran
2585 334 77 18 .ashore
2685 333 19 17 in
2726 332 34 18 the

2313 355 2 28 '
2326 361 93 22 Thames,
2436 360 41 20 and
2496 360 17 19 is
2527 366 44 12 now
2591 360 20 18 iu
2622 366 12 12 a
2646 359 114 24 dangerous

2313 381 2 33 j
2326 387 93 24 position.

2351 413 44 19 Tho
2404 413 91 19 accident
2504 411 108 26 happened
2622 412 68 23 owing
2698 414 8 14 t
2714 418 6 10 >
2727 409 33 19 the

2313 432 2 33 J
2325 441 38 22 tug
2373 439 107 24 becoming
2490 438 92 19 disabltd
2591 437 91 25 through
2699 436 61 24 being

2313 462 2 26 I
2325 464 88 24 jammed
2433 465 91 19 between
2541 465 36 18 the
2596 464 46 24 ship
2661 462 41 19 and
2726 462 34 19 the

2326 490 72 19 wharf.

2340 522 143 23 Interview
2495 522 66 23 with
2575 522 66 23 Lord
2652 521 90 29 Ripon.

2351 557 92 23 London',
2454 557 71 18 March
2535 557 102 18 '26-Hon.
2649 556 34 19 Mr
2696 555 64 19 Ward

2325 583 40 18 will
2393 583 51 19 have
2462 583 51 19 have
2535 589 26 12 an
2583 582 105 20 interview
2711 581 49 19 with

2325 608 54 19 Lord
2391 609 67 25 Ripon
2468 615 26 12 on
2504 608 139 24 Wednesday.
2673 608 33 19 He
2723 608 37 19 hue

2325 635 101 23 arranged
2444 638 19 15 to
2483 635 56 19 leave
2558 635 31 18 for
2607 635 59 18 Paris
2684 634 76 24 during

2325 660 78 19 Easter.
2433 661 32 18 He
2477 661 37 19 has
2525 661 90 19 satisfied
2625 660 82 19 himself
2714 660 46 18 that

2325 686 99 19 excellent
2436 686 38 19 feel
2478 686 4 26 :
2485 694 28 18 ng
2525 687 89 25 prevails
2628 688 22 17 in
2667 687 35 18 the
2718 686 42 24 city

2326 712 48 19 with
2386 713 73 25 regard
2469 715 21 16 to
2500 714 34 18 the
2546 720 43 13 new
2605 713 101 25 Marquis.

2443 747 110 30 Alleged
2570 748 70 23 libel.

2351 776 92 25 London*,
2466 778 69 19 March
2554 778 206 24 20.—Queensberry

2325 802 85 25 pleaded
2419 803 132 26 justification
2561 805 32 19 for
2611 804 80 26 alleged
2710 804 49 19 liiiei

2324 835 26 12 on
2375 829 35 19 the
2433 830 61 19 Oscar
2515 830 69 19 Wildrj
2600 832 98 21 recorder,
2719 830 40 18 and

2325 855 85 19 ordered
2420 862 12 12 a
2443 858 44 17 true
2497 856 37 19 bill
2544 860 19 16 to
2575 858 25 18 be
2614 856 102 20 returned.

2405 892 109 29 Capture
2525 894 27 22 of
2571 894 107 23 Chitral.

2351 926 113 23 Calcutta,
2478 928 70 19 March
2564 930 60 17 2-'s.
2633 931 8 18 V
2661 929 97 25 despatch

2324 952 53 19 from
2394 952 78 19 Lahore
2492 960 45 18 says
2559 955 44 19 that
2622 956 71 19 Sharif
2711 954 47 23 Zul,

2325 978 49 19 with
2384 978 65 19 Umra
2461 979 79 20 Khan's
2549 980 54 24 help,
2615 982 37 19 has
2660 981 99 23 captured

2325 1004 85 19 Chitral.

2350 1032 21 17 It
2380 1030 18 19 is
2410 1031 93 24 reported
2513 1032 45 19 that
2568 1034 73 19 Ameer
2648 1034 30 18 Ml
2690 1032 67 24 Mulk,

2325 1056 47 20 witb
2382 1056 35 20 the
2426 1056 84 26 English
2520 1058 104 25 Resident,
2634 1060 30 19 Dr
2677 1059 69 19 Kobert-

2324 1089 43 16 son,
2377 1083 40 19 and
2427 1083 59 19 other
2495 1084 108 26 European
2620 1093 34 12 are
2673 1085 86 25 making

2324 1109 32 18 for
2365 1108 79 20 Mastuf
2455 1116 25 12 on
2491 1110 33 19 tho
2534 1112 49 18 road
2594 1115 20 15 to
2624 1112 72 25 Gilgit.

2350 1135 60 23 Rose,
2422 1142 38 12 one
2471 1136 21 18 of
2500 1136 35 20 tho
2544 1137 75 20 Indian
2630 1138 53 19 Staff
2694 1138 64 25 Corps

2324 1160 40 20 and
2375 1163 25 16 60
2410 1161 63 22 sikhs,
2485 1162 59 20 •vhile
2558 1164 115 25 advancing
2688 1168 21 15 to
2728 1171 28 12 re.

2325 1187 77 19 inforce
2412 1187 35 19 tho
2463 1187 76 21 British
2557 1190 53 19 force
2625 1194 21 16 at
2666 1190 90 23 Resbun,

2325 1219 50 13 wore
2386 1213 93 19 attacked
2489 1220 48 13 near
2546 1215 87 26 Karagh
2645 1216 40 20 and
2702 1216 55 19 their

2323 1241 75 17 retreat
2410 1242 33 16 cut
2453 1240 28 18 off
2497 1240 27 25 by
2538 1248 11 12 a
2565 1242 104 20 thousand
2683 1243 21 19 of
2723 1243 34 19 the

2323 1271 78 19 enemy.
2431 1265 24 19 In
2478 1267 123 26 attempting
2624 1272 21 16 to
2667 1269 55 19 force
2746 1276 12 12 a

2323 1297 87 19 passage
2421 1291 52 19 Bose
2484 1293 39 18 and
2533 1296 25 16 46
2566 1295 63 23 sikhs,
2640 1295 49 19 with
2698 1295 58 25 eight

2323 1317 59 19 other
2392 1317 106 24 followers,
2511 1326 50 12 were
2579 1321 69 24 killed,
2669 1321 35 19 but
2723 1322 35 18 the

2323 1343 115 20 remainder
2454 1345 90 25 etciped.

2351 1369 144 26 Preparations
2509 1371 31 19 for
2556 1372 34 20 the
2607 1373 59 19 relief
2683 1373 22 19 of
2723 1373 34 19 tho

2323 1395 80 20 column
2426 1397 121 26 proceeding
2569 1401 21 17 to
2614 1399 85 23 Chitral,
2723 1406 34 12 are

2325 1421 61 25 being
2395 1422 108 24 expedited
2514 1427 20 15 to
2544 1424 34 19 tho
2588 1428 83 17 utmost.

2349 1447 31 19 Dr
2389 1448 115 20 Robertson
2513 1450 16 18 is
2540 1450 40 19 still
2591 1455 20 15 at
2620 1451 86 20 Chitral.

2349 1473 43 19 Tho
2400 1474 65 25 rising
2473 1475 15 18 is
2495 1476 77 19 critical
2579 1477 41 20 and
2625 1479 41 18 this
2673 1477 82 26 opinion

2323 1499 16 18 is
2348 1500 109 19 confirmed
2469 1501 25 25 by
2506 1509 52 12 news
2569 1504 92 19 received
2676 1504 27 19 bv
2723 1505 34 18 the

2325 1526 13 19 V
2342 1526 72 25 iceroy.

2417 1561 82 23 China
2511 1563 50 22 and
2572 1563 91 31 Japan.

2348 1594 118 22 Shanghai.
2478 1596 69 21 March
2560 1599 103 20 23.—The
2678 1599 65 26 Japan-

2322 1627 32 13 ese
2365 1622 94 19 attacked
2469 1622 35 19 the
2514 1623 130 25 Descadores,
2663 1632 11 12 a
2691 1632 65 19 group

2323 1648 21 17 of
2353 1647 82 20 Islands
2452 1648 92 21 between
2559 1650 66 21 China
2644 1652 40 19 and
2704 1652 39 19 For-

2323 1680 62 13 mosa.

2348 1700 43 19 The
2401 1700 87 20 Chinese
2502 1708 34 13 are
2556 1702 71 24 laying
2649 1704 107 22 torpedoes

2323 1728 20 16 at
2357 1726 71 25 Amoy,

2347 1752 44 19 The
2401 1753 108 25 Japanese,
2520 1754 20 19 in
2549 1756 124 25 attempting
2680 1758 20 17 to
2707 1756 49 19 laud

2322 1780 20 16 at
2353 1778 128 25 Pescadores,
2494 1787 50 12 were
2561 1782 94 24 repulsed
2674 1781 49 20 with
2744 1789 12 12 a

2321 1804 64 25 slight
2395 1805 46 19 loss.

2347 1831 85 25 R'sings
2442 1831 52 19 have
2504 1832 61 19 takon
2582 1833 57 25 place
2651 1835 22 18 in
2683 1834 71 20 South'

2321 1863 36 12 ern
2381 1857 72 24 China,
2475 1858 65 19 where
2561 1860 34 18 the
2615 1863 68 23 troops
2702 1866 53 14 were

2321 1882 95 25 repuhed
2427 1883 26 25 by
2463 1884 35 19 the
2514 1885 74 27 rebels,
2600 1887 44 19 who
2661 1894 34 12 are
2711 1893 43 14 now

2322 1909 108 26 besieging
2440 1910 80 19 Muluk.

2347 1936 119 23 Shanghai,
2476 1937 70 19 March
2562 1939 126 19 56.—China
2704 1940 40 18 noti-

2321 1961 40 19 fied
2372 1962 35 18 she
2418 1961 41 20 will
2471 1963 57 19 block
2546 1964 58 20 Puho
2621 1965 16 19 if
2652 1965 103 26 Japaue'e

2322 1989 98 24 warships
2429 1995 76 19 appear
2515 1992 20 16 at
2546 1991 34 19 the
2594 1992 72 18 mouth
2683 1992 22 19 of
2721 1992 34 19 the

2320 2020 59 12 r-ver.

2346 2040 72 24 Tokio,
2432 2040 70 20 Mnrch
2512 2043 84 19 26.—Li
2607 2043 66 26 Hung
2683 2043 72 26 Chang

2320 2066 40 19 had
2371 2067 31 18 his
2412 2067 117 20 cheekbone
2542 2069 104 20 fractured
2656 2070 26 25 by
2689 2077 12 12 a
2712 2070 41 19 bub

2319 2092 28 19 let
2358 2093 65 18 which
2439 2093 112 21 embedded
2567 2095 56 20 itself
2640 2096 64 19 below
2720 2097 34 18 the

2319 2118 37 19 loft
2367 2125 42 18 eye.
2438 2119 33 18 He
2481 2121 90 19 exhibits
2579 2122 61 19 much
2656 2122 98 19 fortitude

2319 2144 41 19 and
2367 2145 53 18 after
2429 2144 35 20 the
2473 2147 67 18 attack
2551 2146 93 21 declarod
2655 2154 26 12 no
2703 2149 48 21 pub*

2319 2170 24 19 lie
2354 2177 47 13 man
2413 2177 39 13 was
2471 2175 81 23 exampt
2572 2173 52 20 from
2643 2180 12 13 a
2674 2174 79 20 similar

2318 2196 102 26 calamity.

2344 2223 99 25 Koyaena
2452 2224 17 19 is
2480 2224 92 21 believed
2582 2228 21 17 to
2614 2226 25 19 bo
2650 2232 12 13 a
2669 2226 84 19 lunatic.

2345 2249 43 20 The
2398 2249 101 25 Japaue;e
2518 2251 137 20 Government
2670 2252 84 19 refused

2318 2279 21 14 to
2353 2282 57 18 -,gree
2420 2279 20 15 to
2448 2276 34 19 the
2488 2277 101 20 armistice
2598 2278 52 19 until
2657 2279 84 24 negotia-

2318 2301 53 19 tions
2380 2302 33 18 for
2430 2308 12 13 a
2458 2302 123 21 declaration
2600 2305 21 18 of
2640 2311 61 19 peace
2720 2311 34 12 are

2318 2327 80 20 further
2407 2328 109 19 advanced.

2382 2359 143 25 Armenian
2542 2361 144 25 atrocities.

2344 2390 181 21 Consiv.vri.vopLE
2546 2393 72 19 March
2629 2393 122 24 26.-Carrie,

2318 2417 35 19 the
2375 2417 77 18 British
2475 2417 144 26 Ambassador,
2645 2419 41 19 had
2713 2422 39 16 two

2318 2443 61 19 hours
2398 2445 139 19 conversation
2556 2445 50 19 with
2625 2445 34 19 the
2679 2445 74 19 Sultan
2759 2443 1 21 i

2318 2469 40 19 and
2368 2469 92 19 believed
2472 2469 44 20 that
2527 2471 25 19 he
2561 2471 110 19 convinced
2682 2471 43 19 him
2732 2471 21 19 of

2318 2495 34 19 the
2362 2495 64 24 lealty
2434 2495 21 18 of
2464 2496 34 19 tho
2507 2498 102 18 atrocities
2617 2499 21 17 in
2648 2497 104 19 Armenia.

2370 2531 54 23 The
2438 2532 68 23 Peru
2516 2532 181 24 insurrection.

2344 2566 52 18 New
2412 2567 67 23 Youk,
2491 2568 72 19 March
2575 2567 141 20 22.—Details
2731 2567 21 19 of

2317 2592 34 18 the
2365 2593 91 25 fighting
2466 2593 21 19 in
2507 2594 58 19 Lima
2582 2594 56 19 show
2654 2594 45 18 that
2718 2593 34 19 the

2317 2618 64 19 rebels
2392 2620 82 18 entered
2485 2620 34 19 the
2532 2620 41 25 city
2583 2620 65 20 under
2658 2626 60 13 cover
2731 2620 21 18 of

2317 2644 34 19 the
2361 2644 98 20 darkness
2471 2646 40 19 and
2521 2647 67 19 seized
2599 2653 11 13 a
2621 2645 75 21 church
2711 2645 41 19 and

2316 2670 51 19 fired
2377 2671 52 19 from
2440 2672 34 18 tho
2484 2675 72 16 towers
2568 2673 42 19 into
2621 2673 34 19 tho
2672 2674 79 16 streets.

2343 2696 64 20 Other
2415 2697 140 21 detachments
2565 2699 75 19 sacked
2650 2698 35 19 the
2693 2697 60 20 clubs

2316 2723 41 18 and
2367 2727 69 21 shops.

2343 2749 60 19 After
2412 2753 40 15 two
2461 2749 50 26 days
2528 2750 91 26 fighting
2636 2750 35 20 the
2686 2749 55 26 diplo

2316 2775 61 19 matic
2388 2782 58 18 corp-<
2456 2777 101 24 arranged
2568 2783 26 13 an
2611 2777 102 19 armistice
2731 2779 20 16 to

2316 2801 73 19 onable
2400 2801 34 20 the
2447 2801 51 20 dead
2509 2806 20 16 to
2539 2803 24 18 be
2574 2803 79 19 buried.
2681 2805 70 16 Scores

2316 2827 21 18 of
2351 2827 69 19 bodies
2431 2834 51 13 were
2492 2829 63 25 pilied
2565 2829 21 19 in
2600 2836 11 12 a
2622 2829 52 25 hoap
2685 2829 20 18 in
2717 2828 33 19 the

2316 2855 72 17 streets
2399 2854 39 19 and
2448 2855 108 19 cremated.

2342 2879 43 19 The
2396 2880 40 19 loss
2448 2887 26 12 on
2486 2881 49 19 both
2555 2881 54 20 sides
2627 2887 42 14 was
2688 2880 63 19 about

2316 2904 56 20 three
2383 2906 101 19 thousand
2495 2913 45 13 men
2551 2907 70 20 killed.

2341 2931 20 18 A
2365 2938 24 12 no
2393 2938 15 13 w
2413 2932 138 20 Government
2556 2934 37 19 has
2601 2934 50 18 been
2655 2932 96 20 installed

2314 2957 42 18 und
2367 2958 120 26 everything
2497 2959 16 19 is
2524 2959 95 26 reported
2628 2961 20 17 to
2659 2959 24 18 be
2692 2958 57 26 quiet

2315 2983 22 18 in
2347 2984 34 18 the
2391 2984 47 24 city.

2415 3014 141 25 Sullivan's
2574 3015 78 25 death

2342 3049 52 19 New
2406 3049 68 22 York,
2491 3050 72 20 March
2582 3049 94 20 26.—Su)
2680 3049 12 14 ,:
2695 3048 56 20 van's

2316 3075 62 19 death
2389 3076 16 18 is
2415 3075 80 19 donied.

2316 3140 206 33 AUSTRALIAN
2539 3140 207 33 TELEGRAMS.

2463 3219 65 24 Gold
2540 3220 71 23 rush-

2343 3250 78 23 Perth,
2433 3250 70 19 March
2523 3252 79 19 26.—A
2620 3251 57 24 great
2700 3250 49 19 rush

2317 3279 30 16 set
2356 3276 43 19 into
2410 3276 34 19 the
2454 3276 55 19 Like
2524 3278 77 18 Daalot
2617 3274 47 21 field
2681 3276 68 19 where

2317 3309 26 12 an
2356 3302 88 25 original
2462 3305 116 23 prospector
2596 3302 74 20 dollied
2690 3303 59 22 2,000

2317 3335 74 12 ounces
2400 3328 22 19 of
2431 3328 48 26 gold
2490 3329 20 18 in
2519 3329 59 25 eight
2588 3328 73 20 weeks.

2413 3363 38 23 Mr
2467 3363 102 30 Hayter
2585 3363 74 23 dead-

2343 3393 136 24 Melbourne,
2488 3394 65 19 March
2553 3394 40 19 23.
2630 3394 32 18 Mr
2670 3393 79 24 Hayter

2317 3419 140 19 Governmeno
2467 3420 150 23 Statistician's
2627 3419 58 19 dead.
2705 3418 43 19 The

2317 3452 60 12 cause
2387 3446 21 18 of
2418 3446 32 18 his
2458 3445 63 20 death
2531 3452 40 13 was
2581 3452 70 13 cancer
2670 3451 27 13 on
2716 3445 33 19 the

2317 3471 108 19 vertibrae.

2410 3527 234 33 TELEGRAPHIC.

2425 3586 122 29 Supreme
2563 3585 83 23 Court.

2345 3616 120 23 Auckland,
2497 3615 106 25 Saturday.
2618 3613 67 20 —At
2716 3615 36 19 the

2319 3643 98 24 Supreme
2434 3641 63 19 Court
2512 3641 113 25 yesterday,
2642 3640 110 20 Frederick

2319 3667 150 26 Edwingwood,
2481 3667 31 19 for
2527 3667 60 20 cattle
2604 3666 88 26 stealing
2712 3673 41 13 was

2319 3694 108 19 sentenced
2436 3695 20 17 to
2467 3693 71 20 twelve
2549 3693 80 19 months
2646 3692 94 26 imprison-

2319 3722 56 17 ment
2385 3720 49 19 with
2442 3719 52 19 hard
2503 3719 79 19 labour.

2346 3746 88 24 Beverly
2441 3745 95 22 Pearson,
2547 3745 33 18 for
2596 3744 124 26 attempting
2733 3747 20 18 to

2319 3772 82 19 commit
2420 3778 27 12 au
2470 3770 109 19 unnatural
2602 3770 83 23 offence,
2709 3771 42 20 and

2321 3797 82 20 Walter
2412 3796 94 25 Lydiard,
2522 3803 13 12 a
2551 3798 45 23 boy,
2614 3796 32 19 for
2660 3796 95 26 abetting

2321 3824 21 19 in
2364 3824 35 18 the
2415 3824 67 21 crime,
2507 3828 51 13 were
2582 3822 115 23 sentenced,
2719 3824 35 18 the

2322 3850 74 18 former
2406 3851 20 16 to
2436 3848 57 26 eight
2502 3848 66 25 year's
2578 3848 61 25 penal
2649 3848 103 20 servitude

2322 3874 41 20 and
2372 3875 34 19 the
2415 3874 61 20 latter
2485 3876 20 17 to
2516 3880 38 14 one
2568 3874 68 25 year's
2649 3874 96 26 imprison-

2323 3903 60 17 ment.

2349 3927 43 19 The
2418 3926 75 25 charge
2512 3926 82 25 against
2611 3926 33 19 Ah
2664 3926 60 25 Mow,
2745 3934 11 12 a

2324 3953 119 22 Chinaman,
2466 3953 22 18 of
2508 3952 78 25 having
2604 3953 113 25 attempted
2736 3954 20 18 to

2324 3979 81 19 commit
2414 3984 26 13 an
2447 3977 110 20 unnatural
2564 3977 84 25 offence,
2657 3979 95 24 occupied

2324 4004 35 19 the
2369 4004 62 19 Court
2440 4003 35 19 the
2490 4005 81 24 greater
2587 4004 81 25 portion
2684 4005 21 18 of
2723 4005 33 18 the

2324 4030 94 25 previous
2429 4030 106 18 afternoon
2547 4030 41 19 and
2596 4030 108 25 yesterday
2721 4030 35 18 tho

2324 4056 49 25 jury
2391 4062 52 13 were
2458 4055 75 20 unable
2549 4057 22 18 to
2587 4062 61 19 agree
2665 4055 40 20 and
2723 4055 33 20 the

2325 4087 45 14 case
2381 4081 42 20 will
2432 4081 25 20 be
2465 4081 52 20 tried
2527 4082 50 20 with
2591 4088 12 14 a
2612 4081 57 20 fresh
2676 4081 55 26 jury.

2897 102 113 30 Strange
3022 103 85 22 death.

2774 131 1 26 I
2813 131 121 24 Auckxaxi-,
2943 133 136 24 Saturday.—
3146 133 73 19 known

2774 157 1 26 I
2785 157 131 20 Aucklauder
2925 159 46 18 died
2983 159 39 19 lust
3033 157 57 26 ni^li:
3104 159 19 18 in
3133 159 33 18 the
3177 166 32 17 per-

2774 181 78 28 jsiliof
2866 183 69 26 Philip
2957 185 112 25 LeqUHsm\
3088 192 97 16 manager
3200 185 19 19 «f

2774 209 1 26 :
2784 209 120 19 Sbarlaud's
2911 213 123 22 apothecmy
3042 211 99 23 busiuess,
3150 211 68 19 ."Short'

2774 233 1 30 |
2784 235 49 19 land
2843 236 73 19 Street.

2810 261 44 19 The
2863 262 34 18 c-in
2904 266 113 15 u'u.stauces
3026 264 22 17 of
3057 264 35 17 the
3108 262 61 19 death
3184 269 35 12 are

2784 291 52 16 most
2846 287 90 25 peculiar
2947 287 4 27 ;
2966 289 96 19 deceased
3073 289 69 18 lucked
3150 295 27 19 up
3184 289 35 18 tho

2784 314 97 24 premises
2894 314 38 19 last
2941 314 59 24 night
3014 315 40 18 and
3070 314 114 26 pr-»cr;dod
3198 319 21 14 to

2784 340 57 18 catch
2859 340 34 18 tlie
2906 344 35 15 ten
2956 340 76 19 o'clock
3048 345 52 14 tram
3116 341 33 18 for
3164 340 42 19 Pon-

2774 365 1 25 ■
2784 372 35 11 son
2823 365 32 25 by.
2890 366 107 19 Patterson
3019 367 41 18 and
3078 366 47 19 Go's
3144 366 74 19 Mount

2774 389 1 28 '
2785 391 56 19 Eden
2853 391 37 18 bus
2901 399 41 12 was
2952 392 81 25 coming
3047 399 26 17 up
3090 392 75 19 behind
3181 393 35 18 the

2774 414 1 30 |
2784 422 52 14 tram
2846 418 39 18 and
2894 418 109 24 according;
3012 421 21 15 to
3048 419 35 18 the
3099 421 118 16 statements

2774 443 1 25 I
2784 444 21 17 of
2813 444 33 17 the
2854 443 67 20 d'iver
2928 444 40 19 and
2976 452 12 10 a
2995 450 116 18 passenger,
3120 444 98 19 deceased

2774 469 1 25 I
2787 475 39 13 ~.as
2835 469 91 25 waking
2944 477 66 12 across
3026 472 35 16 the
3078 470 49 19 road
3145 473 20 16 to
3182 470 35 19 tho

2774 496 1 25 I
2784 498 51 16 tram
2847 496 58 18 when
2916 496 25 19 he
2952 498 36 23 got
3004 496 91 19 knocked
3113 496 59 19 down
3189 496 27 25 by

2774 517 1 32 ]
2784 521 35 18 the
2829 521 43 19 bus.
2896 524 5 16 I
2906 521 92 20 deceased
3007 528 40 12 was
3056 522 73 25 picked
3138 528 27 19 up
3177 522 42 18 and

2774 547 1 25 I
2783 547 77 19 carried
2872 551 43 15 into
2930 548 34 18 the
2983 548 82 24 parlour
3080 548 21 18 in
3118 548 35 18 tho
3170 547 47 25 City

2774 568 1 31 |
2784 572 52 20 Cl'ib
2847 573 40 19 and
2897 574 52 18 from
2959 575 29 18 all
3005 577 94 16 accounts
3115 575 102 24 appeared

2774 598 29 28 jto
2822 603 34 20 get
2869 606 11 12 a
2890 599 5 19 1
2921 600 57 25 right
2999 599 41 19 and
3058 607 41 12 was
3117 600 102 25 conveyed

2774 625 1 26 i
2784 625 58 17 home
2852 625 21 18 in
2883 632 12 12 a
2904 626 38 18 cab
2954 627 18 17 in
2985 627 34 17 tho
3034 632 99 19 company
3152 626 22 18 of
3191 633 26 12 an

2774 650 1 26 j
2782 650 96 20 assistant
2889 655 20 15 at
2923 651 126 20 Sharlaud's.

2810 676 103 20 Deceased
2921 677 98 26 occupied
3028 684 12 12 a
3050 678 62 18 house
3123 677 49 19 with.
3184 678 32 19 Mr

2774 702 31 21 iT.
2814 702 74 19 Davies
2899 704 19 18 in
2927 705 55 17 Arch
2996 702 56 25 Hill;
3067 705 58 17 when
3141 703 76 20 Davies

2774 729 1 26 j
2784 729 78 18 arrived
2873 729 59 19 home
2942 733 21 15 at
2972 729 63 19 about
3050 736 12 12 a
3071 732 83 23 quarter
3171 733 46 22 past

2774 754 1 29 |
2784 754 70 19 twelve
2865 755 25 19 he
2902 759 51 16 went
2962 760 21 15 to
2991 759 37 22 put
3038 756 31 19 his
3086 755 99 20 umbrella
3194 756 21 19 in

2774 780 1 27 ;
2783 780 34 19 the
2828 781 59 18 usual
2903 782 57 24 place
2977 782 21 19 in
3014 782 34 19 the
3067 789 69 18 passaf
3145 788 8 12 *>
3175 782 40 19 and

2784 806 35 19 felt
2829 806 16 19 it
2857 808 87 19 touched
2961 808 116 21 something:
3093 808 41 19 soft
3149 808 42 19 like
3205 815 12 12 a

2784 832 52 24 body
2845 832 3 27 ;
2863 833 25 19 ho
2899 834 69 19 struck
2976 841 12 12 a
2996 834 53 25 light
3059 834 40 19 and
3109 834 64 19 found
3185 834 32 19 his

2782 859 120 25 companion
2913 860 59 25 lying
2985 860 53 19 dead
3055 860 49 19 with
3120 860 48 24 only
3184 860 32 19 his

2783 884 76 25 singlot
2869 892 26 13 on

2808 910 76 20 Davies
2912 914 21 17 at
2950 919 50 12 ones
3023 912 118 19 summoned
3161 918 54 13 some

2783 937 125 25 neighbours
2920 938 40 19 and
2971 938 29 19 Dr
3010 938 62 19 Bealo
3083 945 40 12 was
3133 940 45 17 sent
3186 939 29 18 for

2784 962 44 20 who
2836 965 131 23 pronounced
2977 964 35 19 life
3022 967 21 16 to
3055 964 23 19 be
3088 964 82 19 extinct.

2895 999 105 23 Sudden
3017 997 85 25 death-

2808 1030 122 24 Auckland,
2942 1031 185 24 Wednesday.—A
3137 1030 78 20 sudden

2782 1056 61 18 death
2856 1057 48 19 took
2913 1057 56 25 place
2986 1057 108 25 yesterday
3110 1057 107 19 afternoon

2782 1083 20 17 in
2821 1082 35 20 the
2875 1083 87 25 drapery
2981 1084 50 25 shop
3054 1084 21 18 of
3095 1083 119 22 Kneebone,

2782 1108 23 24 S3
2805 1108 4 24 -
2812 1109 69 19 monds
2894 1109 29 19 St.
2948 1109 70 19 James
3029 1109 71 19 Butler
3111 1111 52 17 went
3174 1110 42 19 into

2781 1135 35 18 the
2828 1135 50 25 shop
2890 1135 122 26 appareutlv
3020 1136 20 18 in
3052 1142 11 12 a
3071 1135 89 26 fainting
3170 1143 33 12 con-

2781 1161 71 22 dition,
2864 1162 25 18 he
2897 1163 77 23 caught
2985 1161 48 19 hold
3042 1162 22 18 of
3080 1161 34 19 the
3130 1165 84 15 counter

2782 1187 49 19 with
2841 1188 31 18 his
2882 1187 66 19 bands
2956 1187 40 19 and
3003 1188 91 25 uttering
3102 1188 34 18 the
3144 1188 70 23 words,

2803 1213 55 25 Help
2869 1213 52 23 me,''
2932 1213 35 19 fell
2978 1216 21 16 to
3009 1213 34 19 the
3054 1213 86 25 ground.

2808 1240 30 18 Dr
2849 1239 81 20 Girdler
2941 1246 39 13 was
2990 1243 45 16 sent
3048 1241 37 21 for,
3097 1239 37 19 but
3144 1239 71 20 Butlor

2781 1265 46 19 died
2838 1265 74 20 almost
2922 1268 20 17 at
2953 1272 49 13 once
3012 1266 40 19 and
3068 1266 36 18 life
3123 1272 40 13 was
3182 1273 23 12 ex-

2781 1291 50 19 tinct
2841 1292 58 18 when
2910 1293 34 18 the
2955 1292 69 19 doctor
3033 1298 62 13 came.

2807 1317 103 20 Deceased
2921 1324 40 13 was
2971 1318 135 25 seventy-five
3117 1324 60 19 years
3192 1319 22 18 of

2781 1350 44 19 age.

2942 1380 117 29 Inquest.

2806 1413 94 25 Thames,
2912 1415 161 25 Tuesday.—An
3084 1415 81 26 inquest
3174 1422 41 14 was

2781 1440 46 19 held
2838 1441 70 24 to-day
2920 1448 25 12 on
2955 1441 34 19 tbe
2999 1442 88 19 remains
3094 1443 21 17 of
3131 1448 12 12 a
3161 1448 53 16 man,

2781 1467 73 19 named
2862 1467 19 19 J.
2899 1467 85 23 Barker,
3002 1468 64 18 fouud
3088 1468 51 19 dead
3159 1468 20 19 in
3203 1476 12 11 a

2780 1495 80 22 cottage
2879 1496 21 16 at
2919 1493 55 19 Tarn
2992 1494 113 25 yesterday,
3126 1495 59 18 when
3203 1502 12 12 a

2781 1518 76 20 verdict
2878 1520 21 18 of
2943 1520 67 18 Doath
3031 1521 52 18 from
3095 1519 119 21 alcoholism

2781 1545 40 19 and
2963 1552 40 13 was
3014 1546 102 19 returned.

2934 1577 128 29 Sporting.

2806 1604 88 25 Napier,
2915 1607 100 25 Tuesday.
3062 1606 42 21 The
3121 1606 45 26 Cup
3185 1614 18 12 re-

2780 1632 67 19 suited
2863 1639 22 12 as
2904 1632 189 20 follows:—North
3115 1633 97 24 Atlantic,

2784 1658 4 25 1
2798 1665 5 17 ;
2817 1658 96 25 Scotfree,
2925 1662 10 17 2
2944 1667 5 16 ;
2965 1659 127 24 Goosaudex,
3104 1662 18 17 3.

2856 1695 54 23 The
2927 1695 67 29 Shop
3010 1696 126 28 question.

2806 1725 149 26 Wellington,
2961 1728 162 24 Tuesday.—The
3132 1729 82 25 opinion

2779 1752 22 18 of
2811 1752 32 19 Mr
2852 1752 105 25 Edwards,
2981 1754 34 19 tbe
3036 1754 129 20 well-known
3184 1763 19 12 so-

2779 1777 71 25 licitor,
2862 1779 63 19 taken
2935 1786 26 13 on
2970 1780 35 19 the
3015 1780 94 25 question
3122 1781 91 20 whother

2779 1804 35 19 the
2822 1805 42 19 sale
2881 1805 21 19 of
2921 1806 88 23 tobacco,
3029 1806 72 25 cigars,
3119 1809 44 21 etc.,
3186 1808 28 25 by

2781 1830 141 27 hotelkeepors
2931 1832 61 25 brrig
3000 1832 56 19 them
3069 1832 56 20 them
3142 1834 72 19 within

2779 1856 34 18 the
2823 1857 114 25 provisions
2947 1858 21 20 o£
2978 1858 34 20 the
3031 1858 56 26 Shop
3101 1859 40 20 and
3157 1860 55 26 Shop

2779 1883 113 19 Assistants
2907 1885 45 19 Act.

2805 1909 42 19 The
2866 1911 115 18 conclusion
3000 1912 21 18 to
3041 1911 64 19 which
3131 1911 12 20 I
3162 1912 52 20 have

2778 1940 62 18 come,
2850 1942 47 18 says
2908 1935 33 21 Mr
2955 1936 102 23 Edwards,
3078 1937 18 20 is
3112 1937 46 20 that
3179 1939 33 20 the

2779 1961 42 18 sale
2830 1962 22 18 of
2861 1962 82 20 tobacco
2956 1963 40 19 and
3011 1963 67 24 cigars
3092 1965 78 19 carried
3187 1972 25 12 on

2779 1986 26 25 by
2818 1987 89 21 licensed
2917 1989 116 19 victuallers
3043 1989 49 20 does
3101 1992 34 17 not
3152 1991 61 20 mako

2779 2013 55 19 them
2844 2015 81 24 subject
2933 2018 20 16 to
2963 2015 35 19 the
3008 2015 113 25 provisions
3138 2017 22 19 of
3178 2018 34 20 the

2779 2039 55 26 Shop
2844 2041 41 19 and
2895 2041 56 26 Shop
3079 2042 38 19 Act
3125 2043 22 19 of
3158 2045 54 19 1894.

2779 2065 106 21 Moreover
2894 2067 17 19 if
2921 2067 35 19 tho
2967 2067 41 19 sale
3022 2068 22 18 of
3060 2068 88 24 tobacco,
3168 2072 44 21 etc.,

2779 2092 97 20 rendered
2886 2100 27 12 an
2922 2094 55 19 hotel
2994 2100 12 12 a
3021 2093 52 26 chop
3088 2094 72 20 within
3177 2097 35 19 the

2777 2118 96 25 meaning
2883 2119 21 18 of
2914 2119 35 20 the
2959 2120 39 18 Act
3008 2119 15 19 it
3034 2119 66 20 would
3120 2126 55 15 seem
3193 2125 20 16 to

2777 2142 25 19 be
2813 2143 21 19 in
2843 2145 125 24 compliance
2977 2145 49 20 with
3042 2145 36 19 the
3093 2145 39 20 law
3146 2147 18 21 if
3180 2149 34 19 tho

2778 2168 131 28 hotelkcoper
2918 2171 81 20 neither
3011 2172 44 19 solu
3070 2178 37 13 nor
3125 2175 88 24 exposed

2777 2195 31 18 for
2819 2196 42 19 sale
2871 2196 89 25 tobacco,
2972 2200 44 20 etc.,
3024 2204 26 13 on
3059 2199 99 25 statutory
3168 2201 43 18 half

2778 2220 99 26 hob'days,
2888 2223 41 19 and
2939 2224 16 18 it
2965 2224 67 19 would
3051 2226 34 17 not
3102 2225 24 19 be
3144 2232 65 14 neces'

2777 2253 47 19 sary
2833 2248 45 19 that
2890 2249 26 19 he
2925 2250 74 19 should
3008 2250 53 19 close
3073 2250 31 19 his
3113 2253 97 23 premise*

2777 2279 26 13 ou
2812 2274 45 19 that
2867 2274 46 26 day.
2942 2275 25 19 In
2974 2283 40 18 any
3023 2283 45 12 case
3077 2283 11 12 a
3099 2277 40 20 fine
3147 2279 64 19 under

2777 2299 35 19 the
2829 2300 55 26 Shop
2904 2302 40 19 and
2966 2302 55 26 Shop
3040 2302 113 21 Assistants
3172 2305 38 20 Act

2777 2326 66 20 would
2854 2327 48 24 onlj'
2919 2328 25 19 bo
2960 2328 132 25 punishment
3108 2330 41 19 and
3165 2337 33 14 con-

2777 2351 74 21 viction
2862 2354 66 19 would
2947 2356 35 17 not
2998 2355 61 19 affect
3076 2356 35 19 the
3129 2356 81 21 licence.

2777 2377 24 19 In
2812 2379 114 20 conc'nsion
2938 2380 33 19 Mr
2983 2380 99 21 Edwards
3092 2389 47 17 says
3149 2383 12 19 I
3178 2390 33 12 am

2777 2403 91 21 however
2880 2408 69 23 pretty
2957 2406 101 21 confident
3069 2408 45 19 that
3120 2409 16 19 it
3144 2409 67 20 would

2778 2429 23 19 be
2812 2430 47 20 held
2877 2431 28 25 by
2918 2433 35 19 the
2970 2433 98 25 Supreme
3084 2434 63 19 Court
3165 2435 45 19 that

2775 2455 35 19 the
2829 2457 42 19 sale
2887 2458 22 18 of
2927 2459 88 24 tobacco,
3035 2462 45 22 etc.,
3101 2460 28 26 by
3148 2460 61 20 hotel-

2777 2487 84 20 Keepers
2883 2484 37 19 has
2939 2488 36 16 not
2997 2485 51 20 been
3066 2486 22 20 iu
3106 2493 41 18 any
3167 2493 44 18 way

2776 2508 87 20 affected
2873 2509 28 25 by
2911 2510 35 20 the
2956 2511 115 24 legislation
3081 2513 21 19 of
3116 2514 57 18 1894.

2802 2565 71 20 HOW
2901 2567 34 19 TO
2963 2567 91 21 TREAT
3080 2570 85 21 BLACK-

2927 2594 135 21 MAILERS.

2800 2642 19 19 A
2842 2643 85 21 mefical
2950 2646 88 24 scaudil,
3058 2647 20 20 in
3098 2648 64 21 which
3179 2649 31 21 Dr

2777 2668 83 20 L&wson
2871 2670 53 25 Tait,
2935 2671 22 20 of
2970 2672 141 26 Birmingham,
3128 2675 16 20 is
3161 2682 35 14 con-

2774 2695 79 23 cerned,
2868 2696 40 20 and
2919 2698 43 19 who
2972 2698 17 19 is
3000 2700 86 25 perhaps
3105 2700 36 20 the
3158 2705 52 17 most

2774 2721 89 20 eminent
2872 2729 88 19 surgeon
2973 2725 20 19 in
3010 2725 35 20 the
3059 2729 94 23 country,
3175 2729 35 19 has

2775 2748 50 19 been
2844 2749 57 20 made
2918 2751 75 24 public,
3010 2757 28 14 on
3054 2755 86 18 account
3158 2755 23 19 of
3198 2762 13 13 a

2776 2775 113 24 paragraph
2899 2775 21 20 in
2939 2776 34 20 the
2990 2778 6 10 «
3005 2778 87 21 Medical
3108 2780 39 20 and
3163 2781 36 20 Sur-

2775 2800 49 20 eical
2840 2801 102 25 Journal,'
2958 2804 84 24 Bjaton,
3060 2806 22 19 of
3098 2806 63 21 which
3177 2808 32 19 Dr

2775 2826 23 19 E.
2810 2826 33 20 W.
2859 2827 93 27 Cushmg
2972 2830 16 19 is
3007 2830 34 21 the
3060 2832 72 20 editor.
3167 2834 42 20 The

2776 2853 112 25 paragraph
2908 2856 66 19 stated
2993 2857 47 19 that
3058 2857 30 20 D„-
3103 2858 47 21 Tiit
3169 2860 26 19 ha
3202 2861 6 18 I

2774 2879 40 19 lost
2823 2882 44 17 cast
2878 2881 19 19 in
2913 2882 34 19 the
2962 2883 87 24 surgical
3066 2885 69 20 world.
3164 2886 47 20 Tait

2774 2905 61 20 asked
2845 2912 26 13 an
2881 2908 138 24 explanation;
3035 2909 90 28 Gashing
3134 2913 75 25 replied

2774 2931 46 19 that
2838 2931 25 20 he
2883 2933 38 21 had
2941 2935 48 19 been
3012 2935 99 22 informed
3136 2938 25 26 by
3180 2940 31 19 Dr

2775 2957 74 20 Ernest
2861 2959 58 24 Hart,
2937 2961 67 20 editor
3023 2962 22 20 of
3063 2963 36 20 the
3117 2964 92 21 'British

2776 2983 87 21 Medical
2873 2986 100 25 Journal,'
2985 2989 43 19 who
3040 2989 15 19 ia
3063 2996 44 13 now
3117 2990 20 19 in
3148 2992 58 19 India

2775 3009 56 20 when
2842 3011 35 20 the
2891 3015 41 18 two
2946 3020 51 14 were
3013 3015 21 19 in
3049 3016 123 21 attendance
3188 3022 21 15 at

2774 3042 25 13 an
2810 3036 147 22 international
2977 3041 83 20 medical
3076 3049 94 18 congress
3186 3047 21 16 at

2774 3062 34 19 the
2818 3063 91 21 World's
2923 3066 53 24 Fair,
2995 3067 46 20 that
3057 3069 30 19 Dr
3104 3069 48 20 Tait
3170 3070 39 19 had

2774 3087 50 21 been
2835 3091 111 25 compelled
2957 3094 21 18 to
2995 3100 99 14 renounce
3109 3095 30 20 his
3156 3103 38 19 pro-

2774 3114 111 28 fessorship
2894 3119 41 19 and
2955 3119 55 24 place
3028 3121 21 19 in
3066 3128 11 12 a
3093 3121 115 22 colebrated

2775 3140 88 26 hospital
2883 3144 84 20 because
2985 3146 25 19 he
3025 3146 38 20 had
3081 3147 98 26 betrayed
3197 3156 12 12 a

2773 3173 68 20 young
2864 3176 85 14 woman.
2977 3171 46 20 Tait
3045 3175 104 19 answered
3167 3175 42 20 this

2774 3199 40 14 was
2823 3201 12 12 a
2845 3195 47 20 base
2901 3196 33 21 lie.
2944 3197 41 20 and
3004 3198 79 21 showed
3102 3200 44 20 how
3164 3203 41 18 two

2775 3225 82 19 women,
2865 3222 78 23 sisters,
2953 3225 83 19 entered
3045 3225 43 20 into
3104 3233 12 13 a
3131 3227 79 20 scheme

2774 3246 22 18 to
2804 3245 108 23 blackmail
2923 3249 48 22 him.
2998 3251 65 20 These
3073 3259 76 14 women
3167 3253 42 20 laid

2773 3278 59 14 Ciaim
2857 3282 20 11 bi>
2901 3276 93 24 £io,o(k)
3009 3284 22 12 as
3055 3278 50 20 hush
3130 3286 77 19 money.

2773 3298 56 25 They
2848 3306 60 15 never
2928 3305 34 22 got
2980 3309 12 12 a
3012 3310 72 20 penny.
3113 3305 31 19 Dr
3163 3306 46 20 Tait

2774 3323 61 21 drove
2846 3326 34 20 the
2890 3328 141 21 blackmailers
3046 3330 43 20 into
3107 3338 11 12 a
3136 3338 73 14 corner

2774 3350 39 20 and
2823 3354 111 24 compelled
2944 3354 54 21 them
3018 3358 21 18 to
3056 3357 44 25 sign
3119 3364 12 13 a
3146 3360 52 18 state-

2775 3379 55 17 ment
2840 3378 46 21 that
2897 3380 47 26 they
2955 3381 38 20 had
3004 3389 26 13 no
3040 3382 56 21 claim
3108 3384 100 20 whatever

2774 3409 54 18 upon
2837 3404 47 20 him.
2913 3407 46 20 Tait
2969 3410 62 19 wrote
3045 3416 11 12 a
3067 3410 104 26 pamphlet
3183 3418 26 13 oil

2774 3428 34 21 the
2817 3431 89 26 subject.

1300 28 60 21 THE
1387 27 67 26 HOT,
1472 28 91 22 LAKES
1591 30 173 25 CHRONICLE,
1792 29 190 27 WEDNESDAY,
2012 32 102 22 MARCH
2143 37 32 22 27,
2206 34 48 20 1595

511 854 75 39 'HOT
600 860 103 34 LAKES
717 861 206 35 CHRONICLE'

575 935 53 14 WILL
641 937 26 13 BE
681 936 115 15 PUBLISHED
811 939 27 13 ON

490 986 218 46 WEDNESDAY
736 989 187 22 AFTERNOONS

605 1018 47 15 TILL
661 1019 97 16 FURTHER
767 1020 80 15 NOTICE.

491 1117 144 28 Subscription
646 1122 23 18 2b
680 1121 26 20 6d
716 1128 36 19 per
760 1124 85 23 quarter
854 1122 21 19 in
894 1123 25 19 ad

555 1151 74 18 vnnco;
645 1148 27 19 Cd
681 1150 58 17 extra
748 1148 17 19 if
774 1148 85 20 booked.

513 1247 74 22 Casual
598 1250 169 22 advertisements
777 1254 23 18 3s
809 1258 36 21 per
854 1253 54 19 inch.

529 1354 175 21 Advertisements
711 1359 54 17 must
775 1357 26 19 be
810 1360 45 16 sent
864 1357 21 19 in
894 1357 28 26 by

581 1396 53 13 noon
645 1397 26 12 on
680 1391 150 25 Wednesdays.

541 1457 62 44 11.
660 1457 201 56 KOIIN,

487 1517 253 23 MANUFACTURING
759 1522 161 25 JEWELLER,

597 1554 91 26 Queen
712 1555 93 30 Street,

641 1594 121 20 Auckland.

484 1650 43 13 and
551 1644 27 26 B.
595 1644 171 26 PETLItSON
781 1648 21 22 &
818 1648 49 28 Co.,

596 1684 77 20 HIGH
694 1686 111 24 STREET,

619 1728 81 20 CitRIST
701 1735 88 13 CIIURCII.

509 1789 44 20 The
562 1790 78 25 largest
657 1791 42 18 and
715 1794 53 17 most
783 1792 62 20 select
864 1793 55 19 stock

483 1815 21 19 of
513 1815 105 26 jewellery
629 1817 56 25 kf>pt.

485 1870 160 44 WANTED
649 1874 131 26 —Washing
800 1877 16 17 &
833 1875 87 26 Ironing

548 1898 28 26 by
585 1900 137 24 experienced
729 1901 107 20 laundress
844 1909 5 17 ;
865 1904 20 17 Is
893 1903 25 18 6d

483 1930 12 13 a
507 1924 147 21 dozen.—Mrs
664 1925 113 21 Chapman.

574 1983 28 32 J.
623 1983 28 32 F.
671 1983 162 39 PEATSON,

613 2026 169 24 FUDITEKEE,

508 2060 58 20 Next
576 2061 103 21 Saddler's
689 2062 57 26 shop,
758 2062 132 24 Ohinemutu,

483 2092 45 20 Has
538 2093 73 25 always
624 2100 11 13 a
645 2094 52 25 good
720 2094 75 25 supply
813 2094 22 20 of
853 2095 64 19 Fresh

553 2119 65 24 Fruit,
629 2119 51 20 both
692 2120 49 20 local
752 2121 39 19 and
803 2121 24 19 im-

609 2146 71 25 ported
692 2153 24 13 on
729 2146 59 20 hand.

672 2173 57 19 Also

482 2197 18 19 A
508 2197 146 21 well-assorted
666 2199 57 19 stock
731 2199 22 19 of
762 2199 95 24 Bi*cuits,
863 2199 38 21 Con-

521 2223 110 26 fectionery
643 2225 39 19 and
694 2226 92 19 Summer
796 2226 84 24 Drinks,

560 2250 26 20 all
595 2253 21 17 at
626 2257 119 14 MODERATE
756 2258 84 14 PRICEB.

594 2312 90 25 JOHN
704 2312 98 30 HA"',

482 2364 159 43 pAINTER,
660 2366 222 24 PAPERHANGER,
899 2367 16 20 &

600 2418 195 25 SIGNWRITER,

648 2470 108 20 Rotorua.

481 2568 295 47 Ehrenfried
791 2569 122 46 Bros

623 2648 148 25 BREWERS,

559 2689 112 21 ALBERT
688 2689 149 26 BjJSWERY,

502 2732 220 25 QUEEN-STREET,
736 2733 160 20 AUCKLAND
921 2722 1 46 j

501 2794 67 17 WINE
581 2795 51 16 AND
644 2794 82 17 SPIRIT
738 2794 156 21 MERCHANTS,

523 2822 123 16 BOTTLERS
658 2822 51 16 AND
727 2822 145 21 IMPORTERS,

566 2850 27 20 43,
609 2854 133 12 QUEKIT-STREET
760 2854 69 12 WHARF.

574 2901 51 11 FSIZS
637 2902 59 10 MEDAL
708 2902 35 11 AND
754 2901 71 13 AWARDS

481 2927 24 16 At
514 2927 28 16 the
558 2926 91 21 following
665 2927 115 16 Exhibitions
795 2927 27 16 for
830 2933 32 10 one
869 2928 37 15 well-

575 2949 63 15 known
653 2948 46 16 Bulk
707 2949 35 15 and
750 2949 69 15 Bottled

593 2974 49 16 ALE
653 2974 51 16 AND
715 2974 89 16 STOUr:

481 3004 69 21 Sydney
558 3004 128 17 International
693 3004 109 19 Exhibition,
813 3004 49 17 1879.

482 3025 101 16 Melbourne
592 3025 128 17 International
726 3025 109 19 Exhibition,
844 3026 69 16 1880-81

482 3046 43 17 New
531 3046 74 16 Zealand
613 3046 96 17 Industrial
713 3046 109 21 Exhibition,
827 3046 77 21 Welling-

525 3070 35 16 ton,
571 3069 47 15 1883.

482 3089 44 16 New
545 3089 76 16 Zealand
635 3089 35 16 and
684 3090 54 16 South
750 3089 40 16 Seas
806 3089 108 17 Exhibition.

525 3110 86 17 Dunedin.
623 3111 80 16 188M-90.

482 3131 23 18 In
512 3131 78 17 addition
597 3133 18 15 to
625 3132 55 16 above
688 3133 42 15 have
749 3132 42 15 beta
806 3131 79 17 awarded
898 3133 18 15 at

525 3153 105 17 Tasmani&n
663 3154 108 19 Exhibition,
799 3152 115 21 Liunceston,

527 3175 79 16 1891-92.

570 3200 58 17 FIVE
639 3200 70 16 FIRST
725 3200 105 16 AWARDS

686 3231 33 12 FOB

485 3252 69 17 BULK
567 3253 112 16 BOTTLED
691 3252 61 18 AI£S
773 3252 51 17 AND
842 3252 78 17 STOUT

679 3283 48 20 Also,

571 3313 252 32 CHAMPIONSHIP

514 3358 64 24 Gold
589 3358 88 24 Medal
688 3359 28 23 of
726 3358 167 24 Australasia

592 3393 73 12 ▲GAINST
675 3394 98 11 ALLOOXEBS
784 3394 34 11 FOR

488 3415 91 24 BULK
592 3416 71 23 AND
682 3415 150 24 BOTiLED
854 3417 66 23 ALE

579 3480 74 20 Having
661 3486 11 11 a
682 3480 58 21 Largo
748 3480 52 17 Stock
808 3481 19 16 of

598 3511 50 15 ALE
658 3510 52 16 AND
722 3510 84 20 STOUT,

488 3540 68 16 Bottled
564 3541 17 16 in
588 3543 53 19 quart
651 3541 35 16 and
701 3541 42 22 pint
755 3541 68 20 bottles,
839 3541 81 22 specially

488 3561 67 16 brewed
562 3562 28 16 for
597 3563 30 15 the
635 3568 74 10 summer
718 3563 55 19 trade,
783 3562 56 17 which
846 3568 28 10 are
881 3568 38 11 now

487 3582 105 21 thoroughly
599 3584 85 20 matured,
698 3589 33 10 can
744 3584 44 15 with
801 3589 52 15 every
865 3584 45 16 confi-

487 3604 52 15 dence
550 3604 108 16 recommend
674 3610 45 10 same
735 3606 19 14 to
767 3610 119 11 connoisseurs
900 3610 19 12 as

487 3625 61 16 second
557 3627 18 14 to
581 3630 46 11 none
636 3625 18 16 in
663 3625 30 17 the
700 3625 74 21 Colony.

489 3678 192 31 ~~ROTORUA
693 3686 185 26 TOWNSHIP.

550 3738 133 20 SECTIONS
696 3738 56 20 FOR
764 3738 94 20 LEASE.

488 3790 120 46 BLOCK
621 3789 37 24 IV,
668 3790 63 19 Town
748 3790 21 19 of
786 3789 98 25 Rotorua,
903 3791 18 19 is

561 3815 131 21 sub-divided
716 3816 43 18 into
780 3816 85 18 sections
890 3817 31 19 for

487 3842 53 19 lease
549 3843 32 19 for
588 3844 25 17 94
624 3848 67 19 years.
718 3841 86 20 Rentals
818 3841 57 20 fixed
889 3842 33 19 for

487 3868 34 19 the
542 3868 66 20 whole
632 3867 76 26 period.
748 3867 56 20 Well
824 3868 95 23 situated,

487 3893 56 26 large
554 3894 91 23 sections,
659 3894 40 19 and
713 3893 89 20 suitable
818 3893 32 19 for
865 3893 45 20 busi-

486 3926 47 12 ness
544 3926 23 12 or
576 3919 103 19 residence
695 3919 48 19 sites
759 3919 50 20 with
827 3919 95 26 splendid

487 3945 61 19 views
558 3946 40 18 and
610 3945 54 26 good
672 3946 96 26 position.
782 3945 40 20 For
830 3945 81 27 particu-

488 3970 40 20 lars
539 3971 62 25 apply

674 3997 22 17 F.
709 3998 22 16 3.
745 3997 82 20 SCOTT,

785 4020 90 18 Rotorua.

554 4048 21 12 or
582 4041 133 19 WYNYARD
725 4043 16 17 &
749 4043 125 21 PURCHAS,

511 4069 77 24 Temple
596 4069 108 22 Chambers,
710 4070 56 23 High
771 4070 35 22 St.,
815 4069 106 20 Auckland.

1044 89 121 24 PUBLIC
1180 90 111 24 NOTICE-

953 140 81 46 THE
1046 142 59 20 Road
1114 143 53 18 from
1177 142 35 19 tho
1230 143 75 19 Palace
1323 142 63 20 Hotel

1019 171 21 16 to
1058 169 36 18 the
1112 168 133 23 Courthouse,
1266 169 76 19 known
1365 175 21 13 as

952 193 78 21 Ranolf
1038 195 67 19 Street
1114 193 40 17 and
1166 200 14 11 a
1190 195 80 24 portion
1281 195 22 19 of
1312 195 74 19 Arawa

952 220 72 23 Street,
1033 220 18 19 is
1058 219 131 26 temporarily
1196 219 73 24 closed,
1277 224 72 21 except
1355 221 31 18 for

951 245 55 26 light
1023 246 105 19 vehiculor
1145 245 70 24 traffic,
1234 246 54 19 until
1306 247 80 18 further

951 272 72 19 notice.

1131 297 21 19 C.
1162 296 145 24 MALFROY,

989 323 111 20 Chairman
1109 322 92 20 Rotorua
1211 323 61 19 Town
1285 323 74 20 Board.

1103 582 58 20 ASK
1176 582 55 20 FOR

949 634 435 46 HANCOCKS'

1073 706 185 21 CELEBRATED

1126 759 87 32 xxxx

1058 816 214 53 ALES,

1079 883 58 14 MADE
1146 883 55 14 FROM
1210 882 41 14 TUB

951 927 117 33 FINEST
1093 928 89 32 MALT
1203 928 64 32 AND
1284 927 98 38 HOPS,

987 1023 54 13 FREE
1053 1022 56 14 FROM
1121 1023 39 13 ALL
1173 1023 129 13 ANTISEPTICS
1314 1023 26 12 OR

1053 1059 140 14 DELETERIOUS
1211 1059 65 14 ACIDS.

950 1120 139 32 CAPTAIN
1111 1120 83 32 COOK
1212 1120 168 40 BREWERY,

1051 1178 195 21 NEWMARKET.

1859 3556 47 16 Take
1921 3562 10 10 a
1943 3557 61 19 couple
2023 3557 18 16 of
2064 3556 88 17 Fletchers
2174 3556 43 17 Pilla
2242 3561 54 16 every

1859 3578 61 16 (MconJ
1927 3578 63 21 night;
2010 3578 41 20 they
2068 3583 29 11 are
2106 3583 10 10 a
2125 3581 70 17 prompt
2209 3578 35 16 and
2256 3583 39 11 Bure

1859 3604 40 11 cure
1906 3604 21 11 an
1933 3599 6 16 I
1948 3600 40 19 give
1996 3599 65 16 certain
2074 3599 57 16 relief.

1882 3620 108 16 Fletciikb'3
2005 3620 51 16 Fills
2075 3625 28 11 are
2112 3626 10 10 a
2129 3620 59 20 quick,
2205 3625 41 11 sure
2261 3620 35 16 and

1859 3641 72 17 reliable
1947 3641 69 21 remedy
2032 3641 27 15 for
2076 3641 24 15 all
2112 3641 103 21 complaints
2229 3641 66 19 arising

1860 3662 46 17 from
1914 3662 58 21 torpid
1982 3662 49 19 liver,
2051 3662 112 19 indigestion,
2180 3662 49 16 weak
2241 3667 44 12 stom-

1861 3684 39 22 ach,
1913 3684 34 16 and
1955 3683 97 21 impurities
2060 3684 19 15 of
2086 3683 29 16 the
2127 3683 57 16 blood.
2209 3683 51 21 They
2268 3689 28 11 are

1862 3705 84 21 prepared
1955 3710 21 10 on
1985 3704 74 16 rational
2068 3704 35 16 and
2120 3704 73 17 sensible
2206 3704 44 17 lines
2263 3705 33 16 and

1861 3726 23 16 do
1892 3728 31 14 not
1934 3726 70 16 contain
2014 3731 10 9 a
2035 3725 75 20 particle
2120 3725 19 16 of
2150 3726 78 20 calomel,
2246 3731 37 16 gam-

1862 3747 50 21 bjge,
1922 3752 19 11 or
1949 3752 35 15 any
1993 3747 63 16 drastic
2067 3747 98 21 purgative,
2181 3747 33 16 but
2227 3749 70 19 operate

1861 3768 23 20 by
1894 3768 85 21 perfectly
1988 3767 70 16 natural
2072 3773 59 10 means
2142 3768 23 18 Wy
2184 3765 113 20 stimulating

1863 3790 30 15 the
1901 3789 44 16 liver
1953 3789 35 15 and
1997 3789 97 20 increasing
2103 3789 28 15 the
2139 3789 40 15 flow
2194 3789 20 16 of
2221 3790 34 16 bile
2263 3790 34 15 and

1863 3810 42 16 thus
1913 3810 99 21 producing
2028 3815 41 15 easy
2080 3810 112 16 evacuations
2200 3811 35 16 and
2243 3814 43 13 natu-

1863 3832 26 16 ral
1897 3831 89 16 catharses
2004 3831 73 16 without
2094 3831 29 16 the
2142 3836 102 16 annoyance
2263 3832 35 16 and

1863 3853 42 20 pain
1917 3852 18 16 of
1946 3852 72 21 griping
2025 3851 34 16 and
2068 3852 84 21 purging.

1886 3874 71 16 Beware
1965 3874 19 15 of
1992 3874 29 16 the
2030 3878 53 16 miuy
2102 3873 77 17 harmful
2195 3874 104 16 substitutes

1865 3900 22 11 on
1895 3895 36 15 sale
1941 3895 18 15 in
1967 3900 53 15 many
2027 3894 59 21 shops.
2117 3894 50 16 None
2184 3900 30 11 are
2223 3895 76 17 genuine

1865 3916 59 15 unless
1934 3916 42 20 they
1984 3916 41 15 bear
2033 3916 30 15 the
2068 3915 91 20 signature
2175 3917 18 16 of
2209 3916 90 17 F.Moore

1865 3937 87 15 Clements
1960 3942 22 10 ou
1990 3937 29 15 the
2025 3937 67 15 outside
2101 3942 84 15 wrapper.
2204 3938 97 16 Clkmejits

1865 3957 56 17 Tonic
1935 3958 34 15 and
1980 3957 111 17 FlbtcheVs
2106 3957 52 18 Pills
2172 3959 44 16 have
2230 3959 71 16 become

1866 3979 42 16 such
1923 3978 95 17 household
2033 3978 56 17 words
2105 3979 38 16 thai
2159 3980 97 16 imitations
2272 3985 29 11 are

1866 4000 100 21 frequently
1981 4000 71 16 offered.
2082 3999 34 18 We
2132 4001 75 16 contend
2216 4001 40 16 that
2266 4001 35 16 this

1866 4021 87 16 imitation
1962 4021 14 16 is
1984 4021 30 16 the
2022 4022 83 15 sinoerest
2119 4022 50 20 proof
2181 4022 19 16 of
2209 4022 46 16 their
2265 4022 27 15 vir-

1867 4044 45 18 tues,
1921 4047 19 11 so
1948 4048 27 10 see
1983 4043 39 15 that
2029 4047 36 16 you
2073 4042 66 21 always
2148 4044 30 19 get
2186 4043 30 16 the
2225 4043 76 21 genuine

1857 4060 2 24 '
1867 4063 72 21 bearing
1958 4064 30 15 the
2007 4068 51 11 name
2072 4064 34 15 and
2122 4064 70 17 address
2208 4064 19 16 of
2240 4064 21 17 F.
2275 4064 26 15 M.

1868 4084 93 21 Clements,
1969 4084 98 20 Newtown,
2081 4084 74 22 Sydney.

981 4159 103 41 Ask
1109 4160 73 41 for
1209 4161 267 44 Hancock's
1501 4166 277 42 Celebrated
1804 4169 186 34 mTXir
2017 4170 113 42 Ales
2155 4173 97 39 and
2277 4172 150 40 Stout.

2801 3493 87 26 Captain
2906 3495 47 20 Von
2973 3496 74 20 Burski
3062 3498 40 18 and
3120 3498 87 25 Captain

2775 3519 87 24 Miitler,
2874 3521 47 20 both
2933 3522 77 20 officers
3027 3523 21 19 in
3066 3523 33 21 the
3116 3525 91 21 German

2775 3552 57 18 navy,
2844 3546 39 20 had
2892 3554 12 12 a
2914 3548 79 25 trifling
3001 3550 79 24 quarrel
3086 3557 26 13 on
3119 3557 11 13 a
3138 3555 69 17 recent

2774 3571 90 27 Sunday,
2893 3574 39 20 and
2951 3575 35 19 the
3006 3575 61 19 latter
3088 3577 120 26 challenged

2775 3598 35 20 (he
2820 3598 75 21 former
2906 3605 22 14 to
2946 3607 11 12 a
2975 3601 54 19 duel.
3066 3602 75 21 Pistols
3159 3612 51 12 were

2775 3624 88 21 selected
2873 3632 22 13 as
2905 3626 35 19 the
2954 3633 98 17 weapons,
3069 3629 39 19 and
3126 3630 35 20 the
3175 3638 24 12 en-

2775 3653 84 18 counter
2870 3652 48 19 took
2930 3652 56 25 place
2996 3653 20 19 in
3026 3653 34 20 the
3076 3655 100 21 outpkirt*
3186 3657 23 19 of

2776 3676 152 21 Geestemunde
2939 3678 116 26 (Hanover)
3066 3687 25 13 on
3102 3681 34 19 the
3151 3682 45 20 Mol-

2776 3702 39 24 day
2825 3703 104 27 following
2940 3704 47 20 with
2999 3706 50 19 fatal
3067 3707 71 25 result,
3156 3709 52 24 Cipt

2779 3728 79 21 Vlittler
2871 3730 62 25 being
2949 3730 47 20 shot
3010 3732 52 20 dead
3076 3735 22 17 at
3114 3734 35 20 the
3168 3735 43 20 firet

2777 3755 111 26 exchange.

2798 3789 40 16 Just
2858 3790 76 16 receirot
2963 3791 10 15 V
2993 3792 48 21 Urge
3182 3796 19 15 of

2777 3810 89 16 Hudson's
2874 3811 96 16 o-ilebrnte-l
2986 3812 81 17 Dunelin
3080 3814 74 17 B'ncuirs
3166 3822 9 10 c
3180 3822 18 10 >l-

2777 3831 63 21 -
2848 3832 19 15 of
2877 3832 55 20 VV.no,
2942 3832 92 20 Wneiten,
3050 3835 59 17 Water
3117 3836 90 19 Crack-jw.

2777 3852 67 19 Ijtinch,
2852 3853 101 17 Arrowroot
2961 3855 35 16 and
3010 3855 55 19 Milk;
3078 3857 35 15 also
3125 3863 10 10 a
3144 3859 63 19 Rupoly

2778 3873 18 15 of
2804 3873 93 20 Reynold's
2913 3874 75 23 Factory
3003 3878 121 17 Batter.—W.

2780 3893 71 22 [Advt.]

2950 3958 100 23 Notice.

2784 4031 99 44 NOTE
2902 4040 64 19 paper
2988 4034 39 19 and
3043 4034 114 28 Envelopes
3174 4040 45 19 with

2866 4060 81 25 printed
2960 4060 91 25 heading
3061 4063 20 17 at
3091 4062 64 27 cheap
3164 4067 55 17 rates

2834 4087 21 17 at
2865 4085 108 20 Chronicle
2989 4086 62 19 office.
