3268 4237
222 40 428 267 Hot
793 40 713 267 Lakes
1649 40 1426 267 Chronicle.

672 358 618 53 TOURISTS'
1358 358 3 54 I
2535 375 42 36 A
2668 398 7 14 >

987 551 378 64 Circulating
1433 551 374 65 throughout
1878 554 147 51 New
2091 556 267 50 Zealand.

109 636 78 28 VOL,
201 636 78 28 3JNO
291 636 47 25 102

1151 647 195 31 ROTORUA,
1366 647 78 31 N.Z.,
1464 647 235 26 WEDNESDAY
1723 648 183 26 OCTOBER
1918 650 40 28 30,
1984 651 60 23 1895

2761 656 413 32 PRICE—THREEPENCE

97 729 25 24 BY
135 727 85 26 SPECIAL
245 722 73 48 ggg
330 728 150 25 APPOINTMENT

127 776 57 27 ASK
209 776 144 26 GROCERS
379 777 56 26 FOR

177 943 155 63 MOATE
348 944 39 62 &
404 944 87 62 Go's

127 1042 158 27 CEYLON
458 1063 26 8 _

129 1078 129 26 INDIAN

127 1113 180 26 BLENDED
344 1103 15 21 1

202 1153 152 19 AWARDED

102 1180 67 25 GOLD
180 1180 55 24 AND
245 1181 97 23 SiLVER
353 1181 109 24 MEDALS

115 1221 58 26 Why
187 1222 44 25 buy
247 1221 96 21 Inferior
357 1222 55 21 Teas
427 1223 64 20 when

71 1254 40 21 you
126 1254 40 14 can
180 1249 37 25 get
230 1249 24 19 N.
271 1248 27 20 M.
315 1248 17 20 &
347 1248 55 21 Co.'s
415 1250 25 19 at
454 1249 37 21 the

71 1280 57 16 game
141 1274 66 27 price.
240 1274 35 20 All
289 1274 77 21 others
385 1281 39 15 are
438 1276 53 25 only

70 1301 69 26 lopies
157 1301 23 20 in
198 1306 72 19 name,
285 1301 45 20 ami
352 1307 38 15 are
405 1302 85 25 pushed

70 1327 33 21 for
115 1327 62 22 extra
191 1327 73 26 profit.

115 1362 14 13 A
137 1361 43 17 proof
191 1361 16 13 of
219 1361 26 13 the
256 1361 94 17 superiority
361 1361 17 13 of
386 1361 19 14 N.
417 1362 21 13 M.
447 1362 12 13 &

100 1378 38 14 Co.'s
148 1378 36 13 Teas
191 1378 12 13 is
214 1378 26 13 the
249 1378 31 13 fact
290 1378 34 13 that
332 1378 75 15 although
414 1378 44 14 thero

99 1399 25 9 are
132 1394 77 13 hundreds
220 1395 17 13 of
246 1395 55 16 packet
311 1395 32 12 teas
355 1398 19 9 on
386 1394 26 13 the
421 1399 29 8 mar-

100 1411 30 16 ket,
148 1411 17 14 N.
177 1411 21 13 M.
212 1411 11 13 &
238 1411 40 13 Co.'s
293 1411 38 13 Teas
346 1414 26 10 are
388 1411 16 13 in
421 1411 38 13 such

101 1427 61 13 demand
171 1427 34 13 that
217 1427 37 17 they
266 1427 28 13 Bell
305 1427 53 16 nearly
370 1427 89 13 one-fourth

99 1444 16 14 01
131 1444 26 13 the
173 1444 48 13 whole
238 1444 16 13 of
271 1444 26 13 the
315 1444 25 13 tea
358 1444 86 14 consumed.

70 1463 99 28 SOLD
205 1463 282 25 EVERYWHERE

85 1534 84 21 JvtvW
212 1536 35 23 TVT
254 1536 118 17 ORTHERN
404 1536 75 17 STEAM-

274 1557 58 18 SHIP
371 1558 122 19 COMPANY.

295 1579 111 20 LIMITED.

193 1622 61 19 TIME
279 1623 84 17 TABLE,

68 1642 79 20 Weather
153 1644 32 18 and
192 1646 48 17 other
245 1646 131 17 oircumslnDces
383 1646 109 22 permitting)

147 1999 50 27 Do
211 2000 60 26 not
285 1999 127 33 Forget

172 2056 212 41 CRAIG'S

101 2121 123 29 CMIOSITY
244 2122 59 27 SHOP
322 2122 15 27 4
354 2121 104 33 MUSEUM,

118 2176 124 26 Opposite
252 2176 88 21 Grand
351 2176 87 26 Hotel,

98 2221 121 26 PRINCES
231 2221 55 31 ST.,
299 2221 162 27 AUCKLAND.

66 2360 216 49 Fitzroy
310 2363 156 21 hotel.

179 2392 91 23 Wakefield
281 2394 32 26 St.,
323 2394 94 23 Auckland.

115 2427 134 35 Newman
297 2431 124 31 Meider

273 2483 28 28 M

182 2546 24 19 fc-
207 2546 3 19 V

337 2598 30 43 S

235 2738 49 25 h-r'

61 2873 84 20 gHaving
155 2873 48 15 taken
214 2872 27 15 the
255 2871 51 16 above
317 2871 109 16 well-known
437 2869 45 15 Hote

62 2893 33 16 will
105 2894 18 15 be
135 2893 35 20 glad
181 2894 17 14 to
208 2896 25 12 see
243 2891 33 15 and
285 2891 78 15 welcome
373 2890 22 16 all
416 2889 24 16 his
461 2888 25 16 old

234 2911 67 15 friends.

146 2939 52 17 ONLY
208 2939 38 17 THE
254 2938 52 17 BEsT
315 2936 80 19 BRANDS

118 2967 16 15 of
141 2967 53 15 Wines
200 2966 32 15 and
238 2965 62 20 Spirits
308 2965 41 20 kept
356 2964 18 16 in
381 2963 50 16 Stock

103 2995 109 17 SPARKLING
221 2994 54 17 XXXX
283 2993 39 17 ALE
329 2997 21 13 on
364 2992 79 21 draught.

61 3021 52 20 ETery
119 3022 105 16 convenience
234 3021 87 17 combined
330 3020 41 15 with
379 3019 63 19 civility
453 3017 32 17 and

79 3042 67 15 eomfort
153 3042 25 15 for
185 3042 68 19 country
266 3041 65 15 visitors
338 3040 32 15 and
377 3039 88 16 Boarders.

127 3150 89 21 EDWIN
233 3149 179 21 ROBERTSON'S

330 3294 93 42 rmk

342 3277 140 60 MM

61 3527 63 21 Leave
138 3529 33 19 the
185 3529 92 26 Booking
296 3529 69 24 Office,
384 3529 98 24 Rotorua,

110 3555 30 19 for
149 3556 104 25 Taurauga
266 3563 58 18 every
339 3555 91 27 Monday

198 3583 38 19 and
256 3583 80 24 Friday.

61 3607 91 26 Buggies,
167 3609 94 24 Coaches,
272 3609 38 19 and
321 3609 73 20 Saddle
407 3609 75 20 Horses

103 3642 24 12 on
138 3635 41 19 hire
189 3637 20 17 at
220 3635 34 20 the
264 3635 89 20 shortest
362 3636 73 20 notice.

160 3688 73 16 TERMS
244 3689 136 16 MODERATE.

85 3735 110 26 Telegrams
210 3737 116 26 punctually
341 3737 96 20 attended
454 3741 27 16 to.

85 3788 30 21 No
130 3790 75 26 parcels
220 3790 58 20 taken
294 3790 69 21 unleße
391 3790 89 27 prepaid.

136 3842 97 21 EDWIN
249 3844 177 21 ROBERTSON.

331 3870 123 26 Proprietor.

129 3943 142 21 INSURE
301 3945 106 21 WITH

63 3971 43 16 the
120 3973 73 15 south
207 3974 90 16 nnrnsH
310 3974 52 17 fihe
377 3976 13 15 &
404 3976 74 17 mahin

131 4001 41 16 Coy.
181 4002 28 16 OF
219 4002 52 16 NEW
283 4003 111 16 ZEALAND.

56 4024 95 19 Capital...
384 4030 23 15 XI
411 4030 69 19 ,900,000

113 4050 87 16 Unlimited
207 4051 63 20 libality
276 4052 17 14 of
299 4051 121 19 Shareholders.

56 4072 50 21 Hiring
113 4078 8 11 a
129 4074 71 16 Colonial
206 4075 97 16 Institution
309 4075 59 16 Profits
374 4081 27 10 are
407 4077 72 16 invested

230 4094 65 20 locally.

59 4119 44 17 Head
116 4121 54 19 Office,
395 4124 7 15 f
409 4124 70 16 nckland

63 4145 46 17 Local
122 4146 55 20 Asnut
346 4149 18 15 J.
370 4149 28 16 W.
406 4149 72 19 Wngley

514 2219 65 20 Under
594 2220 29 19 the
632 2221 141 25 distinguished
779 2222 111 25 Patronage
897 2226 22 22 of
926 2224 40 19 His
976 2225 117 24 Excellency
1107 2225 55 20 Lord
1173 2226 121 26 Carrington,
1307 2227 94 20 Governor

592 2248 24 24 of
621 2248 49 19 New
680 2248 62 20 South
753 2248 66 21 Wales
821 2265 5 10 9
832 2250 41 19 and
881 2250 55 19 Lord
946 2252 84 24 Onslow,
1042 2252 98 21 Governor
1150 2253 75 25 ofJSew
1233 2255 88 19 Zealand

505 2326 269 56 Biiirsi:

689 2398 545 52 TAURANGA.

837 2485 21 24 is
877 2486 166 30 pronounced
1055 2487 34 32 by
1102 2488 33 25 it&
1150 2488 109 25 Patrons
1273 2497 26 16 to
1311 2489 31 24 be
1355 2490 44 24 the

594 2516 56 25 best
663 2517 68 24 built
738 2518 51 23 and
798 2518 56 24 best
866 2518 137 26 furnished
1015 2521 81 24 Hotel
1107 2521 81 25 intbe
1201 2522 87 24 North.
1302 2523 96 24 Island.

542 2560 140 28 Private
696 2561 113 27 Suites
822 2563 26 24 of
859 2564 169 31 Apartments
1039 2565 40 24 for

679 2600 137 33 Sample
826 2601 127 28 Koohls
962 2603 42 24 for
1016 2605 171 24 Commercial
1199 2606 163 25 Gsntlemen.

692 2641 147 32 Telegrams
851 2641 101 25 receive
964 2645 105 29 prompt
1077 2645 136 24 attention.

544 2682 112 25 Coaches
673 2683 73 24 leave
759 2684 44 24 the
817 2684 80 24 Hotel
904 2684 41 24 for
957 2685 45 24 tht
1112 2694 34 17 on
1164 2687 97 25 arrival
1280 2688 27 23 of
1329 2688 27 24 all-

583 2719 131 22 steamers.
751 2717 102 32 Special
866 2718 115 31 Buggies
993 2720 51 23 and
1058 2720 92 24 Saddle
1162 2721 95 25 Horses
1271 2729 46 17 can

675 2750 31 24 be
716 2749 121 26 obtained
848 2751 41 24 for
902 2752 36 23 all
949 2754 71 29 parts
1033 2753 27 24 of
1072 2753 45 24 the
1127 2756 119 30 country.

546 2788 144 26 First-class
710 2789 97 33 Sailing
826 2790 51 24 and
896 2791 111 32 Kowing
1026 2793 77 24 Boats
1122 2793 40 24 for
1180 2793 121 25 Pleasure
1314 2794 50 24 and

833 2824 109 32 Pishing
956 2825 107 25 Parties.

539 2864 54 26 The
607 2864 138 26 Saltwater
758 2866 115 32 Bathing
885 2867 118 24 Pavilion
1014 2868 21 24 is
1048 2868 93 25 within
1153 2869 74 25 three
1239 2869 122 25 minutes'

807 2899 68 25 walk
887 2899 28 25 of
924 2901 45 24 the
988 2902 16 11 l<

505 2967 127 48 ivc.

752 3041 410 33 PROPRieTOH.

503 3144 178 69 THE
727 3144 302 71 GRAND
1087 3144 303 71 HOTEL.

609 3312 340 32 ■FE/inSTCES
986 3313 305 34 STREET,

536 3454 149 27 First-class
695 3455 93 33 family
801 3456 88 24 Hotel.
931 3455 131 25 Situation
1080 3455 174 32 unsurpassed
1301 3456 74 24 Patro-

501 3493 73 24 nised
588 3493 33 33 by
635 3493 70 25 tlieir
717 3493 182 25 Excellencies
915 3494 44 24 tiie
978 3494 135 24 Governor
1125 3493 51 25 and
1187 3493 128 25 Admiral.

614 3580 147 32 Telegrams
785 3580 51 24 and
859 3580 90 25 letters
959 3580 132 32 promptly
1103 3580 123 25 attended
1237 3581 35 23 to.

927 3632 11 13 0

573 3664 92 39 IVIRS
694 3662 273 47 GALLAGHER,
999 3664 285 49 Proprietress.

524 3779 69 47 W.
619 3779 291 55 THOMAS,

524 3843 256 22 MONUMENTAL
791 3843 118 21 MASON

546 3885 139 21 VICTORIA
698 3885 104 21 STREET
811 3886 75 23 EAST,

630 3926 172 21 AUCKLAND.

532 3980 94 25 Orders
645 3979 30 25 in
696 3979 111 29 Marble,
827 3979 108 24 Granite

498 4014 48 24 and
557 4014 86 29 Stone,
654 4013 133 32 promptly
797 4012 51 25 and
856 4012 65 24 faith-

499 4047 66 32 fully
578 4046 135 27 executed.

524 4107 111 32 Designs
649 4107 50 25 and
712 4107 83 32 prices
804 4106 55 24 free
873 4114 33 16 on

630 4140 167 33 application.

991 3752 30 31 J.
1045 3752 37 30 H.
1105 3751 251 37 BUCHANAN,

996 3799 117 22 STONE
1128 3799 217 22 MEItCHEANT.

1053 3833 170 17 ESTABLISHED
1233 3834 47 16 1892.

955 3883 105 22 Statuary,
1081 3882 143 18 Monumental
1246 3881 38 19 aed
1303 3881 87 19 General

1128 3904 77 18 Mason.

983 3926 54 20 MAi
1051 3926 49 20 ~<LE
1117 3926 62 20 AM)
1199 3924 164 21 FREESTONE

955 3958 166 20 CHIMVYC
1133 3958 88 24 PIEES,
1236 3957 102 23 MaSES,
1350 3957 37 19 Etc

995 3993 129 32 VICTOHIA
1145 3993 108 31 STREET
1280 3992 74 35 EAST,

1046 4036 248 32 AUCKLAND.

979 4102 65 25 Dosig
1086 4102 39 19 and
1146 4101 67 20 Prices
1230 4100 112 20 lorwarded
1362 4107 25 13 no

952 4128 125 25 application
1087 4130 21 17 to
1117 4135 39 18 any
1166 4130 47 23 part
1220 4128 22 19 of
1247 4127 35 20 the
1289 4127 98 20 Province

952 4154 84 25 Colony.

649 733 1072 109 Whakarewarewa.

567 869 82 22 Two
661 872 103 21 miles
768 873 98 26 from,
878 870 166 32 S?otoriza,
1058 877 188 26 adjaining
1254 878 207 27 -interesting
1475 879 119 21 native
1606 879 205 22 settlement.

623 908 510 54 G-ETSER

1305 917 438 46 HOTEL.

988 996 30 21 J?
1045 997 29 21 A.
1105 997 29 21 T
1157 997 33 22 It
1221 997 24 21 O
1272 998 40 22 JST
1334 998 43 22 S:

513 1024 86 22 heir?,
612 1027 39 24 of
658 1026 154 28 Ittntore,
823 1030 86 21 Earl
921 1031 37 25 of
968 1030 146 26 Onslow,
1124 1032 209 26 Marquisof
1340 1033 189 27 LrogTteda,,
1537 1034 92 21 Lord,
1642 1034 207 27 Carrington

530 1082 46 37 |MI
580 1082 24 19 IS
619 1082 94 20 HOTEL
724 1084 35 20 has
770 1087 90 24 recently
870 1087 51 20 been
933 1087 139 27 considerably
1079 1089 102 25 enlarged,
1194 1089 116 25 renovated,
1320 1090 39 19 and
1369 1090 129 20 refurnished
1509 1091 111 25 regardless
1632 1091 22 19 of
1663 1098 94 19 expense,
1779 1090 39 25 lad
1834 1091 16 19 is

525 1110 20 16 -t-
586 1109 70 25 widely
667 1110 72 20 known
752 1110 34 21 for
795 1115 26 16 its
829 1113 99 20 excellent
938 1115 178 23 accommodation,
1127 1115 87 24 Cuisine,
1225 1117 34 19 &c.

804 1147 86 22 Here
903 1154 56 15 are
973 1148 55 21 the
1044 1148 99 28 Chief
1152 1149 122 26 Sights
1284 1151 38 25 of
1332 1150 55 22 the
1400 1145 160 28 district:

552 1178 62 21 The
627 1179 30 20 \%
663 1180 136 21 onderiul
811 1183 96 20 .Steam
919 1183 56 20 and
988 1183 61 21 Hot
1060 1184 100 20 Water
1171 1184 158 27 Petrifying
1329 1178 2 35 1
1345 1186 122 25 Geysers
1482 1187 82 25 playing
1574 1187 71 19 nearly
1656 1188 38 18 100
1704 1187 43 20 feet
1756 1187 53 26 high.

670 1206 203 28 Petrifying
888 1209 153 26 Geysers,
1060 1209 193 23 Cctu.ld.rons
1265 1212 37 23 of
1312 1210 143 29 foiling
1469 1213 93 26 J\fizd
1572 1213 72 21 ctncL
1656 1206 60 33 Oil.

515 1256 17 12 v
606 1257 6 3 .
643 1259 8 9 +
654 1232 4 36 ,
703 1232 24 21 S
727 1235 84 23 Pou:t
823 1235 107 26 gtcuth,
947 1235 51 21 Oil
1006 1236 103 25 Hath,
1124 1237 219 26 JLlumHath
1353 1239 71 20 and
1435 1239 121 21 Jack's
1568 1239 99 26 (Jiath

515 1260 78 16 li.uovvn
604 1260 32 16 tor
644 1260 34 17 the
684 1261 153 25 extraordinary
845 1268 57 13 cures
911 1265 21 16 ot
943 1262 142 24 Kheumatisrn,
1095 1263 116 25 Neuralgia,
1223 1264 112 25 Lumbago,
1342 1265 94 24 Sciatica,
1445 1266 88 25 Kidney,
1541 1266 63 20 Liver
1614 1266 40 19 and
1663 1266 58 20 other
1729 1265 122 26 complaints

681 1306 52 52 C.
774 1308 48 53 E.
859 1310 258 63 NELSON,
1146 1338 23 9 -

960 1376 92 28 Guide

1281 1377 123 36 Sophia.

1432 1314 269 64 Proprietor.

682 1429 380 56 OKOROIRE
1142 1434 139 54 HOT
1349 1435 335 67 SPRINGS,

944 1500 40 24 On
1002 1501 45 24 the
1068 1500 91 26 Direct
1173 1502 84 25 Route
1270 1503 26 24 to
1315 1503 124 30 Rotorua,

579 1553 24 7 „
612 1554 28 6 „
808 1531 39 20 For
859 1531 92 25 Scenery,
965 1533 96 20 Curative
1068 1533 115 23 Properties
1195 1534 23 20 of
1224 1535 36 19 the
1268 1535 70 23 Baths,
1347 1535 40 20 and
1397 1536 185 24 Accommodation,

570 1553 62 24 EA.
641 1554 83 24 CEL
748 1557 101 28 JILL
872 1557 178 25 PLACES
1073 1559 56 23 OF
1150 1560 93 23 THE
1265 1557 124 27 KIJST®
1408 1561 64 29 IJV
1495 1562 93 24 THE
1606 1562 190 30 COLOJTY,

539 1651 65 22 These
611 1652 94 28 Springs,
717 1655 64 21 which
792 1656 32 21 for
833 1655 54 22 their
899 1656 96 22 Curative
1006 1657 117 28 Properties
1134 1658 40 22 and
1189 1658 141 23 Comfortable
1344 1660 96 28 Fittings,
1455 1660 51 22 have
1515 1662 52 20 been
1578 1663 131 26 pronounced
1721 1662 26 27 by
1762 1662 27 22 all
1809 1662 43 22 who

513 1680 49 19 have
574 1681 72 20 visited
656 1681 55 21 them
721 1682 67 21 iccond
797 1686 16 17 to
828 1689 46 15 none
883 1684 22 21 in
915 1684 47 20 New
978 1684 90 21 Zealand.
1096 1685 42 22 The
1149 1692 108 15 numerous
1267 1688 134 21 testimonials
1416 1688 91 21 received
1518 1696 21 14 as
1551 1692 20 17 to
1582 1689 53 21 their
1647 1696 58 15 cures
1714 1690 40 20 and
1764 1689 88 22 comfort

512 1707 71 19 should
595 1707 23 19 be
629 1707 101 22 sufficient
741 1712 21 18 to
772 1710 74 21 induce
856 1711 94 21 Tourists
960 1712 40 20 and
1013 1712 70 20 others
1094 1714 20 19 to
1126 1712 48 21 visit
1183 1713 61 22 them,
1273 1714 34 21 No
1321 1717 59 19 extra
1390 1716 73 25 charge
1478 1715 17 21 is
1507 1717 56 20 made
1575 1716 34 22 for
1620 1716 35 21 the
1667 1723 34 15 use
1710 1717 22 21 of
1742 1717 34 20 the
1793 1716 59 22 baths

513 1736 19 16 to
543 1740 84 19 porsons
638 1736 81 26 staying
729 1740 21 17 ut
760 1736 35 21 the
804 1737 62 22 hotel.

675 1829 5 10 ,
713 1795 4 44 .
849 1795 92 33 THE
977 1796 217 33 OKOROIRE
1232 1797 281 36 SANATORIUM

538 1830 22 18 Is
570 1830 111 20 connected
693 1830 48 21 with
753 1832 35 21 the
798 1833 134 27 Telegraphic
942 1834 81 26 System
1034 1835 22 19 of
1063 1835 34 20 the
1105 1836 85 26 Colony,
1200 1836 35 20 the
1244 1837 106 26 telegraph
1362 1837 62 21 Office
1434 1839 104 24 adjoining
1548 1838 35 22 the
1594 1839 71 21 Hotel,
1694 1839 27 21 ail
1729 1840 118 23 Telegrams

513 1856 102 26 promptly
626 1858 77 26 replied
714 1861 27 18 to.

538 1913 97 25 Coaches,
651 1915 97 26 Buggies,
760 1917 39 19 and
813 1917 142 26 Conveyances
966 1919 22 19 of
999 1919 26 19 all
1037 1919 59 19 kinds
1110 1919 55 20 leave
1174 1919 41 21 this
1230 1921 55 19 hotel
1296 1928 25 13 on
1332 1921 109 26 Tuesdays,
1452 1923 117 26 Thursdays
1581 1924 40 19 and
1637 1924 120 26 Saturdays,
1765 1931 23 12 or
1799 1924 53 27 daily

512 1942 3 34 1
537 1946 99 20 requirea.
665 1942 88 20 Persons
763 1949 22 12 cn
794 1947 54 16 route
856 1943 34 20 for
900 1945 92 19 liotorua
1002 1952 34 12 are
1046 1945 102 20 therefore
1164 1947 83 19 enabled
1265 1950 20 16 to
1296 1948 47 19 visit
1354 1949 34 19 the
1404 1950 92 19 wonders
1515 1950 23 20 of
1552 1950 106 21 Okoroire.
1677 1950 40 20 and
1735 1950 61 26 enjoy
1818 1950 34 20 the

513 1967 88 20 Natural
611 1968 45 19 Hot
667 1968 65 21 Baths
742 1970 39 19 and
792 1977 12 13 a
814 1970 57 27 day's
881 1974 42 17 rest
939 1972 93 25 previous
1042 1975 21 16 to
1078 1972 135 27 undertaking
1223 1981 11 11 a
1247 1971 87 28 journey
1344 1977 21 17 to
1376 1975 35 20 the
1421 1976 73 20 Lakes.

1041 2005 2 15 ■
1103 2005 155 15 -goaaooooaac—

1042 2023 103 27 THIS
1178 2025 166 26 HOTEL

684 2052 43 20 Has
738 2054 92 27 recently
838 2055 51 19 been
900 2055 89 25 erected,
1000 2055 40 20 and
1051 2056 16 19 is
1078 2056 77 25 replete
1166 2057 49 19 with
1230 2064 59 20 every
1300 2058 85 20 comfort
1395 2058 32 21 for
1437 2059 94 21 Tourists
1540 2060 40 20 and
1590 2060 98 20 Invalids.

537 2107 70 21 Note.
637 2109 94 20 Tourists
741 2112 21 18 to
773 2110 90 21 Itotorua
873 2107 3 36 !
905 2112 31 19 Be
946 2118 45 13 sure
1007 2114 21 18 to
1038 2112 48 21 take
1096 2120 51 18 _,our
1155 2114 83 26 railway
1247 2114 77 21 tickets
1334 2114 34 21 for
1382 2116 123 21 Okokoire.
1534 2117 143 26 Conveyances
1689 2119 53 19 meet
1754 2118 67 19 trains
1831 2120 21 17 at

512 2135 106 24 Okoroire,
628 2142 95 20 carrying
734 2143 118 20 passengers
861 2140 21 17 to
893 2138 64 20 Hotel
971 2138 44 21 free
1025 2138 22 20 of
1056 2139 78 24 charge.

1459 2210 131 73 City
1629 2209 184 65 .Hotel,

1423 2305 181 33 HOBSON
1662 2307 185 33 STREET.

1469 2395 55 36 22
1547 2394 72 38 Bed
1653 2394 148 39 Rooms.

1416 2833 145 39 Terms
1575 2833 51 39 £1
1645 2846 69 38 per
1726 2834 120 37 week.

1416 2935 27 40 P.
1456 2935 114 48 KELLY,
1692 2936 154 51 Proprietor,

1415 3014 118 22 Jelephonl
1547 3016 36 15 290.
1739 3015 108 21 Milliards

1449 3045 191 31 Clarendon
1696 3046 116 35 Hotel,

1435 3086 79 18 Junction
1532 3086 55 20 Queen
1603 3088 36 17 and
1655 3087 90 17 WaKsfieid
1752 3086 71 20 Streets,

1497 3123 185 37 Auckland,
1696 3135 27 19 n.
1737 3134 24 20 z.

1412 3187 145 18 First-class
1573 3188 221 18 accommodation
1809 3190 36 17 for

1568 3209 146 19 Travellers.

1478 3240 53 18 HOT
1540 3240 58 18 AND
1608 3240 66 19 COLD
1688 3240 93 20 BATHS.

1412 3268 49 18 BEST
1472 3269 64 17 WINES
1542 3269 12 17 &
1564 3268 82 18 SPIRITS
1651 3269 56 17 ALWA
1714 3269 23 18 YS
1745 3270 21 17 IN
1773 3271 71 17 STOCK-

1475 3300 38 17 Hot
1531 3300 63 17 Lunch
1615 3302 19 15 12
1658 3302 17 15 to
1695 3302 9 15 2
1728 3302 52 22 daily.

1411 3329 30 18 W.
1451 3330 98 21 LYNCH,
1722 3332 121 22 Proprietor.

1521 3363 52 21 PEAD
1582 3363 52 21 jvllLE

1411 3490 430 30 HUCKLHND.

1409 3576 92 42 Ladies
1517 3579 50 39 and
1590 3579 147 40 Genxlemen

1439 3634 111 51 Seeking
1572 3646 15 29 a
1604 3636 96 51 change
1722 3636 27 40 of
1756 3636 38 40 air

1464 3692 24 40 &
1512 3702 107 40 scenery
1646 3703 45 29 can
1732 3693 51 41 find

1554 3751 221 41 accommodation
1817 3754 24 39 al

1408 3819 79 36 jWps
1549 3817 292 44 Cpuiek,sl2ank.'s

1481 3881 292 61 SOMOJMft,

1408 3953 238 50 ALBERT
1661 3953 178 52 PARK.

1408 4063 95 39 Hot
1516 4064 39 38 &
1568 4064 105 39 cold
1683 4066 153 38 baths.

1440 4148 75 27 Letters
1528 4148 39 26 and
1577 4148 106 31 telegrams
1694 4148 115 33 replied,to.

1872 740 139 64 THE
2093 740 561 69 GOVERNMENT
2733 743 482 84 SANATORIUM,

2245 816 229 49 ROTORUA,
2491 819 102 41 NEW
2616 819 226 46 ZEALAND.

1876 884 165 49 ROTORUA.
2043 886 73 18 —Tliis
2127 886 113 19 wonderful
2246 886 78 21 district
2333 887 16 20 is
2357 887 138 26 unparalleled
2501 889 21 18 in
2532 889 34 19 the
2570 889 74 20 known
2655 890 63 20 world
2726 891 72 19 fortho
2808 891 86 20 number
2904 893 40 19 and
2953 894 77 25 variety
3039 897 22 17 of
3069 898 25 17 its
3116 897 97 20 Thermal

1949 911 92 25 Springs.
2068 912 28 19 As
2107 918 12 13 a
2128 912 70 19 health
2206 915 66 17 resort
2279 914 25 18 its
2314 914 117 25 popularity
2438 915 17 18 is
2463 915 81 25 rapidly
2552 915 121 26 increasing,
2685 917 40 18 and
2734 916 44 20 that
2793 917 85 19 entirely
2888 924 25 13 on
2923 919 26 19 its
2959 926 44 14 own
3013 922 73 19 merits,
3097 929 21 12 as
3126 923 89 20 hitherto

1869 937 87 25 nothing
1969 938 37 18 has
2017 938 51 18 been
2077 938 53 19 done
2137 938 22 19 in
2169 938 34 19 the
2212 945 45 18 way
2272 940 21 18 of
2302 940 129 25 advertising.

1896 962 92 20 Patients
1997 963 101 25 suffering
2107 964 52 19 from
2178 964 92 24 Chronic,
2287 965 107 19 Articular,
2411 966 40 19 and
2468 966 103 20 Muscular
2590 967 148 23 Rheumatism,
2756 969 59 24 Gout,
2823 969 122 20 Rheumatic
2956 971 59 23 Gout,
3039 972 49 20 Skin
3112 974 93 20 Diseases

1870 988 91 25 Sciatica,
1973 989 112 25 Lumbago,
2097 990 119 25 Nueralgia,
2228 991 93 19 Nervous
2339 992 133 24 Exhaustion,
2496 993 82 20 Uterine
2596 994 106 24 Ailments,
2714 995 40 19 and
2764 995 59 25 tardy
2838 996 152 20 convalescense
2999 998 53 20 from
3061 1001 56 17 acute
3126 1001 89 20 diseases

1869 1021 47 18 may
1929 1015 44 25 rely
1982 1021 55 20 upon
2046 1015 108 26 obtaining
2162 1016 97 20 immense
2269 1017 63 24 relief,
2344 1018 38 19 and
2393 1018 20 19 in
2424 1018 33 19 the
2467 1019 97 25 majority
2573 1020 22 19 of
2605 1027 54 12 cases
2669 1027 12 12 a
2690 1021 97 25 complete
2796 1028 53 13 cure.

1895 1067 59 19 THE
1967 1067 123 19 PRIEST'S
2099 1067 160 21 BATH.—This
2269 1069 17 19 is
2295 1070 92 24 strongly
2396 1070 50 23 acid,
2457 1071 121 23 aluminous,
2589 1072 85 25 sulphar
2681 1074 68 22 water,
2761 1074 68 24 acting
2838 1081 22 12 as
2870 1081 12 12 a
2891 1075 100 25 powerful
3001 1075 46 20 skin
3057 1076 111 21 stimulant.
3180 1079 35 19 110

1870 1093 40 19 and
1919 1093 44 19 cold
1973 1093 87 19 showers
2069 1094 40 18 and
2119 1094 87 19 douches
2215 1101 35 13 are
2260 1095 96 25 provided
2370 1096 40 18 and
2418 1097 134 24 comfortably
2562 1097 93 20 enclosed
2663 1098 77 19 drossin
2742 1105 13 9 (r
2764 1106 71 12 rooms.

1895 1119 125 19 MADAME
2032 1119 114 19 RACHEL
2155 1121 13 18 S
2181 1121 52 19 -HAI.
2240 1121 25 19 11.
2295 1121 47 19 J_his
2360 1121 114 20 celebrated
2492 1122 75 26 Spring
2585 1124 17 17 is
2612 1131 12 11 a
2634 1124 68 19 Saline
2720 1127 62 17 water
2798 1126 49 19 with
2865 1126 98 26 Silicates,
2974 1128 40 19 and
3031 1129 38 19 has
3087 1136 26 12 an
3128 1129 89 21 alkaline

1869 1145 95 19 reaction.
1992 1145 44 19 The
2045 1147 62 17 water
2116 1146 17 18 is
2142 1146 42 19 also
2193 1147 50 19 used
2251 1147 109 25 internally
2375 1148 31 18 for
2424 1148 25 19 its
2464 1148 104 20 beneficial
2578 1150 65 18 action
2654 1157 26 12 on
2689 1150 34 19 tho
2733 1151 90 25 kidneys.

1896 1171 58 19 THE
1963 1171 76 19 BLUE
2048 1171 159 20 BATH.—This
2217 1173 17 19 is
2244 1173 34 19 the
2286 1173 75 26 largest
2371 1175 80 17 natural
2457 1175 115 25 swimming
2582 1175 50 19 bath
2641 1177 21 17 in
2672 1176 34 19 tho
2714 1176 101 20 Southern
2824 1178 141 26 Hemisphere.
2992 1180 21 19 It
3022 1180 75 21 affords
3106 1181 111 21 rheumatic

1870 1197 86 19 invalids
1966 1204 12 12 a
1987 1204 70 12 means
2067 1197 21 19 of
2096 1198 74 25 taking
2182 1199 89 24 painless
2282 1199 92 23 oseicise,
2385 1200 65 19 which
2461 1201 47 24 they
2517 1201 73 25 highly
2599 1202 121 25 appreciate.

1896 1223 58 19 THE
1959 1223 137 19 SULPHUR
2103 1223 116 21 YAPOUR
2227 1225 108 20 BATH.—
2339 1226 48 18 This
2394 1226 17 18 is
2422 1232 10 12 a
2440 1227 81 18 natural
2537 1227 33 19 hot
2580 1234 82 19 vapour,
2678 1228 73 26 highly
2760 1228 88 27 charged
2857 1230 50 19 with
2925 1232 85 25 sulphur
3025 1239 64 18 gases,
3106 1234 111 20 conducted

1870 1249 42 19 into
1923 1256 11 12 a
1944 1250 95 25 properly
2048 1250 127 19 constructed
2183 1250 62 25 chest,
2261 1251 20 19 in
2304 1251 64 19 which
2379 1252 33 18 the
2422 1252 78 25 patient
2510 1253 41 24 sits,
2570 1253 61 19 while
2639 1260 13 12 a
2670 1256 75 18 stream
2754 1255 21 19 of
2785 1256 94 25 palpable
2897 1257 86 25 sulphur
2990 1258 17 19 is
3104 1260 113 22 constantly

1870 1275 103 25 deposited
1982 1282 26 13 on
2018 1276 35 19 tho
2062 1275 52 20 skin.
3030 1290 5 3 .
3074 1274 12 10 °

1896 1302 58 19 THE
1963 1302 173 19 ELECTRICAL
2147 1302 275 20 DEPARTMENT.—This
2430 1304 129 25 department
2573 1305 17 19 is
2598 1306 76 25 replete
2683 1306 50 20 with
2751 1307 34 19 tho
2794 1310 52 17 most
2858 1308 84 20 modern
2954 1309 116 26 appliances
3081 1310 30 19 for
3121 1312 96 23 carrying

1871 1329 35 17 out
1919 1328 81 19 various
2014 1328 63 19 forms
2092 1329 22 18 of
2123 1328 85 20 medical
2225 1329 101 19 electrieal
2338 1331 108 18 treatment
2453 1331 23 19 in
2489 1331 52 19 their
2563 1333 93 24 entirety.
3202 1328 13 9 °

1871 1379 98 20 Resident
1978 1379 115 22 Engineer:

1950 1406 107 20 CAMILE
2070 1407 141 25 MALFROY,
2224 1408 48 22 Esq.

2726 1385 98 20 Resident
2833 1386 88 20 Medical
2930 1385 182 28 Superintendent:

2795 1412 112 20 ALFRED
2922 1413 130 24 GINDERS,
3066 1415 63 22 M.D.,

2058 1502 70 26 Hot
2143 1502 112 26 Lakes
2270 1503 37 24 of
2317 1503 86 24 New
2417 1502 159 32 Zealand,

2316 1541 10 13 0

1987 1558 188 55 Brent's
2217 1559 231 66 Bathgate
2489 1558 161 53 House

2105 1626 21 22 la
2139 1633 11 15 a
2165 1626 130 34 first-glass
2309 1627 141 27 Tsmoeranss
2467 1626 67 29 Hotel.

1981 1658 88 25 HIN
2074 1659 93 23 EMC)
2170 1661 33 22 A
2227 1660 177 25 to'I'KEET,
2424 1659 228 24 EuTOEUA.

1872 1705 76 19 rPHIS
1960 1705 60 19 NEW
2032 1705 54 19 AND
2100 1705 190 20 COMFORTABLE
2302 1705 216 20 ESTABLISHMENT
2527 1706 15 19 is
2552 1705 82 20 situated
2641 1706 21 18 iu
2670 1705 32 20 the
2718 1711 41 13 new

1926 1730 95 24 township
2027 1730 20 19 of
2055 1730 90 22 Kotorua,
2156 1729 49 20 close
2218 1731 20 18 to
2250 1730 33 19 the
2296 1730 127 19 Government
2435 1730 121 19 Sanatorium
2568 1731 38 18 and
2619 1731 65 22 Buths,
2698 1729 61 19 which

2200 1755 92 20 comprise
2305 1754 32 18 the
2349 1754 105 18 oelebrated

1874 1773 151 26 Qrrzest's
2041 1777 103 27 23ctt7\,
2158 1777 165 23 JSlctclcLTixe
2334 1778 131 21 ItctcKel
2478 1777 120 27 rljcitits
2622 1777 122 22 Cliarrxe-

1900 1804 75 22 leon
1992 1805 137 22 Douche
2145 1805 104 25 JJat/i,
2272 1805 110 25 .Lcu-ge
2403 1804 92 27 (Jjlzie

1910 1831 104 26 J3cLtK,
2028 1831 161 27 Su,lplx.xLr
2203 1831 137 27 VcipoLiv
2347 1832 103 24 .Bcttft,
2462 1832 71 21 cltlcL
2546 1832 173 21 G-a.lvante

2182 1858 150 26 oEfcLttevy
2344 1858 94 21 JJctth

1872 1884 71 18 OYER
2060 1884 87 18 LARGE
2160 1884 120 18 BATHING
2299 1884 140 18 PAVILIONS
2458 1884 74 18 HAVE
2549 1885 72 17 BEEN
2639 1884 120 18 ERECTED

1985 1909 47 17 with
2041 1914 101 12 inmierous
2150 1909 92 22 Dressing
2250 1909 76 21 Rooms,
2336 1910 35 16 etc.
2396 1908 76 17 Besides
2479 1909 53 16 these
2539 1909 53 17 there
2599 1909 15 17 is
2624 1910 31 16 the

1898 1937 101 20 Pain-killer
2007 1937 48 26 Bath,
2064 1937 98 25 Coffee-pot,
2171 1936 95 22 Cameron's
2276 1936 31 21 and
2319 1936 88 21 Hinemaru
2417 1935 49 22 Baths
2476 1936 17 21 in
2504 1936 28 21 the
2538 1937 107 20 Sanatorium
2655 1937 80 21 Grounds.

1873 1986 145 24 Bathgate
2032 1987 93 23 House
2135 1986 46 24 lias
2194 1985 66 25 been
2274 1985 99 32 greatly
2395 1985 119 32 enlarged
2535 1985 40 24 for
2596 1985 115 25 Tourists
2734 1994 25 16 as

1973 2020 60 24 well
2046 2028 27 16 as
2085 2020 41 24 for
2135 2019 92 32 people
2241 2019 91 31 taking
2344 2027 14 16 a
2371 2026 88 17 course
2472 2018 28 24 of
2512 2019 44 24 the
2570 2020 89 24 Batlis.

2154 2077 122 23 Terms
2297 2076 186 24 Moderate.

1953 2135 88 47 S_
2084 2136 124 46 T_'
2483 2135 194 54 ISTT,

2119 2194 143 27 J?-ROi
2263 2196 14 14 J
2282 2194 65 26 IiI
2356 2193 160 28 KTOB.

2314 2227 11 12 O

1870 2243 127 19 N.B.—Most
2006 2244 20 18 of
2034 2244 54 19 those
2097 2244 42 19 who
2147 2245 45 18 visit
2199 2245 77 17 Brent's
2285 2245 23 17 do
2318 2250 19 12 so
2346 2244 83 23 through
2441 2244 33 18 the
2486 2243 47 18 kind
2545 2243 182 19 recommendations
2739 2243 20 17 of

2210 2269 88 22 previous
2310 2270 107 16 customers.

1975 3148 174 33 ALBERT
2175 3147 185 38 STREET,
2397 3148 218 34 AUCKLAND-

2045 3243 131 41 LOUIS
2200 3243 154 47 DOYLE,
2387 3246 197 49 Manager.

1899 3327 452 76 WAVERLEY
2425 3330 292 84 HOTEL,

1965 3422 158 39 QUEEN
2158 3422 191 39 STREET,
2380 3423 270 34 AUCKLAND,

2081 3490 102 21 UNDER
2211 3491 67 20 NEW
2305 3491 237 22 MANAGEMENT.

1937 3593 71 33 (Late
2022 3593 24 24 of
2058 3593 40 24 the
2112 3594 67 23 Lake
2191 3594 86 23 House
2286 3594 47 23 and
2346 3594 84 24 Palace
2445 3594 96 29 Hotels,
2555 3595 128 33 Rotorua),

2130 3627 38 26 Has
2179 3627 44 30 just
2234 3627 59 26 taken
2307 3633 45 21 over
2365 3628 40 26 this
2415 3628 64 31 Hotel,

1859 3661 135 20 Travellers
2007 3661 48 20 will
2074 3661 50 20 find
2142 3667 68 19 every
2230 3661 98 20 Modern
2351 3661 169 21 Convenience
2541 3662 132 21 combined
2690 3662 57 20 with

2112 3688 93 26 Civility
2215 3688 49 21 and
2279 3689 98 26 Prompt
2387 3689 134 21 Attention.

1885 3741 43 19 The
1937 3741 100 19 situation
2055 3741 21 20 of
2090 3741 35 20 the
2279 3742 82 19 renders
2377 3742 15 19 it
2410 3742 97 25 specially
2530 3742 119 19 convenient
2664 3742 32 19 for
2714 3742 34 19 the

1858 3767 118 26 Travelling
1985 3767 74 20 Public
2075 3768 41 19 and
2131 3767 87 21 Visitors
2232 3770 21 18 to
2268 3768 34 19 tho
2319 3768 46 25 City
2379 3768 52 20 from
2446 3768 34 20 the
2500 3768 91 25 Country
2609 3768 28 25 by
2655 3768 54 20 train
2727 3775 22 13 or

1858 3795 95 18 steamer.

1860 3819 113 27 Special
1994 3820 236 26 Arrangements
2251 3819 86 21 made
2363 3819 42 22 for
2426 3821 49 20 the
2503 3820 197 22 convenience
2722 3820 29 21 of

2230 3847 144 21 Families.

2078 3882 168 22 NIGHT
2286 3883 243 21 PORTER.

1858 3935 135 33 fivst=diiss
2004 3935 103 28 "ivilUiU'fr
2247 3937 81 28 nines
2347 3937 44 28 anir
2402 3937 90 34 Spirits
2505 3937 24 27 of
2542 3938 36 31 tijc
2588 3937 46 28 best

2001 3968 123 33 ptneodi's
2138 3969 65 34 f)rse
2215 3970 74 34 fill
2300 3971 48 33 lllc
2360 3972 82 26 a(toalis
2456 3978 26 20 oil
2494 3970 113 34 Draught.

1858 4139 265 47 Tauranga,

2194 4047 411 42 ROBERTSON'S
2632 4045 115 38 Line

2184 4096 50 38 of
2251 4097 207 39 Coaches
2474 4094 220 39 between

2186 4142 217 40 Rotorua
2441 4141 96 39 and
2582 4139 165 45 Taupo

2773 1479 1 61 j
2789 1479 229 43 IMPERIAL
3057 1483 160 46 HOTEL,

2821 1538 130 26 FORT
2970 1539 194 27 STREET

2891 1574 211 27 AUCKLAND.

2818 1633 124 35 Splendid
2951 1635 218 26 accommodation
3178 1634 40 27 for

2785 1669 113 25 Tourists
2910 1670 51 25 and
2980 1669 150 27 Travellers.

2820 1710 172 36 High-class
3013 1711 96 29 Wines
3124 1711 59 29 and

2901 1754 107 35 Spirits
3020 1755 78 34 kept.

2817 1814 59 32 W.

2900 1855 198 33 Proprietor-.

2844 1917 185 42 BRITOMART
3051 1916 118 43 HETEL.

2787 1980 147 38 Custom
2952 1982 120 37 House
3083 1982 130 47 Street,

2879 2039 244 30 AUCKLAND.

2785 2073 47 17 Close
2838 2076 17 14 to
2864 2074 81 22 Railway
2952 2076 68 15 tJtatiou
3032 2076 34 15 aucl
3080 2077 43 15 i'ost
3135 2076 14 16 0
3158 2076 44 17 fflce.

2805 2103 79 20 Superior
2900 2105 145 16 accommodation
3066 2105 27 16 for
3112 2105 82 16 Tourists

2827 2125 96 16 Travellers
2940 2130 33 11 una
2993 2127 76 20 Couutiy
3084 2126 87 17 Tanners.

2850 2151 101 20 TERMS
2976 2153 171 20 MODERATE.

2786 2185 70 16 None
2876 2185 46 18 but
2942 2187 132 17 first-class
3083 2188 94 18 brands
3195 2189 23 17 of

2805 2207 63 22 Aies,
2877 2208 88 17 Wines
2974 2210 50 15 and
3031 2209 88 21 Spirits
3129 2211 64 21 kept,

2832 2279 112 40 Thos.
2989 2281 175 48 JVlcEwin,

2818 2342 94 28 CITY
3009 2345 171 28 BUFFET.

2881 2388 66 34 Next,
2965 2389 64 26 Union
3060 2390 53 26 Bank

2907 2431 83 26 Queen
3011 2432 87 24 Street,

2783 2462 47 25 -A.
2855 2463 38 27 IJ
2907 2467 31 23 CJ
2951 2464 45 26 JK.
3008 2465 34 25 JL
3113 2465 40 25 jST
3167 2465 36 25 D

2875 2537 65 20 Mta's
2963 2541 21 16 at
3008 2539 25 18 all
3059 2539 67 20 hours.

2867 2599 149 16 LENA
3047 2601 13 14 L
3090 2601 14 15 V
3136 2601 13 16 0
3180 2601 23 21 N,

2881 2638 109 17 SYJIONDS
3001 2639 92 16 STREET.

2792 2663 91 20 (Formerly
2891 2664 25 15 Sir
2923 2665 50 16 Fred.
2985 2665 103 16 Wbitakcr's
3099 2665 106 21 liesidence),

2918 2693 94 20 Telephone
3022 2694 34 15 044.

2801 2726 16 14 A
2824 2725 39 16 Few
2871 2726 59 16 Ladies
2938 2728 33 15 and
2979 2727 226 17 Gc-ntleniCiicanLeaccomo-

2782 2744 49 16 dated
2839 2746 40 15 with
2886 2747 79 19 {Superior
2971 2747 56 16 Board
3038 2749 33 13 and
3081 2747 95 16 liesidence.

2801 2770 34 15 The
2843 2771 50 15 house
2900 2773 14 14 is
2926 2772 72 15 situated
3011 2778 20 11 sn
3041 2773 45 19 large
3097 2773 78 19 grounds,
3183 2773 31 16 and

2781 2791 93 17 commands
2879 2792 106 19 inagnilicent
2993 2792 49 16 views
3053 2796 16 11 oi
3080 2793 29 15 tiie
3118 2793 78 15 harbour.

2800 2818 59 15 Tennis
2869 2818 56 16 Lawn.

2800 2845 35 16 Ten
2843 2846 75 16 minutes'
2926 2848 45 15 walk
2981 2848 45 15 from
3031 2848 28 16 the
3070 2848 39 16 Post
3116 2849 57 16 Ofiice.

2800 2873 40 15 Cars
2846 2875 33 15 and
2887 2875 62 16 Busses
2956 2881 37 14 pass
3001 2876 27 15 the
3043 2878 76 13 entrance
3130 2878 43 19 gate.

2780 2935 135 49 PEOPLE
2936 2937 83 26 visiting
3041 2937 108 20 Auckland
3170 2938 42 20 will

2826 2962 41 18 dud
2873 2964 170 18 accommodation
3051 2968 20 15 at
3081 2965 57 19 Bella
3146 2965 64 24 Vista,

2862 3010 118 22 Waterloo
2993 3013 132 25 Quadrant,

2846 3060 91 33 Opposite
2951 3062 129 26 Government
3093 3062 70 26 House.

2805 3116 48 22 And
2876 3123 60 14 near
2966 3117 116 21 Northern
3112 3118 69 21 Club.

2959 3171 176 49 JNiopman,

2839 3241 286 48 Proprietress,

2776 3309 56 19 THE
2876 3309 146 21 NATIONAL
3071 3310 137 20 CARBOLIC

2891 3337 210 20 DISINFECTANT.

2777 3372 47 21 The
2835 3373 55 21 best
2902 3374 47 20 and
2963 3374 120 25 cheapest
3095 3373 111 21 Carbolic

2778 3401 162 21 Disinfectant
2978 3402 98 20 Powder
3123 3402 82 20 before

2913 3429 42 20 the
2976 3429 90 25 public.

2776 3456 88 26 Strong
2874 3463 22 13 in
2916 3458 91 23 action,
3029 3457 131 25 agreeable
3182 3459 23 19 in

2947 3485 82 24 smell,

2776 3511 103 17 Purifies
2895 3511 42 16 the
2957 3512 37 15 air
3017 3511 50 17 and
3089 3512 116 21 prevents

2940 3533 101 17 disease.

2885 3558 119 33 CHRBOCiC
3022 3559 70 32 SOBP.

2899 3598 99 21 WAKNOCK
3033 3598 45 26 8.'0:,,

2849 3622 57 21 Works
2916 3623 41 20 Coxs
2965 3623 55 21 Creek,
3030 3623 98 22 Riciiuicud.

2774 3647 98 21 Warehouse
2908 3648 71 20 Durham
3014 3648 59 25 Street,
3110 3647 90 22 Auckland,

2776 3702 37 34 T£
2824 3701 38 15 OF
2872 3700 14 16 F
2896 3701 70 16 MAN
2997 3701 67 15 AND
3134 3700 41 16 0N
3184 3700 17 17 S.

2820 3740 179 19 QUEEN-STREET,
3011 3740 131 16 AUCKLAND.

2807 3768 178 19 WILLIS-STREET,
3008 3768 157 16 WELLINGTON.

2791 3808 35 16 The
2837 3808 62 19 largest
2906 3808 33 14 and
2947 3808 38 14 Best
2991 3808 72 14 Selected
3070 3807 50 15 Stock
3128 3807 17 14 of
3156 3806 33 18 Eng-

2772 3828 31 16 lish
2809 3827 33 16 aild
2850 3828 72 15 German
2930 3827 68 20 Pianos,
3005 3827 32 15 and
3043 3827 85 15 American
3136 3826 63 18 Organs

2772 3848 16 14 in
2798 3848 41 15 New
2846 3847 79 15 Zealand.

2792 3887 37 15 Sole
2836 3887 64 19 Agonts
2907 3887 26 14 for
2942 3886 45 15 John
3001 3885 96 16 Briusmead
3109 3884 31 15 and
3151 3881 45 17 Sons'

2772 3906 66 16 Collard
2845 3906 34 15 and
2886 3906 67 15 Collard
2960 3906 68 19 English
3037 3905 63 17 Pianos,
3109 3903 37 16 Carl
3153 3902 43 16 Ecko

2772 3927 55 14 Berlin
2849 3925 67 19 Pianos,
2936 3925 106 16 Schwechten
3060 3924 56 16 Berlin
3132 3922 65 17 Pianos,

2772 3945 71 16 Kooardi
2864 3944 56 16 Berlin
2942 3944 64 19 Pi»»nos,
3024 3944 47 18 Story
3094 3942 31 15 and
3149 3940 48 16 Clark

2772 3965 88 16 American
2871 3965 71 18 Organs,
2949 3964 18 15 F.
2975 3964 61 15 Besson
3043 3969 9 9 a
3060 3965 14 13 »d
3083 3962 33 15 Co..
3123 3960 71 18 London,

2830 3984 48 16 Baud
2885 3984 116 15 Instruments.

2812 4004 48 15 Come
2867 4003 35 16 and
2912 4008 26 11 soo
2949 4007 30 11 our
2991 4002 42 15 New
3045 4000 83 20 Shipment
3140 3999 17 15 of

2893 4022 109 16 Brindsmead
3009 4021 64 15 Pianos.

2791 4050 92 17 FaC-smilo
2897 4050 17 15 of
2926 4050 27 15 tho
2961 4048 109 17 Instnimcn's
3084 4045 80 26 exhibited
3177 4043 17 16 at

2772 4069 175 18 Hobart-Exliibitiun,
2959 4068 82 19 receiving
3048 4066 42 16 Gold
3104 4065 50 16 Medal
3163 4065 32 13 and

2773 4091 61 18 lligest
2848 4090 69 15 Awards
2928 4089 26 15 for
2964 4088 65 18 Beauty
3043 4087 17 14 of
3072 4086 49 17 Tone,
3136 4085 57 16 low'h,

2772 4110 32 15 and
2815 4109 78 19 Superior
2904 4108 121 15 Construction.

2819 4137 80 16 VIOLIN
2906 4135 94 16 STRINGS
3006 4135 14 14 A
3027 4130 125 19 SPECIALTY.

2772 4158 76 16 Tunings
2856 4156 32 16 and
2895 4155 61 19 repairs
2964 4153 77 17 attended
3052 4153 15 14 to
3074 4151 21 19 by
3109 4151 26 14 the
3149 4151 44 17 year.
