4260 5920
2012 5227 257 31 COMMERCIAL.

1900 5308 167 25 ROXBURGH
2084 5307 135 22 PRODUCE
2238 5306 135 23 MARKET.

1966 5351 51 27 Mt.
2032 5351 104 27 Bengek
2155 5350 72 26 Mail
2242 5349 102 31 Offick,

2233 5387 145 36 Thursday.

2021 5427 100 28 Rktail
2145 5426 106 28 Pricks.

1861 5482 65 27 Oats
1933 5480 77 35 (none
2016 5480 25 26 in
2047 5479 117 35 stock)...
2202 5475 29 28 t?s
2242 5476 34 26 tsd
2288 5484 46 24 per
2345 5475 66 27 bush

1862 5518 105 27 Pollard
2000 5538 27 6 ...
2134 5538 27 5 ...
2202 5515 30 25 9s
2245 5522 46 25 per
2304 5513 51 32 ba£

1863 5556 68 26 Bran
1999 5575 26 5 ...
2134 5576 27 6 ...
2200 5561 28 15 Os
2242 5560 47 25 per
2301 5550 16 25 b
2322 5559 30 23 4^

1861 5592 77 27 Chaff
1999 5612 26 6 ...
2134 5613 26 5 ...
2199 5589 29 26 2s
2242 5596 47 25 per
2302 5587 51 29 bat?

1865 5631 82 25 Bacon
1961 5629 73 33 (roll)
2134 5650 26 6 ...
2200 5625 33 26 !*d
2249 5633 14 26 P
2265 5633 22 16 CI
2288 5634 5 5 *
2306 5623 27 26 lb

1863 5669 93 25 Butter
1971 5668 90 32 (fre-h)
2135 5688 26 5 ...
2202 5663 27 26 1*
2244 5672 30 26 p^
2278 5670 6 17 l
2284 5672 5 5 '

1862 5706 94 25 Butter
1970 5704 124 36 (factory)
2135 5723 26 6 ...
2204 5702 24 26 Is
2244 5700 32 26 2d
2291 5707 45 25 per
2348 5699 25 25 lb

1860 5743 96 25 Cneese
1997 5764 26 5 ...
2134 5761 25 5 ...
2199 5738 32 26 7d
2247 5745 44 26 per
2302 5735 26 25 lb

1861 5779 70 34 Eggs
2000 5801 26 5 ...
2136 5799 25 4 ...
2201 5775 32 27 Od
2249 5782 46 27 per
2308 5771 47 28 doz
2422 5771 2 42 i

2458 227 153 40 Mount
2653 226 158 44 Benger
2856 220 114 38 Mail.

2514 338 117 26 FRIDAY,
2646 336 155 22 DECEMBER
2818 335 19 24 2,
2850 334 55 21 1898.

2595 424 62 20 JUST
2676 423 55 20 AND
2751 423 67 19 FEAR

2467 535 44 22 The
2522 535 57 22 Bank
2589 534 23 21 of
2624 533 52 22 New
2686 532 89 22 Zealand
2785 533 16 20 is
2810 532 75 26 issuing
2895 535 58 17 notee
2971 528 22 22 of

2440 580 12 13 a
2463 579 44 13 new
2518 571 78 25 design.

2467 609 44 21 The
2519 608 86 22 election
2616 607 22 21 of
2647 607 33 21 Mr
2688 607 24 21 C.
2724 606 24 22 C.
2761 605 89 22 Rawlins
2861 613 22 12 as
2905 603 90 22 member

2441 646 32 20 for
2481 644 97 26 Tuapeka
2587 644 17 20 is
2614 642 101 26 gazetted.

2466 684 43 22 The
2518 683 73 27 Upper
2600 681 77 23 Clatha
2687 682 27 21 A.
2723 680 40 22 and
2781 680 23 21 P.
2823 679 98 24 Society's
2939 677 56 21 show

2442 720 49 23 took
2500 719 57 29 place
2566 720 22 21 at
2596 717 110 24 Cromwell
2715 717 40 23 last
2764 716 75 27 Friday
2848 714 41 24 »ud
2908 720 41 15 was
2968 719 26 15 an

2442 756 125 29 unqualified
2577 762 85 16 success.

2467 795 136 27 Wednesday,
2624 794 61 26 hsing
2702 794 30 20 St.
2754 791 109 22 Andrew's
2881 790 53 26 Day,
2953 795 40 14 was

2443 830 97 23 observed
2554 837 21 14 as
2586 837 13 14 a
2607 829 83 24 holiday
2698 828 27 26 by
2733 828 37 21 the
2779 827 51 21 locil
2844 825 76 22 branch
2930 825 21 21 of
2961 824 35 22 the

2443 867 59 21 Bank
2512 866 21 22 of
2543 866 52 22 New
2605 864 99 22 Zealand.

2468 900 57 22 John
2533 899 75 27 Ryley,
2618 898 99 26 formerly
2725 896 82 26 trading
2817 903 21 14 as
2854 895 36 22 the
2910 894 44 22 firm
2977 893 21 21 of

2445 936 78 22 Robert
2540 934 108 22 Anderson
2666 933 41 22 And
2725 932 47 27 Co.,
2788 931 36 21 has
2850 929 92 23 received
2967 928 31 22 his

2444 970 103 25 discharge
2557 968 53 22 from
2620 966 137 28 bankruptcy.

2469 1008 98 26 Shearing
2590 1014 41 13 was
2652 1004 130 23 commenced
2802 1006 22 19 at
2850 1003 40 21 Mt.
2921 1002 77 25 Benger

2445 1046 80 21 Station
2535 1042 117 28 yesterday,
2661 1042 41 21 and
2713 1041 40 21 will
2762 1041 24 21 be
2803 1038 80 29 general
2900 1037 86 27 through-

2445 1082 37 19 out
2492 1079 36 21 the
2535 1079 80 21 district
2624 1077 74 26 during
2707 1075 118 23 December.

2470 1119 44 22 The
2528 1118 78 21 Millers
2621 1117 47 21 Flat
2684 1115 123 22 At'ienaeum
2827 1114 119 21 committee
2964 1119 34 14 are

2446 1155 74 25 having
2530 1161 54 13 some
2594 1159 45 14 new
2648 1158 84 18 sceoery
2742 1149 82 27 painted
2840 1149 27 26 by
2886 1148 35 21 the
2941 1155 57 13 scene

2447 1189 79 27 painter
2535 1186 21 22 of
2566 1187 36 21 the
2613 1185 91 21 Princess
2713 1184 95 25 Theatre,
2817 1182 104 22 Dunedin.

2473 1227 33 20 Mr
2525 1227 44 19 Jas.
2587 1224 87 21 Hazlett
2692 1223 36 20 has
2746 1223 50 19 been
2811 1220 110 27 appointed
2932 1226 55 18 repre-

2448 1261 102 19 feutative
2560 1258 21 20 of
2592 1258 35 19 the
2638 1255 113 25 Roxburgh
2770 1254 95 24 Borough
2879 1252 84 22 Couucil
2973 1259 25 13 on

2447 1293 36 21 the
2493 1291 77 23 United
2580 1291 66 25 Otago
2660 1287 96 28 Hospital
2772 1287 40 21 and
2828 1285 119 22 Charitable
2961 1284 37 21 Aid

2450 1328 71 20 Board.

2472 1366 43 21 The
2532 1365 65 26 prizes
2615 1364 32 20 for
2666 1363 35 21 the
2719 1363 46 26 past
2782 1368 49 19 year
2850 1367 44 13 won
2913 1359 27 26 by
2965 1359 35 20 the

2447 1399 88 21 scholars
2544 1397 22 22 of
2576 1398 31 21 St.
2617 1395 87 23 James's
2711 1395 83 22 Church
2803 1394 22 21 of
2834 1393 93 25 England
2947 1393 44 20 Sun

2447 1437 39 25 day
2492 1434 69 21 school
2571 1433 41 21 will
2622 1434 24 19 be
2656 1431 109 28 presented
2775 1432 51 19 next
2834 1429 84 25 Sunday
2937 1428 51 20 after-

2447 1474 22 19 at
2478 1472 12 21 2
2498 1465 83 26 o'cfock.

2474 1512 38 21 We
2521 1518 34 14 are
2564 1509 81 28 pleased
2656 1511 21 19 to
2688 1510 54 20 state
2753 1507 46 21 that
2811 1507 32 19 Mr
2861 1505 85 23 Haines,
2956 1504 45 20 who

2449 1548 36 20 has
2495 1547 50 21 been
2555 1552 49 19 veiy
2615 1544 21 22 ill
2654 1544 75 25 daring;
2740 1542 37 21 the
2796 1542 46 26 past
2861 1540 102 26 fortnight
2976 1545 24 14 or

2449 1590 21 14 so
2489 1582 51 22 with
2558 1589 12 14 a
2588 1587 70 15 severe
2677 1578 70 23 attack
2766 1577 21 21 of
2806 1576 98 28 pleurisy,
2923 1575 16 21 is
2958 1581 44 14 now

2449 1618 70 27 slowly
2529 1615 124 28 recovering.

2474 1662 66 21 There
2546 1667 40 14 was
2592 1659 59 27 quite
2657 1665 13 14 a
2675 1658 53 26 bevy
2735 1656 21 22 of
2761 1653 128 24 commercial
2896 1653 106 21 travellers

2451 1698 19 21 in
2481 1695 113 26 Roxburgh
2604 1694 117 27 yesterday,
2731 1692 60 21 there
2801 1691 60 25 being
2870 1696 27 14 no
2903 1688 39 21 less
2952 1688 50 20 than

2449 1734 31 20 six
2490 1731 170 27 representatives
2665 1729 21 22 of
2695 1728 97 22 different
2799 1726 56 21 firms
2867 1725 21 20 in
2898 1724 35 21 the
2949 1725 53 19 town

2449 1767 74 24 during
2533 1765 36 21 the
2577 1770 47 20 day.

2474 1803 45 21 The
2537 1801 98 26 marriage
2644 1799 22 21 of
2686 1799 49 21 Miss
2752 1796 63 22 Louie
2834 1794 89 24 Seddon,
2945 1792 56 22 third

2449 1839 102 26 daughter
2560 1838 22 21 of
2590 1838 37 21 the
2637 1835 98 24 Premier,
2746 1836 22 19 to
2782 1833 31 21 Dr
2822 1831 85 22 Charles
2919 1831 82 23 Morice,

2449 1875 22 20 of
2481 1872 135 27 Greymouth,
2627 1871 47 21 took
2684 1870 56 26 place
2752 1876 26 12 on
2790 1866 94 25 Tuesday
2894 1865 107 20 afternoon

2449 1913 22 18 at
2481 1909 134 25 Wellington.

2475 1946 33 21 Mr
2523 1946 25 20 R.
2568 1944 129 24 M'Coskery,
2716 1941 45 20 who
2780 1937 113 29 purchased
2919 1935 85 22 Jones's

2449 1981 75 27 coalpit
2542 1979 97 27 recently,
2661 1978 48 20 took
2729 1982 49 14 over
2797 1975 35 21 the
2851 1977 98 22 property
2980 1978 25 13 ou

2449 2017 103 26 Saturday
2569 2016 46 21 last.
2641 2014 44 22 The
2702 2019 44 15 new
2764 2010 126 28 proprietary
2909 2007 41 22 will
2983 2007 22 20 be

2449 2052 75 19 known
2533 2057 22 13 as
2564 2050 26 21 R.
2602 2048 120 23 M'Coskery
2731 2046 41 20 and
2788 2046 49 19 Son.

2476 2088 37 23 We
2522 2086 126 25 understand
2657 2086 48 22 that
2722 2085 36 22 the
2776 2083 93 22 business
2879 2081 21 21 of
2910 2081 35 21 the
2960 2079 44 22 late

2449 2125 70 20 James
2529 2123 93 26 Mackay,
2642 2122 73 20 known
2733 2126 23 14 as
2769 2118 86 25 M.»ck*y
2876 2118 65 23 Bros.,
2965 2115 36 20 has

2449 2158 51 21 been
2509 2158 94 27 disposed
2613 2157 21 20 of
2645 2160 22 17 to
2684 2163 12 13 a
2712 2154 97 22 Dunedin
2820 2152 126 27 gentleman,
2964 2150 40 20 hut

2449 2194 28 20 all
2499 2193 36 20 the
2555 2193 154 25 arrangements
2730 2190 53 20 have
2814 2190 37 18 not
2880 2191 36 22 yet
2949 2186 50 19 been

2449 2226 121 26 completed.

2475 2267 54 21 Nine
2550 2265 94 22 hundred
2660 2264 40 22 and
2719 2263 66 25 thirty
2804 2260 80 28 pounds
2905 2260 21 19 in
2947 2259 58 20 notes

2449 2300 134 28 disappeared
2606 2299 53 21 from
2666 2293 3 35 1
2679 2298 37 20 the
2738 2296 33 21 till
2790 2295 22 21 of
2830 2295 35 20 the
2892 2293 108 21 Newtown

2451 2334 75 22 branch
2535 2334 21 20 of
2566 2333 36 21 the
2612 2331 97 23 National
2726 2330 59 21 Bank
2803 2328 22 21 of
2844 2328 51 21 New
2914 2325 90 22 Zoalaud

2451 2371 91 21 between
2552 2369 23 22 12
2588 2368 41 23 and
2638 2368 13 21 2
2660 2374 50 21 p.m.
2721 2373 27 14 on
2759 2365 97 26 Monday.
2884 2363 45 21 The
2940 2361 65 21 whole

2449 2405 60 22 affair
2517 2405 18 21 is
2543 2412 12 14 a
2562 2406 99 25 mystery.

2477 2447 34 22 Mr
2519 2448 70 21 James
2599 2447 52 26 Roy,
2663 2452 61 19 senr.,
2736 2443 46 22 who
2796 2445 43 19 met
2851 2441 49 21 with
2910 2448 11 13 a
2931 2440 72 21 rather

2452 2487 59 24 nasty
2522 2480 93 25 accidlnt
2623 2482 62 21 while
2703 2480 84 26 putting
2808 2480 36 20 out
2862 2478 36 21 the
2917 2476 90 24 mooring

2453 2520 50 21 lines
2513 2516 23 23 of
2538 2517 6 10 l
2545 2518 36 21 the
2590 2516 122 23 Fndeavour
2721 2514 78 27 party's
2809 2512 77 26 dredge
2904 2518 12 12 a
2935 2509 73 21 month

2452 2562 44 19 ago,
2506 2554 17 22 is
2534 2561 44 14 now
2591 2552 47 23 able
2648 2554 21 20 to
2681 2552 34 24 get
2732 2549 64 23 about
2813 2548 32 22 his
2865 2546 58 23 usual
2941 2544 67 23 duties

2452 2591 67 26 again,
2531 2589 80 26 though
2622 2587 26 21 he
2657 2587 38 21 has
2703 2586 43 21 still
2756 2587 22 19 to
2787 2585 51 25 limp
2848 2591 12 12 a
2869 2582 62 21 little.

2479 2633 24 21 In
2514 2638 79 15 answer
2602 2632 21 20 to
2634 2629 36 22 the
2679 2627 111 23 reflation
2802 2625 72 29 passed
2883 2627 22 18 at
2916 2624 35 21 the
2969 2623 39 22 last

2453 2669 91 25 meeting
2550 2667 23 20 of
2582 2667 36 20 the
2631 2665 91 25 Railway
2738 2664 89 25 League,
2836 2662 40 20 and
2894 2659 114 22 forwarded

2454 2705 23 18 to
2487 2702 36 21 the
2533 2702 95 20 Minister
2637 2699 32 21 for
2679 2698 77 24 Lands,
2767 2697 72 25 asking
2851 2695 57 20 when
2919 2694 35 20 the
2963 2694 45 20 Moa

2456 2735 47 21 Flat
2514 2736 65 19 estate
2590 2732 68 22 would
2669 2732 24 20 be
2710 2730 101 21 available
2827 2729 33 20 for
2881 2727 126 24 settlement,

2453 2772 35 20 the
2500 2765 96 26 Minister
2605 2768 32 21 for
2654 2767 67 21 Latids
2741 2765 76 28 replied
2835 2772 25 12 on
2881 2761 127 27 Wednesday

2453 2807 47 20 that
2510 2805 28 21 he
2555 2811 41 13 was
2615 2802 119 27 expediting
2749 2801 85 20 matters
2853 2800 19 20 in
2891 2796 117 23 connection

2453 2841 49 21 with
2514 2841 45 20 Moa
2571 2840 45 21 Flat
2623 2846 22 13 as
2655 2837 60 22 much
2726 2845 21 12 as
2758 2835 93 26 possible.

2477 2882 45 22 The
2533 2883 50 21 Rev.
2594 2881 32 21 Mr
2635 2880 91 26 Joughin
2743 2876 96 23 returned
2859 2883 26 13 on
2905 2874 102 27 Saturday

2452 2918 39 22 last
2500 2918 53 22 from
2564 2918 35 21 the
2608 2915 74 22 annual
2694 2914 88 27 meeting
2802 2913 21 21 of
2843 2912 36 21 the
2900 2911 106 26 Wenleyan

2453 2954 71 26 Synod
2533 2953 49 21 held
2591 2953 20 19 in
2623 2950 95 22 Dunedin
2734 2949 40 20 last
2785 2948 63 20 week.
2876 2946 44 21 The
2936 2945 71 27 Synod

2452 2986 72 29 passed
2543 2993 11 14 a
2573 2983 185 24 recommendation
2788 2983 21 18 to
2832 2981 35 20 the
2927 2979 80 25 esleynn

2453 3021 125 22 Conference
2583 3021 23 19 to
2611 3021 60 24 grant
2677 3017 40 22 £SO
2727 3015 88 22 towards
2821 3015 35 20 the
2862 3014 73 21 circuit
2947 3013 60 20 funds

2453 3068 21 15 m
2483 3061 36 21 the
2529 3057 113 27 Roxburgh
2651 3056 78 22 circuit.

2477 3103 23 21 It
2517 3102 18 22 is
2552 3101 70 26 report
2634 3099 14 22 d
2666 3099 46 21 that
2731 3098 32 21 Mr
2783 3097 42 20 Jno
2852 3094 107 25 Roughan.
2985 3093 21 21 of

2453 3138 78 21 Millers
2541 3137 55 24 Flat,
2606 3135 37 21 has
2653 3133 113 28 purchased
2777 3133 36 19 the
2824 3131 45 21 Moa
2881 3130 47 20 Flat
2946 3129 60 20 Hotel

2452 3172 53 21 from
2515 3171 31 21 Mr
2554 3170 43 21 Jas.
2608 3167 101 26 Crowley,
2722 3166 45 21 who
2777 3165 17 21 is
2873 3166 20 17 to
2913 3166 48 16 turn
2977 3161 31 21 his

2452 3204 102 23 attention
2564 3207 22 18 to
2603 3202 85 25 mining.
2714 3200 65 22 There
2799 3199 17 21 is
2835 3198 42 21 also
2896 3204 13 14 a
2924 3202 84 15 rumour

2453 3240 46 21 that
2510 3240 32 20 Mr
2550 3240 24 21 T.
2585 3238 80 25 Sheehy
2675 3238 50 26 jnr.,
2737 3239 16 19 is
2772 3239 60 26 going
2961 3239 47 14 oTer

2453 3274 35 21 the
2499 3272 62 23 Ferry
2574 3272 71 26 Hotel,
2656 3272 77 21 Millers
2744 3272 53 21 Flat.

2478 3316 20 21 A
2508 3316 105 21 Victorian
2627 3315 158 27 correspondent
2794 3316 68 20 writes
2872 3323 24 13 us
2907 3315 47 21 that
2972 3315 35 21 the

2451 3360 59 19 crops
2521 3353 19 19 in
2550 3352 36 20 the
2597 3351 74 21 Mallee
2680 3351 89 26 district,
2780 3351 100 25 Victoria,
2891 3359 36 13 are
2933 3352 74 20 almost

2451 3395 12 14 a
2472 3388 102 26 cohiplete
2581 3388 74 20 failure
2665 3387 41 20 this
2715 3395 55 18 year.
2799 3388 61 25 Many
2871 3387 86 21 farmers
2968 3387 39 20 will

2452 3426 37 18 not
2498 3423 47 21 take
2555 3430 11 13 a
2575 3422 73 21 bushel
2658 3423 30 20 off
2697 3422 36 21 the
2742 3422 66 21 whole
2823 3422 22 20 of
2863 3422 55 21 their
2938 3422 69 26 farms,

2453 3457 59 21 while
2532 3457 70 21 others
2624 3456 41 22 will
2682 3458 35 25 get
2735 3456 48 27 only
2802 3456 53 21 from
2874 3463 38 13 one
2931 3457 23 19 to
2978 3456 29 20 six

2452 3492 82 22 bushels
2554 3499 36 20 per
2609 3499 53 15 acre.
2689 3492 83 21 Several
2793 3492 63 21 farms
2883 3492 46 20 that
2956 3492 51 20 have

2451 3526 92 21 hitherto
2552 3526 82 26 yielded
2644 3525 53 26 gocd
2710 3532 59 19 crops
2789 3525 90 21 without
2898 3524 109 27 exception

2451 3559 42 21 will
2501 3559 41 22 this
2552 3566 48 17 year
2608 3558 55 27 yield
2674 3558 85 24 nothing
2769 3560 22 19 at
2800 3558 37 22 all.

2475 3602 61 20 Some
2545 3600 23 21 of
2577 3600 36 21 the
2623 3603 59 18 turns
2691 3607 25 14 on
2732 3600 36 21 the
2787 3600 54 21 main
2851 3600 49 21 road
2910 3600 33 20 bet
2947 3607 57 14 ween

2451 3633 49 22 Coal
2510 3633 66 22 Creek
2586 3633 40 21 and
2644 3633 85 26 Shingle
2744 3633 66 21 Creek
2828 3640 35 13 are
2882 3633 123 26 admittedly

2451 3669 114 26 dangerous
2595 3676 27 14 on
2655 3671 87 19 account
2767 3669 22 20 of
2811 3668 55 21 their
2888 3669 116 25 sharpness.

2454 3704 124 27 Waggoners
2587 3704 40 21 and
2637 3703 70 22 others
2722 3704 60 26 using
2799 3703 37 22 the
2853 3703 49 21 road
2922 3703 41 21 will
2982 3703 23 21 be

2451 3738 45 27 glad
2513 3741 22 19 to
2555 3738 56 22 learn
2630 3738 48 22 that
2696 3738 36 22 the
2745 3739 84 26 County
2846 3738 108 26 Inspector
2971 3737 34 22 has

2451 3774 156 21 recommended
2618 3774 47 21 that
2674 3774 40 21 five
2722 3774 60 21 small
2791 3773 64 21 bends
2865 3773 24 20 be
2896 3773 61 21 taken
2968 3774 29 19 off

2451 3809 68 21 When
2536 3809 43 21 this
2597 3809 186 21 recommendation
2802 3809 16 20 is
2836 3808 77 21 carried
2931 3810 38 19 out
2989 3809 16 19 it

2450 3844 74 21 ahould
2546 3844 53 20 have
2616 3844 37 20 the
2677 3844 63 20 effect
2757 3843 22 21 of
2797 3843 83 25 making
2898 3843 35 20 the
2952 3843 49 20 road

2451 3880 62 21 much
2527 3879 63 22 safer.

2477 3919 94 26 Progress
2582 3919 16 21 is
2614 3918 60 27 being
2693 3917 59 22 made
2771 3917 50 21 with
2839 3917 37 21 the
2895 3917 110 26 travelling

2450 3954 92 19 contract
2551 3959 25 14 on
2587 3952 36 21 the
2632 3951 54 22 main
2697 3951 48 22 road
2759 3952 53 21 from
2831 3950 49 22 Coal
2899 3950 65 22 Creole
2975 3957 28 18 up

2451 3988 89 21 towards
2559 3987 79 22 Allan's
2654 3987 53 22 Hill.
2735 3987 94 21 Another
2838 3989 93 19 contract
2948 3992 43 14 com-

2452 4029 79 14 mences
2542 4023 22 19 *t
2575 4022 79 21 Allan's
2674 4021 43 22 Hill
2734 4021 134 27 downwards,
2887 4020 39 22 and
2947 4020 57 21 when

2451 4056 85 21 finished
2549 4055 35 22 the
2594 4056 48 21 road
2652 4056 40 21 will
2712 4056 25 21 b«
2745 4055 103 26 gravelled
2859 4055 52 21 from
2927 4053 77 22 Allan's

2453 4089 43 21 Hill
2507 4091 23 18 to
2539 4089 49 21 Coal
2598 4089 73 22 Creek.
2698 4088 90 22 Tenders
2807 4088 41 21 will
2863 4087 98 27 prohahly
2981 4087 24 21 be

2451 4124 63 21 called
2526 4124 79 26 shortly
2616 4124 32 21 for
2657 4124 113 26 gravelling
2778 4124 44 21 halt
2839 4131 12 14 a
2871 4123 48 22 milo
2938 4123 21 21 of
2970 4123 35 20 the

2450 4159 50 22 Coal
2510 4160 66 22 Creek
2587 4159 57 28 road,
2661 4159 52 22 from
2723 4159 73 22 Snell's
2806 4161 47 25 gate
2862 4160 22 20 to
2904 4157 99 23 Michell't

2451 4195 54 23 lane.
2533 4196 68 20 When
2625 4195 58 21 these
2698 4195 66 21 works
2784 4201 34 14 are
2835 4194 114 27 completed
2968 4201 37 14 our

2452 4230 53 21 main
2516 4230 50 22 road
2578 4230 41 21 will
2630 4230 25 21 be
2664 4229 78 27 greatly
2753 4230 113 27 improved.

2476 4271 43 21 The
2537 4270 74 22 annual
2631 4271 66 26 picnic
2714 4271 21 21 in
2758 4271 120 21 connection
2899 4270 50 21 with
2970 4270 34 21 the

2451 4305 83 22 Church
2543 4305 23 21 of
2575 4305 94 26 England
2681 4305 84 26 Sunday
2775 4305 74 21 School
2865 4312 39 14 was
2920 4305 48 21 held
2984 4305 20 21 in

2451 4340 35 20 the
2509 4340 67 20 school
2594 4340 109 26 yesterday
2722 4340 115 26 afternooD,
2856 4340 40 21 and
2917 4340 33 19 for
2968 4340 35 19 the

2451 4372 56 21 third
2520 4379 23 14 or
2552 4371 73 22 fourth
2635 4379 48 19 year
2700 4373 21 20 in
2740 4372 113 21 succession
2868 4371 36 21 the
2916 4371 89 21 weather

2451 4411 40 14 was
2498 4405 63 26 damp
2569 4405 40 22 and
2617 4404 154 22 unfavourable.
2798 4405 44 21 The
2851 4406 153 24 arrangements

2451 4444 52 15 were
2513 4438 77 21 carried
2606 4439 38 20 out
2656 4437 27 27 by
2694 4437 36 22 the
2748 4438 100 26 teachers,
2868 4437 42 21 Mrs
2928 4436 76 21 Haines

2449 4471 41 22 and
2501 4472 37 21 the
2548 4472 71 21 Misses
2633 4472 88 27 Burton,
2738 4471 101 26 Beigbton
2849 4471 39 22 and
2904 4470 97 27 Bidgood,

2453 4506 44 20 who
2508 4513 52 14 were
2570 4506 47 27 ably
2628 4506 86 21 assisted
2723 4506 27 26 by
2765 4506 43 21 Mrs
2818 4506 73 21 Mullin
2902 4505 40 21 and
2955 4505 48 20 Miss

2449 4541 27 22 L.
2488 4540 109 27 Beighton.
2625 4541 19 21 A
2655 4540 86 23 number
2750 4540 21 22 of
2896 4540 32 22 for
2937 4540 66 21 which

2449 4577 67 27 priz:*
2526 4584 52 14 were
2588 4579 22 20 to
2623 4577 25 21 be
2657 4577 67 27 given,
2733 4576 36 22 did
2785 4578 37 19 not
2831 4584 57 13 come
2897 4577 29 20 off
2935 4576 67 25 owing

2449 4614 23 18 to
2491 4611 35 21 the
2540 4612 52 21 rain.
2619 4611 104 22 Different
2736 4618 67 19 games
2823 4611 88 21 suitable
2927 4612 22 19 to
2966 4610 36 20 the

2450 4645 92 21 occasion
2553 4652 52 14 were
2613 4644 65 27 freely
2688 4644 97 27 indulged
2797 4645 28 26 in,
2836 4644 40 21 and
2885 4644 73 25 during
2966 4643 36 21 the

2450 4679 108 20 afternoon
2583 4679 147 20 refreshments
2752 4685 53 13 were
2824 4677 78 21 handed
2924 4676 73 26 round,

2451 4712 66 21 whieh
2528 4719 52 14 were
2589 4712 80 26 greatly
2677 4711 137 27 appreciated.

2474 4759 33 20 Mr
2523 4759 55 21 John
2597 4758 95 26 Loveday
2710 4758 21 21 of
2747 4759 35 20 the
2809 4757 55 21 Bulli
2885 4757 117 21 Mountains

2448 4794 97 26 N.S.W.,
2556 4794 45 20 who
2610 4794 90 20 suffered
2710 4793 31 20 for
2751 4794 46 19 four
2806 4800 58 18 years
2874 4792 49 21 with
2942 4796 61 17 acute

2446 4829 78 27 gravel,
2531 4829 68 22 writes
2606 4831 21 20 to
2634 4829 35 22 the
2911 4828 50 22 N.S.
2966 4827 33 23 W.

2447 4862 47 21 that
2503 4863 25 20 he
2537 4863 39 20 had
2587 4864 50 19 been
2646 4862 123 26 completely
2778 4862 60 19 cured
2853 4862 22 20 of
2895 4863 29 19 his
2942 4869 42 12 com-

2447 4895 65 26 plaint
2519 4895 26 27 by
2552 4895 35 21 the
2593 4895 88 21 internal
2694 4902 36 14 use
2741 4894 22 20 of
2777 4893 116 22 SANDER
2924 4894 75 21 SONS'

2446 4930 159 22 EUCALYPTI
2621 4929 136 23 EXTRACT.
2787 4929 31 20 He
2827 4929 43 21 also
2880 4932 63 18 states
2951 4929 48 21 thut

2446 4965 26 22 he
2481 4966 36 21 hag
2526 4966 64 21 found
2601 4966 35 21 the
2646 4966 85 21 Extract
2745 4964 86 26 (Sander
2848 4965 42 21 and
2908 4966 60 23 Suns)
2985 4971 12 13 a

2446 5009 47 14 cure
2513 5002 31 21 for
2568 5002 133 21 rheumatism
2726 5000 40 21 and
2789 5001 90 20 remarks
2905 5001 46 20 that
2978 5001 20 19 iu

2444 5038 117 26 publishing
2570 5038 57 20 these
2636 5038 52 20 facts
2698 5037 26 20 he
2733 5036 20 28 ha
2763 5036 10 28 3
2783 5036 21 28 no
2820 5036 60 21 other
2897 5036 67 26 object
2976 5036 20 20 iu

2446 5072 50 20 view
2516 5072 48 20 than
2582 5079 12 13 a
2611 5079 51 19 pure
2679 5071 66 21 desire
2763 5072 22 18 to
2803 5069 76 22 benefit
2897 5070 101 25 suJfering

2444 5107 117 28 humanity.
2590 5108 36 22 Dr.
2639 5107 31 21 W.
2682 5105 98 27 Osborne,
2790 5105 143 27 Cottageville,
2954 5105 41 26 Ky,

2446 5144 69 20 writes
2582 5150 36 14 use
2632 5141 115 22 SANDER
2764 5141 17 20 &
2798 5141 76 21 SONS'
2890 5140 88 21 EUCAL-

2446 5177 63 22 YPTI
2519 5177 130 22 EXTRACT
2657 5183 22 14 as
2687 5183 13 13 a
2708 5182 61 20 spray
2782 5175 33 21 for
2829 5175 55 21 nasal
2903 5175 89 24 catarrh,

2444 5213 40 21 low
2493 5212 65 26 fever,
2567 5212 90 24 asthma,
2668 5212 49 24 etc.,
2735 5210 51 21 with
2805 5213 57 23 great
2871 5215 85 15 success.
2985 5209 10 19 I

2446 5245 42 22 find
2502 5245 41 21 this
2558 5243 129 29 preparation
2705 5243 92 27 superior
2817 5245 21 19 to
2856 5242 28 21 all

2447 5281 37 21 Dr.
2496 5282 26 19 A.
2532 5281 123 25 Bruegman,
2673 5278 109 26 Hartwell,
2803 5278 63 26 Nebr,
2888 5284 62 19 says-
2985 5276 10 21 I

2444 5315 52 21 have
2509 5314 50 22 used
2572 5313 117 22 SANDER
2705 5314 18 19 &
2740 5313 75 21 SONS'
2833 5311 161 22 EUCALYPTI

2445 5347 127 22 EXTRACT
2580 5347 21 22 in
2611 5346 122 27 pneumonia
2742 5346 39 21 and
2790 5346 99 26 incipient
2901 5344 89 26 phthisis
3004 5344 1 29 j

2442 5382 41 21 and
2491 5382 52 21 have
2552 5382 42 20 met
2604 5380 51 22 with
2662 5380 35 21 the
2710 5386 53 15 most
2781 5380 68 26 happy
2868 5378 82 22 result*.
2979 5377 10 22 I

2442 5415 51 21 have
2503 5415 100 23 practised
2612 5421 48 13 over
2669 5414 126 25 thirty-four
2801 5420 64 18 years,
2876 5413 40 20 and
2929 5413 9 20 I
2952 5419 37 14 can

2441 5447 94 26 candidly
2544 5453 36 20 say
2680 5445 136 22 SANDER'S
2825 5445 134 22 EXTRACT
2975 5446 16 21 is

2440 5487 38 15 one
2487 5480 23 21 of
2519 5480 35 21 the
2563 5479 95 27 grandest
2668 5480 140 26 preparations
2818 5479 9 21 I
2838 5486 47 14 ever
2902 5479 90 22 chanced

2440 5518 22 17 to
2581 5516 37 19 Dr.
2634 5514 67 26 Stahl,
2721 5514 97 26 Guthrie,
2837 5515 41 25 Olc,
2900 5518 67 16 writes

2441 5549 10 21 I
2462 5549 51 21 have
2522 5549 48 21 used
2580 5549 81 20 various
2670 5550 140 25 preparations
2817 5549 22 21 of
2853 5549 136 25 Eucalyptus,

2439 5585 37 20 but
2487 5584 8 20 I
2505 5587 35 23 get
2550 5585 67 19 better
2626 5583 74 21 results
2707 5584 52 20 from
2769 5584 114 21 SANDER
2890 5585 15 19 &
2913 5584 78 20 SONS'

2440 5618 157 22 EUCALYPTI
2608 5617 130 21 EXTRACT
2748 5619 48 20 than
2809 5619 52 20 from
2871 5626 40 19 any
2921 5619 69 21 other.

2437 5646 64 21 These
2510 5645 40 22 and
2559 5645 77 21 similar
2644 5645 136 21 testimonials
2801 5652 61 19 prove
2882 5646 96 27 indisput-

2437 5679 46 26 ably
2493 5680 37 21 the
2537 5679 123 26 superiority
2671 5678 22 21 of
2702 5678 116 21 SANDER
2834 5679 58 20 AND
2912 5680 70 20 SON'S

2438 5713 158 23 EUCALYPTI
2607 5713 130 21 EXTRACT
2745 5720 48 13 over
2808 5720 39 19 any
2864 5714 67 26 other,
2948 5714 40 21 and

2437 5756 28 13 we
2477 5751 81 24 suggest
2568 5752 21 17 to
2597 5749 35 21 the
2643 5747 68 28 public
2719 5749 23 20 to
2751 5748 47 21 take
2808 5754 44 14 care
2863 5751 21 17 to
2891 5753 35 20 get
2945 5749 42 19 it—
3004 5747 1 30 |

2437 5783 117 28 ZANDER
2563 5783 17 22 k
2594 5783 84 22 SONS.

3049 196 45 22 The
3104 197 90 22 weather
3202 197 53 22 frotn
3265 197 83 27 Sunday
3359 200 22 19 to
3394 196 130 28 Wednendtfy
3539 202 31 15 wa

3022 231 35 21 the
3068 233 53 19 most
3134 231 118 22 favourable
3261 238 30 14 we
3302 232 52 21 hare
3363 234 37 22 yet
3410 232 40 20 had
3457 231 34 21 for
3509 231 56 26 ripen-

3022 268 35 26 ing
3066 267 36 22 the
3109 267 58 26 frott,
3174 266 41 23 hat
3223 267 128 28 yesterday*
3359 266 98 27 drilling
3466 266 44 21 rain
3519 272 43 15 com-

3022 301 84 21 menced
3116 301 73 26 falling
3197 301 20 21 in
3228 301 36 21 the
3271 306 101 20 morning,
3384 300 104 26 becoming
3495 299 81 21 heavier

3023 336 20 21 in
3054 336 35 21 the
3099 336 113 22 afternoon.

3048 375 68 21 Miller
3125 376 40 21 and
3175 376 68 25 Dorn,
3262 374 90 26 drapers,
3372 374 114 25 Lawrence,
3504 372 67 27 notify

3022 407 47 21 tliat
3078 408 54 22 their
3143 407 161 28 representative
3314 407 41 26 (Mr
3369 405 65 27 Uren)
3452 405 40 22 will
3511 405 25 21 be
3556 406 20 22 in

3024 444 110 26 Roxburgh
3146 444 49 21 next
3205 442 64 28 week,
3277 442 64 22 about
3351 442 35 21 the
3396 441 37 22 7th
3447 441 57 27 inst.,
3516 440 60 23 when

3022 480 26 21 he
3061 479 41 22 will
3111 480 48 20 wait
3168 486 25 14 on
3204 480 112 21 customers
3325 477 49 22 with
3390 484 12 14 a
3417 477 68 21 choice
3504 478 32 20 set
3555 477 22 21 of

3024 516 99 27 patterns.

3048 554 43 21 The
3101 554 54 22 Hon.
3167 553 34 22 W.
3214 552 85 23 Downie
3307 552 96 24 Stewart,
3422 550 92 26 M.L.C.,
3530 550 47 22 died

3023 590 22 20 at
3052 589 32 22 his
3094 589 109 25 residence,
3214 587 104 24 Dunedin,
3329 593 26 14 on
3362 586 74 22 Friday
3447 585 40 21 last
3503 587 22 19 at
3543 585 36 22 the

3024 629 36 20 age
3069 623 21 20 of
3099 621 31 23 57.
3158 621 101 22 Deceased
3270 627 40 14 was
3320 627 10 13 a
3338 620 67 21 clever
3412 620 77 26 lawyer
3494 619 41 22 and
3544 618 35 22 the

3025 658 64 21 senior
3101 657 90 21 member
3196 656 23 21 of
3228 656 36 21 the
3283 655 113 27 profession
3412 656 21 21 in
3446 656 74 25 Otago,
3539 653 40 22 and

3025 691 21 21 in
3056 691 79 26 politics
3145 690 25 22 he
3181 696 40 15 was
3229 696 13 14 a
3260 689 124 27 thoroughly
3403 689 69 22 useful
3491 687 90 23 member

3026 727 21 22 of
3056 726 35 23 the
3101 727 132 26 Legislature.

3051 764 116 26 Inspectors
3189 764 72 24 Goyen
3283 762 41 21 and
3348 762 127 20 Richardson
3506 760 72 26 passed

3027 797 88 28 through
3135 797 112 26 Roxburgh
3266 804 26 14 on
3313 796 89 25 Monday
3420 796 86 26 evening
3523 795 54 21 from

3027 839 28 19 up
3066 834 95 24 country,
3177 830 65 22 where
3253 830 48 26 they
3318 830 52 21 have
3387 830 49 21 b-jen
3457 829 74 26 during
3547 828 34 21 the

3028 866 39 21 last
3076 866 101 26 fortnight
3184 873 26 14 on
3221 866 55 21 their
3285 865 77 22 annual
3372 867 47 19 tour
3429 864 21 22 of
3460 863 121 28 inspection.

3028 902 56 26 They
3101 901 107 22 examined
3227 901 36 21 the
3282 901 52 20 Raes
3350 900 101 21 Junction
3468 899 69 21 school
3555 906 26 14 on

3027 938 101 26 Tuusday.

3041 989 44 21 The
3092 988 107 27 privileges
3208 988 21 20 in
3240 987 118 21 connection
3370 986 49 21 with
3428 986 36 21 the
3474 988 67 23 sports
3550 992 27 14 on

3028 1025 79 26 Boxing
3125 1025 44 26 Day
3188 1023 41 23 and
3247 1023 35 22 the
3297 1022 86 27 Cycling
3401 1022 70 22 Club's
3490 1028 91 15 summer

3028 1060 88 21 carnival
3126 1066 25 14 on
3162 1060 50 20 New
3223 1058 70 21 Year's
3303 1058 110 26 Day—via,
3426 1057 101 21 luncheon
3537 1056 43 21 and

3028 1096 135 21 refreshment
3174 1094 72 21 booths
3255 1094 40 21 and
3305 1093 51 21 fruit
3365 1093 49 20 stall
3428 1093 52 20 -will
3494 1092 25 21 be
3534 1091 44 22 sold

3028 1132 26 26 by
3064 1131 68 26 public
3139 1129 82 22 auction
3229 1130 25 22 by
3262 1129 32 21 Mr
3304 1129 78 21 Burtou
3393 1131 21 18 at
3424 1128 32 21 his
3465 1134 68 14 rooms
3551 1134 26 14 on

3029 1166 127 26 Wednesday
3166 1167 56 25 next,
3233 1166 22 19 at
3262 1165 12 21 3
3281 1170 51 21 p.m.

3054 1211 32 19 Mr
3095 1210 80 20 Justice
3184 1209 137 21 Pennefather
3331 1207 38 21 has
3377 1207 54 21 fixed
3441 1207 35 20 the
3491 1207 26 20 da
3520 1208 19 19 be
3558 1205 22 21 of

3028 1246 36 21 the
3073 1252 52 19 case,
3137 1244 84 21 Murrell
3231 1242 134 26 (Cromwell),
3383 1249 20 15 v.
3414 1242 92 21 Gilkison
3525 1242 46 25 (pro-

3028 1279 78 26 prietor
3115 1277 21 21 of
3146 1277 35 21 the
3191 1277 14 9 41
3215 1277 94 21 Dunstan
3321 1275 68 22 Times
3429 1275 32 21 for
3471 1274 112 22 Deoember

3028 1313 44 23 9ib,
3080 1313 20 20 in
3111 1312 37 20 the
3157 1311 99 26 Supreme
3273 1310 71 21 Court.
3372 1309 49 21 This
3436 1309 17 21 is
3471 1317 11 12 a
3501 1316 45 13 case
3562 1309 21 20 of

3028 1343 78 27 alleged
3116 1343 55 24 libel,
3183 1343 89 25 brought
3281 1343 26 25 by
3320 1341 85 21 Murrell
3415 1348 26 13 on
3457 1343 87 18 account
3562 1340 21 21 of

3029 1385 55 14 some
3096 1376 113 21 comments
3217 1376 59 21 made
3284 1375 20 22 in
3315 1374 36 23 the
3388 1374 94 21 Diinstan
3492 1374 68 21 Times

3029 1411 26 26 by
3065 1411 27 21 its
3111 1409 109 23 Cromwell
3238 1408 159 27 correspondent
3414 1414 26 14 on
3457 1415 24 13 an
3500 1406 79 26 alleged

3031 1445 88 26 meeting
3128 1444 22 21 of
3168 1444 36 21 the
3223 1443 109 22 Cromwell
3351 1442 97 27 Hospital
3466 1441 75 27 Board,
3562 1441 21 21 of

3031 1479 65 21 which
3108 1478 85 22 Murrell
3204 1479 17 20 is
3232 1478 110 22 chairman.

3056 1524 43 21 The
3108 1524 114 20 Christmas
3232 1522 87 21 Dumber
3334 1521 23 21 of
3375 1522 36 20 the
3452 1519 131 26 Canterbury

3031 1556 87 23 Time*''
3131 1556 67 22 issued
3209 1558 23 19 to
3242 1555 36 22 the
3288 1555 69 28 public
3365 1562 26 14 on
3402 1553 49 23 23rd
3462 1552 123 26 November,

3031 1592 47 21 Uas
3090 1590 70 27 bright
3169 1590 40 21 and
3218 1590 109 21 attractive
3337 1596 21 14 as
3365 1588 67 21 usual.
3459 1585 33 23 No
3503 1585 80 22 trouble

3031 1627 37 20 has
3075 1626 53 21 been
3148 1625 73 28 spared
3239 1627 22 19 to
3275 1625 98 21 maintain
3384 1623 36 22 the
3430 1623 48 26 high
3490 1621 96 21 standard

3032 1662 22 20 of
3069 1661 114 21 excellence
3202 1660 96 21 achieved
3317 1661 20 20 in
3356 1659 76 21 former
3447 1665 66 19 years.
3540 1656 43 21 Thi

3318 1696 7 20 i
3327 1697 8 9 A
3346 1695 30 21 elf
3402 1701 86 19 appears
3513 1693 22 20 in
3559 1699 26 14 an

3033 1731 120 26 artistically
3174 1731 96 26 designed
3292 1738 68 18 cover,
3384 1729 40 21 and
3449 1727 92 23 contains
3572 1733 13 14 a

3033 1767 87 20 number
3132 1766 21 20 of
3169 1765 57 20 short
3244 1766 72 20 stories
3333 1766 27 24 by
3379 1771 56 14 some
3453 1763 22 21 of
3490 1763 37 20 the
3542 1762 46 21 best

3035 1800 72 20 known
3126 1798 85 22 modern
3227 1798 92 22 authors.
3346 1797 43 22 The
3402 1795 95 29 pictorial
3506 1794 71 28 supple-

3035 1836 57 20 ment
3106 1835 17 20 is
3143 1833 78 27 replete
3231 1834 50 20 with
3292 1841 12 13 a
3313 1834 55 25 large
3379 1833 40 21 and
3429 1831 70 22 varied
3507 1832 68 20 assort-

3035 1870 58 18 ment
3101 1868 23 19 ef
3132 1867 102 26 exquisite
3244 1864 172 26 illustrations,all
3423 1865 22 21 of
3453 1864 65 21 which
3529 1863 54 21 refer

3036 1903 21 19 to
3069 1900 49 22 Netf
3136 1899 90 23 Zetland
3244 1906 92 20 scenery,
3354 1898 40 22 and
3412 1898 37 22 the
3465 1896 123 27 descriptive

3037 1936 118 27 lotterpress
3167 1936 17 21 is
3196 1935 49 22 both
3260 1935 121 27 interesting
3397 1934 41 21 and
3457 1932 128 23 instructive.

3035 1972 44 20 The
3089 1971 55 26 price
3154 1970 22 21 of
3186 1969 37 22 the
3231 1969 94 27 number,
3336 1969 66 22 which
3411 1969 17 21 is
3437 1967 69 23 issued
3517 1967 21 21 ia
3548 1968 40 20 two

3037 2009 64 25 parts,
3111 2006 17 21 ia
3133 2005 52 28 'only
3196 2006 102 26 sixpence.

3167 2098 171 51 Wedding
3364 2097 99 43 Bells.

3064 2198 56 28 'An
3146 2195 165 38 interesting
3336 2198 82 24 event
3440 2204 56 18 was
3521 2192 57 29 cele-

3039 2237 97 30 brated
3150 2237 27 28 in
3193 2235 42 30 St.
3248 2234 119 30 James's
3386 2234 120 35 Church,
3520 2232 54 29 Rox-

3040 2279 100 36 burgh,
3149 2275 145 40 yesterday
3304 2274 137 40 morning,
3452 2274 79 28 when
3545 2273 44 28 Mr

3041 2317 147 30 Frederick
3208 2316 112 38 Jeffery,
3334 2315 89 29 eldest
3441 2324 48 19 son
3505 2314 29 28 of
3548 2313 44 28 Mr

3040 2360 32 29 G.
3084 2359 114 37 Jeffery,
3213 2357 29 29 of
3255 2356 157 36 Lawrence,
3425 2365 56 18 was
3495 2353 96 30 united

3039 2401 25 27 in
3081 2400 46 28 the
3151 2398 88 29 bonds
3252 2397 30 29 of
3303 2397 164 36 matrimony
3480 2399 29 26 to
3523 2395 69 28 Miss

3039 2439 148 39 Beighton,
3211 2437 89 29 eldest
3325 2436 138 39 daughter
3487 2435 30 29 of
3543 2435 47 28 the

3038 2482 54 26 hire
3111 2479 74 29 John
3209 2478 147 37 Beighton,
3376 2477 29 28 of
3426 2475 162 37 Koxburgh.

3038 2521 58 28 The
3123 2519 67 29 Rev.
3218 2517 45 30 W.
3291 2517 37 30 H.
3358 2517 126 36 Browne,
3512 2515 80 37 vicar,

3037 2561 154 30 conducted
3217 2561 47 27 the
3288 2569 156 27 ceremony,
3464 2557 53 29 and
3544 2557 46 27 the

3037 2602 104 30 service
3152 2611 54 19 was
3217 2611 16 18 a
3246 2599 90 30 choral
3351 2609 61 25 one,
3428 2598 45 29 Mr
3487 2597 103 29 Burton

3037 2642 151 37 officiating
3199 2646 29 24 at
3238 2641 47 28 the
3294 2650 96 28 organ.
3412 2639 58 28 The
3478 2637 110 33 church,

3039 2682 87 29 which
3140 2693 54 16 was
3208 2680 135 34 crowded,
3355 2689 53 18 was
3421 2689 63 25 very
3499 2677 88 36 nicely

3037 2721 145 30 decorated
3197 2722 43 27 for
3258 2721 45 28 the
3316 2719 132 29 occasion.
3489 2717 98 37 Owing

3038 2769 27 23 to
3079 2764 47 27 the
3139 2761 134 29 intention
3287 2760 30 28 of
3330 2760 46 28 the
3388 2759 90 37 happy
3490 2757 96 38 couple

3038 2809 28 24 to
3089 2804 75 27 leave
3186 2802 43 28 for
3249 2801 146 28 Lawrence
3419 2810 33 17 en
3471 2800 74 27 route
3559 2802 28 23 to

3037 2844 71 28 their
3110 2865 5 11 y
3126 2843 93 28 future
3327 2845 28 24 at
3374 2839 162 35 Dauevirke,
3550 2837 36 29 N.

3037 2884 102 35 Island,
3153 2881 185 38 immediately
3351 2882 72 28 after
3445 2881 46 28 the
3513 2889 59 20 cere-

3037 2936 90 27 mony,
3143 2924 45 28 the
3203 2923 134 38 marriage
3357 2921 65 30 took
3436 2921 77 38 place
3527 2924 29 24 at
3570 2920 15 28 8

3036 2976 63 18 a.m.
3138 2964 59 28 The
3218 2963 77 29 bride
3316 2973 53 17 was
3390 2971 64 28 very
3476 2960 109 39 piettily

3037 3004 110 29 dressed
3164 3005 27 27 in
3212 3015 16 17 a
3249 3003 147 37 travelling
3418 3007 123 23 costume
3560 3000 28 28 of

3037 3046 71 37 light
3128 3055 84 27 green
3235 3043 53 29 silk
3308 3053 58 27 rep,
3381 3041 126 29 trimmed
3521 3040 64 27 with

3035 3095 90 19 cream
3159 3084 57 29 lace
3241 3083 53 29 and
3328 3092 84 29 green
3437 3092 64 18 sura
3525 3080 61 30 silk.

3045 3126 49 27 The
3122 3124 189 34 bridesmaids,
3328 3123 96 28 Misses
3450 3121 60 29 Ada
3533 3120 52 29 and

3040 3165 88 29 Lottie
3160 3165 147 38 Beighton,
3329 3173 68 19 were
3423 3161 111 29 dressed
3559 3161 26 28 in

3037 3211 92 33 pretty
3139 3217 71 26 navy
3222 3206 63 27 blue
3295 3204 154 37 bengoline,
3461 3202 125 28 trimmed

3040 3246 63 28 with
3129 3256 90 20 cream
3244 3244 139 35 insertion,
3403 3243 102 28 chiffon
3532 3241 53 28 and

3039 3297 69 27 navy
3135 3286 64 29 blue
3224 3286 109 34 ribbon,
3352 3284 83 28 white
3459 3281 127 31 trimmed

3038 3327 80 29 sailor
3132 3327 61 29 hats
3207 3324 167 39 completing
3384 3324 47 29 the
3439 3328 145 25 costumes.

3041 3368 43 28 Mr
3097 3367 32 30 E.
3140 3367 95 36 Falck,
3251 3365 135 33 Dunedin,
3395 3375 56 19 was
3463 3373 106 29 grooms-

3040 3419 70 24 man,
3124 3408 53 29 and
3191 3408 47 28 the
3256 3406 78 30 bride
3348 3415 52 18 was
3416 3404 82 39 given
3512 3414 73 27 away

3039 3450 36 36 by
3090 3449 47 29 her
3162 3448 172 39 step-father,
3356 3444 44 30 Mr
3423 3444 32 31 C.
3471 3444 114 39 Cooper.

3039 3490 87 29 There
3140 3500 53 18 was
3206 3501 17 17 a
3235 3490 75 36 large
3324 3487 116 29 number
3452 3486 29 28 of
3495 3485 73 29 wedd-

3040 3530 48 38 ing
3099 3534 132 34 presents,
3241 3526 168 32 ornamantal
3422 3525 55 29 and
3488 3524 97 30 useful.

3048 3570 49 29 Ihe
3125 3569 106 39 couple,
3252 3580 29 18 as
3306 3568 65 37 they
3394 3566 84 29 drove
3502 3576 85 27 away,

3040 3621 69 18 were
3134 3610 116 37 literally
3278 3606 140 32 showered
3443 3606 65 28 with
3533 3605 53 29 rice

3038 3651 54 28 and
3118 3663 73 18 roses
3217 3651 37 38 by
3272 3661 17 17 a
3311 3648 76 38 large
3419 3646 115 30 number
3558 3646 29 28 of

3038 3692 105 30 friends
3155 3692 54 30 and
3223 3689 195 32 well-wishers.

3075 3736 25 27 A
3111 3746 65 27 very
3190 3735 124 39 pleasing
3330 3740 143 29 ceremony
3486 3739 85 20 associ-

3037 3775 62 28 ated
3129 3776 67 28 with
3235 3775 46 29 the
3319 3771 123 31 occasion
3480 3770 29 29 of
3540 3770 45 28 the

3039 3816 132 37 marriage
3201 3825 55 19 was
3294 3811 152 32 conducted
3480 3815 28 24 at
3540 3809 45 28 the

3037 3854 110 30 Church
3160 3856 30 28 of
3214 3853 126 41 England
3365 3851 110 38 Sunday
3486 3849 98 30 School

3037 3896 52 27 last
3115 3896 113 39 Sunday
3254 3895 152 33 afternoon,
3433 3893 76 27 when
3543 3890 42 28 Mr

3039 3936 113 37 Burton,
3176 3948 34 18 on
3237 3935 94 31 behalf
3355 3934 29 29 of
3411 3933 45 29 the
3482 3930 101 35 school,

3036 3978 145 37 presented
3209 3977 69 29 Miss
3303 3975 147 38 Beightou,
3465 3973 59 27 who
3536 3972 47 27 has

3037 4020 66 26 been
3119 4029 15 18 a
3146 4018 110 30 teacher
3268 4017 44 29 for
3331 4024 74 20 some
3418 4023 88 29 years,
3519 4011 62 29 with

3034 4069 15 16 a
3077 4056 232 32 morocco-bound
3342 4055 108 29 Church
3483 4053 100 36 Prayer

3034 4098 54 29 and
3103 4098 95 40 Hymn
3223 4098 73 28 Hook
3310 4097 27 28 in
3349 4107 16 17 a
3379 4103 122 20 morocco
3513 4102 69 24 case,

3035 4140 137 28 inscribed
3188 4150 28 18 as
3241 4138 105 29 follows
3435 4132 145 31 Preseuted

3035 4187 28 22 to
3085 4180 67 30 Miss
3179 4180 136 38 Brighton
3343 4178 35 37 by
3400 4177 47 27 the
3470 4173 111 37 Sunday

3037 4220 97 29 School
3150 4220 123 29 teachers
3286 4218 53 29 and
3356 4217 117 28 scholars
3487 4224 35 19 on
3536 4213 45 28 the

3035 4260 122 30 occasion
3172 4261 30 29 of
3215 4260 48 30 her
3489 4257 36 26 At
3536 4253 45 28 the

3034 4312 74 19 same
3122 4302 75 35 time,
3207 4312 35 18 on
3256 4298 92 31 behalf
3367 4297 29 29 of
3408 4297 46 28 the
3467 4294 109 32 church,

3037 4342 42 27 Mr
3095 4342 102 28 Burton
3213 4342 57 26 also
3294 4337 145 40 presented
3453 4337 47 26 her
3514 4333 64 28 with

3035 4392 16 18 a
3064 4391 81 28 purse
3159 4382 29 27 of
3201 4380 166 35 sovereigns.

3072 4421 32 28 In
3119 4421 116 36 making
3247 4420 47 28 the
3316 4415 194 40 presentation,
3539 4412 44 28 Mr

3036 4462 103 28 Burton
3151 4461 56 29 said
3224 4460 66 29 Miss
3301 4457 136 38 Beighton
3447 4453 51 30 had
3510 4457 67 26 been

3033 4501 150 29 connected
3194 4500 64 28 with
3270 4500 45 28 the
3327 4496 108 30 Church
3443 4495 54 28 and
3508 4494 53 29 Sun-

3033 4543 54 31 day
3101 4540 99 31 School
3214 4542 70 28 from
3310 4538 48 29 her
3381 4537 122 36 infancy,
3527 4534 54 29 and

3035 4584 52 27 had
3101 4583 99 35 always
3216 4581 82 28 taken
3312 4589 33 17 an
3359 4578 88 28 active
3467 4576 116 28 interest

3033 4624 26 26 in
3092 4623 82 28 them.
3216 4622 33 26 In
3280 4617 166 38 concluding
3470 4627 16 18 a
3513 4626 64 27 very

3033 4663 91 36 happy
3155 4660 99 38 speech
3296 4659 33 27 he
3369 4657 103 28 wished
3517 4655 64 28 Miss

3034 4701 136 39 Beighton
3192 4709 81 27 every
3299 4697 145 38 happiness
3475 4696 28 27 in
3534 4694 48 29 her

3033 4751 58 19 new
3105 4741 87 28 home.
3233 4738 44 29 Mr
3290 4737 106 38 Cooper
3418 4734 102 39 replied
3547 4744 34 18 on

3032 4780 92 30 behalf
3136 4780 29 27 of
3181 4779 66 28 Miss
3268 4778 137 37 Beighton
3431 4777 27 27 in
3483 4785 17 18 a
3526 4773 54 28 few

3032 4827 62 24 neat
3103 4825 150 25 sentences.

3192 4916 227 48 Valedictory.

3094 5007 71 25 fKrom
3179 5005 48 21 Our
3239 5004 53 20 Own
3310 4999 207 25 Correspondent.]

3067 5050 24 25 A
3104 5056 65 27 very
3194 5043 125 39 pleasing
3338 5050 144 26 ceremouy
3509 5042 66 25 took

3030 5087 75 40 place
3123 5076 53 39 la't
3199 5082 143 37 Thursday
3355 5079 119 39 evening
3486 5082 31 26 at
3531 5078 45 29 the

3030 5128 99 35 Bridge
3156 5124 92 34 Hotel,
3266 5123 158 32 Beaumont,
3439 5121 76 27 when
3533 5119 43 28 Mr

3027 5167 53 29 and
3094 5167 58 28 Mrs
3167 5163 162 34 M'Coskery
3343 5170 70 19 were
3427 5159 147 39 presented

3028 5208 64 28 with
3105 5217 15 18 a
3133 5205 65 39 gold
3209 5204 62 37 ring
3281 5202 52 29 and
3343 5201 112 34 brooch,
3467 5210 92 28 respec-

3027 5247 92 38 tively,
3131 5257 31 18 as
3174 5257 16 17 a
3204 5243 77 31 mark
3305 5242 29 29 of
3360 5241 46 29 the
3429 5245 103 25 esteem
3545 5240 28 28 in

3028 5289 86 28 which
3128 5287 64 36 they
3206 5295 69 18 were
3286 5282 62 29 held
3364 5282 35 37 by
3414 5281 47 28 the
3475 5280 81 38 neigh-

3027 5329 90 28 bours.
3157 5326 44 29 Mr
3231 5323 54 30 and
3318 5322 57 29 Mrs
3408 5320 163 37 M'Coskery

3025 5368 99 31 settled
3138 5371 28 26 at
3190 5366 47 29 the
3260 5364 151 29 Beaumont
3435 5370 75 20 souee
3538 5360 33 28 IP

3024 5421 79 28 years
3115 5419 62 28 ago,
3191 5406 53 29 and
3263 5405 22 28 it
3311 5409 72 22 must
3408 5403 67 27 have
3501 5402 68 27 been

3025 5461 64 23 very
3103 5449 124 40 pleasing
3240 5450 28 25 to
3294 5444 73 30 them
3392 5447 29 24 at
3446 5442 48 29 the
3517 5441 53 29 last

3025 5494 186 26 moment—as
3224 5487 22 28 it
3267 5496 53 17 was
3343 5484 65 37 only
3434 5484 99 27 known
3554 5493 15 18 a

3023 5531 96 38 couple
3131 5529 28 30 of
3173 5529 66 36 days
3252 5525 93 29 before
3370 5524 65 36 they
3448 5522 117 37 actually

3023 5571 50 29 left
3086 5571 61 27 that
3159 5569 64 36 they
3237 5576 69 17 were
3319 5564 85 37 going
3417 5573 35 18 on
3469 5561 96 37 Friday

3023 5611 193 38 morning—to
3228 5616 45 19 see
3283 5614 81 29 every
3378 5603 153 37 neighbour
3539 5609 25 21 at

3022 5653 46 28 the
3080 5651 108 40 spread,
3197 5647 106 38 tossing
3317 5645 70 29 their
3395 5643 104 39 glasses
3512 5642 52 29 and

3021 5692 163 38 expressing
3210 5688 71 29 their
3305 5685 72 39 good
3403 5684 95 27 wishes
3524 5682 51 48 for;

3021 5733 75 27 them
3109 5731 53 28 and
3176 5729 71 29 their
3264 5726 92 38 family
3382 5725 27 28 in
3437 5724 45 28 the
3508 5732 56 19 new
3575 5724 1 40 |

3021 5771 97 41 sphere
3131 5771 63 37 they
3208 5769 69 29 have
3289 5767 109 29 chosen.

3640 193 60 31 The
3711 194 144 42 beieihony
3869 193 65 31 took
3960 195 76 39 place
4061 193 28 30 in
4102 191 53 47 jVIf

3605 233 145 30 Crossan's
3761 234 81 41 large
3854 234 197 39 dining-room,
4067 232 88 29 which

3606 284 55 18 was
3673 266 140 46 tastefully
3826 274 142 30 bedecktd
3982 274 64 29 with
4059 283 80 23 every-

3605 313 82 40 thing
3699 313 158 33 seasonable
3883 315 42 29 for
3950 317 46 28 the
4020 313 135 31 occasion.

3606 353 58 30 Our
3688 353 47 30 old
3759 354 55 29 and
3837 355 140 38 respected
3998 352 100 38 friend,
4105 374 6 19 f
4115 354 43 27 Mr

3606 393 46 30 W.
3667 392 157 39 Camming,
3839 395 64 28 took
3930 396 46 29 the
4002 395 75 30 chair
4101 393 56 29 and

3607 434 78 29 made
3710 434 48 29 the
3790 435 184 38 presentation
4000 437 27 28 in
4049 447 16 17 a
4091 444 66 27 very

3606 474 130 38 eloquent
3754 475 109 37 speech,
3889 475 175 30 embellished
4092 476 64 27 wit.n

3607 513 33 29 all
3655 514 47 29 the
3716 513 176 30 well-earned
3906 515 167 29 encomiums
4088 514 65 29 used

3609 565 34 18 on
3659 553 66 30 such
3739 554 148 29 Occasions.
3928 555 44 27 Mr
3995 555 163 38 M/Cosk'ery

3610 593 105 39 replied
3728 593 26 28 in
3769 605 15 18 a
3807 605 64 27 very
3892 599 64 24 neat
3979 595 108 35 speech,
4111 605 31 18 ac-

3610 633 198 39 knowledging
3845 633 47 30 the
3939 633 138 30 nnlooked
4116 635 43 28 for

3610 673 216 30 demonstration
3951 673 2 35 ,

3647 715 90 39 Songs
3769 725 71 21 were
3865 715 82 40 given
3981 714 99 41 during
4113 715 45 30 the

3607 757 121 37 evening
3741 757 45 36 by'
3802 757 102 28 MeSsra
3919 756 90 35 Allan,
4024 755 36 30 11.
4077 752 20 33 0
4103 756 42 35 gos-

3610 806 58 26 san,
3683 796 32 29 G.
3732 795 92 35 Henry
3839 796 54 30 and
3908 797 35 29 D.
3970 795 98 30 Muriro
4070 819 10 18 A
4105 797 55 28 and

3610 837 154 38 altogether
3776 848 16 17 a
3883 837 125 39 pleasant
4026 837 66 28 time
4106 847 54 19 was

3610 884 89 32 spent.
3716 898 11 10 ..
4083 900 7 6 ,

3648 917 46 29 Mr
3706 917 53 29 and
3776 919 57 27 Mrs
3854 917 165 38 M'Coskery
4041 908 51 38 left
4119 917 42 28 for

3611 958 71 28 their
3694 969 59 18 new
3767 959 80 28 home
3871 958 28 28 in
3922 969 68 27 your
4004 956 107 31 district
4125 968 35 17 on

3614 997 240 42 Friday.morning
3870 995 75 33 'with
3970 999 35 28 all
4029 999 46 29 the
4101 993 62 34 best

3611 1040 97 28 wishes
3723 1039 30 29 of
3773 1040 48 28 the
3836 1039 133 29 residents
3984 1040 72 28 here.

3664 1141 181 42 Lawrence
3873 1141 97 42 News
3998 1141 114 42 Notes.

3675 1227 71 24 (From
3759 1227 48 21 Our
3820 1227 54 20 Own
3896 1227 202 24 Correspondent.)

3650 1266 170 29 To-morrow
3862 1266 48 30 the
3950 1269 156 35 ratepayers
4122 1263 43 31 'of

3615 1307 147 28 Lawrence
3778 1306 53 28 will
3846 1307 34 27 be
3892 1306 86 29 called
3992 1317 34 18 on
4042 1310 28 24 to
4085 1301 80 33 malie

3614 1347 46 27 the
3692 1346 129 28 selection
3855 1346 28 27 of
3915 1356 93 26 mayor
4042 1346 44 27 for
4120 1346 45 27 the

3616 1387 123 37 borough
3753 1385 46 29 for
3807 1386 47 28 the
3864 1389 67 25 next
3941 1385 96 29 twelve
4046 1385 119 35 months,

3614 1428 47 27 the
3694 1425 160 29 candidates
3885 1425 84 38 being
4002 1425 43 28 Mr
4078 1425 87 32 J,,C.

3617 1467 114 27 Browne
3746 1467 121 36 (present
3887 1467 103 36 mayor)
4007 1465 54 28 and
4075 1465 45 28 Mr
4132 1465 33 29 B.

3619 1506 92 29 Winn.
3752 1505 66 28 Last
3830 1505 120 37 evening
3965 1505 43 28 Mr
4021 1505 82 28 Winn
4118 1505 32 28 ad-

3616 1545 112 30 dressed
3743 1546 45 29 the
3803 1550 154 35 ratepayers
3977 1546 27 28 in
4020 1546 46 29 the
4086 1552 7 21 J
4103 1556 59 19 own

3617 1586 74 35 Hall,
3706 1598 15 17 a
3735 1587 52 28 fair
3800 1587 116 30 number
3938 1587 85 39 being
4045 1592 119 33 present.

3619 1628 44 28 Mr
3675 1627 104 39 Jeffery
3798 1628 128 39 occupied
3944 1628 47 28 the
4005 1628 82 28 chair.
4129 1628 36 28 At

3617 1669 47 28 the
3676 1668 73 30 close
3761 1668 30 29 of
3803 1668 47 28 the
3864 1668 112 29 address
3996 1668 44 28 Mr
4055 1667 111 29 Walker

3617 1708 98 29 moved
3729 1708 52 29 and
3795 1708 44 28 Mr
3850 1708 164 29 Blackwood
4029 1708 135 28 seconded

3682 1748 71 28 That
3769 1748 45 28 Mr
3826 1748 84 28 Winn
3928 1748 23 28 is
3964 1759 16 17 a
3993 1748 31 27 fib
4037 1748 53 28 and
4104 1759 45 26 pro-

3618 1798 50 29 per
3704 1799 98 28 person
3834 1787 44 29 for
3908 1788 46 30 the
3986 1788 116 39 position
4134 1788 29 29 of

3619 1829 284 30 rajivo!'/'—Carried.

3656 1868 66 30 This
3734 1869 85 38 being
3833 1868 41 29 Sfc.
3889 1867 141 30 Andrew's
4042 1869 68 36 Day,
4120 1872 46 25 the

3620 1910 125 39 majority
3759 1910 29 28 of
3801 1910 47 28 the
3861 1909 91 39 shops,
3967 1909 64 28 with
4053 1910 45 28 the
4120 1919 31 19 ex-

3619 1951 108 39 ception
3742 1950 30 30 of
3785 1950 47 30 the
3844 1950 121 38 drapers,
3979 1959 44 19 are
4037 1950 99 29 closed.

3663 1994 20 27 \
3715 1990 105 30 cricket
3845 1990 100 37 match,
3973 1989 142 30 Lawrence
4138 2000 28 19 v.

3621 2032 175 35 Waitahuna,
3809 2031 54 28 will
3886 2032 34 28 be
3939 2030 98 38 played
4050 2035 28 23 at
4091 2031 57 28 Wai-

3621 2072 104 30 tahuna
3737 2071 55 30 this
3805 2070 152 31 afternoon.

3657 2114 58 28 The
3727 2113 108 28 cinders
3848 2112 95 38 placed
3956 2123 34 18 on
4002 2112 46 28 the
4059 2112 109 38 cycling

3621 2153 78 29 track
3713 2157 29 24 at
3755 2162 75 20 some
3843 2162 118 28 expense
3986 2156 28 25 to
4039 2152 45 29 the
4104 2152 63 28 clilb

3622 2194 69 28 have
3703 2193 53 28 had
3771 2196 29 25 to
3813 2193 36 28 be
3861 2192 79 38 again
3953 2192 111 38 scraped
4079 2192 45 34 bff,
4139 2202 29 18 as

3621 2234 66 34 they
3698 2232 89 30 would
3799 2237 48 25 not
3858 2236 51 32 set,
3920 2232 63 29 thus
3993 2232 113 39 making
4114 2232 54 29 fast

3623 2274 92 38 riding
3727 2274 165 38 dangerous.

3661 2314 110 39 Mining
3791 2316 112 27 matters
3918 2324 46 18 are
3988 2312 54 31 still
4067 2323 35 18 on
4122 2312 46 29 the

3622 2364 88 26 move,
3743 2354 55 29 and
3823 2353 47 30 the
3895 2357 107 26 returns
4028 2353 68 29 from
4123 2354 45 29 the

3623 2395 117 37 dredges
3753 2395 26 29 in
3795 2395 46 29 the
3852 2395 113 37 vicinity
3974 2406 45 18 are
4027 2394 140 38 generally

3623 2435 182 38 satisfactory.
3844 2434 57 29 The
3915 2434 105 30 Golden
4041 2433 127 30 Crescent

3623 2475 47 30 Co.
3686 2487 53 18 was
3765 2475 150 39 registered
3943 2476 45 28 the
4013 2475 77 29 other
4117 2475 51 37 day

3622 2516 64 29 with
3701 2528 16 17 a
3729 2515 98 40 capital
3839 2515 30 30 of
3878 2515 103 37 £3500,
3992 2514 54 31 and
4058 2515 108 29 tenders

3621 2558 68 28 have
3703 2558 68 28 been
3785 2557 87 28 called
3896 2558 43 27 for
3960 2557 110 37 cutting
4093 2557 31 27 14
4136 2566 32 17 or

3623 2598 31 29 15
3671 2597 75 30 miles
3772 2597 30 29 of
3814 2606 61 21 race
3889 2601 28 26 to
3931 2597 82 40 bring
4026 2596 46 31 the
4087 2601 79 24 water

3619 2642 28 25 to
3661 2638 48 28 the
3722 2637 89 30 claim.

3655 2677 147 38 30/11/98.

3811 2775 173 53 Sporting.

3824 2860 131 23 CYCLING.

3795 2904 41 27 [By
3858 2904 134 25 Roadstkf.l

3651 2940 58 28 The
3727 2940 135 28 attention
3887 2939 30 28 of
3941 2939 119 37 cyclists,
4087 2943 73 24 moi*e

3616 2979 174 39 particularly
3802 2979 95 36 racing
3910 2989 71 26 men,
3990 2979 23 29 is
4026 2979 93 29 drawn
4133 2984 27 23 to

3616 3021 47 27 the
3687 3020 141 32 following
3852 3024 121 24 extracts
4009 3019 70 28 from
4115 3020 45 27 the

3808 3046 16 10 D

3616 3060 109 34 League
3738 3060 70 28 rules
3821 3071 44 17 :

3652 3100 96 28 Riders
3780 3104 48 24 not
3868 3099 114 39 holding
4019 3110 16 18 a
4066 3098 93 39 racing

3615 3140 98 28 license
3724 3150 45 18 are
3779 3140 131 28 debarred
3923 3140 69 28 from
4003 3141 157 36 competing

3615 3185 27 24 at
3649 3190 59 20 race
3719 3180 131 38 meetings
3861 3180 87 30 under
3959 3180 109 38 League
4079 3180 81 35 rule*,

3614 3221 54 28 and
3681 3225 90 33 sports
3784 3225 150 33 promoters
3960 3225 71 23 must
4053 3225 48 23 not
4115 3230 30 18 ac-

3614 3264 62 35 cept
3689 3260 101 30 entries
3802 3259 70 30 from
3894 3259 157 29 unlicensed
4064 3260 96 29 riders.

3653 3300 71 29 Each
3738 3300 162 38 competitor
3912 3300 67 29 shall
3995 3300 58 28 ride
4075 3300 26 28 in
4118 3301 41 27 his

3614 3341 150 39 registered
3795 3341 106 29 colours
3938 3340 54 30 and
4028 3340 65 29 with
4120 3341 40 28 his

3614 3381 150 39 registered
3790 3383 115 27 number
3936 3382 26 28 in
3995 3380 165 30 accordance

3614 3422 65 28 with
3701 3422 46 28 the
3772 3421 169 39 regulations
3967 3422 44 28 for
4035 3421 46 29 the
4095 3421 65 29 time

3616 3462 80 39 being
3707 3461 118 39 relating
3834 3466 27 25 to
3872 3462 47 29 the
3932 3461 132 38 League's
4074 3462 71 36 regis-

3614 3503 98 28 tration
3725 3502 93 29 colour
3830 3502 55 28 and
3900 3503 115 27 number
4028 3505 112 33 system.

3652 3542 72 29 Each
3738 3542 94 38 racing
3844 3546 122 25 costume
3977 3541 69 29 shall
4056 3541 103 29 consist

3614 3583 30 28 of
3674 3592 135 28 guernsey
3850 3582 161 37 (registered
4044 3582 115 36 colourj,

3616 3623 125 29 knickers
3752 3632 29 19 or
3795 3622 128 28 breeches
3936 3622 55 28 and
4004 3622 89 28 shoes.

3652 3664 54 29 The
3717 3663 139 37 following
3864 3663 105 28 colours
3978 3662 63 37 only
4055 3672 60 28 may
4126 3663 33 28 be

3615 3703 64 32 used
3695 3703 112 36 :—Keel,
3841 3702 88 38 white,
3962 3702 72 38 blue,
4068 3702 91 36 black,

3614 3746 104 37 yellow,
3732 3756 91 27 green,
3849 3745 74 37 pink,
3948 3744 53 29 and
4025 3756 110 17 maroon
4151 3757 7 22 ;

3613 3787 67 28 each
3711 3785 92 29 colour
3830 3785 82 37 being
3943 3785 30 27 of
4004 3785 154 37 regulation

3614 3826 91 28 shade.

3650 3867 56 28 The
3719 3864 173 39 registration
3906 3864 95 38 period
4027 3864 68 30 shall
4122 3865 34 30 be

3613 3906 69 29 from
3710 3907 41 27 Ist
3778 3905 162 38 September
3964 3909 28 25 to
4019 3906 47 28 the
4091 3910 67 24 next

3613 3945 162 37 succeeding
3788 3945 62 28 31st
3871 3947 120 35 August,
4014 3945 142 36 inclusive,

3613 3987 75 28 when
3700 3985 173 37 registration
3889 3990 73 23 must
3976 3986 33 29 be
4024 3987 132 29 renewed,

3612 4026 183 34 Registration
3810 4027 52 33 fee,
3877 4027 31 28 2s
3919 4026 45 29 6d.

3653 4053 15 12 O
3855 4053 6 8 '

3647 4069 150 36 ignorance
3811 4067 30 27 of
3853 4077 54 26 any
3921 4068 29 27 of
3964 4067 47 28 the
4024 4068 71 28 rules
4105 4068 53 27 will

3611 4111 47 25 not
3674 4108 30 27 be
3718 4106 161 29 considered
3892 4117 16 18 a
3922 4107 72 30 valid
4008 4117 100 20 excuse
4117 4109 41 28 for

3611 4147 134 29 violation.

3647 4189 13 28 I
3687 4187 89 29 would
3802 4188 105 28 remind
3939 4199 55 26 any
4014 4189 145 38 intending

3609 4227 66 31 local
3708 4227 109 38 cycling
3843 4229 176 37 competitors
4052 4236 29 21 at
4113 4230 46 28 the

3610 4272 88 37 sports
3710 4279 34 18 on
3755 4267 110 40 Boxing
3878 4268 56 38 Day
3944 4279 31 18 or
3986 4269 67 28 New
4065 4269 93 30 Year's

3613 4310 66 37 Day,
3694 4310 59 28 who
3766 4319 46 18 are
3825 4314 47 23 uot
3894 4309 111 38 already
4028 4311 129 29 attached

3609 4354 29 24 to
3651 4359 53 28 any
3717 4349 129 28 affiliated
3860 4349 71 34 club,
3957 4349 28 28 in
4012 4350 147 38 particular

3610 4390 48 28 the
3670 4389 153 38 Roxburgh
3839 4389 116 38 Cycling
3969 4389 79 35 Club,
4063 4394 28 24 to
4099 4390 59 37 join

3610 4441 29 17 as
3665 4439 66 19 soon
3757 4439 30 18 as
3812 4429 128 38 possible.
3982 4429 99 29 Unless
4095 4431 64 38 they

3611 4471 102 36 belong
3724 4474 27 24 to
3761 4481 34 16 an
3807 4470 128 29 affiliated
3945 4470 64 28 club
4020 4471 65 38 they
4095 4483 48 17 can-

3612 4516 47 24 not
3672 4516 47 34 get
3732 4510 124 35 licenses,
3870 4511 54 27 and
3947 4517 101 23 cannot
4069 4512 74 28 there-

3611 4552 59 30 fore
3681 4556 125 33 compete
3818 4556 28 24 at
3860 4562 53 28 any
3933 4557 90 31 sports
4035 4553 122 39 meeting

3611 4592 63 29 held
3689 4592 87 28 under
3788 4591 111 39 League
3914 4593 80 29 rules.

3832 4675 117 22 RACING.

3647 4709 58 28 The
3719 4708 141 35 following'
3884 4709 181 30 nominations
4091 4711 66 28 have

3595 4748 2 40 I
3611 4750 68 28 been
3693 4748 122 28 received
3830 4748 42 27 for
3886 4749 45 27 the
3945 4749 61 27 four
4027 4751 130 37 principal

3594 4784 3 44 j
3610 4793 95 24 events
3717 4795 29 20 at
3759 4788 45 27 the
3814 4788 100 27 annual
3936 4788 120 39 meeting
4070 4790 29 27 of
4112 4791 45 26 the

3611 4828 156 30 Alexandra
3804 4827 106 37 Jockey
3936 4828 70 29 Club
4032 4839 35 18 on
4095 4831 62 28 10th

3611 4868 206 28 December:—

3647 4907 53 30 For
3714 4908 66 28 both
3794 4908 47 28 the
3855 4907 155 29 Alexandra
4023 4907 52 29 and
4092 4908 48 37 Fly-

3609 4949 47 39 ing
3675 4948 355 39 Handicaps—Seabreeze,
4051 4948 85 36 Quick-

3608 4990 71 36 shot,
3694 4989 123 39 Captive,
3833 4989 109 35 Swivel,
3968 4989 56 28 Don
4039 4988 113 40 Joseph.

3609 5030 65 28 Also
3710 5030 42 27 for
3786 5030 156 27 Alexandra
3975 5029 180 37 Handicap—•

3608 5069 101 39 Magic,
3734 5069 145 40 Goldring,
3910 5069 141 35 Redwing,
4081 5069 54 29 Wai-

3606 5110 80 36 kaia;
3717 5110 58 29 also
3800 5111 42 28 for
3877 5110 272 38 Flying—Beatrice,

3608 5150 71 29 Wild
3710 5150 86 34 West,
3830 5151 84 28 Black
3949 5150 74 34 Bess,
4056 5150 97 29 Senior

3606 5190 155 39 Wrangler,
3772 5190 58 30 The
3844 5191 124 28 Gleaner.

3642 5231 54 28 For
3728 5231 66 28 both
3827 5230 97 29 2-Mile
3954 5229 54 28 and
4040 5228 112 36 l£-Mile

3603 5271 220 37 Trots—Pansy,
3838 5271 97 29 School
3949 5270 67 34 Girl,
4033 5271 116 35 Syntax,

3604 5311 134 35 Rebecca,
3764 5311 129 39 Prophet,
3921 5310 84 36 Lady,
4033 5309 117 30 Jean.lie

3602 5351 54 36 111,
3667 5339 112 49 Trader,
3793 5352 81 37 Andy
3886 5351 79 38 Grey,
3977 5349 102 29 Fleetw
4089 5351 55 34 ood,

3601 5393 146 34 Abdallah,
3801 5393 123 33 Pearson,
3976 5389 171 40 Waggoner,

3601 5433 109 35 Saturn,
3722 5433 58 30 The
3790 5433 91 28 Laird.
3922 5431 63 28 Also
3996 5435 42 24 tor
4048 5431 99 29 2-Mile

3599 5474 149 37 Bounding
3772 5475 93 34 Stone,
3893 5471 106 35 Frank;
4021 5475 57 24 aho
4106 5472 42 29 for

3603 5514 125 36 l^-Miles
3731 5514 105 34 —Bob,
3858 5513 106 28 Honest
3986 5515 69 32 lo.n,
4072 5511 56 30 Fuv-

3596 5552 46 40 fly.

3631 5593 58 29 Tho
3705 5593 63 29 16th
3783 5593 98 30 anuukl
3896 5592 122 29 meecia:*
4044 5591 28 30 of
4098 5594 45 27 the

3595 5634 129 39 Tuapeka
3738 5635 107 36 County
3868 5632 105 31 Jickev
3997 5633 70 29 »./iab
4090 5644 22 17 w
4117 5632 3 41 :
4126 5633 16 29 H

3595 5674 33 29 be
3643 5675 60 28 held
3715 5680 28 23 at
3758 5675 142 27 Lawrence
3910 5685 34 17 on
3956 5681 44 20 the
4016 5677 6 24 \
4088 5677 57 27 and.

3599 5716 63 27 I9ch
3693 5712 132 39 January.
3864 5715 75 28 1899.
3988 5712 2 39 :
3997 5718 20 23 'n
4030 5727 6 9 •
4069 5724 76 27 p\Ae

3597 5764 91 28 inone}
3707 5755 40 28 for
3758 5756 27 27 th
3797 5767 5 15 ;
3819 5758 28 25 io
3859 5762 96 21 events
3967 5753 80 30 totals

3479 106 168 51 Friday,
3668 106 220 40 December
3910 106 38 44 s,
3974 85 101 59 ife9d

1745 121 13 9 *
1775 116 212 44 'MOUNT
2032 121 9 6 '
2074 116 226 41 BENGER
2342 113 10 9 '
2387 112 156 42 MAIL,

64 241 21 16 v
114 223 255 37 WEDNESDAY,
381 223 51 30 7TH
445 214 218 39 DECEMBER,

267 275 28 23 at
314 272 73 25 three
406 270 104 27 o'clock.

126 361 199 33 TAB.EZ
401 355 260 33 BURTON

117 440 45 26 the
176 437 144 35 Roxburgh
343 437 116 26 Athletic
484 435 90 34 Sports
599 432 66 26 Club

117 476 52 29 and
182 474 146 34 Roxburgh
342 474 111 35 Cycling
463 472 67 27 Club
543 475 27 23 to
580 471 47 26 Hell
639 474 27 22 at

117 514 42 26 his
173 512 114 26 Auction
298 511 104 31 Rooms,
413 510 146 33 Privileges
569 509 26 26 in
607 517 42 17 con-

117 550 104 27 nection
233 549 66 26 with
312 549 45 26 the
369 548 96 27 annual
479 546 90 36 Sports
583 545 66 26 Meet-

119 589 46 33 ing
178 597 32 16 on
223 587 101 28 Boxing
337 583 59 37 Day
417 586 50 25 and
494 585 45 24 the
558 583 110 35 Cycling

122 624 123 27 Carnival
258 632 33 17 on
303 623 66 27 New
377 622 89 27 Tear's
478 621 59 35 Day
547 630 28 17 as
585 619 85 27 under

154 700 5 7 .
175 697 12 11 T
205 682 133 27 SPORTS
357 679 227 29 PRIVILEGES.

190 733 12 28 I—Luncheon1
206 732 175 31 —Luncheon
394 730 84 27 Booth

190 770 235 37 2—Refreshment
439 768 85 27 Booth

189 808 126 28 3—Fruit
329 808 67 25 Stall

139 865 155 29 CYCLING
314 865 93 26 CLUB
426 861 226 29 PRIVILEGES.

192 912 10 26 I—Luncheon1
206 911 174 26 —Luncheon
393 910 83 26 Booth

190 947 236 28 2—Refreshment
440 946 84 27 Booth

192 988 15 25 3
207 986 111 26 —fruit
330 985 69 27 Stall

142 1061 189 36 TUESDAY*
349 1065 6 23 I
362 1060 52 28 3th
435 1057 215 35 DECEMBER,

280 1120 5 4 •
292 1112 28 25 at
332 1112 51 23 two
395 1107 103 28 o'clock.

133 1198 202 29 TABEZ
423 1192 247 33 BURTON

200 1238 146 30 instructed
359 1237 34 33 by
407 1236 68 26 Miss
490 1234 108 31 Mullen,
618 1234 54 25 will

124 1278 48 26 sell
185 1277 36 34 by
234 1276 87 35 public
332 1274 108 26 auction,
449 1283 33 15 on
491 1273 46 25 the
547 1271 126 35 premises

127 1315 75 34 (next
216 1314 62 26 door
289 1314 28 25 to
335 1313 45 26 the
393 1311 74 26 Mail
481 1310 125 34 Office—)

150 1373 233 38 Household
400 1384 7 24 ;
430 1370 221 41 Furniture,

297 1435 161 34 /Consisting
479 1432 27 27 of

197 1491 61 27 Two
271 1491 34 26 ha
316 1490 11 26 f
338 1493 79 23 tester
442 1488 61 26 Iron
523 1485 153 33 Bedsteads,

267 1529 14 25 2
306 1527 92 26 Chests
423 1526 127 28 Drawers,
579 1524 98 34 Dining

266 1566 49 26 and
343 1565 84 26 Toilet
454 1563 100 26 Tables.
581 1559 80 27 Ward

264 1605 69 27 robe,
359 1601 101 33 Chairs,
487 1599 112 26 Fenders
624 1598 51 26 and

258 1641 90 28 .Irons,
382 1639 59 34 Reg.
473 1638 88 28 Grate,
593 1634 83 26 V/ood

266 1676 162 31 Bedstead,2
439 1672 236 36 Hanging-Lamps,

266 1717 51 27 and
331 1725 14 16 a
364 1714 122 35 quantity
511 1711 26 26 of
561 1709 116 35 Cooking

266 1752 126 29 Utensils,
407 1751 53 31 <tc.,
475 1749 43 27 &c-

209 1812 70 26 ALL
298 1810 35 26 IN
362 1808 96 27 GOOD
479 1805 130 27 OHDER.

131 1891 259 34 APPLICATION
418 1888 72 30 FOR
517 1885 162 31 SPECIAL

345 1930 130 31 CLAIM.

381 2019 101 22 District:
496 2016 65 22 Otas-o
569 2014 85 26 Mining.

323 2061 53 20 Date
387 2067 6 13 :
411 2059 43 20 21st
463 2055 123 25 November,
596 2053 57 22 1898.

157 2101 30 22 To
197 2100 35 22 the
242 2099 89 22 Warden
341 2101 21 18 at
372 2095 117 27 Roxburgh.

130 2143 25 52 I
181 2146 115 22 HEREBY
319 2144 60 26 apply
402 2143 31 20 for
449 2149 11 13 a
473 2140 76 26 Special
565 2139 64 22 Claim
648 2138 31 20 for

184 2173 125 26 paldntiDU>£
324 2178 96 20 puipoHP*
435 2170 63 19 under
516 2168 36 20 the
567 2165 112 28 provisions

130 2203 22 20 of
186 2202 42 20 The
240 2201 77 25 MitoLg
329 2203 46 21 Act,
475 2196 21 21 of
512 2196 34 19 the
556 2193 58 22 lands
623 2193 45 20 here-

118 2229 85 21 .-ioaftri
216 2227 111 25 described,
340 2226 64 20 which
416 2225 52 20 have
475 2223 51 20 been
535 2222 49 21 dulv
595 2219 84 22 marked

129 2258 21 19 in
162 2255 120 22 accordiii.ee
294 2253 49 21 wnh
354 2253 35 21 the
399 2252 77 25 minii>g
486 2248 129 28 iemulations.

341 2289 164 24 Catherine
517 2285 138 24 cormack

240 2333 39 25 (By
289 2332 33 20 bn
335 2332 16 20 A
355 2335 57 21 pent,
421 2329 68 21 Jabez
498 2326 106 25 Bcbton.)

118 2437 11 4 ..
155 2424 66 20 N>me
244 2424 38 18 Hiid
411 2420 20 20 in
457 2418 37 21 full
513 2417 21 21 frf
553 2416 126 27 applicant—

130 2450 104 22 Cnib-iif
288 2456 8 7 r
298 2455 19 12 ni
332 2448 32 23 ck,
381 2444 217 27 Roxbuigh—Miner's
617 2443 62 26 right,

130 2479 39 21 .No.
184 2477 69 25 3438*.
270 2476 19 20 21
322 2474 78 24 !1;98.

158 2517 56 25 Sr-iylf
227 2519 60 17 uinin
303 2514 62 20 whih
384 2514 16 19 it
418 2514 16 18 is
453 2511 95 21 intended
562 2512 21 18 to
592 2509 87 21 conduct

132 2545 36 21 tie
177 2545 6 18 1
190 2550 76 15 umd*m
294 2542 43 20 Mnii
350 2540 48 21 Flat
404 2540 101 25 Dredging
512 2539 111 25 Company.

162 2585 19 19 I.-
190 2584 59 24 cali'y
263 2582 22 19 wl
295 2588 32 13 eie
338 2581 35 20 the
383 2580 46 19 land
440 2579 80 26 applied
530 2578 30 20 for
567 2578 17 20 is
591 2575 88 22 situated

160 2612 5 15 I
177 2617 73 14 ou.niei
318 2613 22 14 ft
349 2607 35 20 the
402 2607 60 20 iower
472 2613 46 18 pegs
528 2605 21 20 of
558 2605 35 19 th*
601 2603 78 21 Golden

136 2639 68 26 Qumi.
216 2637 52 22 CV'>
297 2636 39 21 ;im
346 2638 21 17 at
381 2634 47 21 Moa
445 2633 53 26 Flat,
514 2631 109 26 extending
635 2630 44 22 half

133 2674 11 14 a
154 2667 26 19 mi
191 2673 10 13 e
216 2666 59 19 diwn
292 2664 34 21 the
343 2662 75 22 Clu;ba
435 2668 58 16 nvtr.
511 2660 103 26 including
630 2658 49 21 both

130 2693 72 21 bank)'.

157 2732 74 21 Extent
243 2730 21 21 of
274 2730 45 20 land
329 2728 80 27 applied
419 2726 82 23 for-80
516 2732 55 15 acres
583 2725 66 26 (more
657 2730 22 14 or

128 2760 56 25 less.)

158 2799 89 20 Amount
259 2795 22 20 of
291 2794 73 28 capital
374 2793 98 28 proposed
482 2796 22 17 to
522 2792 24 21 be
560 2792 67 20 invest

131 2826 73 21 £BOOO.

157 2864 100 26 Proposed
274 2863 58 21 mode
348 2862 21 20 of
386 2862 90 25 working
491 2860 35 21 the
535 2859 142 22 laod-'-Staa®

132 2892 102 26 dredging.
626 2892 3 26 i

160 2931 58 20 Term
228 2931 31 20 for
270 2929 64 21 which
341 2928 73 28 special
424 2927 57 22 claim
490 2926 62 27 gnmi
558 2924 17 22 is
584 2923 94 29 required

131 2958 45 21 —2]
192 2965 64 19 yeais.

157 2996 87 21 G»ueral
263 2994 164 25 remarks—Pegs
440 2990 83 22 mirked
535 2989 28 22 X.

159 3036 59 19 Date,
237 3040 20 15 at
267 3033 109 26 Roxburgh
386 3033 41 20 thi6
432 3031 87 26 21stday
525 3029 23 23 of
553 3029 124 25 NoTember,

130 3062 56 21 1898.

159 3144 38 21 Tl.t
211 3145 17 18 al
237 3137 3 31 .
251 3151 22 12 v
282 3142 120 26 application
412 3141 39 20 and
466 3146 39 19 any
515 3138 111 27 objection!
638 3137 39 21 will

136 3172 18 19 h.
174 3172 87 19 b.a-'-a;
278 3172 33 17 the
321 3167 106 21 Warden's
445 3168 62 19 Office
519 3170 22 17 at
558 3164 118 27 Roxburgh,

132 3206 26 15 on
168 3199 46 21 15ib
226 3199 39 20 Dec
278 3197 63 25 mber,
352 3196 55 25 1898,
418 3200 17 15 at
449 3194 24 21 10
481 3200 48 15 a.m.

160 3234 14 14 a
181 3220 2 30 i
195 3236 6 14 i
221 3233 68 17 pcrM-u
299 3225 66 20 desnii
374 3231 12 19 g
400 3228 21 17 to
430 3222 67 28 object
506 3224 23 19 to
538 3220 36 23 the
583 3220 95 27 granting

134 3256 21 19 of
164 3262 8 12 b
184 3262 29 18 >jn
221 3261 26 13 eia
270 3253 56 20 claim
336 3250 81 28 applied
433 3250 32 21 for
475 3252 62 22 must,
546 3249 56 26 prior
611 3250 21 18 to
642 3247 35 21 the

134 3281 87 22 heniii'C,
234 3287 17 12 rt
260 3285 15 15 u
281 3287 10 13 r
304 3280 31 19 his
344 3278 112 26 objections
474 3280 22 18 at
513 3276 37 23 the
571 3274 106 21 Warden*!

130 3309 55 21 Offio
209 3313 22 15 at,
245 3308 24 20 K<
278 3306 86 26 xburgh.

289 3341 163 22 FREDERICK
466 3339 135 27 JEFFERY,

502 3368 40 21 Pro
553 3366 96 22 Warden.

129 3429 5 4 .
153 3412 48 20 R«c»
216 3412 35 17 v.-j
271 3412 22 18 at
316 3409 104 20 Warden's
442 3408 63 21 Office
521 3408 23 20 at
567 3406 65 27 Clyde
649 3412 26 14 os

129 3440 26 20 22
164 3437 4 27 I
183 3437 18 27 11
214 3437 3 27 l
230 3439 32 25 98,
271 3441 22 16 at
302 3437 58 20 10.30
367 3443 49 14 a.m.

630 2762 44 70 f

149 3673 122 33 Fl-MMST,
292 3669 171 30 WHOLEBALB
482 3678 54 19 AND
557 3667 102 30 RETAIL

268 3727 87 30 Seeds
374 3725 166 37 Merchant,

167 3805 4 38 ,
188 3824 5 8 «
214 3811 19 27 li
243 3809 49 29 A.Y
313 3807 131 36 PLACE,
463 3805 190 38 DUNEDIN,

138 3880 22 18 .'S
170 3884 27 13 ;c«:
261 3878 21 19 to
288 3875 51 21 Geo.
348 3872 269 23 Matthews—Established

258 4009 149 31 FLORAL
426 4007 127 31 WOKK.

167 4075 16 27 'J
191 4074 43 28 his
262 4073 22 26 is
309 4071 47 28 the
381 4069 125 38 Leading
531 4068 94 29 House
649 4069 29 28 in

133 4115 40 27 Pit
179 4113 80 28 tit-din
271 4111 44 30 for
334 4110 93 29 Bridal
450 4108 134 35 Showers,
605 4109 54 29 Bou-

119 4148 3 45 .
132 4165 42 28 qu«
244 4151 137 37 Wreaths,
395 4150 111 40 Sprays,
519 4148 55 29 and
588 4149 90 30 Floral

132 4195 126 36 Designs.

169 4246 24 29 M
202 4257 13 16 v
230 4243 139 31 continual
376 4243 58 29 a,nd
447 4242 131 29 unvaried

130 4306 22 20 St
167 4304 112 22 rCKSSES
294 4303 37 21 AT
343 4302 57 22 THE
412 4301 130 23 DUNEDIN
558 4301 121 23 FLOWER

358 4330 98 22 SHOWS

132 4377 20 27 is
170 4387 19 15 si
204 4375 100 29 fficient
323 4373 79 38 proof
423 4372 28 30 of
464 4383 46 27 my
529 4372 148 39 capability

132 4416 25 28 in
174 4412 4 32 :
188 4412 4 32 l
205 4416 22 28 is
241 4414 104 30 branch
358 4412 28 30 of
399 4412 48 30 the
458 4412 135 30 business.

171 4475 46 38 My
226 4473 160 40 experience
396 4470 111 31 enables
519 4480 44 20 me
575 4473 29 27 to

164 4546 15 20 P
189 4544 49 22 \CK
252 4542 90 23 THESE
355 4539 139 25 DELICATE
508 4540 136 22 ARTICLES

130 4596 43 28 for
192 4593 49 30 rail
261 4604 31 17 or
313 4595 117 26 steamer
442 4588 66 30 with
531 4588 67 30 such
618 4597 61 21 care

129 4636 54 28 and
207 4643 107 20 success
327 4642 30 19 as
369 4635 29 26 to
410 4640 98 20 ensure
531 4628 72 30 their
621 4628 58 29 safe

129 4677 54 26 and
194 4675 105 38 perfect
308 4671 130 37 delivery,
447 4680 68 18 even
524 4669 72 28 after
604 4678 75 19 some

130 4716 67 36 dnys
209 4715 27 28 in
251 4712 107 30 transit.

165 4769 13 29 I
192 4769 70 28 have
275 4776 145 20 numerous

129 4838 191 26 UNSOLICITED
328 4834 209 27 TESTIMONIALS
547 4833 79 24 FROM
636 4832 42 23 MY

318 4864 165 25 CUSTOMERS

117 4924 63 30 .and
196 4924 115 29 Patrons
323 4920 133 39 attesting
480 4922 29 26 to
522 4927 45 30 my
581 4915 97 40 ability

118 4966 36 30 :in
169 4965 52 30 this
235 4962 154 42 particular.

336 5072 130 32 SEEDS.

204 5146 101 39 import
335 5142 65 39 only
432 5141 71 29 from
536 5139 48 30 the
616 5138 62 29 best

129 5187 144 39 European
285 5183 56 31 and
350 5179 177 34 Continental
541 5179 136 34 Growers,

129 5238 29 18 so
172 5227 59 28 that
244 5224 161 40 purchasers
417 5232 51 19 can
480 5221 60 38 rely
562 5230 36 18 on
614 5225 47 32 get-

127 5267 61 38 ting
200 5265 116 39 nothing
332 5263 52 31 but
399 5262 47 31 the
459 5262 63 29 best
535 5260 100 30 strains
648 5257 29 30 of

125 5308 95 29 Seeds.

165 5368 39 29 To
217 5367 78 31 those
307 5366 62 30 who
381 5365 71 30 have
470 5365 50 27 not
532 5360 84 40 given
630 5369 45 28 my

130 5409 70 30 Seed
223 5420 16 19 a
257 5407 72 37 trial,
343 5406 15 30 I
367 5404 91 33 would
478 5401 58 32 like
560 5400 76 30 them
648 5403 28 26 at

137 5455 60 24 east
209 5453 29 26 to
251 5447 67 32 send
330 5457 44 20 me
386 5456 16 19 a
414 5444 80 31 small
513 5441 64 31 trial
597 5440 81 30 order

129 5490 54 30 and
195 5499 125 30 compare
334 5487 108 36 results,
456 5483 55 32 and

146 5550 11 23 I
171 5550 41 22 AM
226 5547 176 26 WILLINOBTO
416 5543 89 24 ABIDI
519 5542 37 23 BT
570 5541 69 22 THEI

332 5582 138 26 DECISION

128 5679 48 31 XT
183 5677 88 32 OZIE
283 5676 85 31 TEA.
406 5677 28 29 A
444 5672 173 38 stimulating
623 5668 54 31 and

219 5718 156 37 sustaining
386 5726 54 28 cup
451 5715 29 28 in
493 5721 122 22 summer
623 5710 53 30 and

127 5762 108 28 winter.
271 5757 37 30 D.
322 5755 142 36 Cosmack,
477 5755 105 37 Agent,
602 5750 57 30 Rox-

124 5799 102 43 burgh.

693 222 161 42 T'EVIOT
917 215 338 39 HORTICUTjTDRAIi!

701 252 29 27 A
886 262 174 32 SOCIETY.
1254 252 1 45 !

1254 302 1 35 j

743 349 242 32 PROGRAMME
1006 349 47 29 OF
1073 348 124 35 SHOW,
1254 336 1 47 i

725 403 4 26 ,
767 407 30 21 To
806 406 25 21 be
839 405 48 22 held
896 407 23 19 at
927 405 174 21 the-Athen®aui
1114 403 57 26 Hall,

890 432 120 26 Roxburgh,
1027 439 26 14 on

695 474 157 36 FRIDAY,
867 476 53 28 3bd
935 473 220 35 FEBRUARY,
1169 473 79 28 1899.

809 565 85 23 CLASS
908 565 97 23 I.—POT
1019 564 109 23 PLANTS

709 605 18 21 1.
743 604 80 22 Double
837 604 86 22 Fucbsia

710 632 18 22 2.
743 632 68 26 Single
821 631 87 22 Fuchsia

705 661 21 20 3.
740 660 65 20 Three
812 659 103 25 FucLm*s,
926 658 48 20 vari-
983 659 38 19 tie»

710 687 19 21 4.
743 685 66 23 Three
821 686 101 25 Petunias,
962 685 27 21 do

710 715 19 21 5.
743 713 68 26 Single
821 713 112 21 Geranium

708 742 21 23 6.
743 741 80 24 Doable
837 741 110 22 Genuium

711 771 19 22 7.
745 769 64 24 Three
821 770 129 24 Geraniums,
966 769 94 21 varieties

712 799 17 20 8.
745 798 50 21 Best
806 797 141 26 Pelargonium

710 826 19 21 9.
745 824 65 22 Three
820 824 159 26 Pelargoniums,
989 822 95 21 varieties

700 854 31 21 10.
746 853 38 26 Ivy
794 852 111 21 Geranium

700 881 31 22 11.
746 880 49 21 Best
802 880 75 22 Cactus

698 908 33 22 12.
744 907 83 27 Foliage
836 906 88 26 Begonia

700 936 33 22 13.
747 935 113 24 Flowering
868 933 89 27 Begonia

701 963 29 21 1-4.
744 962 107 26 Specimen
863 961 61 22 Plant

700 990 32 22 15.
747 990 52 21 Most
808 988 71 23 Points
888 988 22 22 in
918 988 64 21 above
992 988 55 21 Class

774 1039 87 24 CLASS
869 1038 175 24 lI.—BORDER
1060 1036 114 22 PLANTS.

713 1081 19 22 1.
745 1080 66 22 Three
898 1078 102 21 Williams

712 1108 19 23 2.
743 1109 68 21 Three
819 1108 43 22 Sun
874 1106 88 22 Flowers

713 1137 19 21 3.
747 1137 44 21 One
800 1136 42 21 Sun
851 1135 88 25 Flower,
950 1134 74 25 largest

713 1164 20 22 4.
747 1164 66 22 Three
821 1161 118 27 Marigolds,
948 1168 40 19 any
1000 1159 77 27 variety

713 1191 18 22 5.
747 1191 66 22 Three
821 1190 128 26 Carnations,
960 1195 33 14 vat
997 1188 57 21 ieties

712 1219 17 21 6.
745 1220 65 20 Tbree
819 1219 99 23 Picotees,
998 1216 27 19 do

713 1247 20 21 7.
748 1247 65 21 Three
823 1244 81 23 Pansies
1000 1242 27 21 do

713 1275 19 19 8.
747 1274 64 21 Three
820 1272 61 22 Lilies
996 1269 27 22 do

714 1301 20 22 9.
748 1301 65 23 Tbree
819 1300 63 22 Roses
1001 1298 27 20 do

704 1330 32 21 10.
749 1330 36 21 Six
795 1329 62 21 Roses
1001 1324 27 22 do

705 1357 29 21 11.
749 1357 64 21 Three
820 1353 80 25 Double
907 1353 85 21 Dahlias
1000 1352 27 20 do

705 1383 31 23 12.
750 1383 35 21 Rix
795 1381 80 24 Double
885 1381 84 21 Dahlias
1001 1379 27 21 do

705 1412 31 21 13.
750 1411 64 21 Three
823 1409 68 26 Single
901 1408 83 22 Dahlias
1001 1406 27 21 do

706 1440 29 20 14.
749 1438 65 21 Three
823 1437 73 21 Asters
1002 1434 26 20 do

705 1466 31 23 15.
750 1466 35 22 Six
795 1466 70 23 As-era
998 1462 26 20 tlo

705 1495 31 22 16.
751 1494 65 21 Three
825 1492 106 22 Verbenas
1002 1489 26 21 do

705 1522 31 21 17.
750 1522 65 20 Three
825 1519 102 22 Dianthus
1002 1517 26 21 do

705 1550 31 21 18.
750 1549 66 22 Three
834 1547 95 25 Phloxes,
948 1543 106 23 Perennial
1073 1543 61 22 {stem
1153 1541 21 21 of
1197 1541 56 24 each)

780 1575 94 22 varieties

706 1605 30 21 19.
751 1604 65 21 Three
826 1602 95 26 Phloxes,
933 1599 136 24 Drummondi
1085 1599 60 26 (stem
1156 1597 22 21 of
1187 1597 65 24 each),

779 1631 94 22 varieties

705 1659 31 22 20.
751 1659 65 21 Three
827 1657 161 25 Antirrhinums,
999 1654 95 21 varieties

705 1687 31 20 21.
751 1687 55 21 Four
814 1686 70 21 Stock-
896 1685 45 26 (one
952 1684 57 26 spike
1018 1682 65 26 each),
1094 1680 94 22 rarieties

705 1715 31 21 22.
751 1714 65 20 Three
825 1713 97 25 Gladioli,
936 1710 93 22 varieties

705 1741 31 22 23.
751 1741 54 21 Four
815 1739 125 27 Hollyhock*

705 1769 31 22 24.
751 1769 131 21 Ornamental
894 1766 74 22 Basket
977 1765 21 21 of
1007 1764 89 22 Flowers

706 1797 31 20 25.
752 1796 61 20 Hard
823 1796 94 25 Bouquet

706 1824 31 22 26.
751 1823 62 22 Ttble

706 1851 31 22 27.
752 1851 71 22 Gent's
834 1851 77 20 Button
922 1848 45 22 hole

706 1879 32 21 28.
753 1878 72 27 Lady*!
836 1878 72 19 Breast
919 1876 93 25 Bouquet

707 1906 32 22 29.
753 1904 110 23 Collection
873 1903 21 21 of
903 1903 41 22 Cut
954 1903 87 21 Flowers

708 1933 30 24 30.
750 1933 113 22 Collection
874 1932 21 20 of
904 1931 42 21 Cut
956 1929 93 23 Annuals

708 1962 31 21 31.
754 1960 111 23 Collection
875 1959 21 21 of
908 1957 129 27 Everlasting
1047 1957 89 21 Flower*

708 1989 31 22 32.
754 1988 110 22 Collection
874 1986 22 22 of
903 1985 134 22 Ornamental
1047 1985 84 21 Grasses

708 2018 32 22 33.
753 2016 61 23 Hand
824 2016 102 26 Bouquet,
936 2014 59 21 made
1004 2020 28 20 up
1046 2013 27 26 by
1087 2011 92 22 children
1190 2010 65 22 under

783 2044 23 22 14
818 2051 57 19 years

707 2073 33 21 34.
754 2072 55 21 Most
818 2071 69 20 Points
896 2070 21 20 in
926 2069 63 20 above
999 2068 56 21 Class

851 2122 84 23 CLASS
948 2119 163 24 lII.—FRUIT.

720 2164 20 22 1.
755 2164 49 21 Five
814 2162 83 26 Apples,
908 2160 83 21 Dessert

721 2192 20 21 2.
755 2192 49 20 Five
814 2190 83 26 Apples,
907 2188 90 25 Cooking

720 2220 20 20 3.
756 2217 49 22 Five
814 2216 93 26 Peaches,
917 2215 117 25 Clingstone

720 2246 20 22 4.
754 2246 49 22 Five
813 2244 93 26 Peaches,
920 2243 108 22 Freestone

720 2274 12 20 5
753 2274 50 20 Five
813 2272 94 26 Apricots

719 2301 21 21 6.
753 2301 51 22 Five
813 2300 118 21 Nectarines

719 2329 21 22 7.
755 2329 50 21 Five
814 2328 66 22 Pears,
891 2325 90 25 Cooking

720 2356 25 22 (L
755 2356 50 22 Jive
814 2355 68 25 Pears,
893 2354 82 20 Dessert

720 2383 20 23 9.
755 2383 81 22 Twelve
845 2382 72 26 Gages,
927 2381 66 20 Green
1002 2386 23 15 or
1035 2380 79 21 Yellow

708 2414 32 21 10.
753 2411 82 22 Twelve
844 2410 63 25 Large
917 2409 76 25 Plums,
1003 2408 51 20 dark

708 2442 32 20 11.
753 2439 81 20 Twelve
845 2438 88 19 Medium
944 2437 76 23 Plums,
1029 2435 52 25 light

708 2468 30 21 12.
753 2465 81 23 Twelve
846 2465 81 20 Dessert
936 2463 77 25 Plums,
1024 2461 50 21 dark

708 2496 31 21 13.
753 2493 82 22 Twelve
844 2493 83 21 Dessert
936 2491 78 26 Plums,
1025 2490 56 27 %ht

708 2524 31 20 14.
752 2520 142 27 Twenty-four
908 2519 98 21 Damsons

708 2551 30 22 15.
752 2548 113 23 Collection
875 2547 21 20 of
904 2547 55 21 Nuts

709 2580 28 19 16.
752 2577 81 21 Twelve
844 2575 94 20 Walnuts

708 2606 31 21 17.
752 2604 66 21 Three
827 2604 46 24 Figs

708 2634 30 21 18.
753 2633 44 20 One
809 2630 71 23 Bunch
889 2629 21 21 of
920 2628 49 23 Best
981 2628 86 27 Grapes,
1076 2627 81 26 ftrioor,
1168 2626 52 22 liwht

708 2662 32 21 19.
754 2660 44 22 One
808 2658 71 22 Bunch
889 2657 21 21 of
922 2658 47 21 Best
980 2656 85 27 Grapes,
1076 2656 77 24 indoor,
1165 2655 50 20 daik

707 2689 32 21 20.
753 2689 46 19 One
810 2686 71 21 Bunch
891 2685 21 20 of
922 2685 49 20 Best
981 2684 86 26 Grapes,
1075 2683 95 25 outdoor,
1182 2682 52 25 light

707 2717 31 19 21.
750 2715 47 20 One
809 2713 70 20 Bunch
890 2712 22 20 of
921 2712 49 20 Best
980 2711 87 25 Grapes,
1075 2710 94 23 outdoor,
1181 2710 51 19 daik

707 2743 31 21 22.
753 2740 149 25 Gooseberries,
912 2746 38 13 one
960 2738 46 26 pint

705 2771 33 21 23.
753 2769 72 21 White
833 2768 107 24 Currants,
950 2766 44 21 half
1003 2772 12 14 a
1025 2765 45 27 pint

705 2798 33 22 24.
753 2796 62 22 Black
826 2795 98 22 Currants
999 2793 27 22 do

706 2826 30 22 25.
752 2825 43 21 R«d
806 2824 101 21 Currants
1004 2821 27 21 do

706 2854 31 21 26.
752 2851 110 22 Collection
873 2850 21 20 of
904 2849 59 22 Fruit
974 2856 67 19 grown
1051 2848 28 26 by
1086 2846 109 22 Exhiliit^r

706 2881 31 22 27.
752 2880 54 22 Most
816 2879 70 21 Points
896 2879 20 20 in
926 2877 63 21 above
999 2876 56 22 Class

805 2928 84 23 CLASS
902 2925 255 23 IV.—VEGETABLES.

718 2967 19 21 1.
750 2966 82 21 Twelve
842 2965 66 21 Brond
918 2965 63 20 Beans

719 2995 17 21 2.
751 2992 142 28 Twenty-four
903 2992 73 20 Butter
990 2991 65 20 Bean*

718 3023 19 20 3.
751 3020 143 27 Twenty-four
904 3018 77 23 French
991 3019 65 20 Benn»

718 3050 19 21 4.
753 3048 142 25 Twenty-four
904 3046 78 21 Scarlet
991 3046 96 20 Runners

718 3077 21 21 5.
752 3075 65 22 Three
826 3075 45 22 Red
882 3074 48 21 Bert

718 3105 19 21 6.
751 3104 49 21 Two
809 3102 103 26 Cabbages
921 3100 31 22 for
962 3099 55 22 table

718 3132 19 21 7.
753 3132 98 20 Heaviest
863 3130 92 25 Cabbage

718 3159 19 21 8.
751 3159 49 20 Two
809 3158 44 21 Red
863 3157 103 25 Cubliages

718 3184 19 23 9.
752 3184 50 22 Two
810 3184 137 23 Cauliflower!

706 3214 30 23 10.
750 3213 66 23 Three
824 3213 72 26 Celery

706 3243 32 21 11.
752 3242 35 20 Six
798 3243 103 24 Potatoes,
911 3246 39 14 one
958 3239 80 25 variety

705 3270 31 21 12.
751 3269 81 21 Twelve
842 3268 102 25 Potatoes,
955 3266 62 20 three
1031 3265 102 23 varieties,
1153 3265 46 21 four
1209 3264 47 21 each

706 3297 31 21 13.
752 3296 50 20 Two
809 3295 133 25 Cucumbers,
953 3293 68 21 forced

706 3324 30 22 14.
750 3323 50 21 Two
808 3321 133 26 Cucumbers,
950 3327 54 19 open
1012 3319 32 23 air

705 3351 32 22 15.
750 3351 36 22 Six
796 3351 94 22 Autumn
902 3349 78 22 Onions

706 3379 30 22 16.
751 3379 35 21 Six
798 3379 75 26 Spring
882 3377 78 23 Onions

704 3407 31 22 17.
749 3406 65 21 Three
823 3406 95 25 Parsnips

704 3434 32 22 18.
749 3434 86 26 Twenty
845 3433 42 20 Pod
897 3433 51 20 Peas

704 3461 32 23 19.
750 3461 52 22 Half
812 3460 48 23 Pint
869 3458 82 23 Shelled
960 3459 52 22 Peas

704 3490 31 22 20.
750 3489 35 23 Six
794 3488 70 23 Stalks
872 3488 50 21 Best
932 3485 99 24 Rhubarb

704 3517 32 22 21.
750 3518 36 21 Six
796 3516 69 23 Stalks
875 3515 99 22 Heavieat
986 3513 99 24 Rhubarb

704 3545 32 21 22.
750 3545 66 20 Three
825 3543 83 22 Garden
917 3541 88 27 Turnips

704 3572 32 22 23.
750 3572 66 21 Three
824 3570 58 23 Field
891 3569 88 27 Turnips

704 3600 33 22 24.
751 3599 113 27 Vegetable
875 3598 94 25 Marrow,
979 3596 94 21 heaviest

705 3627 31 22 25.
750 3626 116 27 Vegetable
874 3626 95 25 Marrow,
976 3624 55 21 table

704 3654 32 23 26.
750 3653 104 28 Pumpkin

704 3683 33 21 27.
751 3683 65 20 Three
825 3682 83 20 Carrots

705 3709 32 22 28.
751 3709 66 21 Three
828 3708 61 21 heads
899 3706 90 22 Shallots

705 3737 32 23 29.
751 3737 66 23 Thred
826 3736 74 22 Potato
907 3735 79 23 Onions

706 3767 30 21 30.
751 3765 67 22 Three
827 3765 50 21 Coss
887 3763 87 22 Lettuce

705 3793 32 22 31.
751 3793 66 21 Three
825 3791 97 26 Cabbage
929 3791 87 21 Lettuoe

706 3821 31 22 32.
753 3821 49 20 Dish
812 3819 88 26 Spinach

706 3848 31 21 33.
751 3848 36 20 Six
797 3847 115 23 Tomatoes,
922 3844 72 21 indoor

706 3875 31 22 34.
751 3874 35 21 Six
795 3874 114 23 Tomatoes,
920 3871 87 21 outdoor

706 3902 31 23 35.
754 3902 49 21 Best
812 3899 112 24 Collsction
937 3899 20 21 of
966 3899 114 21 Tomatoes.

706 3929 31 22 36.
751 3928 82 22 Twelve
843 3928 57 25 Long
910 3926 99 22 Radishes

706 3957 31 22 37.
752 3956 82 22 Twelve
845 3954 79 27 Turnip
934 3954 98 21 Radishes

706 3984 33 22 38.
753 3984 113 21 Collection
876 3982 22 21 of
907 3982 67 21 Herbs

706 4012 31 22 39.
752 4012 36 21 Six
797 4010 66 22 Leeks

706 4040 34 24 40.
753 4039 113 22 Collection
877 4036 21 23 of
904 4036 123 26 Vegetables
1033 4043 68 20 grown
1111 4036 27 26 by
1148 4035 108 22 Exhibitor

705 4068 34 21 41.
753 4067 56 21 Most
817 4066 72 21 Poiuta
898 4065 21 20 in
929 4064 62 21 above
1002 4064 56 21 Class

789 4116 86 23 CLASS
888 4115 134 22 V.-FARM
1038 4113 138 22 PRODUCE.

718 4158 19 22 1.
753 4158 33 21 lib
796 4156 63 22 Fr»sh
871 4156 81 25 Butter,
962 4155 21 20 in
993 4155 38 21 roll

718 4186 19 22 2.
753 4185 33 21 lib
800 4182 111 24 Powdered
920 4182 75 21 Butter

719 4214 18 21 3.
753 4213 59 21 Plate
820 4212 70 25 Fancy
899 4211 75 20 Butter

718 4242 19 20 4.
751 4241 45 21 31bs
805 4240 45 21 Salt
866 4239 73 20 Butter

721 4269 20 21 5.
754 4268 44 22 31bs
808 4268 45 21 Salt
863 4266 82 24 Butter,
953 4266 21 19 to
980 4264 25 21 be
1011 4264 20 21 in
1038 4263 65 22 bands
1110 4262 22 22 of
1139 4264 84 19 seeretai
1229 4263 27 21 ies

781 4295 47 21 four
840 4292 65 22 weeks
915 4292 68 21 before
992 4291 36 21 the
1036 4292 61 21 Show

718 4323 20 22 6.
752 4323 47 21 Full
810 4321 63 22 Mileh
882 4320 85 25 Cheese,
977 4319 59 22 made
1045 4319 26 25 by
1082 4317 111 23 Exhibitor

717 4351 21 21 7.
753 4351 62 25 Hum,
826 4352 37 18 not
871 4347 84 22 smoked

718 4378 18 21 8.
753 4378 62 25 Ham,
825 4374 85 22 smoked

718 4405 19 21 9.
753 4404 46 21 Roll
809 4403 21 21 of
838 4403 75 24 Bacon,
924 4400 113 21 unmarked

707 4433 30 21 10.
752 4432 57 20 Plain
818 4431 67 20 Oaten
894 4428 56 21 Cake

708 4459 29 21 11.
751 4459 73 21 Girdle
833 4458 80 22 Scones,
925 4454 53 28 plain

707 4487 30 22 12.
751 4486 59 22 OTen
821 4486 82 22 Scones,
913 4483 55 26 plain

707 4515 31 21 13.
751 4514 67 26 Fancy
831 4513 75 21 Scones

707 4543 30 20 14.
752 4541 51 21 Loaf
813 4537 137 25 Home-made
960 4536 73 24 Bread,
1043 4537 37 19 not
1091 4535 64 21 under
1165 4535 34 20 41b

708 4570 30 21 15.
751 4569 82 22 Twelve
843 4567 46 21 Hen
905 4565 52 28 Eggs
966 4564 92 27 (weight)

706 4598 31 20 16.
751 4596 81 21 Twelve
842 4594 59 22 Duck
911 4593 52 26 Eggs
976 4592 92 27 (weight)

707 4624 30 22 17.
753 4624 67 21 Home
830 4621 59 22 made
897 4624 66 21 Jams,
974 4620 56 22 three
1040 4622 54 23 pots,
1104 4618 94 20 varieties

707 4652 30 22 18.
753 4651 66 21 Home
828 4649 60 22 made
897 4648 86 25 Pickle?,
993 4647 58 20 three
1061 4650 52 23 pots,
1124 4645 94 21 varieties

707 4679 30 22 19.
752 4676 110 23 Preserved
873 4676 59 20 Fruit
937 4675 20 20 in
969 4675 87 23 Bottler,
1066 4673 59 20 three
1134 4676 46 22 pots

706 4706 32 21 20.
752 4706 50 19 Best
810 4703 112 20 Collection
932 4701 23 21 of
964 4701 62 20 Dried
1037 4699 66 24 Fruit,
1114 4699 57 20 dried
1183 4698 73 24 locally

706 4732 33 23 21.
754 4732 49 21 Best
812 4730 112 21 Collection
932 4728 22 21 of
958 4727 139 26 Jellies,three
1105 4726 151 27 pots.vaiieties

706 4760 32 23 22.
754 4760 53 20 Most
817 4758 72 21 Points
899 4757 19 20 in
929 4756 62 21 above
1001 4755 56 21 Clan

789 4808 84 22 CLASS
885 4805 136 23 VI.-LIVE
1035 4804 138 22 POULTRY.

731 4849 50 22 Best
790 4847 55 23 Cock
855 4846 39 22 and
906 4845 47 23 Hen
964 4845 20 21 in
994 4843 47 23 each
1052 4843 22 23 of
1082 4843 36 22 the
1129 4843 103 27 following

939 4873 85 21 Classes.

718 4916 19 21 1.
751 4914 63 22 Black
824 4913 44 21 Red
878 4913 65 21 G»mo

717 4943 20 22 2.
751 4943 73 20 Brown
835 4940 94 26 Leghorn

716 4971 20 21 3.
751 4969 71 21 White
832 4967 93 27 Leghorn

716 4998 20 23 4.
751 4996 86 28 Spanish

718 5026 19 22 5.
751 5024 112 28 Plymouth
873 5023 56 21 Rock

716 5054 20 21 6.
751 5052 92 25 Dorking

717 5080 19 23 7.
752 5078 108 27 Langshan

716 5108 19 23 8.
750 5107 87 22 Bantam

716 5136 20 22 9.
753 5136 52 21 Barn
816 5133 56 22 Yard

705 5164 31 22 10.
751 5162 127 26 Wyandotte

704 5191 32 22 11.
752 5189 90 22 Houdan

704 5219 32 21 12.
751 5218 101 20 Minorcas

704 5246 32 22 13.
751 5244 60 21 Duck
820 5243 40 21 and
872 5242 69 21 Drake

704 5273 32 23 14.
750 5271 100 27 Turkeys,
859 5270 46 21 best
915 5269 43 33 pair

705 5301 32 22 15.
751 5300 73 25 Geese,
834 5299 45 20 best
889 5305 43 17 pair

704 5329 31 21 16.
751 5327 49 23 Best
808 5327 80 24 Canary
897 5325 21 21 in
928 5325 53 26 Cage

746 5376 85 24 CLASS
845 5376 45 21 VII
899 5374 202 24 —INDUSTRIAL
1114 5374 94 23 WORK.

717 5420 19 22 1.
750 5417 108 28 Specimen
867 5415 22 22 of
897 5414 89 23 Leather
992 5414 65 22 Work

716 5447 21 23 2.
751 5444 87 24 Exhibit
845 5443 92 26 showing
946 5442 45 21 best
1000 5449 35 16 use
1042 5442 22 21 of
1071 5441 71 21 Wsste
1153 5442 99 21 Products

781 5473 20 23 in
810 5470 63 27 Cork,
882 5470 73 28 China,
965 5468 59 29 Bags,
1033 5468 74 27 Shells,
1117 5471 40 21 etc.

718 5503 19 22 3.
751 5501 108 28 Specimen
868 5499 22 21 at
897 5498 66 27 Craay
972 5505 24 14 or
1005 5497 63 22 Patch
1079 5496 64 22 Work

717 5532 20 20 4.
751 5530 66 22 Three
826 5525 136 23 Horns-made
986 5524 265 22 Handkerchiefs—Drawn

781 5553 78 25 Thread
868 5553 43 23 and
918 5552 105 24 Initialled

718 5585 19 21 5.
751 5582 87 23 Dressed
849 5579 47 23 Doll

718 5613 19 21 fi.
753 5612 38 26 Iyd
800 5609 89 23 Crochet
899 5608 58 25 Law,
967 5607 35 22 2in
1012 5606 51 22 wide

717 5640 19 23 7.
751 5639 106 27 Specisaen
866 5635 23 23 of
900 5634 156 28 Mouitfmellick

717 5668 20 23 8.
750 5666 106 28 Specimen
865 5663 24 24 of
896 5663 76 24 Drawn
981 5661 80 23 Thread

716 5696 21 22 9.
751 5694 106 26 Specimen
865 5691 22 24 of
896 5691 61 24 Qmss
965 5690 67 22 Stitch

706 5724 30 21 10.
752 5722 48 21 Best
810 5717 98 26 Starched
917 5717 71 21 White
998 5717 58 21 Shirt
1064 5717 82 26 (Man's)

706 5751 30 22 11.
751 5749 49 21 Best
816 5748 56 21 Plain
891 5745 87 26 Sewing,
998 5750 39 21 any
1054 5744 123 26 article—by
1197 5744 54 22 child

702 5775 1 31 |
780 5775 64 21 under
854 5775 23 20 14

702 5804 37 23 112.
753 5803 37 22 Six
800 5804 78 21 Button
889 5801 63 22 Ho!rf
964 5799 40 28 -by
1014 5799 54 22 child
1077 5799 66 22 under
1152 5799 24 22 15

1254 209 3 27 !
1276 210 32 22 13.
1323 211 46 20 Pair
1378 210 77 21 Child's
1464 209 94 27 Sox—by
1568 209 49 26 girls
1626 209 65 21 undtr
1701 209 25 22 16

1254 238 2 21 ■
1276 239 31 20 14.
1322 238 47 20 Pair
1379 238 64 20 Men's
1453 238 40 19 Sox

1255 262 3 34 j
1277 266 30 20 15.
1324 264 116 26 Specimens
1451 264 21 21 of
1486 265 100 20 Arascene
1595 262 40 21 and
1646 263 103 27 Appliqne
1760 264 65 21 Work

1256 291 3 25 i
1277 292 24 21 16
1322 292 112 21 Collection
1444 291 22 21 of
1477 292 63 24 Paper
1551 291 87 21 Flowers

1257 317 3 29 j
1276 319 31 22 17.
1324 320 43 20 Hat
1393 319 112 23 Triromine
1540 318 85 21 Contest
1660 317 59 26 (Men
1754 318 55 25 only)
1823 325 5 18 ;

1257 344 3 28 j
1352 346 103 21 materials
1468 345 105 26 prorided.
1601 344 71 26 Entrv,
1682 344 26 21 3d

1258 371 3 27 !
1277 373 30 22 18.
1322 373 38 21 Pin
1380 373 89 20 Cushion
1482 371 273 27 Competition—Prettiest,
1776 374 53 18 most

1352 400 92 25 original,
1455 400 39 20 and
1505 398 91 21 smallest

1435 449 119 22 SPECIAL
1578 449 92 21 CLASS.

1261 487 2 28 i
1277 490 51 21 Besl
1345 489 52 26 kept
1420 488 178 22 Orchard—Prize
1617 488 34 26 £2,
1670 488 40 27 gift
1727 487 21 22 of
1764 488 68 27 Otago

1261 512 6 24 I
1353 517 61 20 Fiuit
1424 516 38 20 nod
1474 516 91 20 Produce
1573 518 81 22 Agency

1265 543 6 22 f
1279 544 50 20 Beat
1340 543 50 26 kept
1399 543 87 24 Cottage
1505 542 80 21 Garden
1606 542 93 25 (gardens
1717 541 113 22 cultivated

1254 575 11 16 •1
1353 570 32 21 for
1394 570 128 21 commercial
1530 577 97 19 purposes
1637 569 133 23 excluded)—
1773 569 57 21 Prize

1353 598 27 20 £1
1395 598 21 19 Is

1263 619 2 11 i

1306 663 13 18 A
1333 664 87 18 Dumher
1427 661 23 21 of
1457 661 80 26 Special
1548 661 66 21 Prizes
1621 661 42 20 srill
1674 661 24 20 be
1708 661 96 21 allotted.

1301 689 46 20 The
1355 689 122 20 Secretaries
1488 687 39 21 will
1543 689 77 19 receive
1631 688 81 21 Entries
1728 695 28 16 ap
1776 690 21 18 to
1809 689 23 20 10

1279 724 12 19 p
1301 724 27 13 m.
1340 724 25 12 on
1374 715 164 27 THURSDAY,
1556 715 41 22 2nd
1614 716 161 25 FEBRUARY,
1785 716 47 25 (the

1279 744 85 27 evening
1373 744 70 21 before
1454 744 34 21 the
1498 744 77 26 Show).

1305 772 35 21 All
1349 772 95 21 Exhibits
1454 774 55 19 must
1518 772 25 21 be
1552 776 22 16 at
1583 772 36 21 the
1639 772 47 21 Hall
1705 772 26 26 by
1750 772 12 21 9
1780 780 50 13 a.m.

1280 806 26 14 on
1316 800 36 19 the
1361 800 95 24 morning
1465 800 21 19 of
1498 799 35 21 the
1545 799 70 20 Show.

1303 826 44 21 The
1356 827 61 20 Show
1429 827 40 21 will
1479 827 24 20 be
1512 833 52 18 open
1578 826 52 21 from
1640 827 13 21 3
1662 833 50 20 p.m.
1724 828 21 19 to
1759 828 12 20 5
1780 833 52 21 p.m.

1279 854 40 21 and
1329 854 52 21 from
1392 854 81 21 7tolo
1482 855 21 20 in
1512 854 37 20 the
1567 855 94 23 eveninjr.
1690 855 114 20 Admission

1280 881 169 23 Non-members,
1467 882 34 24 Is;
1525 881 109 26 Members,
1651 882 56 24 free;
1722 880 108 23 Members'
1842 880 1 28 j

1280 908 94 26 families,
1387 909 26 22 3d
1421 908 58 23 each.

1306 936 67 24 Entry
1392 943 71 14 money
1483 935 42 22 will
1544 935 25 21 be
1595 936 40 21 For
1653 943 40 19 any
1713 936 86 21 number
1813 936 21 21 of
1842 935 1 27 1

1280 963 102 25 Exhibits,
1390 964 22 20 &s
1422 971 5 18 ;
1437 964 30 20 six
1476 963 102 25 Exhibits,
1587 964 21 20 2*
1616 971 5 14 ;
1632 964 65 25 single
1706 964 127 26 Exhibit,fid.

1305 991 34 20 No
1359 991 85 21 Exhibit
1461 995 22 17 to
1500 991 24 20 be
1542 991 95 20 retm-ved
1656 991 68 20 b-fore
1741 991 61 21 Show
1818 992 16 19 is

1280 1017 67 23 closed
1357 1021 73 24 except
1440 1018 26 27 by
1472 1018 36 21 the
1515 1018 107 26 authority
1630 1018 21 20 of
1659 1018 35 21 the
1701 1018 133 22 Committee.

1474 1059 33 20 W.
1522 1058 22 20 J.
1731 1059 7 19 )
1750 1059 59 20 How.

1474 1085 34 21 W.
1522 1085 23 21 P.
1562 1085 160 21 MATTHEWS
1733 1084 8 25 f
1749 1086 60 20 Skch.

1282 1153 259 30 APPLICATION
1555 1153 73 29 FOR
1642 1152 194 31 LICENSED

1474 1193 184 30 HOLDING.

1385 1266 122 28 District:
1526 1266 82 35 Otago
1622 1267 111 33 Mining.

1386 1305 82 26 Date:
1489 1304 61 27 24th
1566 1304 148 30 November.
1728 1305 71 27 1898.

1316 1343 36 24 To
1366 1343 41 25 the
1421 1343 110 26 Warden
1547 1350 22 18 at
1587 1343 146 31 Roxburgh.

1284 1379 92 34 Y\7E
1409 1379 89 35 hereby
1531 1379 71 35 apply
1630 1386 35 20 *°r
1684 1390 13 15 a
1717 1378 118 28 Licensed

1371 1417 117 32 Holding
1500 1419 36 23 for
1718 1425 117 24 purposes

1283 1455 77 26 under
1376 1454 40 26 the
1430 1454 137 35 provisions
1589 1458 24 21 ot
1735 1454 102 34 Mining

1287 1495 53 29 Act,
1477 1495 23 24 ot
1526 1492 40 25 the
1592 1492 70 26 lands
1689 1491 148 26 hereinafter

1282 1530 134 32 described,
1429 1529 79 27 wbrch
1519 1529 61 26 have
1592 1529 58 25 been
1663 1529 58 26 duly
1737 1528 99 27 marked

1284 1568 23 26 in
1322 1569 150 26 accordance
1490 1566 60 27 with
1571 1567 42 26 the
1627 1567 98 34 mining
1740 1566 82 35 regula-

1283 1606 72 26 tions.

1419 1642 151 28 THOMAS

1420 1680 153 28 SAMUEL
1590 1680 213 27 JOHNSTONE

1420 1719 72 26 WM.
1514 1719 108 27 OOUIiI
1636 1718 42 25 EU

1422 1757 71 25 WM.
1515 1755 126 28 MOORE

1446 1795 149 28 Signatures
1610 1793 27 25 <>f
1649 1793 153 34 Applicants.

1318 1839 50 35 (By
1384 1837 63 28 their
1467 1840 94 33 Agent,
1573 1836 90 28 Jabkz
1678 1835 143 34 13uhtdn.)

1321 1907 133 29 Nameand
1465 1906 100 28 address
1575 1907 25 27 in
1612 1906 42 27 full
1667 1905 28 28 of
1701 1904 138 37 applicants

1284 1947 142 26 —Thomas
1442 1945 110 31 Louden,
1565 1945 86 33 miner,
1665 1943 172 34 Roxburgh—

1283 1985 95 33 -3438-1,
1403 1983 140 36 24/11/98;
1564 1982 99 29 Samuel
1688 1983 149 31 Johnstone,

1270 2019 2 40 I
1286 2024 85 30 miner,
1403 2021 263 32 Lawrence—343Bs,
1695 2019 141 35 24/11/98;

1270 2057 2 34 i
1287 2061 110 25 William
1420 2060 109 29 Coulter,
1554 2060 87 31 miner,
1666 2057 173 32 Roxburgh—

1270 2098 108 33 -134386,
1409 2096 125 37 24/11/98
1546 2107 7 24 ;
1591 2096 112 28 William
1745 2094 94 35 Moore,

1270 2132 3 37 i
1287 2138 86 28 miner,
1390 2133 402 36 Roxburgh—343B7^24/11/98

1320 2173 165 28 Stvle'under
1498 2173 80 27 which
1592 2173 20 26 it
1630 2173 23 26 is
1679 2170 116 28 intended
1816 2176 25 21 to

1270 2208 3 36 I
1425 2213 41 24 the
1491 2210 113 27 business
1664 2209 102 27 Louden
1792 2208 49 27 and

1270 2255 2 31 '
1286 2256 70 30 party

1270 2282 2 40 j
1300 2282 3 40 '
1322 2286 111 35 Locality
1448 2285 80 27 where
1543 2285 41 27 the
1606 2284 58 28 land
1687 2282 96 37 applied
1804 2283 37 27 for

1270 2321 3 31 !
1286 2327 19 24 is
1319 2324 183 27 situated—On
1517 2324 41 24 the
1571 2322 67 27 bank
1651 2323 23 25 of
1693 2322 41 25 the
1748 2321 93 27 Clutha

1270 2359 2 37 !
1287 2365 63 24 river
1374 2369 25 19 at
1423 2361 136 35 Roxburgh
1587 2360 69 32 Bast,
1682 2359 75 26 about
1773 2359 67 26 three

1270 2396 3 38 I
1286 2402 85 26 chains
1387 2400 71 27 north
1474 2406 60 20 west
1545 2398 28 28 of
1583 2407 45 19 out
1636 2404 97 30 present
1747 2396 91 38 special

1271 2437 2 28 !
1286 2439 71 26 claim

1270 2472 2 43 |
1324 2475 90 28 Extent
1428 2474 28 27 of
1467 2472 165 39 land»applied
1645 2472 86 43 for—l
1743 2472 12 43 3
1767 2472 72 43 acres,

1271 2513 1 41 j
1287 2523 66 18 more
1366 2522 27 17 or
1413 2513 47 25 less

1271 2547 2 40 I
1322 2554 112 26 Amount
1445 2549 27 29 of
1482 2549 89 37 capital
1586 2547 119 38 proposed
1718 2553 27 23 to
1759 2547 28 28 be
1801 2548 25 27 in-

1271 2589 2 29 i
1287 2589 232 29 vested—£l,soo.

1271 2617 2 45 I
1324 2626 123 36 Proposed
1462 2625 71 28 mode
1547 2624 27 28 of
1585 2623 114 36 working:
1722 2622 40 28 the
1781 2622 59 28 land

1272 2659 2 39 !
1449 2663 54 27 'Btid
1517 2663 127 34 elevating

1322 2703 73 25 Term
1422 2702 38 25 for
1484 2701 80 26 which
1584 2700 90 26 license
1693 2700 20 25 is
1727 2697 113 37 required

1272 2738 1 37 !
1288 2739 62 26 —2l
1371 2748 72 27 years

1272 2771 2 44 |
1321 2776 107 27 General
1444 2774 226 34 Remarks—Pegs
1694 2773 101 27 marked
1815 2771 24 28 X

1323 2813 79 28 Dated
1417 2820 25 20 at
1460 2813 135 36 Roxburgh
1611 2813 49 26 this
1680 2811 60 27 24th
1754 2811 48 36 day
1815 2811 28 26 of

1272 2852 2 33 j
1290 2853 148 32 November,
1453 2852 72 27 1898.

1519 2904 4 4 ■

1322 2928 53 27 The
1389 2926 76 28 above
1479 2926 151 37 application
1642 2925 49 28 and
1701 2933 49 26 any
1764 2923 65 36 objec-

1272 2957 3 40 |
1289 2966 64 25 tions
1369 2965 47 25 will
1441 2965 27 25 be
1494 2963 75 27 heard
1595 2970 25 20 at
1646 2964 41 26 the
1708 2962 133 25 Warden's

1272 2998 3 40 ,
1288 3003 78 26 Office
1380 3010 24 19 at
1420 3001 147 37 Roxburgh,
1580 3010 30 18 on
1623 3000 60 28 15th
1694 2998 146 34 December,

1272 3041 3 33 ;
1291 3041 72 29 1898,
1378 3046 24 19 at
1418 3041 31 24 10
1463 3050 12 15 a
1487 3049 30 16 m.

1324 3081 56 31 Any
1396 3086 87 26 person
1503 3076 111 34 desiring
1628 3080 25 22 to
1666 3074 81 36 object
1760 3080 26 21 to
1801 3076 40 25 the

1288 3116 64 25 issue
1366 3115 26 25 of
1402 3125 12 16 a
1428 3114 89 27 license
1529 3113 37 27 for
1577 3114 42 26 the
1630 3112 56 28 land
1698 3111 97 38 applied
1804 3112 38 26 for

1272 3149 2 38 I
1289 3158 74 24 must,
1387 3153 66 34 prior
1477 3157 25 21 to
1528 3151 42 26 the
1594 3150 113 35 hearing,
1720 3156 72 21 enter
1802 3149 40 27 his

1272 3184 2 46 j
1288 3190 137 36 objections
1449 3196 26 21 at
1500 3188 42 29 the
1567 3187 131 29 Warden's
1722 3187 75 28 Office
1804 3196 5 8 £
1813 3191 29 22 'at

1289 3227 146 36 Roxburgh.

1339 3274 212 30 FREDERICK
1569 3270 169 37 JEFFEftY,

1514 3313 104 35 Mining
1635 3312 136 35 Registrar,

1625 3349 49 28 Pro
1690 3349 117 28 Warden.

1322 3389 122 28 Received
1478 3394 25 22 at
1538 3387 133 28 Warden's
1707 3384 77 31 Office
1814 3393 27 21 at

1287 3427 87 36 Clyde,
1388 3436 32 17 on
1430 3425 134 37 26/11/98,
1575 3431 25 22 at
1614 3425 32 28 10
1658 3425 36 27 30
1702 3434 57 17 a.m.

1461 3495 75 30 FOB
1555 3494 106 30 SALE.

1287 3574 104 27 MACK
1395 3574 51 27 AY
1482 3572 203 28 BROTHERS'
1722 3571 98 28 FIRST-

1321 3612 109 26 CLASS
1448 3610 174 28 COUNTRY
1637 3609 170 27 BUSINESS

1425 3648 45 28 AT
1491 3646 218 29 ROXBURGH.

1369 3767 54 26 late
1443 3766 43 26 Mr
1498 3766 90 25 James
1602 3764 112 36 Mackay
1727 3773 43 16 are
1783 3772 57 17 now

1287 3805 130 34 prepared
1446 3807 27 23 to
1497 3803 102 26 receive
1622 3802 78 26 offers
1722 3801 42 26 for
1785 3800 54 26 this

1287 3840 139 27 first-class
1442 3840 124 26 Business
1585 3848 28 17 as
1634 3848 17 16 a
1674 3838 81 35 going
1779 3846 45 17 con-

1286 3888 68 22 cern,
1367 3878 146 34 consisting
1526 3876 27 26 of
1572 3876 111 26 General
1697 3875 142 30 Groceries,

1289 3916 193 34 Ironmongery,
1510 3915 128 34 Drapery,
1674 3914 53 25 and
1752 3912 87 34 Fancy

1286 3953 95 31 Goods,
1393 3953 122 34 together
1526 3951 64 26 with
1600 3951 46 26 the
1656 3951 84 31 Store,
1752 3948 74 27 Build-

1287 3991 66 31 ings,
1367 3991 49 24 anil
1432 3989 128 26 Freehold
1574 3988 82 26 Land.

1321 4027 63 27 This
1411 4028 21 26 is
1460 4036 15 17 a
1505 4026 85 35 grand
1613 4025 174 35 opportunity
1814 4027 25 23 to

1286 4074 90 16 secure
1400 4075 16 15 a
1444 4064 139 34 profitable
1606 4064 52 25 and
1683 4062 157 31 flourishing

1287 4101 73 26 trade
1375 4101 64 26 with
1453 4111 16 16 a
1480 4100 125 36 splendid
1629 4099 162 30 connection,
1811 4108 28 16 as

1287 4139 45 26 the
1346 4138 143 27 Executors
1503 4148 43 17 are
1560 4137 117 26 desirous
1697 4137 27 25 of
1737 4137 86 34 dispos-

1286 4176 46 34 ing
1344 4176 28 26 of
1385 4176 21 26 it
1419 4180 26 23 at
1458 4186 70 16 once.

1321 4214 51 25 For
1397 4214 166 35 particulars,
1583 4214 82 33 apply
1690 4216 27 22 to
1744 4211 96 26 Messrs

1287 4250 66 26 Ross
1367 4252 51 24 and
1440 4250 170 34 Glendining,
1626 4250 131 29 Dunedin,
1771 4258 29 15 or
1813 4253 26 20 to

1286 4288 45 26 the
1346 4288 132 33 Manager,
1494 4287 146 33 Roxburgh

1385 4359 45 36 C.
1469 4358 37 36 J.
1550 4358 188 45 Coombs,

1307 4424 194 30 SURGICAL
1522 4424 24 28 k
1566 4420 255 32 MECHANICAL

1482 4463 164 31 DENTIST

1496 4517 38 26 (By
1550 4517 82 24 Emm.)

1292 4575 81 56 lyjß
1393 4575 152 30 COOMBS
1564 4585 61 26 may
1641 4574 32 28 be
1688 4572 149 30 Consulted

1543 4622 29 22 at

1444 4656 122 28 Hekon's
1590 4655 93 28 Homf.

1286 4696 41 28 On
1362 4695 254 34 WEDNESDAY,
1657 4696 50 26 7th
1752 4694 85 29 DKC.

1324 4776 38 26 As
1376 4774 14 28 I
1405 4774 94 28 intend
1514 4772 113 35 visiting
1646 4772 54 28 this
1722 4771 115 30 District

1286 4814 186 39 periodically,
1486 4814 20 29 it
1516 4814 52 28 will
1577 4823 63 19 save
1658 4812 120 29 Patients
1789 4812 48 29 the

1283 4866 121 27 expense
1417 4856 29 28 of
1458 4856 87 37 going
1559 4861 28 23 to
1600 4862 72 21 town
1686 4866 7 22 ;
1714 4854 52 27 and
1781 4864 30 17 as
1823 4854 10 27 1

1285 4900 150 32 guarantee
1454 4895 35 28 all
1515 4895 84 34 work,
1628 4894 122 28 Patients
1773 4903 61 28 may

1285 4935 56 39 rely
1356 4946 35 18 on
1404 4937 112 38 getting
1527 4947 16 17 a
1557 4934 143 30 first-class
1710 4934 115 28 denture

1284 5016 90 21 TEETH
1404 5016 79 22 MADE
1513 5018 35 20 B7
1579 5016 96 21 OTHER
1701 5015 134 22 DENTISTS

1305 5043 130 22 PROVING
1446 5043 252 23 UNSATISFACTORY
1708 5044 61 19 MAY
1781 5043 33 20 BE

1339 5070 194 22 REMODELLED
1547 5072 36 20 AT
1596 5070 95 21 SMALL
1704 5070 74 21 COST.

1286 5139 121 30 Painless
1437 5141 162 28 Extraction
1628 5139 66 28 with
1719 5138 115 27 Nitrous

1322 5179 87 30 Oxide
1430 5181 65 35 Gas,
1518 5181 125 34 Cocaine,
1659 5179 93 34 Ether,
1767 5188 30 18 or

1469 5221 182 29 Chloroform.

1284 5292 130 31 Stopping
1437 5303 69 20 with
1526 5295 84 35 Gold,
1633 5294 147 33 Amalgam,
1799 5300 35 19 ok

1498 5336 123 30 Cement.

1374 5412 32 31 C.
1453 5412 29 30 J.
1534 5410 207 36 COOMBS,

1420 5460 128 29 Surgeon
1572 5459 118 30 Dkntist

1393 5501 51 30 112
1472 5501 111 29 Princes
1609 5502 101 34 Street,

1320 5540 145 41 (Opposite
1479 5540 129 39 CargilPs
1622 5540 173 35 Monument)

1412 5581 74 30 Near
1499 5581 93 29 Grand
1607 5580 93 36 Hotel,

1488 5620 143 22 DUNEDIN.

1395 5649 81 38 (Late
1490 5648 77 30 Kidd
1580 5648 55 30 and
1649 5647 61 38 Co.)

1303 5740 43 21 The
1356 5741 66 25 Otago
1432 5741 26 21 A.
1468 5740 40 20 and
1519 5740 22 20 P.
1549 5740 81 25 Society
1631 5736 4 30 1
1636 5746 10 13 *
1654 5739 58 20 show
1720 5745 26 13 on
1754 5736 75 23 Friday

1279 5767 39 21 but
1328 5774 40 14 w*a
1381 5767 75 26 largely
1466 5766 96 22 attended
1572 5766 39 21 aud
1622 5773 46 19 may
1678 5766 24 21 bo
1710 5764 77 22 claimed
1807 5771 23 12 as

1278 5802 12 14 a
1298 5802 78 14 succeed
1385 5795 20 21 in
1414 5802 61 19 avery
1484 5797 86 23 respect.
1589 5796 6 6 *

1888 739 86 56 W.
2035 735 357 65 TALBOYS,

1947 824 134 39 Direct
2117 824 211 47 Importer.

1884 950 96 43 JUST
2021 950 168 35 LANDED,
2227 962 15 17 a
2282 949 132 39 Splendid

1945 997 174 24 Assortment
2132 992 28 28 ot
2178 991 181 28 DRAPERY
2375 992 41 27 for

1866 1031 45 30 the
1926 1033 106 39 coming
2047 1042 107 25 season,
2167 1032 152 38 consisting
2333 1032 28 29 of

1903 1091 146 36 PRINTS,
2063 1093 70 27 from
2148 1091 55 36 4£d
2218 1101 49 30 per
2278 1091 37 40 yd

1962 1147 194 36 .SATEENS,

2046 1200 209 33 CAMBRICS,

2161 1253 161 35 APKONS,

1905 1303 195 37 CALICOES,
2118 1305 72 28 from
2274 1315 49 28 per
2334 1304 47 39 yd,

1905 1355 214 29 SHhhTINGS
2134 1355 107 35 (White
2253 1356 53 27 and
2322 1355 39 30 Un-

1978 1396 152 36 bleached/,
2141 1397 72 27 from
2227 1396 79 29 l.Old.

1953 1514 2 36 ■
1978 1514 294 36 L;irgesfrnssAftrnent
2286 1514 28 27 of

1869 1557 270 31 FLOOKCLOIHS
2155 1559 24 28 &
2194 1559 225 31 LINOLEUMS

1904 1613 48 21 out
1974 1608 28 26 of
2025 1606 136 36 Dimedin,
2183 1607 69 28 from
2275 1609 33 26 2s'
2330 1608 52 29 lid

2006 1658 47 27 per
2067 1648 118 36 yd—Oft
2199 1648 77 29 wide.

1997 1736 122 35 DtfSSS
2146 1743 143 29 STUFFS

1868 1788 26 27 in
1905 1787 34 28 all
1952 1788 45 27 the
2009 1789 80 27 l.itest
2101 1788 136 28 Materials
2244 1790 51 27 and
2305 1789 116 38 Shades,

1981 1829 68 28 from
2069 1830 31 28 5s
2114 1829 34 29 9d
2164 1830 45 28 the
2223 1829 87 31 dress.

2028 1933 135 29 Beautiful
2185 1933 40 29 lot
2244 1933 30 30 of

1870 1980 227 36 MILLINERY,
2119 1981 110 37 HATS,
2245 1982 175 38 RIBBONS,

1918 2029 201 30 FEATHERS
2139 2030 24 28 &
2183 2028 194 33 FLOWERS.

1869 2142 93 38 The
1978 2142 131 39 Men's
2124 2142 296 49 Clothing-'and

1907 2201 186 51 Mercery
2114 2203 272 48 Department

1870 2270 49 29 has
1936 2269 59 40 just
2016 2270 71 30 been
2110 2272 133 34 assorted,
2257 2272 54 29 and
2324 2272 23 29 is

1889 2310 103 39 replete
2005 2310 27 29 in
2046 2311 35 29 all
2096 2311 47 29 the
2157 2311 96 30 Latest
2253 2310 2 39 1
2261 2312 142 30 Novelties

2134 2352 29 29 of

1945 2391 123 38 Scarves,

1994 2437 5 14 y
2017 2434 114 36 Collars,

2070 2475 4 36 !
2090 2475 95 36 Pants,

2166 2516 99 35 Shirts,

2240 2556 66 36 Ae.y
2315 2556 60 36 &e.,

1965 2596 42 28 for
2026 2597 47 28 the
2092 2597 111 39 coming
2223 2608 105 19 season.

1963 2704 26 28 A
2014 2705 76 39 large
2116 2711 166 24 assortment
2308 2706 30 29 of

1907 2754 120 32 BOOTS

2000 2786 14 40 /
2108 2792 81 34 AtiD

1996 2826 11 41 ]
2263 2838 122 29 SHOES

1999 2878 9 50 |
2018 2886 100 39 always
2138 2897 31 19 on
2192 2886 83 30 hand.

1954 3050 141 30 DIRECT
2134 3047 205 33 IMPORTER.

1955 3172 33 40 J.
2020 3172 44 38 B.
2095 3172 159 44 YULE,
2279 3172 144 41 L.D.S.,

1956 3253 192 46 Surgeon
2164 3247 182 50 dentist,

1999 3314 300 30 INVERCARGILL.

2094 3396 109 28 Fees—

1872 3443 61 31 Full
1944 3443 97 40 Upper
2051 3442 24 30 &
2090 3443 96 30 Lower
2195 3443 63 30 Sets

1943 3484 71 30 from
2081 3507 29 7 ...
2227 3507 31 8 ...
2274 3486 38 28 £5
2351 3485 16 28 5
2406 3485 17 28 0

1872 3525 126 38 Fillings,
2011 3525 71 28 from
2224 3548 30 6 ...
2295 3526 17 27 0
2350 3526 16 27 5
2405 3526 17 27 0

1871 3566 55 29 Gas
1938 3564 219 30 administration
2223 3588 31 8 ...
2294 3565 17 28 0
2350 3567 16 27 2
2406 3566 17 28 6

1872 3605 175 30 Extractions
2075 3628 30 7 ...
2223 3629 30 6 ...
2294 3605 17 29 0
2350 3606 16 28 2
2406 3607 16 27 6

1975 3684 46 29 Mr
2042 3684 78 29 Yule
2142 3683 55 28 will
2217 3685 102 28 visit—

1871 3756 165 31 HERON'S
2050 3755 137 36 HOTEL,
2197 3756 214 31 ROXBURGH

1873 3872 161 57 gMITH
2122 3871 39 38 &
2228 3871 191 57 SHORT,

1981 3942 336 38 SADDLEKS,

2069 4002 161 27 Roxboroh.

1996 4088 118 22 PINFIRE
2136 4087 159 23 SADDLERY.

1938 4160 73 28 Your
2028 4160 79 28 How
2121 4160 20 26 is
2154 4169 62 26 jour
2229 4160 92 28 Frien«l
2335 4172 6 23 ;

1938 4199 50 26 We
2000 4209 42 17 are
2055 4198 41 28 the
2112 4198 101 26 Horde's
2227 4198 90 28 Fripnd
2328 4210 7 22 ;

1942 4236 130 27 Patronise
2084 4244 63 27 your
2160 4233 110 30 Friend's
2286 4236 98 28 Friend.

2020 4324 116 29 I.owest
2163 4323 108 28 Pricks.

2039 4407 27 27 in
2081 4404 87 38 Shop,
2188 4403 86 29 Purse
2295 4405 111 28 contain-

1952 4445 50 40 ing
2022 4455 109 27 money.
2169 4443 100 29 Owner
2288 4454 49 19 can
2352 4445 70 28 have

1869 4497 75 18 same
1964 4497 35 18 on
2020 4485 165 40 application
2199 4488 28 23 to
2249 4484 32 29 T.
2295 4485 27 28 J.
2338 4485 83 37 Quin,

1869 4527 130 28 Scotland
2014 4530 94 31 street,
2127 4524 159 37 Roxburgh.

1868 4595 141 29 TEYIOT
2018 4592 215 31 WESLEYAN
2249 4591 170 32 CHURCH.

1868 4675 75 41 (~\N
1965 4675 114 37 Sunday
2093 4673 123 29 Services
2230 4671 54 28 will
2308 4671 34 29 1m
2355 4681 65 19 con-

1955 4714 101 30 ducted
2069 4724 29 19 as
2112 4712 100 30 follow:
2215 4727 36 6 —

1868 4760 110 27 Roxburgh
1989 4760 20 25 (7
2019 4759 74 27 p.m.)-
2105 4758 52 21 Rev.
2166 4757 25 21 T.
2203 4757 25 21 A.
2238 4756 91 27 Joughin

1866 4790 48 19 Coal
1924 4788 65 21 Creek
1999 4787 21 25 (3
2029 4785 58 27 p.m.)
2096 4786 70 20 -Re*.
2175 4784 24 21 T.
2211 4785 26 20 A.
2247 4784 91 25 Joughin

1869 4816 77 22 Ettrick
1954 4815 29 26 (11
1995 4815 81 25 a.m.)—
2079 4814 52 20 Re*.
2140 4812 23 21 T.
2176 4813 25 20 A.
2211 4811 90 27 Joughio

1961 4842 20 25 (7
1997 4843 58 25 p.m.)
2060 4840 57 21 —Mr
2126 4839 85 22 Wat»o.i

1914 4904 151 32 PHASES
2085 4903 44 29 Ot
2155 4902 75 29 THE
2253 4901 114 30 MOON.

2034 4984 215 30 DECEMBER.

1864 5029 67 29 Last
1945 5028 116 35 Quarter
2109 5049 29 5 ...
2216 5024 136 36 Tuesday,
2367 5024 48 29 6th

1865 5070 66 26 New
1949 5068 79 27 Moon
2107 5089 29 4 ...
2195 5065 136 37 Tuesday,
2350 5065 63 27 13th

1865 5109 73 29 First
1952 5108 114 37 Quarter
2108 5130 30 6 ...
2197 5105 136 40 Tuesday,
2348 5105 67 30 20th

1865 5150 60 29 Full
1940 5150 82 27 Moon
2107 5169 29 6 ...
2244 5146 58 28 We«
2308 5149 27 32 1.,
2347 5146 67 29 28th
