4260 5920
210 201 127 49 Mining
377 201 115 41 Notes.

105 286 59 32 The
189 287 100 39 annua)
315 288 112 36 general
447 291 137 39 meeting,
595 293 29 28 of

70 333 47 27 lilie
131 329 110 39 Benger
256 328 75 31 Burn
348 327 147 41 Dredging
510 331 47 30 Co.
569 344 53 17 was

69 371 64 28 fceld
158 375 29 23 at
227 369 143 29 Noonan's
397 369 93 36 Hotel,
518 372 104 31 Millers

68 413 72 32 Flat,
154 411 53 28 last
234 409 139 39 Saturday
397 411 127 37 evening.
564 413 58 31 The

67 453 100 29 annual
200 457 94 33 report
324 451 53 28 and
418 451 204 33 balance-sheet

68 504 71 19 were
153 493 129 39 adopted.
324 492 44 28 Mr
381 491 111 30 Patrick
512 505 54 18 was
579 506 28 19 re-

67 535 105 31 flected
187 545 15 18 a
225 534 119 28 director
368 533 53 28 and
450 533 43 29 Mr
517 535 104 31 Haines

67 577 119 26 auditor.
227 575 25 27 It
268 584 54 16 was
334 573 112 28 decided
459 580 29 21 to
501 577 122 29 increase

68 617 47 29 the
129 615 100 34 capital
257 614 36 37 by
317 613 77 30 £SOO
420 613 52 29 and
501 616 121 39 improve

68 658 49 29 frb.e
148 656 105 32 dredge
286 659 28 23 to
352 653 75 28 work
460 655 163 39 M'lnt-yre's

69 698 92 35 claim,
194 698 87 26 above
314 694 47 29 the
406 695 109 30 Ettrick
549 697 74 31 Co.'s

69 739 121 34 claim,as
205 748 48 26 per
275 742 194 28 arrangement
495 739 62 27 with
579 740 45 27 Mr

70 778 138 40 M'Tntyre

107 820 58 28 The
193 818 126 29 Pleasant
348 816 98 39 Valley
472 818 76 30 GM.
575 819 47 31 Co.

75 860 105 28 washed
197 871 36 27 up
244 863 28 25 at
284 858 47 29 the
341 856 53 30 end
417 858 29 29 of
467 858 54 30 last
546 861 76 29 week

72 903 43 25 for
128 902 30 27 31
202 912 23 20 z,
240 900 45 28 the
300 898 85 29 result,
394 899 29 27 of
434 911 14 15 a
458 900 163 38 fortnight's

72 942 83 27 work.
196 941 57 27 The
267 938 105 33 ground
387 939 22 27 is
435 949 65 26 very
523 942 98 34 rough,

70 982 157 38 operations
241 980 83 36 being
337 978 103 30 carried
454 989 35 19 ou
504 979 26 29 in
547 982 74 38 quite

68 1033 14 16 n
98 1032 99 27 quarry
211 1022 30 26 of
251 1025 100 23 stones.

108 1061 99 33 Owing
220 1064 28 23 to
257 1070 15 18 a
281 1059 126 38 quantity
418 1058 30 28 of
465 1069 82 17 warm
561 1059 57 27 rain

61 1095 107 40 filing
182 1102 25 25 in
223 1100 47 27 the
284 1098 101 29 middle
399 1098 29 28 of
441 1098 50 28 last
508 1099 73 27 week
592 1100 25 26 in

68 1140 48 28 the
126 1138 225 37 neighbourhood
362 1138 32 28 of
406 1138 47 28 the
465 1138 152 35 Lakes,and

67 1181 48 28 the
127 1184 100 30 strong
236 1178 80 28 north
331 1178 96 35 winds,
441 1179 76 28 there
532 1190 53 16 was
604 1191 14 15 «

67 1220 187 31 considerable
268 1220 52 28 rise
333 1219 26 28 in
374 1218 47 29 the
442 1219 80 29 river.
562 1220 57 28 The

67 1272 93 27 gauge
185 1265 27 24 at
239 1261 45 28 the
309 1259 99 36 bridge
435 1271 35 17 on
506 1259 112 39 Sunday

67 1303 138 32 tnorniner,
220 1302 76 27 when
312 1300 47 28 the
373 1300 70 28 flood
459 1311 53 17 was
535 1306 27 22 at
583 1302 35 26 its

68 1344 120 33 highest,
202 1341 108 29 showed
326 1341 46 28 the
387 1340 71 29 river
471 1345 28 24 to
514 1342 33 28 be
562 1342 56 28 15ft

65 1384 89 28 above
165 1384 46 27 the
223 1382 101 29 normal
340 1393 7 23 ;
369 1382 52 27 but
444 1381 45 28 the
510 1382 71 28 flood
595 1382 23 28 is

67 1435 61 17 now
142 1423 95 37 slowly
258 1422 137 38 receding.

104 1462 300 37 TheDunedindredge
416 1461 127 29 obtained
552 1462 66 28 60oz

67 1504 43 28 lor
121 1500 57 31 last)
188 1503 101 28 week's
302 1502 86 27 work.
427 1501 58 28 The
498 1508 75 22 wash
597 1503 21 27 is

67 1543 139 39 evidently
221 1542 166 38 improving.

103 1585 57 26 The
200 1583 107 27 Ettrick
345 1582 104 38 dredge
493 1584 125 26 resumed

66 1624 140 35 dredging
218 1633 35 17 on
267 1621 128 38 Monday.

112 1664 48 29 !'he
174 1662 91 30 Island
283 1662 85 28 Block
379 1661 180 41 Goldmining
570 1662 47 30 Co.

67 1716 46 17 are
126 1704 124 38 reported
267 1707 27 24 to
310 1704 70 26 have
392 1704 96 27 struck
512 1714 16 16 a
551 1704 67 35 rich,

131 1744 76 29 small
232 1744 80 37 patch
323 1743 29 27 of
360 1743 83 28 wash.

104 1786 44 27 Mr
157 1784 123 35 J.Kitto,
291 1784 59 28 who
361 1784 47 28 has
419 1784 67 28 been
500 1782 102 33 dredge-

67 1827 102 26 thaster
178 1826 30 26 of
216 1825 46 27 the
274 1824 104 28 Ettrick
391 1822 225 40 DredgingCo's

66 1866 104 36 dredge
183 1865 44 27 for
241 1864 46 28 the
301 1863 52 28 last
378 1874 82 18 seven
486 1874 31 17 or
541 1862 76 34 eight

65 1914 88 27 years,
176 1904 48 26 has
246 1903 137 37 resigned,
408 1903 53 27 and
490 1902 44 28 Mr
559 1902 57 28 .fas.

67 1942 125 40 Crowley
205 1944 23 28 is
250 1947 29 24 at
305 1946 111 35 present
440 1942 176 38 temporarily

65 1986 28 27 in
108 1986 110 34 charge.
258 1983 33 27 In
306 1983 42 27 Mr
361 1983 135 28 Kittothe
508 1982 107 28 Ettrick

68 2024 47 29 Co.
131 2024 50 28 had
197 2034 15 16 a
226 2022 110 28 faithful
363 2026 111 24 servant
499 2022 55 27 and
583 2033 32 17 an

65 2062 354 41 experienceddredgeman
431 2076 8 23 ;
452 2062 27 29 in
489 2062 66 35 fact,
566 2073 51 18 one

67 2106 29 28 of
105 2106 47 26 the
162 2108 70 23 most
242 2103 179 38 experienced
431 2113 34 17 on
476 2103 48 28 the
534 2104 81 27 river.

101 2145 58 28 The
185 2144 102 28 Messrs
313 2142 121 36 Manuel,
460 2143 61 29 who
547 2143 69 29 have

65 2186 68 28 been
148 2184 127 37 working
298 2183 71 28 their
390 2184 80 28 claim
498 2186 29 26 at
550 2184 66 28 Coal

63 2224 89 31 Creek
164 2224 101 33 during
275 2223 47 29 the
334 2224 98 28 winter
442 2223 54 29 and
508 2225 107 36 spring,

63 2264 82 39 asing
157 2275 16 17 a
185 2263 77 29 small
275 2262 145 38 hydraulic
432 2263 87 39 plant,
545 2264 70 28 have

62 2308 71 27 have
156 2304 65 29 shut
246 2303 80 29 down
352 2303 43 29 for
420 2305 48 28 the
494 2315 122 19 summer

63 2346 118 30 months.
221 2344 51 29 We
297 2344 171 30 understand
482 2346 61 27 that
568 2347 47 27 the

63 2392 106 25 returns
183 2386 68 28 have
265 2384 71 29 been
352 2395 74 19 more
435 2385 177 40 satisfactory

63 2429 63 30 than
153 2426 86 35 usual,
265 2425 92 36 owing
382 2430 29 25 to
436 2426 48 29 the
523 2427 91 37 larger

63 2468 123 40 quantity
199 2466 29 29 of
241 2466 54 28 dirt
308 2470 51 34 put
385 2476 78 27 away
483 2467 66 28 than
578 2468 35 37 by

63 2511 45 28 the
120 2509 45 28 old
180 2506 109 29 method
308 2506 30 28 of
360 2507 251 39 ground-sluicing.

98 2550 57 28 The
181 2548 136 38 dredging
354 2553 109 22 returns
489 2548 44 27 for
559 2548 53 29 last

64 2591 75 30 week
164 2588 197 37 were—Otago
399 2588 78 35 370z,
504 2588 105 29 Golden

63 2632 131 28 Treasure
216 2629 93 34 20yoz,
329 2628 105 28 Golden
449 2631 70 25 Gai:e
548 2629 63 28 l3oz

62 2671 86 35 fldwt,
174 2669 104 28 Goldeu
306 2668 87 29 Beach
428 2669 70 28 350z
524 2669 86 36 9dwt,

64 2713 86 36 Clyde
176 2711 77 32 21oz,
282 2708 97 38 Alpine
408 2709 74 33 720z,
512 2709 81 28 Enter-

65 2753 70 38 prise
167 2751 67 30 ii2oz
265 2749 87 28 -4dwt
385 2749 61 37 3gr,
474 2749 134 39 Kyeburn

66 2793 91 36 12£oz,
172 2791 105 29 Golden
299 2791 105 27 I'erraco
428 2791 16 27 3
448 2791 3 38 :
452 2791 44 28 30z
522 2792 89 27 l7dwt

64 2833 59 36 Bgr,
138 2833 45 28 Nil
200 2830 202 40 Desperandum
416 2831 120 29 55ozfor
548 2833 64 27 four

60 2875 75 31 days.

98 2914 57 28 The
207 2911 125 29 Dnnstan
355 2910 91 30 Times
505 2916 106 33 reports

62 2954 59 30 that
134 2953 46 29 the
202 2951 68 30 Lion
297 2951 76 29 Kock
401 2951 105 39 dredge
531 2953 80 28 made

61 2995 113 28 another
185 2996 69 25 start
274 3003 34 17 on
323 2993 46 27 the
386 2993 63 28 21st
462 2993 50 27 ult.
552 2993 59 27 The

62 3035 119 29 Victoria
194 3033 105 38 dredge
312 3033 22 29 is
348 3033 128 38 reported
499 3036 29 26 to
541 3033 70 28 have

60 3076 92 28 struck
183 3074 98 38 highly
321 3073 117 39 payable
477 3073 73 28 wash
583 3079 29 21 at

63 3115 141 29 Butcher's
223 3113 91 29 Point.

98 3155 57 30 The
168 3154 130 38 Morning
314 3153 64 30 Star
404 3153 106 40 dredge
531 3153 37 37 (N
581 3154 20 28 Z

60 3196 146 37 Dredging
221 3194 59 36 Co.)
296 3194 49 28 has
359 3205 60 16 now
430 3200 49 30 got
493 3200 28 20 to
535 3195 75 26 work

61 3236 25 28 iu
100 3240 107 24 earnest
227 3244 34 18 on
286 3233 45 28 the
354 3233 161 39 company's
531 3233 79 29 claim

60 3285 34 20 on
105 3276 47 29 the
162 3273 192 31 Manuherikia
528 3274 68 28 Alex-

61 3317 84 29 andra

96 3357 80 28 With
189 3355 99 39 regard
303 3359 26 25 to
344 3355 106 37 mining
460 3360 114 24 matters
585 3360 29 24 at

60 3397 148 34 Waikakn,
223 3406 61 26 says
305 3396 47 27 the
408 3395 125 29 Mataura
558 3396 37 28 En-

61 3437 94 38 sign/'
181 3436 97 30 visible
298 3436 75 38 signs
397 3436 149 30 indicative
585 3437 29 28 of

60 3479 93 28 future
166 3478 113 38 activity
298 3487 45 17 are
366 3477 147 37 becoming
540 3488 74 17 more

61 3519 54 28 and
129 3528 73 19 more
214 3521 141 34 apparent.
395 3517 58 29 The
466 3518 56 28 real
533 3518 80 28 value

62 3558 30 30 of
115 3558 47 29 the
188 3557 117 38 ground,
327 3560 56 31 too,
408 3557 24 27 is
468 3558 147 37 becoming

62 3597 91 31 better
183 3598 111 35 known,
324 3597 82 29 while
436 3597 38 29 its
514 3598 99 38 special

62 3639 179 38 adaptability
251 3638 44 28 for
308 3637 140 39 dredging
465 3638 23 28 is
511 3638 103 38 proved

63 3680 75 28 week
164 3680 37 37 by
227 3678 86 35 week,
335 3688 30 18 as
391 3679 156 37 operations
570 3689 46 18 are

61 3720 104 29 carried
191 3730 36 18 on
252 3720 65 27 with
343 3728 35 17 an
401 3718 212 38 uninterrupted

62 3770 138 28 progress,
214 3760 53 28 and
281 3769 15 18 a
306 3758 150 37 regularity
465 3758 30 28 of
503 3763 110 25 returns

62 3800 263 30 liithertounknowu
333 3802 27 24 to
367 3798 106 38 mining
479 3803 134 25 ventures.

64 3842 81 29 Some
170 3842 67 28 time
326 3850 15 17 a
355 3839 106 28 twelfth
476 3840 79 28 share
581 3840 27 29 in

63 3894 15 16 a
92 3882 138 38 dredging
242 3881 80 28 claim
348 3879 80 29 could
453 3880 69 28 have
546 3882 67 27 been

64 3922 108 37 bought
185 3922 43 27 for
241 3931 16 17 a
279 3923 99 25 matter
402 3918 30 28 of
455 3920 85 35 £2OO,
566 3922 50 26 but

65 3973 61 17 now
138 3963 22 27 it
173 3961 88 28 would
272 3961 34 28 be
321 3958 159 30 considered
491 3971 16 17 a
521 3961 55 37 gift
586 3966 29 23 at

64 4014 66 17 over
143 4002 84 29 £3OO.
267 4001 67 28 Last
347 3999 77 29 week
438 4010 15 18 a
467 4000 50 29 full
528 4002 71 28 work-

65 4043 49 37 ing
120 4043 80 26 share
213 4040 162 36 (one-sixth)
389 4040 125 38 changed
525 4042 88 27 hands

65 4087 28 24 at
106 4081 168 28 somewhere
287 4080 27 28 in
336 4079 47 29 the
409 4080 207 38 neighborhood

65 4122 29 29 of
107 4122 85 29 £7OO.
232 4120 59 28 The
303 4123 47 25 net
363 4120 172 29 returnfrom
550 4122 65 27 such

64 4174 17 17 a
92 4164 80 27 share
197 4162 23 27 is
246 4162 69 26 from
343 4160 56 28 £25
425 4164 27 24 tc
476 4162 59 27 £-30
569 4173 48 27 per

65 4203 106 35 month,
203 4201 55 29 and
290 4211 74 19 some
396 4205 108 26 returns
548 4202 69 29 have

65 4244 115 30 reached
204 4243 67 35 £35,
298 4242 105 39 though
428 4253 84 18 never
536 4243 81 30 lower

67 4287 64 27 than
145 4285 67 28 £24.

103 4325 45 29 Mr
161 4324 74 29 John
250 4323 103 37 Hayes,
380 4322 124 36 F.S.Sc.,
531 4323 85 36 M.E.,

67 4366 59 28 who
136 4367 49 26 has
194 4365 69 28 been
275 4364 88 37 filling
373 4364 46 27 the
428 4365 189 35 appointment

65 4407 30 27 of
108 4406 105 37 Acting
239 4405 146 37 Inspector
406 4404 29 28 of
460 4403 90 29 Mines
576 4405 41 28 for

66 4447 90 33 Otago
169 4445 54 28 and
238 4444 173 34 Canterbury
434 4444 74 27 since
530 4445 87 37 April,

68 4485 80 35 1897,
174 4485 49 29 has
246 4485 71 29 been
342 4483 189 39 permanently
571 4494 31 28 ap-

66 4527 112 38 pointed
191 4530 28 25 to
232 4527 61 28 that
304 4525 128 38 position.

69 4607 192 42 Alexandra
276 4606 173 43 Dramatic
467 4606 134 50 Society

102 4692 58 28 The
174 4692 136 28 members
331 4691 29 29 of
385 4691 47 29 the
459 4691 159 29 Alexandra

68 4732 137 30 Dramatic
220 4732 69 28 Club
304 4731 78 29 made
395 4732 72 28 their
487 4732 59 27 first
569 4741 32 27 ap-

65 4783 133 29 pearance
203 4772 93 30 before
301 4783 16 18 a
322 4772 155 39 Roxburgh
482 4771 132 29 audience

65 4825 34 17 on
125 4813 143 38 Thursday
293 4813 119 38 evening
442 4812 78 35 (24th
550 4811 62 35 ult.)

65 4854 75 37 They
153 4853 119 29 selected
282 4863 16 19 a
311 4853 76 38 piece
402 4853 59 27 that
469 4852 67 35 they
546 4850 70 29 have

64 4894 97 39 plaved
193 4894 105 35 before,
329 4893 49 29 the
410 4892 61 29 well
515 4891 99 29 known

196 4934 53 28 and
428 4943 16 17 a
452 4932 146 28 dramatisa-

63 4976 55 28 tion
144 4974 72 30 from
536 4971 37 37 by
599 4981 15 17 a

63 5015 166 41 playwright
241 5014 30 30 of
281 5013 169 36 Alexandra,
465 5012 48 31 Mr
532 5011 70 30 Milli-

62 5068 62 20 iran.
157 5057 59 27 The
228 5056 77 37 piece
317 5056 24 27 is
355 5066 15 16 a
381 5055 110 26 sombre
502 5053 115 34 one,but

61 5107 55 19 was
130 5096 62 29 well
204 5094 79 30 acted
298 5095 40 38 by
346 5104 51 20 our
407 5093 119 35 visitors,
540 5101 76 20 some

60 5139 29 28 of
101 5138 47 29 the
162 5146 96 20 scenes
271 5136 86 37 being
379 5139 60 24 true
465 5139 29 23 to
519 5136 97 26 nature

61 5179 80 30 while
153 5179 29 28 in
195 5177 94 30 others
312 5176 48 28 the
384 5173 112 40 general
522 5174 94 29 effects

62 5231 68 17 were
144 5219 82 39 good.
270 5218 54 28 But
332 5217 77 28 there
418 5226 71 18 were
500 5214 114 30 touches

61 5260 29 28 of
112 5260 118 28 humour
254 5258 58 29 also
339 5257 87 29 which
454 5265 70 19 were
550 5265 66 28 very

63 5301 165 38 acceptable,
241 5299 55 29 and
320 5298 47 29 the
388 5298 87 28 comic
501 5296 115 38 singing

61 5350 52 19 was
124 5340 143 38 distinctly
275 5339 83 38 good.
400 5338 52 28 We
465 5337 152 29 mustrefer

62 5387 29 20 t'f
104 5382 46 29 the
164 5381 81 30 violin
261 5377 355 41 accompaniments,which

63 5430 68 19 were
142 5417 3 43 •
171 5421 179 39 delightfully
360 5432 6 5 *
392 5418 107 40 played.
539 5417 77 37 They

63 5472 69 19 were
143 5473 15 17 a
171 5467 70 25 treat
256 5470 28 21 to
297 5462 86 28 listen
409 5465 38 24 to.
487 5458 58 29 The
570 5468 30 18 re-

61 5502 68 29 sults
155 5514 71 19 were
252 5503 80 38 fairly
359 5500 74 41 good
460 5498 158 39 financially

63 5543 50 28 aud
141 5554 39 17 we
205 5545 105 28 believe
335 5554 59 19 our'
408 5541 112 30 visitors
545 5549 73 19 were

65 5584 125 29 satisfied.
232 5587 135 35 Anyway,
378 5584 47 29 the
451 5583 86 28 house
561 5592 55 17 was

61 5627 92 34 pretty
165 5625 58 28 well
239 5625 83 35 filled,
336 5634 30 19 as
388 5633 42 19 we
452 5632 73 19 were
552 5621 64 38 glad

63 5668 28 21 to
104 5674 53 19 see.
196 5665 76 36 They
294 5675 70 18 were
385 5663 85 30 voted
495 5673 16 18 a
536 5661 80 39 jolly,

63 5701 120 37 pleasant
194 5704 100 35 crowd,
305 5704 56 29 and
375 5703 154 39 Hoxburgh
538 5701 63 41 play-

62 5752 79 27 goers
154 5745 53 28 will
221 5746 35 30 be
270 5745 144 39 delighted
428 5748 30 25 to
471 5754 45 21 see
539 5743 76 30 them

657 211 251 51 Fruitgrowing
942 209 29 39 in
1006 208 56 40 the
1089 207 114 41 North.

689 325 58 29 The
760 321 141 36 following
909 320 165 37 interesting
1081 324 59 32 par?
1147 326 41 19 icn-

653 366 52 29 lars
719 366 28 28 of
768 361 195 40 fruitgrowing
986 361 27 28 in
1041 360 45 28 the
1112 357 89 28 North

651 407 70 28 have
735 407 67 27 been
818 401 124 40 supplied
957 411 31 18 us
1002 401 37 31 by
1060 411 16 18 a
1096 397 90 35 gentle-

651 459 63 18 man
729 445 104 38 largely
846 441 149 31 interested
1006 442 26 27 in
1043 440 142 36 fruitgrow-

650 488 58 36 ing,
722 489 61 27 who
797 488 47 26 has
857 483 121 38 recently
995 482 61 38 paid
1068 493 16 16 a
1097 486 64 24 visit
1174 484 27 22 to

651 530 59 28 that
724 527 88 30 island
828 538 44 16 :

689 571 31 26 In
749 569 45 27 the
823 564 141 30 Auckland
990 563 109 28 district
1126 563 21 26 it
1180 561 21 26 is

651 608 135 30 reckoned
801 608 59 26 that
872 606 75 28 there
957 613 46 18 are
1018 603 94 34 10,000
1126 611 75 19 acres

651 651 25 26 in
693 651 66 26 frnit
781 645 170 31 cultivation.
990 643 33 27 In
1051 643 46 27 the
1124 646 77 33 great

653 690 125 39 majority
803 688 29 28 of
856 695 76 20 ernes
954 683 45 29 the
1013 683 129 28 orchards
1157 693 44 17 nre

650 737 49 22 not
724 732 26 26 in
777 740 13 16 a
818 727 71 39 good
904 730 69 24 state
988 725 30 27 of
1031 724 170 28 cultivation.

653 771 100 28 Weeds
781 769 52 28 and
861 776 81 25 gorse
966 775 45 18 are
1036 763 114 29 allowed
1175 768 26 23 to

651 812 135 28 luxuriate
799 810 27 28 in
838 808 71 29 their
919 805 90 40 genial
1020 804 116 34 climate,
1147 804 52 28 and

651 853 64 28 thus
728 851 34 29 all
776 850 46 29 the
838 853 74 35 pests
926 845 129 31 orchards
1075 855 45 18 are
1144 844 57 28 heir

651 897 27 23 to
692 904 43 16 are
749 890 135 29 harbored
898 888 64 35 and,
974 898 51 17 one
1039 886 91 35 might,
1143 897 58 24 say,

649 931 159 30 cultivated.
848 930 87 27 There
960 937 54 24 are,
1042 926 28 27 of
1095 936 104 21 course,

650 972 111 29 notable
786 970 168 38 exceptions,
981 966 145 39 especially
1156 966 45 27 the

649 1013 130 28 orchards
812 1012 29 26 of
879 1010 111 28 Colonel
1025 1008 115 31 Goring,
1174 1013 26 21 at

650 1051 177 36 Whangerei,
841 1050 54 28 and
910 1050 44 28 Mr
970 1048 29 29 E.
1015 1047 144 35 Morrison,
1174 1051 26 23 at

648 1092 86 27 Wark
740 1091 95 28 worth.

686 1131 78 29 Fruit
789 1131 26 28 in
843 1131 46 27 the
921 1129 129 28 northern
1079 1127 121 27 districts

648 1173 88 27 shows
769 1172 77 34 signs
878 1172 29 27 of
936 1169 141 29 abundant
1111 1178 89 27 crops,

647 1212 146 39 espeeiallv
820 1212 97 38 plums.
966 1210 153 33 Tomatoes,
1146 1213 54 28 too,

648 1254 52 28 will
725 1254 34 29 be
779 1253 27 28 in
833 1253 93 34 galore
951 1251 56 28 this
1032 1260 96 18 season
1168 1248 31 29 In

651 1294 143 29 Auckland
808 1293 52 28 and
889 1293 103 28 Nelson
1019 1290 121 28 districts
1155 1290 45 28 the

647 1335 136 38 Japanese
797 1334 75 36 plum
887 1335 22 27 is
924 1333 84 33 being
1026 1330 105 39 largely
1145 1330 42 28 cul-

647 1376 103 27 tivated
778 1386 34 17 on
840 1379 117 23 account
989 1373 27 27 of
1049 1372 35 27 its
1114 1372 85 34 heavy

647 1417 135 35 cropping
808 1415 177 38 capabilities.
1035 1412 13 28 I
1084 1422 41 17 am
1154 1418 47 21 not

648 1457 128 31 satisfied,
793 1459 132 29 however,
940 1454 61 28 that
1021 1453 22 27 it
1068 1452 53 27 will
1149 1453 50 26 last

649 1496 41 27 for
703 1506 15 17 a
733 1506 63 17 verv
811 1495 66 33 long
889 1495 75 27 time.
1006 1493 69 28 lam
1097 1493 53 27 still
1173 1493 28 28 of

648 1536 108 38 opinion
773 1535 58 28 that
846 1546 32 16 on
894 1537 115 26 account
1036 1533 27 28 of
1086 1532 34 29 its
1135 1544 66 28 poor

648 1578 125 34 carrying
789 1575 126 38 qualities
929 1575 22 27 it
974 1574 52 27 will
1056 1575 32 25 be
1114 1573 84 28 found

648 1615 154 29 unsuitable
829 1615 43 28 for
897 1613 187 39 exportation,
1110 1613 53 28 and
1189 1614 9 29 I

648 1660 101 25 cannot
761 1660 48 33 get
823 1666 66 17 over
902 1655 47 28 the
975 1655 60 27 idea
1062 1654 61 28 that
1146 1655 53 28 this

648 1696 202 31 tremendously
866 1697 87 35 heavy
980 1695 136 37 cropping
1136 1706 65 26 year

648 1739 69 26 after
731 1747 64 26 year
809 1742 72 23 must
895 1745 82 19 cause
1004 1736 47 27 the
1078 1741 71 23 trees
1171 1741 27 22 to

649 1779 66 27 have
729 1788 63 24 very
808 1777 75 28 short
898 1777 75 28 lives.
1015 1775 14 28 I
1056 1787 62 26 may
1143 1787 56 26 say,

647 1823 54 29 too,
716 1818 59 27 that
788 1817 101 28 sev3r;d
912 1819 29 26 of
966 1818 45 27 the
1039 1823 70 21 most
1139 1828 45 22 pro-

648 1857 120 38 gressive
783 1867 119 25 growers
916 1867 48 18 are
984 1869 15 15 a
1026 1857 40 27 bit
1079 1857 118 28 inclined

647 1906 27 17 to
688 1908 45 20 my
749 1907 57 26 way
820 1897 29 27 of
872 1897 139 32 thinking,
1038 1897 53 26 and
1119 1907 46 16 are
1185 1909 14 14 a

649 1938 39 27 bit
700 1937 83 37 chary
798 1937 29 28 of
841 1937 87 37 going
942 1947 64 27 very
1022 1936 104 38 largely
1142 1937 57 28 into

647 1979 45 26 the
707 1978 159 28 cultivation
891 1978 28 27 of
942 1978 55 27 this
1012 1978 103 33 variety
1131 1979 66 26 until

646 2017 21 28 it
680 2017 23 28 is
719 2027 73 18 more
806 2017 69 36 fully
889 2018 112 35 proved.

683 2057 13 29 I
723 2057 86 29 found
835 2058 61 28 that
922 2057 104 29 several
1041 2058 116 29 vineries
1171 2058 26 28 in

649 2098 164 36 Whangerei
837 2098 69 27 have
933 2098 69 27 been
1029 2100 168 26 condemned

644 2149 34 18 on
693 2142 116 24 account
822 2138 29 29 of
870 2138 48 28 the
943 2148 131 28 presence
1096 2138 31 30 of
1152 2140 45 27 the

644 2178 169 38 phylloxera.
856 2178 112 39 Apples,
981 2183 99 34 except
1089 2186 29 22 at
1136 2181 62 27 Port

645 2219 107 34 Albert,
764 2218 71 29 from
847 2219 103 28 Nelson
962 2220 181 33 northwards,
1153 2230 44 17 are

643 2258 165 38 completely
839 2258 97 30 ruined
970 2259 27 28 in
1036 2259 160 29 cultivation

644 2299 91 38 owing
756 2303 29 24 to
809 2299 47 29 the
876 2310 114 27 ravages
1004 2299 30 29 of
1046 2300 47 28 the
1106 2300 90 28 codlin

644 2340 85 34 moth,
738 2340 53 28 and
802 2341 72 27 what
886 2342 137 36 surprised
1036 2352 41 17 me
1087 2342 109 37 greatly

644 2388 54 19 was
712 2380 47 28 the
780 2380 57 28 fact
860 2380 61 28 that
943 2391 121 26 growers
1088 2381 107 29 seemed

642 2425 29 25 to
685 2421 34 29 be
733 2421 99 38 taking
845 2432 36 18 no
895 2425 75 33 steps
985 2422 117 29 towards
1117 2432 62 18 over-

642 2462 112 37 coming
787 2462 46 28 the
877 2462 112 28 terrible
1023 2462 169 29 devastation

642 2502 98 28 caused
757 2502 36 37 by
806 2502 30 28 it.
876 2502 58 29 The
948 2514 122 23 growers
1080 2514 72 18 seem
1168 2507 27 23 to

642 2542 34 28 be
696 2542 77 38 quite
793 2543 139 35 apathetic
958 2544 25 26 in
1013 2544 46 28 the
1086 2547 110 30 matter,

641 2582 52 28 and
712 2583 66 28 have
793 2583 79 30 made
894 2594 36 26 up
945 2584 71 28 their
1030 2584 89 28 minds
1135 2584 61 29 that

641 2624 119 35 nothing
773 2633 50 19 can
846 2624 33 28 be
902 2624 80 28 done.
1023 2625 26 27 It
1064 2634 88 18 seems
1168 2629 27 23 to

641 2672 42 18 me
698 2665 28 25 to
742 2664 34 26 be
789 2663 67 38 high
870 2664 66 29 time
948 2665 46 28 the
1009 2664 184 29 Government

640 2709 49 30 put
697 2703 71 28 their
780 2704 121 28 Or-hard
910 2706 52 26 Act
973 2705 56 27 into
1041 2705 149 38 operation.

640 2743 32 28 In
707 2743 54 28 this
790 2745 160 28 connection
985 2746 46 27 the
1066 2746 128 27 northern

639 2794 120 26 growers
773 2794 46 17 are
841 2786 182 33 exceedingly'
1051 2796 88 24 angry
1167 2793 29 19 at

640 2825 45 26 the
698 2824 129 28 southern
850 2826 97 36 people
972 2826 95 36 trying
1081 2831 28 21 to
1126 2826 68 27 have

639 2864 46 27 the
718 2864 54 28 x\.ct
801 2870 51 31 put
883 2864 58 29 into
973 2866 146 37 operation-
1166 2865 27 28 It

639 2914 87 18 seems
740 2909 28 23 to
782 2915 42 17 me
846 2904 60 29 that
932 2906 64 35 they
1023 2906 68 27 have
1116 2906 76 27 these

640 2953 75 28 pests
728 2945 53 27 and
797 2953 73 20 want
884 2950 28 23 to
926 2946 70 37 keep
1011 2947 84 27 them.

663 3057 162 50 Tuapeka
862 3057 128 50 County
1022 3058 150 41 Council.

641 3167 163 28 ANNUAL
829 3166 122 27 STATU
963 3168 5 23 I
978 3166 77 27 OliY
1077 3167 94 27 MELT-

882 3205 77 28 ING.

678 3294 57 29 The
749 3294 99 29 annual
874 3297 135 34 statutory
1034 3294 122 37 meering
1169 3295 26 26 of

641 3336 47 29 the
709 3336 131 38 Tuapeka
862 3335 110 36 County
1000 3334 112 29 Council
1141 3346 54 17 was

642 3376 63 28 held
719 3377 26 27 in
760 3377 45 28 the
816 3375 113 30 Council
942 3374 160 33 Chambers,
1119 3375 55 27 Law-

642 3426 89 26 rence,
745 3427 33 18 on
795 3416 186 38 Wednesday,
992 3415 67 29 23rd
1075 3415 100 29 Novem-

642 3458 58 33 ber,
709 3461 28 24 at
749 3468 79 18 noon.
870 3457 115 28 Present
987 3456 88 28 —Crs
1088 3457 106 27 Bonnet

644 3497 171 37 (chairman),
843 3497 111 35 Cotton,
983 3496 77 36 Edie,
1098 3497 97 34 Inch's,

643 3538 172 37 Livingston,
866 3538 135 33 Osborne,
1062 3536 133 32 Oudaiiie,

644 3577 126 38 Simpson
786 3578 54 29 and
851 3577 57 30 Sim

681 3619 56 28 The
751 3619 119 28 minutes
890 3619 30 28 of
946 3619 46 28 the
1018 3618 52 27 last
1096 3618 99 28 annunl

646 3659 120 36 meeting
780 3669 69 19 were
863 3659 64 28 read
954 3658 54 29 and
1036 3657 159 29 confirmed.

681 3701 36 26 Cr
750 3699 115 36 Bennet,
897 3699 116 36 retiring
1046 3699 149 33 chairman,

644 3739 149 28 submitted
806 3751 16 16 a
848 3746 148 21 statement
1023 3739 119 36 relating
1169 3743 27 22 to

644 3781 45 26 the
704 3780 119 28 finances
834 3781 28 27 of
888 3781 47 27 the
960 3779 107 29 council
1094 3779 103 35 during

644 3821 46 27 the
704 3826 59 33 past
776 3831 73 28 year,
863 3821 53 29 and
931 3821 127 38 showing
1071 3831 16 17 a
1105 3820 75 28 dobit-

646 3861 111 29 balauce
769 3862 29 28 of
811 3863 75 27 £415
903 3866 31 24 9s
946 3862 45 29 7d.

754 3910 126 20 ELECTION
894 3912 32 18 OF
934 3909 156 21 CHAIRMAN-

684 3940 36 30 Cr
736 3941 104 29 Bennet
853 3952 55 19 was
934 3941 192 37 unanimously
1153 3951 28 18 re-

645 3982 104 28 elected
771 3983 139 28 chairman
935 3984 43 27 for
1005 3982 46 28 the
1077 3982 119 35 ensuing

644 4032 63 28 year
734 4033 33 17 on
782 4023 46 27 the
842 4024 102 26 motion
968 4023 29 27 of
1016 4023 51 27 Crs
1093 4021 101 29 Gorton

644 4062 54 28 and
714 4062 96 38 Inglis,
834 4064 60 27 who
920 4064 69 27 both
1015 4062 86 39 spoke
1126 4062 27 27 in
1182 4072 14 17 a

646 4103 225 36 complimentary
888 4114 112 17 manner
1013 4103 28 27 of
1065 4103 47 27 the
1138 4112 57 25 way

644 4143 29 27 in
702 4143 85 27 which
813 4143 34 28 he
872 4143 54 28 had
949 4142 105 30 carried
1065 4142 3 30 ■
1079 4149 50 23 out
1154 4142 42 28 his

646 4182 90 30 duties
750 4182 102 39 during
865 4184 47 28 the
922 4194 74 27 year.

686 4223 36 29 Cr
736 4224 115 35 Bennet,
866 4235 34 17 on
916 4224 98 37 taking
1039 4224 48 28 the
1111 4224 85 33 chair,

648 4266 29 27 tli
685 4264 86 29 inked
780 4265 46 27 the
837 4266 135 27 members
982 4265 42 28 for
1034 4266 47 27 the
1093 4265 104 27 honour

647 4306 65 35 they
727 4305 52 28 had
794 4305 143 29 conferred
947 4315 35 19 on
1008 4306 66 33 him,
1099 4305 98 34 saving

647 4347 59 27 that
722 4346 33 28 he
770 4356 53 18 was
834 4346 162 38 principally
1022 4346 123 28 desirous
1168 4346 28 26 of

646 4386 143 38 assuming
802 4386 45 28 the
858 4386 77 28 office
946 4386 29 28 of
988 4385 138 29 chairman
1152 4385 45 27 for

646 4428 116 26 another
776 4436 64 18 vear
853 4437 29 17 so
903 4427 60 27 that
989 4426 33 28 he
1050 4426 90 36 might
1166 4426 33 26 be

646 4467 61 27 able
722 4472 28 22 to
763 4477 79 28 carry
855 4476 34 18 on
903 4470 29 24 to
941 4466 164 37 completion
1121 4465 78 27 those

649 4508 88 28 works
750 4508 60 28 that
820 4507 52 29 had
884 4508 68 27 been
962 4506 124 29 initiated
1098 4507 33 36 by
1142 4506 55 28 him

649 4548 101 37 during
764 4548 42 28 his
822 4548 210 36 chairmanship.

648 4604 125 20 HOSPITAL
787 4605 52 19 AND
854 4604 162 20 CHARITABLE
1039 4604 46 19 AID
1102 4603 80 19 REPRE-

843 4644 153 20 SENTATIVE.

684 4675 58 28 The
766 4677 137 27 chairman
931 4687 54 17 was
1011 4677 122 37 deputed
1169 4681 28 23 to

646 4716 95 27 attend
755 4717 47 27 the
826 4717 122 36 meeting
973 4720 28 24 at
1027 4717 45 27 the
1100 4717 82 28 Court-

647 4756 92 35 house,
753 4762 154 29 Lawrence,
921 4767 34 17 on
972 4757 47 28 7th
1037 4757 160 34 December,

646 4797 43 27 for
703 4797 46 27 the
764 4807 117 26 purpose
891 4797 28 27 of
933 4797 120 37 electing
1067 4807 16 17 a
1109 4807 75 26 repre-

646 4838 134 26 sentative
814 4846 34 17 on
881 4836 47 27 the
968 4835 106 28 United
1110 4835 91 38 Otago

648 4876 125 37 Hospital
788 4875 54 28 and
858 4875 158 28 Charitable
1032 4876 51 27 Aid
1098 4876 101 35 Board,

646 4917 54 26 and
714 4922 28 21 to
753 4916 114 37 appoint
884 4916 41 27 Mr
945 4916 59 27 Jas.
1034 4916 111 28 Hazlett
1171 4927 30 17 as

646 4956 47 28 the
707 4955 132 30 council's
853 4956 215 36 representative
1093 4966 35 18 on
1155 4957 46 27 the

649 4995 101 31 Board.

682 5037 59 28 The
753 5037 105 29 council
868 5037 66 28 then
940 5037 151 36 adjourned
1098 5037 40 28 till
1147 5042 52 23 two

645 5077 117 28 o'clock.

715 5159 203 31 ORDINARY
946 5157 186 31 MEETING.

683 5240 58 30 The
762 5241 105 29 council
891 5240 127 28 renamed
1043 5242 28 25 at
1098 5240 14 27 2
1137 5249 65 27 p.m.

649 5283 42 32 AIJ
702 5284 47 27 the
760 5283 135 28 members
904 5291 72 19 were
985 5280 26 28 in
1023 5279 179 36 attendance;

649 5325 45 27 Mr
705 5324 57 28 Jas.
778 5324 110 27 Bennet
903 5322 27 27 in
946 5322 46 26 the
1007 5320 86 28 chair.

767 5379 112 21 MILLERS
893 5378 64 20 FLAT
971 5377 107 20 BUIDG3.

685 5415 23 27 A
721 5414 81 27 letter
814 5422 54 17 was
879 5410 64 28 read
955 5410 70 27 from
1035 5409 47 27 the
1096 5407 95 29 ITrider-

646 5459 139 31 secretary
799 5452 29 29 of
842 5451 100 34 Mines,
967 5449 183 38 Wellington,
1172 5459 33 17 <re

647 5499 144 36 payment,
805 5493 44 29 for
875 5492 105 28 Millers
1005 5490 63 29 Flat
1106 5489 98 38 bridge

647 5538 78 27 when
740 5531 3 42 .
762 5534 145 39 complete,
941 5532 106 35 statiug-
1075 5531 62 28 that
1159 5531 46 27 the

647 5582 196 32 arrangement
859 5586 54 16 was
928 5574 62 28 that
1011 5572 47 28 the
1084 5571 102 34 Depart-

647 5622 77 25 ment
738 5616 97 29 shoiild
852 5625 53 29 pay
919 5624 15 17 a
948 5612 116 34 subsidy
1074 5611 29 29 of
1116 5612 20 27 £
1164 5611 41 27 for

646 5660 21 28 £
680 5669 39 27 up
733 5663 28 24 to
775 5657 58 28 half
847 5656 29 28 of
897 5654 46 28 the
965 5656 115 25 amount
1105 5651 29 29 of
1159 5651 46 28 the

646 5703 134 30 contract,
794 5695 134 37 £11,242,
942 5693 53 29 and
1022 5692 47 28 the
1091 5701 59 19 sum
1176 5689 29 30 of

646 5740 90 29 £5621
757 5739 48 27 has
832 5734 180 38 accordingly
1037 5734 67 27 been
1131 5731 71 38 paid.

647 5778 92 32 When
764 5779 47 28 the
837 5776 99 37 bridge
960 5775 23 27 is
1009 5772 155 39 completed
1188 5783 16 17 a

1220 202 3 37 ;
1236 209 107 26 further
1356 216 60 18 su:n
1431 204 29 28 of
1470 203 95 29 £iooo
1592 202 53 27 will
1671 202 33 27 be
1730 212 46 27 prn-

1221 240 2 43 |
1237 246 79 30 viJ-.'il
1350 246 37 37 by
1421 244 46 29 the
1500 242 192 39 Department,
1721 241 70 28 after

1220 281 2 42 j
1234 286 152 37 deducting
1400 286 46 27 the
1461 288 127 24 amounts
1597 283 44 27 for
1651 281 137 29 sundries,

1235 328 65 28 such
1315 338 28 18 as
1360 324 173 40 preparation
1547 324 29 29 of
1585 323 88 39 plans,
1682 322 94 37 inspec-

1218 361 2 41 ,
1236 368 53 27 tion
1305 368 29 27 of
1359 366 121 29 material
1507 366 28 26 in
1564 363 139 39 England,
1732 361 58 29 half

1232 408 87 28 salary
1335 408 30 28 of
1376 408 148 37 inspector,
1549 410 51 24 etc.
1604 403 185 29 —Received.

1279 450 4 41 i
1294 455 32 28 lie
1338 455 142 36 following
1493 453 82 28 letter
1587 452 71 27 from
1686 450 104 29 Messrs

1217 490 3 45 |
1237 495 152 33 Anderson,
1400 491 208 35 Chridtchurch,
1617 493 171 26 contractors

1217 531 2 37 t
1233 535 43 28 for
1298 536 47 27 the
1370 534 104 29 Millers
1509 531 62 30 Flat
1597 531 108 37 bridge,
1734 541 53 18 was

1233 575 152 28 forwarded
1401 583 27 18 to
1445 574 45 27 the
1511 572 107 29 council
1632 572 36 36 by
1684 571 44 27 Mr
1754 571 33 27 H.

1217 610 41 41 |H
1270 626 23 18 iv
1386 614 49 28 We
1462 623 64 18 note
1553 612 59 28 that
1638 622 54 25 you
1731 611 54 27 still

1232 656 129 27 continue
1374 660 28 22 to
1424 653 102 29 deduct
1553 653 46 26 the
1623 652 67 27 fines
1716 651 71 28 fro'n

1233 697 44 27 the
1310 705 128 28 progress
1469 700 156 31 payments,
1659 691 112 29 notwith-

1232 737 130 34 standing
1388 736 60 27 that
1473 735 46 26 the
1547 731 105 30 council
1686 731 101 28 retains

1234 771 90 35 £2719
1340 775 86 30 under
1439 774 47 29 the
1509 771 155 32 conditions
1686 771 28 29 of
1741 771 46 29 the

1217 813 1 37 •
1231 823 133 23 cnnt'-Hct.
1405 816 52 28 We
1472 818 84 25 wrote
1577 824 54 26 you
1657 824 45 16 on.
1726 813 60 27 15th

1231 858 66 38 July
1319 858 63 28 with
1413 855 99 38 regard
1539 859 27 24 to
1593 854 54 27 this
1675 858 107 23 matter.

1235 899 49 26 We
1307 909 45 16 are
1373 896 111 29 advised
1500 895 60 28 that
1574 895 46 26 the
1639 893 147 28 deduction

1217 933 1 43 I
1231 938 28 27 of
1275 942 65 23 tines
1355 938 69 27 from
1441 944 129 29 progress
1592 937 146 30 payments
1765 933 22 27 is

1217 974 1 36 i
1230 991 16 15 a
1256 979 98 28 breach
1367 974 29 36 <>f
1408 977 45 28 the
1463 978 133 32 contract,
1608 974 50 29 but
1670 984 37 18 we
1719 974 68 28 have

1233 1030 33 15 no
1281 1020 89 26 desire
1384 1027 27 18 ro
1425 1017 65 28 take
1501 1025 53 26 any
1563 1015 101 32 action,
1678 1014 53 27 and
1749 1024 38 17 we

1217 1053 1 44 !
1232 1059 70 38 hope
1317 1059 20 27 it
1354 1058 49 27 will
1423 1062 46 23 not
1483 1056 34 27 be
1531 1064 143 27 necessary
1698 1058 28 23 to
1752 1053 34 28 do

1217 1093 1 39 I
1232 1111 38 15 SO.
1314 1099 57 27 You
1399 1108 49 17 can
1477 1095 103 37 readily
1617 1093 168 28 understand

1217 1134 1 46 |
1232 1140 58 27 rh.it
1318 1140 46 26 the
1392 1137 92 36 laving
1511 1140 47 23 out
1583 1135 29 27 of
1637 1144 29 17 so
1705 1134 79 27 much

1217 1174 1 39 i
1232 1191 96 15 niojK-v
1346 1179 76 33 (with
1439 1178 45 27 the
1498 1175 108 38 deposit
1622 1174 110 38 upward
1758 1174 29 27 of

1217 1209 1 46 !
1230 1221 104 34 £-3000)
1351 1231 34 18 on
1400 1229 33 18 an
1457 1215 183 40 unprofitable
1663 1218 124 25 contract

1217 1254 1 45 |
1230 1263 28 26 of
1272 1262 54 28 this
1342 1260 77 34 kind,
1443 1258 92 28 makes
1562 1257 22 28 it
1609 1254 176 40 particularly

1217 1295 1 45 |
1232 1303 65 27 hard
1312 1307 28 23 to
1356 1302 66 27 have
1436 1311 17 17 a
1465 1299 147 29 deduction
1639 1297 79 27 made
1744 1295 41 28 for

1217 1337 1 43 J
1231 1343 142 37 penalties,
1398 1342 42 27 for
1468 1339 96 34 which,
1591 1339 22 27 if
1638 1337 64 37 they
1741 1347 44 16 are

1217 1377 1 41 '
1231 1383 83 35 right,
1326 1384 76 26 there
1414 1382 22 26 is
1446 1380 91 35 ample
1546 1379 138 38 provision
1697 1381 28 24 at
1740 1377 45 27 the

1217 1418 1 44 J
1230 1424 53 27 end
1298 1424 30 28 of
1343 1423 45 27 the
1402 1424 133 26 contract.
1577 1419 50 27 We
1643 1424 71 21 trust
1726 1418 59 27 that

1217 1457 1 44 j
1232 1474 49 19 von
1300 1463 50 27 will
1368 1467 50 33 put
1433 1461 54 27 this
1503 1462 99 25 matter
1615 1458 96 28 before
1739 1457 45 28 the

1217 1497 1 47 |
1230 1502 106 29 council
1371 1502 53 27 and
1458 1501 70 26 have
1567 1499 48 27 the
1651 1497 134 39 penalties

1217 1540 1 32 !
1426 1540 182 28 —Received.

1385 1600 249 23 CORKKSPONDBNCE.

1267 1637 57 27 The
1346 1632 241 39 Valuer-general,
1601 1631 181 38 Wellington,

1231 1683 84 23 wrote
1336 1676 63 28 with
1415 1674 139 28 reference
1575 1678 28 23 to
1617 1673 46 27 the
1676 1677 60 23 cost
1756 1672 28 28 of

1230 1720 46 26 the
1291 1717 137 28 valuation
1440 1714 28 29 of
1479 1716 46 25 the
1537 1717 112 33 county,
1661 1713 121 37 recently

1231 1760 78 27 made
1337 1759 34 27 bv
1399 1756 46 28 the
1485 1754 192 37 Department.
1726 1753 58 29 The

1230 1805 112 22 amount
1369 1797 62 37 paid
1457 1799 29 25 to
1521 1795 47 28 the
1594 1794 108 28 valuers
1728 1804 55 18 was

1232 1841 72 27 £:355
1318 1852 6 21 ;
1345 1838 75 28 office
1434 1844 143 28 expenses,
1589 1834 74 28 £122
1680 1834 102 34 18s9J;

1230 1880 114 36 making
1370 1890 15 15 a
1411 1876 65 28 total
1498 1875 28 27 of
1540 1874 73 28 £//7
1635 1874 4 42 1
1648 1875 30 27 8s
1692 1874 46 34 9d,
1754 1874 29 27 of

1231 1919 85 28 which
1342 1914 139 32 one-third
1510 1914 23 29 is
1547 1913 116 38 payable
1678 1914 36 37 by
1735 1914 47 27 the

1229 1960 115 27 council.
1384 1958 58 28 The
1474 1956 78 28 office
1578 1965 135 27 expenses
1740 1955 28 28 in-

1228 2000 79 27 clude
1324 2008 84 28 maps,
1425 1997 102 29 section
1551 1995 69 34 lists,
1642 1995 137 28 valuation

1230 2040 67 34 lists,
1313 2039 73 35 rolls,
1401 2041 52 26 etc.
1491 2036 89 28 There
1594 2036 21 28 is
1630 2045 35 19 no
1691 2045 91 28 power

1228 2082 81 34 given
1325 2085 28 23 to
1366 2090 16 16 a
1393 2078 67 29 local
1474 2076 150 37 authority,
1639 2076 92 37 rating
1745 2087 34 17 on

1228 2121 46 28 the
1287 2119 98 39 capital
1401 2130 29 17 or
1444 2116 180 38 unimproved
1650 2115 88 36 value,
1753 2120 27 24 to

1229 2162 78 27 make
1317 2161 35 28 its
1363 2170 59 18 own
1429 2158 163 28 valuations.
1594 2156 186 29 —Received.

1265 2207 44 29 Mr
1320 2207 59 27 Jos.
1389 2205 144 36 Tamblyn,
1544 2207 137 33 secretary
1694 2202 29 29 of
1734 2203 46 28 the

1227 2247 30 29 T.
1272 2247 54 28 and
1340 2247 33 27 A.
1390 2243 211 39 Fruitgrowers'
1617 2243 59 35 Co.,
1696 2247 85 24 wrote

1225 2288 143 37 enclosing
1387 2288 118 27 account
1528 2285 43 27 for
1597 2283 61 28 bird
1684 2283 96 38 poison

1228 2329 48 34 (£2
1294 2328 70 35 10s),
1380 2327 87 28 which
1483 2337 53 17 was
1557 2324 154 39 purchased
1725 2323 54 29 and

1226 2368 166 28 distributed
1415 2368 26 27 in
1457 2366 97 28 Teviot
1568 2365 92 36 riding
1684 2365 37 36 by
1735 2365 46 27 the

1225 2420 144 28 company,
1384 2408 53 29 and
1452 2407 101 38 asking
1567 2407 44 28 for
1620 2405 115 38 subsidy
1745 2415 35 18 on

1225 2461 82 17 same.
1311 2450 78 28 —On
1405 2450 46 27 the
1465 2448 102 28 motion
1581 2447 30 28 of
1625 2446 51 30 Crs
1690 2446 90 37 luglis

1225 2491 52 28 and
1295 2491 134 32 Osborne,
1443 2490 21 28 it
1488 2499 56 17 was
1569 2487 102 38 agreed
1686 2491 28 24 to
1728 2497 52 27 pay

1227 2533 33 26 £1
1277 2533 40 30 ss,
1333 2530 56 28 half
1403 2531 29 27 of
1447 2530 46 27 the
1506 2532 114 25 amount
1635 2527 143 38 expended

1226 2572 36 37 by
1277 2572 47 28 the
1340 2581 144 28 company.

1544 2631 109 19 report.

1263 2664 57 29 The
1331 2664 150 34 chairman,
1495 2664 27 27 in
1549 2662 40 28 his
1615 2664 93 35 report
1735 2660 44 28 for

1209 2701 2 43 j
1227 2705 165 38 September
1404 2704 54 28 and
1474 2703 129 34 October,
1618 2701 90 29 stated
1719 2702 61 27 that

1210 2741 1 41 j
1228 2758 32 15 no
1277 2756 127 26 progress
1418 2744 53 29 had
1483 2744 68 28 been
1565 2742 79 28 made
1657 2742 62 28 with
1733 2741 47 28 the

1225 2787 97 26 Teviot
1338 2786 96 36 bridge
1459 2784 93 36 owing
1577 2787 27 23 to
1631 2782 47 27 the
1705 2782 72 26 river

1225 2828 85 34 being
1323 2825 153 35 high.—lt'
1495 2832 53 18 was
1571 2821 135 30 desirable
1721 2822 59 27 that

1210 2862 1 32 :
1227 2868 43 26 the
1285 2867 118 27 number
1415 2865 29 28 of
1470 2863 169 30 surfacemen
1655 2862 43 28 for
1712 2862 66 27 each

1210 2902 1 38 |
1225 2908 28 27 of
1279 2907 46 28 the
1353 2906 107 28 various
1487 2904 106 35 ridings
1620 2902 110 29 should:
1747 2902 33 27 be

1210 2942 1 34 !
1225 2947 286 28 stated.—Contracts
1537 2944 55 27 46i
1627 2942 55 28 and
1716 2943 62 33 465,

1210 2983 2 36 I
1227 2988 63 27 toad
1306 2986 147 29 formation
1468 2991 28 21 at
1509 2984 105 35 Teviot,
1624 2983 70 29 have
1711 2984 66 26 been

1227 3027 154 39 completed
1395 3027 73 27 since
1495 3026 52 27 last
1563 3022 216 38 meeting.—No

1226 3078 128 28 progress
1368 3066 80 29 could
1476 3067 34 26 be
1523 3064 128 37 reported
1666 3073 33 18 on
1716 3073 48 18 con-

1226 3113 86 24 tracts
1333 3109 63 31 451,
1420 3105 156 37 gravelling
1600 3103 70 29 main
1696 3103 84 34 road;

1210 3142 2 40 ;
1230 3150 50 27 4-51
1307 3147 54 28 and
1387 3148 63 33 455,
1477 3144 155 38 gravelling
1658 3147 29 24 at
1714 3142 63 29 Coal

1228 3189 87 26 Creek
1328 3200 6 21 ;
1356 3187 62 33 457,
1430 3186 65 27 road
1508 3184 156 31 formation,
1677 3183 63 27 road
1753 3186 28 24 to

1210 3222 2 43 !
1227 3228 101 27 Nnbbv
1355 3236 100 29 range;
1484 3225 63 34 462,
1573 3222 158 40 gravelling
1751 3226 29 24 at

1230 3269 51 33 Big
1297 3268 66 28 Hill.

1210 3302 1 44 i
1263 3309 56 28 The
1333 3309 139 37 inspector
1486 3303 210 32 recommended
1721 3302 59 30 that

1209 3344 2 38 !
1224 3355 125 22 contract
1360 3351 64 31 457,
1434 3348 23 27 if
1465 3353 50 22 not
1526 3345 154 37 completed
1695 3344 64 28 with-

1225 3391 26 26 in
1273 3393 29 25 14
1316 3390 78 36 days,
1409 3389 33 27 be
1457 3386 116 29 finished
1587 3386 36 36 by
1634 3385 45 28 the
1692 3394 68 18 coun-

1209 3425 2 39 !
1227 3431 31 28 -il
1275 3438 27 20 at
1317 3431 45 26 the
1376 3427 183 31 contractor's
1568 3436 121 28 expense
1701 3438 5 21 ;
1721 3425 59 28 that

1210 3466 1 46 j
1228 3473 50 26 five
1293 3471 76 26 small
1393 3469 86 28 bends
1502 3469 34 26 be
1561 3467 83 28 taken
1672 3466 40 28 off
1734 3466 46 28 the

1209 3507 2 35 !
1226 3511 64 28 road
1319 3512 122 26 between
1476 3508 121 29 Elliott's
1629 3511 64 31 gate
1726 3507 54 27 and

1229 3549 215 35 M'Longhlin's,
1464 3548 115 37 Shingle
1594 3546 87 29 Creek
1694 3557 7 24 ;
1720 3546 61 28 that

1225 3591 57 28 iron
1298 3591 63 28 ruils
1377 3591 33 27 be
1433 3588 135 40 procured
1593 3588 43 28 for
1663 3586 117 38 Shingle

1207 3622 5 47 |
1227 3631 87 29 Creek
1330 3631 109 35 bridge,
1453 3629 54 28 and
1522 3629 46 28 the
1583 3628 43 29 old
1643 3627 80 29 deck,
1738 3638 28 18 re-

1227 3672 92 28 moved
1333 3684 7 21 ;
1363 3673 60 26 that
1437 3671 33 27 42
1486 3670 94 28 chains
1600 3668 29 28 of
1655 3668 65 28 road
1746 3668 34 26 be

1208 3704 3 44 j
1225 3713 139 34 gravelled
1380 3723 35 16 on
1431 3711 65 28 Coal
1519 3709 89 30 Creek
1624 3708 70 35 Flat,
1708 3708 69 27 from

1208 3739 2 50 !
1226 3753 101 28 Snell's
1354 3757 63 32 gate
1436 3755 27 24 to
1478 3749 135 30 Michell's
1626 3749 79 33 lane;
1726 3748 53 28 and

1226 3794 58 27 that,
1298 3805 14 16 a
1328 3792 78 29 small
1430 3791 112 30 bellows
1566 3789 54 30 and
1646 3788 73 30 anvil
1746 3789 33 28 be

1207 3828 4 45 ]
1225 3834 133 38 procured
1380 3834 44 28 for
1444 3832 171 29 surfaceman
1630 3834 28 25 at
1671 3828 107 36 Teviot,

1208 3868 3 40 !
1225 3887 28 15 as
1267 3876 43 26 the
1326 3875 125 27 distance
1464 3873 22 28 is
1502 3878 45 23 too
1561 3872 42 28 far
1617 3876 27 24 to
1658 3870 65 29 take
1734 3870 46 27 the

1209 3913 1 38 ;
1226 3915 69 26 tools
1310 3919 27 22 to
1356 3913 163 38 Roxburgh.

1293 3975 177 20 KMPLOYMENT
1483 3974 33 19 OF
1529 3971 185 22 SURFACEMEN.

1263 4007 37 28 Cr
1315 4007 56 27 Sim
1385 4005 86 29 asked
1486 4005 72 28 what
1574 4015 53 16 was
1641 4003 46 28 the
1702 4002 75 28 usual

1209 4043 2 35 ;
1223 4057 97 18 course
1337 4045 126 28 followed
1486 4045 66 27 with
1577 4043 99 35 regard
1690 4049 28 21 to
1733 4043 45 26 the

1208 4083 3 33 !
1226 4089 116 26 number
1354 4086 30 28 of
1397 4085 170 28 surfacemen
1579 4085 60 27 that
1648 4083 81 28 could
1745 4083 33 27 be

1208 4125 3 40 I
1225 4127 143 38 employed
1384 4127 26 27 in
1422 4126 66 28 each
1502 4125 100 37 riding.

1269 4176 51 26 Ihe
1336 4173 145 29 Chairman
1495 4172 59 28 said
1568 4172 60 28 that
1652 4170 92 28 unless
1765 4181 15 17 a

1210 4211 1 40 :
1225 4216 156 28 cheek'was
1404 4214 124 37 imposed
1551 4223 34 18 on
1606 4211 174 34 councillors,

1210 4249 1 44 j
1226 4257 46 28 the
1284 4255 181 38 expenditure
1479 4265 34 17 on
1527 4253 151 36 surfacing,
1690 4256 27 24 at
1733 4252 46 28 the

1209 4293 3 42 j
1226 4301 112 34 present
1370 4300 67 29 rate,
1470 4294 88 28 would
1591 4293 118 29 swallow
1744 4302 36 28 up

1210 4335 3 44 j
1226 4337 158 36 something
1394 4336 56 27 like
1464 4335 93 29 £BOOO
1571 4344 16 18 a
1600 4344 73 26 year.

1265 4378 81 28 After
1366 4376 163 34 discussion,
1554 4375 22 28 it
1599 4384 54 18 was
1678 4373 101 37 agreed

1211 4413 2 41 ;
1228 4419 60 27 that
1300 4418 28 27 in
1343 4417 94 28 future
1460 4416 46 27 the
1527 4415 140 28 chairman
1680 4413 99 29 should

1211 4453 2 44 j
1227 4457 104 28 control
1346 4456 47 28 the
1417 4456 186 39 employment
1617 4454 29 28 of
1659 4453 106 29 surface-

1206 4500 7 36 j
1229 4510 71 17 men.

1322 4546 113 20 MILLERS
1456 4546 65 20 PLAT
1540 4546 68 19 PONT
1629 4545 64 19 SITE.

1265 4579 26 28 A
1315 4578 84 29 letter
1423 4588 56 18 was
1492 4576 126 31 received
1646 4576 71 29 from
1746 4575 34 28 A.

1228 4619 122 38 Grogan,
1366 4628 34 18 on
1424 4618 93 29 behalf
1542 4617 29 29 of
1597 4618 47 27 the
1673 4616 109 36 Bender

1232 4661 71 27 Burn
1326 4658 146 38 Dredging
1483 4658 59 36 Co.,
1554 4658 101 38 asking
1669 4656 97 38 permis-

1228 4701 58 26 sion
1301 4700 42 27 for
1356 4699 47 28 the
1424 4709 135 27 company
1573 4706 28 21 to
1616 4698 107 36 dredge
1738 4698 46 26 the

1230 4741 103 27 Millers
1348 4739 63 28 Flat
1420 4743 69 34 punt
1502 4739 60 29 site.

1266 4781 102 28 Messrs
1392 4779 170 29 Richardson
1590 4779 54 28 and
1673 4778 109 36 Grogan

1230 4830 68 17 were
1325 4821 27 25 in
1376 4819 165 28 attendance
1569 4829 30 18 as
1613 4821 155 33 representa-

1230 4859 69 28 tives
1312 4859 29 28 of
1355 4859 46 28 the
1427 4859 111 35 Benger
1565 4858 76 28 Barn
1658 4858 58 33 Co.,
1731 4856 54 28 and

1234 4899 41 28 Mr
1289 4898 108 29 Crooke
1411 4898 136 39 appeared
1574 4910 35 17 on
1637 4897 93 29 behalf
1757 4897 28 27 of

1231 4939 45 27 the
1310 4939 89 36 Otago
1441 4938 150 38 Dredging
1632 4938 59 33 Co.,
1725 4936 60 28 who

1230 4979 138 38 objected.

1269 5020 86 29 There
1370 5031 54 18 was
1438 5029 74 20 some
1538 5020 153 28 discussion
1714 5030 29 17 as
1757 5022 28 25 to

1217 5058 1 38 i
1232 5060 47 27 the
1291 5060 155 36 ownership
1470 5059 30 27 of
1524 5059 47 27 the
1598 5058 118 38 ground,
1731 5058 53 27 and

1217 5097 1 39 i
1232 5109 33 18 on
1286 5099 47 28 the
1355 5098 140 29 chairman
1522 5098 105 38 stating
1652 5098 60 28 that
1740 5097 47 29 the

1217 5134 1 44 i
1232 5140 104 28 council
1352 5139 54 28 had
1421 5150 35 17 no
1472 5139 75 39 right
1561 5149 31 18 or
1616 5138 61 29 title
1700 5142 28 25 to
1743 5138 46 28 the

1217 5178 1 40 !
1232 5180 118 38 ground,
1364 5180 47 28 the
1426 5183 102 25 matter
1542 5178 134 40 dropped.

1443 5240 132 21 GENERAL.

1217 5277 10 24 !,
1270 5272 105 29 Messrs
1442 5271 101 38 Inglis,
1615 5270 174 39 Livingston,

1217 5307 2 40 !
1234 5312 126 28 Oudaille
1388 5312 54 27 and
1469 5311 129 36 Simpson
1637 5320 72 18 were
1748 5320 26 18 re-

1217 5347 2 42 i
1234 5350 103 30 elected
1353 5355 28 23 to
1396 5354 140 35 represent
1551 5350 47 28 the
1613 5348 113 31 Council
1756 5360 34 18 on

1225 5393 56 28 .the
1295 5392 132 38 Tnapeka
1437 5390 128 39 Hospital
1579 5390 99 28 Board.

1217 5430 12 40 [.
1273 5433 41 28 Ori
1330 5432 46 28 the
1390 5432 103 28 motion
1507 5432 29 28 of
1551 5430 50 30 Ors
1616 5430 102 30 Cotton
1736 5430 54 29 and

1218 5471 1 36 ;
1235 5474 78 33 Edie,
1329 5474 19 27 it
1365 5482 53 18 was
1432 5472 163 29 resolved—
1597 5474 19 12 ff
1626 5471 72 30 That
1707 5482 17 18 a
1732 5475 58 25 rate

1236 5515 27 29 of
1283 5514 34 36 fd
1334 5514 27 27 in
1372 5514 46 27 the
1432 5514 20 27 £
1465 5513 36 28 be

1218 5552 2 31 I
1272 5555 56 28 The
1342 5553 139 30 chairman
1495 5563 55 19 was
1576 5552 160 30 authorised
1762 5554 29 27 to

1235 5606 115 27 procure
1364 5605 16 16 a
1393 5604 60 17 new
1470 5594 100 36 grader
1580 5593 43 28 for
1632 5594 48 27 the
1688 5597 101 32 county

1218 5632 2 38 j
1235 5635 91 34 roads,
1343 5635 31 27 of
1386 5635 47 28 the
1458 5634 84 29 latest
1564 5632 57 30 and
1646 5635 73 27 most
1740 5632 34 29 im-

1218 5675 2 39 -1
1236 5675 104 39 proved
1354 5680 120 33 pattern.

1220 5753 4 20 I

1340 5785 126 28 (Continued
1480 5792 27 16 on
1520 5783 79 23 Foarth
1616 5782 68 28 Page.)

114 103 167 49 Friday,
302 103 219 39 December
537 103 36 42 2,
596 102 106 40 1898

1908 85 196 41 MOCJKT
2191 84 229 40 BKNGSR
2506 85 140 41 MAIL

1835 181 343 57 MONSTER
2207 177 171 57 GIFT
2415 177 539 60 DISTRIBUTION.

2329 244 5 10 i

2033 281 197 53 BSXU
2416 282 337 51 'MM&
2529 285 233 51 BORR

1835 350 135 29 XTAVE
1993 350 80 29 much
2096 349 123 38 pleasure
2241 348 27 28 in
2289 348 159 38 intimating
2472 355 29 24 to
2517 351 72 28 their
2611 350 104 29 friends
2728 350 55 29 and
2799 350 47 29 the
2862 349 92 39 public

1927 390 141 38 generally
2082 390 59 28 that
2157 389 70 28 their

2006 430 109 30 FIRST
2154 428 181 32 MONSTER
2374 430 88 30 GiFT
2501 431 278 30 DISTRIBUTION

1898 472 228 43 Commences
2152 468 159 45 TO-DAY
2338 472 195 50 (Saturday,
2561 472 80 41 12th
2668 472 220 50 November),

1830 531 53 28 and
1898 531 54 28 will
1967 530 127 30 continue
2106 528 67 29 until
2184 528 46 29 the
2241 529 61 30 31st
2312 531 30 29 of
2355 531 158 29 December.
2553 531 111 37 During
2677 532 55 27 this
2747 531 65 29 time
2825 530 128 29 EVhRY

1832 571 101 28 CASE
1955 569 231 30 PURCHASER
2199 569 28 28 of
2240 569 92 31 Goods
2347 576 28 23 to
2388 572 46 27 the
2448 575 113 24 amount
2575 572 28 27 of
2625 574 49 25 20s
2695 582 30 17 or
2753 571 126 38 upwards
2900 571 52 27 will

1849 611 33 28 be
1897 609 144 40 presented
2057 609 64 28 with
2135 619 16 17 a
2164 608 92 30 choice
2270 612 94 28 article
2377 612 71 28 from
2469 612 45 27 the
2528 611 142 38 following
2684 612 46 28 list
2743 612 29 28 of
2787 612 92 28 Goods
2893 621 44 17 :

1879 661 73 21 Tinted
1970 661 59 21 G'ass
2046 660 22 20 Fl
2079 665 46 14 .uvr
2142 659 73 27 Vases,
2235 660 58 22 Hand
2306 662 85 22 Painted
2404 661 77 21 Flower
2491 661 71 21 Vases.
2578 662 102 25 Japanese
2690 662 72 25 Vases,
2774 661 60 28 Rnby
2844 661 61 21 Glass

1881 689 80 26 Dixhe--,
1981 688 59 24 Kiilty
2144 687 76 26 Basil.s,
2241 688 59 28 Ruby
2322 691 72 20 Butter
2409 689 90 26 Coolers,
2518 689 61 28 K'lhy
2597 691 58 20 Glass
2673 690 46 22 Salt
2736 690 84 23 Cellars.
2837 690 68 23 Fancy

1881 717 93 25 Mirrors,
1987 718 66 20 Pl.o'o
2067 715 87 21 Fii'.nii-s.
2166 717 80 23 (.'ty.-tal
2258 716 165 27 FjowerStauds,
2430 718 82 25 Crystal
2522 718 72 20 Water
2604 719 59 26 .lugs,
2671 719 79 20 Ladies'
2759 719 144 25 Companions,

2164 742 68 26 Fancy
2250 745 92 26 liaskets,
2359 746 45 19 tire
2417 747 92 24 Screens,
2524 745 33 20 kc.
2562 760 5 7 t
2583 747 35 19 kc.

1904 781 57 30 The
1976 781 73 30 Gilts
2065 780 75 29 ARt'i
2154 780 76 30 NOT
2246 781 151 32 Christmas
2414 784 137 37 Presents,
2572 785 54 29 and
2641 786 135 28 therefore
2792 785 51 29 will
2860 790 47 24 not
2923 791 32 23 be

1828 823 81 36 given
1926 834 29 17 as
1969 823 76 33 such,
2062 822 49 27 but.
2124 832 47 15 are
2184 823 64 36 only
2263 824 106 28 handed
2382 829 27 24 to
2422 825 72 28 Cash
2512 825 164 29 Purchasers
2687 826 84 38 solely
2781 826 55 28 and
2847 825 107 38 strictly

1829 863 43 28 for
1887 863 71 29 Cash
1974 862 61 39 paid
2051 873 30 18 or
2094 862 153 38 expanded.
2288 864 57 29 The
2359 871 128 23 amounts
2503 867 86 28 which
2604 867 96 28 entitle
2711 867 104 38 Buyers
2827 870 27 26 to
2869 877 16 18 a
2897 865 57 29 Gift

1827 903 71 28 need
1913 909 46 23 not
1977 907 31 24 be
2022 907 80 33 spent
2123 910 29 19 at.
2176 913 51 18 one
2251 905 75 35 time,
2350 907 49 26 but.
2424 917 62 25 may
2509 907 34 27 be
2568 907 78 27 made
2667 918 35 26 up
2727 907 27 27 in
2775 911 128 24 amounts
2926 917 29 17 as

1827 943 174 29 convenient.

1883 984 64 29 GIF
1957 988 35 24 I'd
2015 982 52 29 ON
2088 983 66 28 VIIII
2160 983 32 29 W
2213 983 106 31 FROM
2345 987 217 35 SATURDAY,
2584 988 71 28 26TH
2676 988 224 36 NOVEMBER,

1828 1063 106 38 Special
1950 1064 153 29 Purchases
2117 1064 68 29 have
2200 1065 67 28 been
2296 1067 77 27 made
2395 1067 25 27 in
2444 1077 81 27 every
2548 1068 190 38 Department,
2756 1070 36 35 by
2806 1069 87 27 which
2908 1068 46 28 the

1828 1103 86 29 Stock
1930 1105 48 28 has
1993 1105 67 28 been
2075 1104 103 36 largely
2193 1105 151 29 increased.
2392 1107 37 27 \ll
2446 1107 91 29 Goods
2552 1108 113 29 maiked
2681 1110 26 26 iu
2723 1109 71 32 plain
2811 1110 102 36 figures
2928 1114 27 22 at

2211 1146 46 28 the
2277 1156 65 26 very
2364 1146 94 28 lowest
2479 1147 96 38 prices.

1916 1232 437 84 MILLER
2396 1235 74 81 &
2516 1235 350 104 DONN,

2485 1331 296 38 LAWRENCE.

1875 1398 160 55 OHAS.
2101 1399 213 52 Bailjsy

1852 1485 72 26 (Next
1940 1486 62 19 Door
2011 1489 27 16 to
2055 1484 38 21 Mr
2105 1485 120 21 Whelan's
2239 1485 84 26 House)

1949 1534 148 23 SCOTLAND
2123 1536 103 21 STREET

1837 1620 217 29 PRACTICAL
2082 1620 97 29 BOOT
2202 1620 148 31 MAKER.

2007 1703 79 30 Done
2109 1715 35 17 on
2170 1704 47 29 the
2244 1704 125 30 Shortest

2037 1745 110 29 Notice.

1820 1815 115 45 DULL,
1973 1813 204 45 GNAWING,
2214 1814 144 35 FIEFLI..'

1952 1858 111 36 LIVER
2089 1858 133 36 PAINS.

1819 1933 50 37 He
1877 1933 173 45 Thought
2063 1934 26 35 it
2096 1944 82 26 was
2193 1931 166 40 Sciatica

1922 1990 44 26 or
1983 1980 279 36 Rheumatism.

1819 2054 50 39 He
1879 2054 103 38 Took
1994 2053 215 40 CLEMENTS
2223 2051 135 40 TONIC.

1817 2131 96 45 They
1935 2130 103 38 Went
2064 2134 24 32 &
2109 2129 116 37 Never
2246 2128 114 38 Came

2037 2175 112 38 Back.

1959 2251 80 29 The
2056 2249 101 32 Case
2175 2249 47 30 of

1850 2300 199 38 ftlichael
2089 2298 241 40 CornweH.

1816 2375 74 26 [From
1901 2376 34 21 the
1947 2376 106 26 Windsov,
2063 2374 55 23 N.S.
2129 2375 38 27 W.>
2199 2374 133 23 Australian

1911 2423 38 25 (BY
1964 2428 47 16 Otfß
2025 2428 95 16 SPECIAL
2135 2428 120 15 REPORTER
2265 2422 7 26 )

1842 2462 112 23 Rumours
1965 2462 23 22 of
1996 2462 38 22 the
2044 2469 49 15 case
2103 2462 23 22 of
2133 2462 3 26 ■
2144 2462 41 22 Mr.
2206 2462 117 26 Cornwolt',
2339 2462 21 22 of

1815 2495 174 27 Geo.gc-streety
2004 2492 112 27 Windsor,
2274 2492 85 27 .Walfes,

1815 2531 60 14 came
1888 2529 21 16 to
1921 2523 39 22 the
1969 2530 49 15 ears
2028 2523 23 21 of
2060 2530 40 14 our
2111 2526 106 24 reporter,
2231 2523 48 21 who
2290 2522 70 22 there-
2376 2522 1 33 j

1816 2561 57 21 upon
1887 2552 80 23 visited
1979 2553 41 22 Mr.
2034 2552 118 27 Cornwall,
2163 2552 43 22 and
2221 2552 139 23 ascertained

1816 2584 54 21 from
1884 2584 44 21 liini
1940 2583 125 28 personally
2077 2583 17 21 if
2105 2583 37 21 the
2153 2587 61 24 story
2225 2583 23 21 of
2265 2583 34 21 his
2309 2590 52 15 cure

1816 2615 56 19 from
1884 2622 12 12 a
1909 2614 40 20 had
1961 2613 55 21 liver
2026 2613 103 21 affectum
2141 2620 43 14 was
2194 2615 92 19 correct.

1845 2642 136 28 '"Certainly
1993 2642 18 21 it
2019 2649 10 14 s
2040 2646 36 17 tru
2130 2642 83 30 replied
2233 2642 41 21 Mr.
2295 2642 50 21 Corn-

1820 2673 54 25 veil,
1884 2674 21 21 in
1916 2680 87 15 answer
2015 2678 22 16 to
2048 2673 38 21 the
2096 2672 120 29 reporter's
2226 2672 121 29 questions.

1954 2714 74 28 Dull,
2044 2713 156 31 Gnawing
2219 2713 74 23 Pain

1818 2756 20 20 hi
1851 2763 35 21 my
1898 2756 31 20 hfi'
1939 2756 13 20 k
1974 2756 63 21 made
2053 2756 29 21 its
2099 2754 143 30 appoai&nce,
2259 2755 102 28 together

1820 2790 49 16 .vn'i
1891 2793 12 13 a
1920 2786 76 27 sharp,
2015 2785 101 28 pricking
2130 2785 112 22 sensation
2262 2785 97 21 between

1819 2814 2 29 •
1828 2814 26 29 iie
1864 2815 124 21 shoulders.
2018 2815 37 28 My
2065 2814 52 22 food
2125 2814 115 29 disagreed
2252 2815 53 21 with
2319 2822 40 19 me,

1818 2845 78 21 canned
1909 2851 34 16 rim
1953 2844 49 28 pain
2011 2844 57 22 i-fter
2076 2844 76 28 eating
2169 2845 42 20 aud
2223 2844 10 22 I
2243 2851 45 14 was
2298 2844 61 21 often

1818 2874 52 22 sick,
1890 2874 43 21 and
1943 2875 24 20 of
1982 2881 74 14 course
2074 2881 36 21 my
2129 2875 101 27 appetite
2250 2877 59 18 went
2332 2874 31 21 off

1837 2904 61 22 -»:si.lt
1909 2903 69 29 rahly,
2017 2903 11 23 I
2050 2903 59 30 slept
2135 2912 25 13 ve
2174 2912 20 21 y.
2213 2903 75 29 ua.lly,
2308 2903 52 27 and,

1825 2934 3 29 ■
1839 2934 84 23 4uialls
1939 2935 97 28 enough,
2053 2934 10 22 I
2074 2941 45 15 was

1871 2976 123 27 A!w.i;s
2010 2976 126 28 Drowsy
2152 2976 65 22 and
2240 2976 66 22 DuEl

1834 3017 3 28 .
1851 3017 36 20 the
1898 3018 42 27 d>y
1953 3018 58 21 time.
2053 3017 21 22 If
2084 3018 11 21 I
2106 3018 84 22 walked
2202 3025 13 14 a
2225 3018 52 21 mile
2288 3017 51 22 then
2353 3018 6 21 1

1830 3046 65 21 hould
1914 3047 27 20 be.
1957 3056 23 13 i.s
1998 3048 58 21 tired
2073 3055 24 14 as
2114 3048 17 22 if
2150 3049 9 20 I
2176 3048 84 21 walked
2274 3056 9 13 a
2295 3048 66 21 dozen

1826 3076 55 21 niies
1891 3084 55 13 nosy..
1978 3077 24 21 In
2016 3078 37 20 the
2064 3079 99 26 morning
2175 3077 9 22 I
2195 3078 83 27 always
2286 3078 76 20 awoke

1826 3106 44 20 villi
1882 3112 13 14 ft
1964 3106 118 27 lie.ul.iclie,
2100 3108 43 21 and
2158 3114 13 14 a
2181 3107 75 22 coated
2273 3109 88 25 tongue,
2375 3106 2 28 ,

1825 3135 36 21 •nd
1883 3143 12 13 a
1917 3135 65 22 hitter
2011 3139 58 19 taste
2094 3137 21 21 in
2142 3143 35 22 my
2197 3137 85 26 month,
2309 3137 53 22 with

1820 3171 77 21 Heavy,
1922 3166 65 26 clung
2004 3166 70 26 limits,
2088 3174 23 14 as
2127 3167 16 21 if
2160 3167 8 21 I
2181 3167 42 21 had
2236 3168 57 20 done
2304 3174 59 14 some

1834 3195 94 20 xeessive
1938 3194 77 22 labour
2027 3197 36 20 the
2074 3196 42 27 day

1872 3224 4 27 I
1884 3224 11 20 'i
1908 3224 3 27 i
1923 3231 43 20 you
1980 3225 52 21 take
2041 3225 108 22 medicine
2159 3227 7 20 ?

1848 3255 14 9 il
1865 3253 17 21 '\
1894 3261 23 13 <s
1928 3253 3 24 .
1949 3254 5 21 J
1969 3258 58 18 went
2038 3259 22 18 to
2071 3264 13 13 a
2094 3255 94 22 chemist
2196 3256 41 21 and
2249 3255 112 22 described

1827 3291 27 21 ny
1866 3283 117 30 su.Vrings
1993 3293 5 18 ;
2014 3286 27 21 he
2057 3285 127 29 prescribed
2202 3286 34 21 for
2246 3294 41 18 me,
2299 3286 43 22 and
2353 3286 9 21 I

1822 3313 50 22 „ook
1891 3321 16 14 s»
1916 3315 59 22 varal
1993 3315 81 23 bottles
2082 3315 25 23 of
2124 3316 34 22 his
2173 3315 80 30 physic
2263 3325 6 18 ;
2284 3316 40 23 but
2334 3316 30 22 all

1832 3344 31 21 his
1874 3344 56 22 stuff
1940 3352 43 14 was
2002 3350 39 17 not
2058 3346 23 22 of
2097 3347 37 21 the
2153 3347 53 21 least
2223 3347 89 26 service,
2324 3354 40 14 nor

1827 3374 30 22 lid
1868 3375 17 19 it
1895 3374 83 24 relieve
1989 3375 38 22 tha
2042 3383 51 21 pain
2105 3377 21 21 in
2142 3384 36 20 my
2191 3376 53 22 hack
2263 3384 40 14 one
2321 3377 39 27 jot.

1823 3404 29 21 At
1862 3404 75 28 lengfli
1948 3404 8 21 I
1968 3410 38 24 got
2014 3405 56 22 tired
2081 3406 22 21 of
2114 3406 78 30 taking
2204 3406 23 22 it.
2236 3406 42 22 and
2290 3405 10 24 I
2310 3413 54 23 gave
2373 3404 4 32 <

1822 3434 31 22 his
1864 3434 107 23 medicine
1980 3443 29 21 up
2020 3443 23 14 as
2052 3444 11 13 a
2076 3437 42 21 bad
2128 3436 45 29 job.
2183 3434 4 31 '
2230 3434 4 31 •

1872 3464 68 23 What
1951 3472 43 14 was
2005 3472 59 21 your,
2072 3467 122 28 complaint

1944 3494 51 29 long
2007 3497 56 20 time
2077 3496 10 22 1
2098 3497 99 29 thought
2209 3496 10 22 1
2232 3505 43 13 was
2290 3495 64 24 suffer-

1822 3525 34 27 ing
1868 3524 54 21 from

1873 3563 194 26 Sciatica.or
2081 3565 233 30 Rheumatism,

1820 3602 43 22 and
1880 3603 10 21 I
1902 3603 128 29 frequently
2042 3604 54 21 used
2106 3605 82 21 lotions
2198 3606 44 20 and
2253 3606 113 20 liniments

1822 3632 20 21 ■jf
1860 3632 106 22 different
1977 3632 65 23 kinds
2054 3634 33 21 for
2097 3634 49 21 that
2161 3634 90 23 aihmnt
2263 3643 5 18 ;
2283 3634 48 27 but,
2344 3642 22 13 as

1822 3662 60 22 these
1900 3662 42 22 had
1961 3671 27 13 no
2005 3663 72 27 effect,
2096 3664 44 21 aud
2151 3672 24 14 as
2187 3665 9 21 I
2208 3665 68 28 began
2289 3669 22 17 to
2323 3665 43 21 lose

1823 3692 78 29 weight
1912 3692 43 22 and
1966 3696 38 25 get
2014 3700 27 14 an
2053 3693 123 30 unhealthy
2188 3694 83 27 colour,
2284 3694 10 22 I
2305 3702 61 14 came

1838 3731 5 10 >
1856 3723 35 21 the
1902 3723 125 21 conclusion
2039 3724 50 21 that

1870 3762 49 30 My
1936 3763 85 24 Liver
2036 3770 68 18 was
2121 3751 209 38 Disordered.^

1835 3805 73 22 dve.-al
1924 3805 23 21 of
1964 3812 37 22 my
2012 3806 83 23 friends
2107 3806 169 23 recommended
2295 3814 34 15 me
2345 3811 23 17 to

1830 3834 41 23 ake
1883 3836 88 21 various
1982 3837 115 25 remedies,
2117 3836 70 23 which
2205 3837 52 29 they
2270 3837 97 30 thought

1828 3866 64 28 night
1910 3866 28 21 do
1959 3873 34 14 me
2009 3874 60 14 some
2080 3867 67 28 good.'
2175 3866 10 22 I
2196 3866 102 24 followed
2311 3868 57 22 their

1824 3895 70 21 idvice
1905 3895 21 21 in
1942 3902 65 21 many
2020 3897 118 25 instances,
2159 3897 40 20 hut
2216 3897 108 22 obtained
2342 3904 26 13 no

1819 3925 143 28 satisfactory
1975 3926 85 21 results.
2093 3926 46 22 The
2150 3926 64 28 pains
2225 3927 22 22 in
2256 3933 36 22 niy
2302 3926 65 26 back,

1820 3955 117 29 especially
1950 3956 64 21 those
2029 3963 73 15 across
2120 3956 37 22 llie
2175 3956 63 26 loins,
2256 3951 112 28 increa>ed

1820 3986 21 20 in
1851 3986 98 27 severity
1960 3986 34 20 till
2013 3986 9 20 I
2041 3986 64 21 could
2125 3986 78 27 hardly
2215 3989 19 17 st
2244 3987 35 20 -nd
2300 3987 66 26 liiein,

1819 4014 41 22 and
1877 4015 10 21 I
1902 4015 45 23 had
1964 4015 94 21 decided
2078 4019 22 18 t>
2112 4017 61 27 place
2185 4016 80 26 myself
2277 4019 69 19 under
2357 4024 12 12 a

1818 4043 95 23 doctor's
1929 4052 56 17 care,
2006 4045 62 21 when
2087 4052 36 21 my
2135 4045 92 21 brother
2237 4052 61 15 cam*-
2311 4053 57 21 upon

1820 4073 36 22 ihe
1875 4081 70 18 same,
1968 4074 102 29 bringing
2088 4083 11 12 a
2121 4074 71 21 bottle
2214 4074 21 21 of
2255 4075 114 22 ('ltments

1819 4103 66 22 Tonic
1900 4114 8 7 v
1919 4104 33 21 iih
1964 4104 52 21 him.
2049 4104 84 22 lieh.td
2146 4106 53 19 been
2211 4111 47 21 vtrj
2277 4105 22 21 ill
2314 4106 40 20 him-

1818 4132 49 28 self,
1878 4133 43 21 and
1933 4136 52 19 tnat
1996 4133 90 30 remedy

1868 4174 67 23 Had
1954 4174 106 24 Pulled
2079 4175 68 23 Him
2164 4174 162 30 Through,

1819 4216 42 22 and
1872 4217 28 23 he
1910 4216 47 22 said
1971 4217 50 28 why
2030 4218 115 22 shouldn't
2159 4219 13 19 it
2186 4225 51 13 cure
2249 4226 39 12 ii:e.
2310 4218 61 22 That

1820 4254 43 15 was
1874 4247 34 20 his
1918 4251 126 24 aigunifcfrt.
2075 4248 7 21 I
2100 4252 91 17 cooM'tit
2206 4247 12 20 d
2237 4250 23 17 to
2272 4252 35 23 try
2322 4252 48 18 two

2410 1436 121 55 WM.
2566 1436 126 53 KIN
2698 1437 238 55 ASTON

2466 1522 240 49 Hermitage
2743 1522 144 44 Street,

2569 1594 223 35 Roxburgh,

2400 1657 237 38 C.iRPENTttK,
2666 1657 172 31 BUILDER
2860 1681 7 7 .
2888 1681 7 7 .
2917 1681 6 7 .
2947 1657 4 38 .

2401 1711 4 36 .
2429 1733 5 5 .
2458 1733 5 5 .
2488 1733 5 5 .
2518 1711 162 29 PjCTURE
2707 1711 168 36 FRAMER,
2899 1719 52 20 AND

2545 1763 265 41 Undertaker,

2399 1847 110 28 Picture
2522 1846 171 38 Mouldings,
2706 1846 119 33 Glasses,
2846 1847 105 36 Paints,

2465 1887 54 27 ami
2545 1886 228 38 Paperhangings
2799 1889 28 25 of
2848 1888 35 26 all

2509 1926 182 39 descriptions
2704 1927 27 28 in
2751 1927 88 29 stock.

2399 1978 100 29 Orders
2513 1979 84 28 taken
2621 1980 43 26 for
2684 1979 98 38 supply
2797 1980 28 27 of
2839 1980 112 28 Timber

2540 2019 94 38 in<any
2650 2020 157 38 quantities.

2396 2102 88 30 W.K.
2497 2102 104 39 having
2622 2104 114 28 secured
2756 2114 15 18 a
2793 2103 158 30 First-class

2557 2158 233 34 HEARSE,

2396 2212 172 40 is*prepared
2582 2218 28 24 to
2630 2213 120 29 conduct
2770 2214 134 29 Funerals
2923 2214 27 27 in

2498 2253 35 29 all
2547 2258 75 34 parts
2636 2255 29 27 of
2678 2254 46 28 the
2739 2254 117 29 district.

2484 2344 59 59 E.
2607 2343 257 66 JOHNS,

2442 2421 143 39 Grocer
2615 2424 83 36 and
2727 2420 204 40 General-

2561 2473 234 38 Merchant,

2519 2532 158 26 MILLERS
2730 2532 100 27 FLAT.

2436 2612 59 29 The
2520 2612 105 35 largest
2659 2611 54 28 and
2749 2612 202 28 best-assorted

2400 2652 85 30 Stock
2499 2652 30 29 of
2542 2651 116 30 General
2679 2651 63 39 Good
2758 2651 15 39 9
2789 2651 31 39 in
2834 2662 54 27 any
2902 2662 33 28 up-

2399 2697 115 27 countrv
2529 2697 72 24 store
2615 2693 29 27 in
2659 2692 98 38 Otago.

2437 2733 141 30 Groceries
2598 2732 55 29 and
2681 2732 155 29 Provisions
2858 2733 28 27 of
2907 2733 44 27 the

2399 2774 61 28 best
2472 2773 82 28 kinds
2564 2776 29 25 at
2603 2777 73 24 most
2686 2773 157 28 reasonable
2854 2773 97 38 prices.

2437 2813 161 38 Crockery,.
2613 2812 160 36 Glassware,
2808 2813 126 29 Ironmon-

2399 2864 77 28 gery,
2491 2854 93 35 Boots,
2600 2854 96 35 Shoes,
2709 2852 48 29 &c.

2401 2894 158 30 Customers
2573 2893 100 30 waited
2687 2904 34 18 on
2736 2894 28 28 in
2778 2894 35 29 all
2827 2897 77 35 parts
2925 2894 26 27 of

2399 2935 47 29 the
2463 2935 119 29 district.

2547 3016 33 29 E.
2619 3016 185 35 JOHNS,

2411 3064 116 23 GROCER
2541 3065 62 20 AND
2620 3065 137 21 GENERAL
2772 3064 166 22 MERCHANT.

2601 3129 137 22 AGENCIES
2747 3137 5 15 ;

2400 3159 177 29 Manchester
2589 3159 63 28 Fire
2665 3159 150 27 Insurance
2831 3158 48 29 Co.

2401 3199 158 27 Australian
2568 3198 108 28 Mutual
2684 3198 149 28 Provident
2844 3197 107 38 Society

2402 3259 248 38 WhYPAY

2404 3313 101 38 FOR
2544 3313 31 36 A
2614 3305 239 44 WATCH??

2465 3377 78 30 CAN
2564 3376 78 29 YOU
2658 3375 103 28 READ
2782 3374 111 29 THIS?

2399 3446 12 24 I
2433 3450 20 20 A
2463 3445 4 30 |
2479 3448 78 22 S*L*D
2568 3445 3 30 |
2583 3447 100 22 S*LV*R
2693 3445 3 30 I
2709 3447 89 20 W*T*H
2810 3445 2 30 |
2825 3447 11 19 I
2847 3445 3 30 I
2862 3445 63 21 G**S
2944 3448 7 20 i

2503 3506 82 22 GU\SS
2596 3498 2 34 I
2611 3504 80 22 R*G*T
2702 3504 5 27 J
2717 3505 16 20 ii
2740 3498 4 34 i
2756 3504 45 20 B*Y
2811 3498 2 34 |
2824 3506 15 17 A
2848 3498 3 34 |
2858 3498 93 26 CH**N*

1819 4284 24 13 or
1860 4277 62 22 three
1937 4277 89 22 -bottjrs
2037 4277 70 21 befnr>
2201 4283 21 13 10
2236 4277 36 25 ilt--
2283 4283 85 19 ii,.i.t<>r,

1819 4305 43 22 and
1874 4304 103 25 thankful
1991 4306 8 22 I
2011 4314 35 14 am
2059 4308 48 21 tiiut
2120 4306 8 22 i
2142 4306 36 21 'i:d

1994 4336 17 22 'l*
2029 4344 33 14 iuo
2074 4344 50 15 «.ur'.*
2135 4336 3 28 l
2152 4343 51 21 >on,
2218 4336 51 21 'hrr,

1947 4366 117 29 perfectly.
2097 4367 6 21 1
2195 4372 35 20 my
2242 4366 125 22 livt-rmust

1820 4395 54 22 have
1902 4395 54 22 been
1980 4397 181 24 congested—<-v.
2171 4402 22 14 it:
2210 4395 30 26 h.i.
2250 4395 15 26 t-•
2271 4395 12 26 i,
2307 4407 16 8 ».i
2349 4398 16 19 it

1820 4426 120 21 were—for
1957 4425 11 22 T.
1980 4426 63 21 .hml.'i
2054 4433 8 14 t
2081 4427 52 19 been
2156 4425 78 25 '..Un<,'
2253 4425 112 21 (leu.tut*

1819 4454 69 22 Tonic
1905 4454 33 22 for
1957 4454 52 29 long
2025 4455 74 21 before
2118 4454 37 21 the
2173 4458 122 23 symptoms
2315 4455 50 20 that

1821 4484 48 22 that
1886 4491 68 22 orgin
1971 4492 44 15 was
2165 4484 11 29 <l
2182 4484 26 20 is.<
2216 4484 102 27 piieatel.
2356 4484 9 22 1

1821 4515 39 22 felt
1946 4515 138 29 lighter—no
2101 4514 131 25 headaches,
2255 4514 43 22 ami
2316 4515 50 21 that

1822 4546 78 27 heavy,

1875 4586 135 28 Drowsy,
2028 4584 142 28 Languid
2185 4584 127 28 FeeHng

2016 4614 159 23 Vanished

1822 4658 42 22 like
1875 4658 36 28 fog
1921 4658 23 22 in
1955 4657 37 22 the
2003 4656 111 22 sunshine.
2135 4656 45 21 The
2192 4654 35 23 fits
2238 4655 22 22 of
2271 4656 83 22 sieknea-

1822 4687 69 22 which
1913 4687 44 22 had
1972 4691 36 17 att
2023 4686 55 21 eked
2095 4692 47 14 now
2163 4685 102 21 tumbled
2286 4693 32 14 me
2339 4693 27 14 no

1820 4717 83 28 longer,
1924 4716 44 22 and
1989 4716 36 20 the
2047 4716 63 22 tvains
2135 4715 21 20 in
2178 4721 34 21 my
2232 4713 64 26 back,
2313 4715 53 21 both

1821 4746 98 21 between
1941 4746 27 20 he
1985 4745 115 20 shouliieis
2111 4743 43 22 and
2171 4750 72 15 ac.'oss
2255 4744 37 21 the
2303 4744 63 27 loins,

1820 4776 91 28 quickly
1935 4774 119 23 decreased
2073 4774 44 21 mid
2141 4774 146 28 disappeared
2312 4774 44 22 alto-

1875 4833 48 21 You
1936 4839 55 14 were
2002 4839 51 13 soon
2065 4832 49 21 will
2135 4832 52 21 then

1847 4863 17 11 u
1874 4861 50 26 Yes,
1937 4861 113 23 Clements
2060 4862 68 22 Tonic
2145 4863 23 19 hr
2175 4861 47 21 iced
2238 4868 34 14 me
2283 4869 28 20 up
2323 4861 43 22 like

1823 4899 13 15 a
1844 4891 109 29 powerful
1962 4891 123 26 stimulant,
2097 4892 41 21 ami
2151 4898 35 21 my
2198 4891 119 29 complaint

1940 4932 99 23 Never
2053 4932 99 22 Came
2170 4932 83 22 Back

1824 4974 64 28 again
1907 4972 77 22 either.
2031 4972 63 22 from
2119 4972 37 22 the
2175 4973 67 23 tirue,>
2255 4972 113 23 Clein«n»

1825 5003 66 23 Tonic
1907 5002 66 23 cured
1989 5009 34 16 trie
2043 5003 10 23 I
2075 5003 55 23 have
2148 5008 38 17 not
2198 5002 42 24 !.a4
2250 5011 28 14 an
2296 5003 51 24 hem
2353 5004 15 22 's

2223 5025 4 29 '
2238 5038 10 9 •
2298 5025 10 14 '

1877 5061 40 21 We
1928 5061 56 21 shall
1995 5061 88 28 publish
2093 5061 61 21 wh*t
2164 5068 42 21 you
2222 5068 38 21 say

1937 5098 48 19 can,
1998 5090 8 22 I
2017 5091 55 21 have
2082 5091 52 29 only
2142 5090 47 23 told
2198 5098 42 21 you
2250 5091 62 27 facts,
2325 5092 43 22 and

1824 5127 43 22 you
1878 5120 56 22 have
1944 5127 36 23 my
1990 5120 40 22 full

1933 5179 138 20 STATUTORY
2083 5180 172 19 DECLARATION.

1846 5214 14 20 I,
1874 5214 85 18 Miciubl
1970 5214 109 20 Corxwkm,,
2091 5215 20 17 of
2123 5216 140 21 George-street,
2279 5216 52 17 Wind
2341 5220 27 14 or.

1824 5237 18 17 in
1851 5237 32 17 the
1891 5237 69 21 Colony
1968 5237 19 17 of
2000 5238 42 16 hew
2054 5237 58 18 South
2121 5238 63 18 Wales,
2197 5239 23 17 do
2230 5238 89 22 'solemnly
2332 5239 34 17 and

1824 5260 90 21 sincerely
1930 5260 71 17 declare
2020 5261 43 16 that
2079 5261 7 16 I
2105 5261 46 18 have
2169 5262 88 22 carefully
2277 5261 41 19 read
2337 5262 30 17 the

1825 5284 82 17 annexed
1917 5282 105 21 document,
2035 5282 102 23 consisting
2220 5280 52 23 folios
2283 5286 35 21 a»:<J
2327 5289 30 14 con-

1824 5306 102 21 secutively
1940 5306 101 18 numbered
2055 5307 45 17 from
2115 5312 34 12 one
2163 5309 19 15 to
2196 5307 40 21 fiv£,
2249 5310 36 16 and
2299 5309 45 17 that,
2354 5308 14 17 it

1825 5329 84 17 contains
1921 5331 36 14 and
1968 5329 14 16 is
1996 5334 10 11 a
2020 5332 39 13 rr.it*
2072 5328 35 17 and
2124 5329 74 18 faithful
2214 5333 77 15 account
2308 5331 17 16 of
2337 5334 29 18 my

1825 5351 62 18 illness
1895 5351 35 17 and
1937 5356 43 13 cure
1989 5351 23 22 by
2020 5351 93 19 Clements
2121 5352 61 20 Tonic,
2191 5353 36 16 and
2238 5353 38 18 also
2286 5354 81 17 contiiiis

1825 5380 30 17 my
1868 5374 32 19 full
1911 5374 109 23 permission
2029 5376 19 16 to
2060 5374 73 26 publish
2148 5376 30 17 the
2187 5381 49 12 same
2247 5376 17 18 in
2273 5382 34 16 any
2317 5381 37 17 way
2363 5374 4 26 ;

1824 5398 36 18 »nd
1869 5398 8 17 1
1890 5398 53 17 make
1958 5398 37 19 this
2007 5400 70 15 solemn
2090 5397 112 19 declaration
2216 5400 150 21 cong'-iectioui'ly

1817 5417 99 25 /odieving
1924 5421 32 16 ihe
1968 5425 52 12 samo
2031 5423 19 14 to
2059 5420 21 17 be
2094 5423 41 15 true
2135 5417 3 25 l
2139 5417 1 25 ,
2154 5421 35 18 and
2206 5421 22 21 by
2241 5422 60 18 virtue
2313 5425 15 16 ol
2337 5424 29 16 the

1824 5442 102 26 provisions
1939 5444 18 18 of
1972 5449 23 12 an
2011 5444 35 17 Act
2058 5444 53 19 made
2125 5444 35 19 and
2173 5446 66 21 passed
2248 5446 17 17 in
2275 5447 30 17 the
2316 5449 50 15 ninth

1824 5472 44 17 year
1880 5467 25 18 ofc
1916 5467 33 18 the
1962 5467 51 22 reign
2025 5468 18 16 of
2057 5467 33 17 her
2102 5470 72 19 present
2190 5468 84 23 Majesty,
2281 5470 85 19 intituled

1844 5491 28 17 An
1881 5491 36 17 Act
1924 5488 67 22 forjhe
1999 5494 51 13 more
2057 5490 84 18 effectual
2147 5491 88 18 abolition
2245 5493 17 16 of
2268 5493 57 17 Oaths
2332 5494 34 16 and

1824 5513 127 19 Affirmations
1957 5514 56 18 taken
2020 5512 37 19 and
2070 5514 53 18 made
2137 5515 17 17 in
2165 5515 31 18 the
2210 5515 71 19 various
2293 5517 63 21 Depart-

1824 5538 60 16 ments
1892 5536 19 18 of
1919 5536 31 18 the
1957 5537 124 17 Government
2090 5538 19 17 of
2116 5538 43 17 New
2167 5538 58 17 South
2233 5538 62 20 Wales.
2305 5541 33 17 and
2349 5543 17 15 to

1824 5559 101 19 substitute
1941 5559 126 19 Declarations
2079 5560 18 18 in
2112 5560 35 19 lieu
2160 5561 76 20 thereof,
2250 5564 35 16 and
2298 5564 26 17 for
2336 5564 30 17 the

1824 5583 116 23 suppression
1949 5584 17 17 of
1976 5585 96 19 vo/uittary
2079 5583 36 19 and
2123 5585 136 21 extra-judicial
2268 5586 56 18 Oaths
2331 5590 35 14 ana

1844 5750 87 20 Declared
1944 5753 20 16 at
1972 5749 90 22 Windsor,
2071 5749 38 19 this
2121 5748 42 20 28th
2176 5748 36 23 day
2224 5750 18 18 of
2255 5750 51 23 July,

1823 5775 61 19 before
1892 5775 46 19 me.-

2096 5795 105 19 WILU'AM
2213 5797 16 16 M
2232 5797 61 22 OSES;
2305 5800 36 18 i'.P;
2354 5795 15 15 »'•

2429 3576 22 20 In
2464 3574 60 21 order
2535 3575 21 19 to
2568 3573 110 22 Introduce
2688 3578 38 15 our
2737 3571 94 20 Busine>s
2841 3571 44 20 into
2894 3576 59 20 every

2403 3603 118 21 Household
2544 3602 21 19 in
2589 3600 107 21 Australia
2721 3607 28 12 we
2776 3598 114 20 undertake
2913 3604 39 14 aim

2400 3632 111 24 £;unrautee
2521 3635 21 14 to
2552 3630 45 24 give
2608 3635 55 19 away
2674 3635 39 12 one
2720 3626 21 21 of
2750 3633 38 13 our

2413 3668 218 22 WORLD-FAMED
2647 3667 29 19 t'2
2691 3666 36 20 10s
2742 3666 84 19 SOLID
2840 3664 103 21 SILVER

2469 3696 124 21 KEYLESS
2610 3694 118 21 HUNTER
2744 3692 145 25 WATCHES,

2403 3736 78 21 Lady's
2492 3743 22 11 or
2528 3733 165 22 Gkntl"eman's.
2711 3736 21 16 to
2748 3738 60 19 every
2824 3730 70 21 reader
2911 3731 42 18 who

2400 3764 60 21 sends
2472 3763 35 20 the
2517 3762 84 21 Correct
2614 3760 91 26 Reading
2716 3766 21 13 to
2752 3758 34 21 the
2795 3758 64 21 above
2873 3757 80 21 Puzzle.

2426 3799 266 25 CONDITIONS.—That
2714 3805 52 20 your
2784 3804 78 14 answer
2880 3800 22 17 to
2920 3797 33 20 the

2402 3830 74 22 Puzzle
2486 3830 16 21 is
2512 3832 84 20 correct,
2607 3827 40 21 and
2662 3827 47 20 that
2727 3833 40 19 you
2786 3825 82 21 further
2882 3825 65 20 und-r

2401 3858 55 26 tak*,
2467 3858 16 20 if
2492 3862 85 17 correct.,
2589 3859 22 17 to
2622 3855 97 27 puichase
2734 3861 38 14 one
2788 3853 22 21 of
2824 3860 37 13 our
2872 3852 81 22 SOLID

2401 3886 84 19 StVER
2500 3884 116 21 CHAINS.
2648 3883 53 19 Send
2720 3881 99 25 Stamped
2841 3880 112 20 Addressed

2405 3912 100 23 Envelope
2524 3912 31 19 for
2572 3910 65 27 reply.
2664 3909 74 25 Money
2760 3908 106 20 Returned
2884 3906 15 20 if
2911 3906 42 20 Not

2400 3939 102 23 Satisfied.

2401 3977 174 22 Addre-3—THE
2590 3976 150 24 MANAGER,

2429 4014 77 28 THE
2527 4012 124 29 GLOBE
2671 4009 143 30 WATCH
2836 4009 69 28 COM-

2581 4051 113 35 PANY,
2715 4051 65 28 Ltd.

2514 4099 42 21 105.
2573 4099 44 21 Pitt
2631 4099 77 23 Street,
2724 4096 123 21 SYDNEY.

2410 4177 39 54 B
2572 4172 382 45 WINN,

2405 4263 65 21 PAIN
2477 4262 61 24 TER,
2564 4259 130 27 GLAZIER,
2719 4258 93 21 PAPER
2832 4257 122 21 HANGER

2475 4295 67 23 SIGN
2565 4294 114 21 WRITER
2701 4293 62 21 AND
2786 4291 96 22 HOUSE

2591 4327 168 22 DECORATOR

2495 4389 69 28 Ross
2588 4389 95 33 Place,
2704 4386 162 28 Lawrence.

2440 4500 41 27 On
2498 4499 62 28 Salt*
2574 4510 16 15 a
2600 4497 76 38 large
2687 4496 54 28 and
2752 4495 91 30 varied
2854 4497 87 26 assort-

2403 4546 74 20 ment
2491 4541 28 25 of
2535 4539 68 33 Oils,
2617 4537 103 34 Paints,
2745 4536 98 34 Scrim,
2867 4535 88 33 Glass,

2405 4579 226 37 Paperhangiugii
2653 4576 55 29 and
2729 4575 134 29 Painters'
2884 4573 54 30 Sun-

2402 4619 81 28 dries.

2440 4676 66 28 New
2516 4675 53 28 and
2579 4673 171 29 fashionable
2759 4671 73 28 Wall
2844 4671 111 37 Papers,

2402 4718 70 27 from
2486 4714 37 28 f>d
2545 4724 49 27 per
2615 4714 76 37 piece
2715 4711 135 38 upwards.
2894 4713 45 24 Pat-

2401 4761 75 23 terns
2490 4761 62 22 sent
2565 4763 36 19 on
2622 4751 176 40 application,
2812 4755 62 34 post
2887 4749 67 28 free.

2439 4819 146 27 Estimates
2600 4816 83 38 given
2697 4815 43 28 for
2763 4813 116 30 General
2902 4812 36 28 Re-

2402 4859 82 39 pairs,

2440 4910 163 31 Celebrated
2618 4910 131 27 Lustruss
2768 4908 90 35 Paint,
2872 4906 83 38 ready

2403 4951 99 33 mixed,
2516 4951 36 27 all
2566 4950 123 29 Colours.

2401 5045 247 69 gAILEY'
2702 5054 33 36 &
2805 5052 138 54 RIDD

2568 5123 214 36 BUTCHERS,

2451 5178 243 33 MILLERS
2761 5175 144 37 FLAT,

2400 5261 60 38 Beg
2474 5263 28 25 to
2514 5266 144 21 announce
2672 5259 28 26 to
2714 5255 47 29 the
2774 5254 137 29 residents
2925 5253 29 29 of

2399 5301 106 27 Millers
2523 5299 62 28 Flat
2605 5297 55 28 and
2683 5295 187 36 surrounding
2892 5294 46 27 Dis-

2398 5340 80 29 tricts
2491 5339 60 28 that
2565 5337 66 38 they
2653 5334 99 31 intend
2770 5334 130 38 carrying
2918 5342 36 19 on

2398 5391 15 18 a
2427 5379 141 37 Butchery
2588 5377 131 29 Business
2741 5375 77 28 there
2841 5384 36 18 on
2899 5372 55 29 and

2399 5421 72 28 after
2483 5419 48 28 the
2551 5419 41 28 Ist
2608 5417 150 37 February,
2772 5414 54 29 and
2839 5414 72 38 hope
2926 5416 28 25 to

2399 5464 49 35 get
2462 5461 45 28 the
2521 5463 152 36 patronage
2686 5457 29 29 of
2727 5456 48 29 the
2789 5455 118 28 district,

2400 5600 67 22 BEST
2485 5598 70 22 BEEF
2578 5595 64 23 AND
2663 5595 119 21 MUTTON
2806 5593 148 23 SUPPLIED.

2401 5715 158 31 Castomers
2574 5711 53 31 will
2640 5710 36 30 be
2695 5708 99 31 waited
2816 5712 43 27 on'
2874 5706 81 32 twi6e

2406 5763 11 18 v
2617 5763 16 18 a
2655 5751 91 30 week.
2756 5760 6 8 >

2988 195 11 16 r
2999 195 33 52 J*
3039 196 23 28 E
3069 195 77 29 VlO
3155 195 22 28 T
3240 187 297 36 DISPENSARY.

3068 270 156 40 Antiseptic
3236 268 91 30 Tooth.
3340 265 122 30 Powder.

2986 317 94 22 Suitable
3094 317 32 21 for
3142 317 80 27 Family
3238 323 43 14 use.
3308 311 130 28 Thoroughly
3448 310 88 22 cleanses

3010 345 37 21 the
3057 346 57 21 teeth
3123 345 42 22 and
3173 346 99 20 sweetens
3279 343 36 21 the
3326 340 79 22 breath,
3433 338 48 22 bold
3489 343 22 15 m

3183 379 41 20 any
3236 370 103 28 quantity.

3087 408 145 31 Carboline
3232 408 70 27 —Is
3316 416 16 19 a
3344 402 96 32 bottle.

2987 457 156 27 Indispensable
3158 456 32 21 for
3203 456 37 21 the
3249 454 66 21 siable
3324 452 39 22 and
3374 452 52 21 farm
3436 449 57 27 yard,
3504 448 32 21 for

2985 484 35 21 the
3030 491 47 15 cure
3087 484 21 22 of
3117 484 75 21 horses'
3209 489 45 15 sore
3269 481 68 26 back?,
3352 479 39 22 aud
3401 479 32 21 for
3443 477 91 24 wound*,

3153 512 43 26 &e.,
3208 512 19 21 in
3237 510 27 21 all
3274 508 92 22 anim:dß.

3021 548 161 38 Bisulphide
3198 547 30 29 of
3247 546 108 29 Carbon
3369 543 43 28 for
3425 541 72 28 Sale.

2986 595 76 20 Patent
3080 595 118 25 Medicines,
3225 594 67 24 Fancy
3311 590 76 27 Goods,
3410 587 125 26 Stationery,

2985 622 149 21 Tobacconists'
3145 622 76 26 Goods,
3233 620 73 24 Books,
3317 620 61 24 Toys,
3389 617 91 24 Nursery
3496 615 40 20 and

2985 649 66 21 Toilet
3061 650 123 26 Requisites,
3193 649 90 25 Trusses,
3293 646 90 26 Feeding
3393 644 87 24 Bottles,
3488 642 48 20 Nail

2985 677 41 21 and
3038 676 50 22 flair
3094 677 98 26 Brushes,
3200 676 82 26 Combs,
3291 674 102 25 Crockery
3396 678 60 18 wt»re,
3464 670 72 25 Vases,

3163 705 65 20 Florse
3243 702 117 22 Medicines.

3029 732 84 25 Largest
3128 731 40 21 and
3183 732 45 19 best
3242 729 91 22 assorted
3346 727 64 23 Stock
3424 733 25 14 on
3463 725 36 21 the

3176 757 4 22 -
3202 757 120 22 Goldfields.
3342 757 4 22 >

2988 795 67 26 Agent
3065 795 32 21 for
3107 794 61 24 Daily
3263 792 99 26 Witness,
3372 789 87 26 Weekly
3469 789 67 24 Press,

2987 823 129 25 Canterbury
3134 822 75 26 Times,
3226 820 85 27 Cyclist,
3329 819 36 20 &c.
3392 818 62 26 Spare
3471 816 66 26 copies

3143 849 31 21 for
3184 851 65 19 casual
3261 847 127 28 purchasers.

3057 888 87 21 MUSIC
3158 888 37 19 AT
3212 885 134 23 BUNEDIN
3359 882 106 23 PRICES.

3144 959 38 37 F.
3215 958 167 50 Jeffery,

2986 1028 205 35 CHEMIST,
3238 1023 298 35 BOOKSELLER,

3010 1069 223 34 STATIONER,
3247 1066 113 30 NRWS
3376 1064 137 30 AGENT.

3088 1106 275 34 TOBACCONIST,
3384 1105 50 28 &c.

3325 1190 116 50 zrm:

3018 1339 52 26 The
3083 1337 106 35 original
3208 1337 31 26 H.
3250 1337 24 26 J.
3289 1336 102 31 Speer,
3402 1334 79 32 M.D.,
3494 1333 43 27 has

2985 1376 114 27 returned
3115 1382 23 19 to
3154 1375 39 26 the
3208 1375 115 25 Colonies
3337 1373 63 26 after
3412 1373 31 24 10
3455 1371 81 36 years'

2984 1414 110 27 absence.
3133 1412 116 31 Chronic,
3273 1411 121 30 Nervous,
3420 1409 32 26 all
3475 1408 61 27 Skin

2988 1452 121 29 Diseases,
3123 1450 142 30 Strictures,
3281 1447 97 35 Kidney
3394 1446 47 26 and
3459 1446 58 26 Blad-

2984 1488 43 26 der
3057 1486 110 27 troubles
3202 1484 153 37 Specialties.
3403 1483 66 27 Send
3499 1483 37 26 for

2984 1525 121 34 Question
3128 1524 74 28 Form
3229 1523 59 27 with
3315 1523 94 35 Stamp,
3435 1520 48 29 and
3507 1520 28 29 be

2984 1564 93 25 treated
3092 1571 23 18 at
3128 1563 79 25 home.

3019 1607 43 27 Dr
3075 1607 118 27 Speer's
3214 1603 98 28 Female
3332 1602 61 28 Pills
3411 1602 108 36 (Regula-

2984 1646 59 35 tor),
3062 1645 43 27 10s
3120 1644 31 27 6d
3165 1653 14 18 a
3193 1643 46 27 box
3251 1651 8 26 ;
3273 1648 69 21 extra
3362 1646 95 31 strong,
3480 1641 53 26 20s.

2982 1684 66 27 Send
3062 1684 37 26 for
3112 1684 26 26 it.

3019 1738 109 28 Address
3132 1737 94 28 —P.O.
3238 1737 55 26 Box
3302 1736 58 34 339,
3372 1735 162 35 Wellington,

3073 1834 65 54 G.
3187 1831 264 65 BISSET,

3006 1933 116 30 SHIRT
3152 1931 139 30 MAKER
3314 1930 24 31 &
3366 1928 153 37 HOSIER,

3084 1998 70 26 Ross
3173 1997 99 31 Place,
3292 1995 159 27 Lawrence

2988 2068 129 35 (Opposite
3131 2066 72 27 Bank
3217 2065 28 28 of
3263 2065 62 27 New
3339 2063 79 27 South
3431 2062 107 35 Wales),

2986 2132 102 55 HAS
3101 2131 92 36 always
3207 2140 30 18 on
3252 2129 65 28 band
3333 2139 14 17 a
3363 2128 70 35 large
3446 2131 76 23 assort-

3080 2175 69 21 ment
3178 2168 27 27 of
3233 2167 89 32 Shirts,
3348 2166 118 35 Hosiery,
3488 2164 47 28 and

2985 2206 106 27 Knitted
3100 2206 83 27 Undei
3193 2205 119 34 Clothing
3317 2203 28 28 of
3349 2212 74 26 every
3433 2203 90 35 descrip-

2985 2246 52 26 tion
3049 2255 7 23 ;
3076 2243 51 28 also
3137 2243 69 36 large
3217 2242 83 28 stocks
3311 2241 27 27 of
3347 2241 188 35 Ironmongery,

2986 2281 102 28 Enamel
3093 2290 82 26 ware,.
3189 2279 186 32 Earthenware,
3395 2278 140 35 Stationery

2984 2322 20 24 &
3008 2319 83 37 Fancy
3099 2319 91 35 Goods,
3197 2318 108 27 Musical
3312 2317 175 31 Instruments,
3493 2316 41 26 &c.

3019 2372 91 28 Orders
3124 2372 74 28 taken
3213 2371 36 28 for
3262 2370 92 28 Piairos
3364 2369 49 29 and
3427 2368 107 36 Organs,

2985 2412 142 31 Furniturp,
3159 2411 143 33 Waggons,
3333 2408 93 36 Spring
3455 2406 79 33 Carts,

2985 2449 122 35 Buggies,
3128 2447 122 36 Ploughs,
3277 2446 47 28 and
3347 2445 31 28 all
3403 2445 90 27 classes
3512 2443 24 28 of

2985 2487 94 33 Goods,
3095 2486 80 27 which
3189 2495 45 18 can
3256 2484 30 27 be
3299 2483 111 37 supplied
3430 2486 26 23 at
3475 2490 60 19 LOW

2984 2533 64 18 cost
3069 2524 46 27 and
3129 2524 27 26 of
3176 2523 41 27 the
3239 2531 69 18 best
3330 2528 133 25 quality.
3500 2521 35 25 As

2987 2562 62 27 G.B.
3082 2567 140 31 represents
3252 2569 67 18 some
3350 2561 24 25 ot
3403 2558 41 28 the
3477 2556 60 28 Best

2990 2600 99 26 Houses
3100 2602 27 23 in
3139 2600 126 30 Dunedin,
3276 2598 87 26 clients
3374 2605 55 26 may
3440 2595 51 36 rely
3505 2605 30 16 on

2988 2638 100 35 getting
3102 2638 124 25 whatever
3239 2636 58 36 they
3312 2640 66 22 want
3391 2634 84 35 Cheap
3488 2633 47 27 and

2983 2675 93 29 Good,.

3022 2728 92 26 Orriets
3154 2727 47 26 and
3243 2725 96 27 Letters
3370 2723 26 28 of
3424 2723 111 37 Enquiry

2990 2761 4 32 i
3005 2765 116 25 d<lresi.(-cl
3141 2772 24 17 to
3211 2763 31 28 G.
3258 2763 105 30 Bisset,
3382 2763 60 24 Ross
3457 2761 78 32 Place,

2992 2802 54 27 Law
3155 2801 48 26 will
3209 2802 92 26 receive
3307 2799 89 28 careful
3403 2799 130 27 attention.

3022 2852 187 32 jgTPeriodical
3232 2853 69 25 visits
3323 2851 69 27 m»de
3418 2857 25 19 to
3464 2850 53 26 Rox-

2989 2892 78 33 burgh
3095 2891 47 26 and
3178 2889 176 29 Surrounding
3379 2888 109 26 District.

2990 2988 213 53 HUGH
3275 2984 260 44 BRUCE,

3078 3061 199 30 BOARDING
3307 3059 139 36 HOUSE,

3016 3121 317 34 Whitehaven-street,
3356 3117 153 29 Lawrence

3053 3167 143 37 (Opposite
3210 3165 117 38 English
3342 3163 130 37 Church.)

2999 3280 80 21 FIRST
3097 3279 85 22 CLASS
3204 3276 247 24 ACCOMMODATION
3472 3276 56 21 FOR

3076 3315 57 22 THE
3147 3313 184 24 TRAVELLING
3346 3311 111 24 PUBLIC.

3033 3412 77 28 Good
3135 3410 130 39 Stabling
3290 3409 54 29 and
3364 3407 131 30 Paddock

3135 3450 255 30 Accommodation.

3530 3516 9 20 *

3069 3575 167 30 —Charges
3255 3574 200 29 Moderate.—

2989 3704 191 57 COBB
3250 3705 52 55 &
3366 3703 166 58 GO'S.

3601 2060 32 30 P.
3656 2058 107 30 Laffey
3823 2079 29 9 ...
3912 2057 166 38 Proprietor.

3618 2203 228 30 /GRIDIRON
3885 2205 70 38 XT
3960 2202 94 29 OTEL
4057 2225 7 11 >

3617 2239 229 35 VXRIBIRON
3886 2231 179 47 XIOTFL,

3656 2295 118 30 PRINCEB
3795 2294 106 30 STREET
3923 2293 101 36 SOUTH,

3730 2338 221 23 DUNEDIN.

3564 2410 102 31 JOHN
3691 2407 149 32 LAFFE?
3885 2431 29 7 ...
3956 2408 159 38 Proprietor

3602 2463 67 26 (Late
3682 2466 27 17 of
3722 2460 107 22 Railway
3843 2459 83 27 Hotel,
3940 2458 139 27 Lawrence),

3565 2502 113 38 Having
3702 2500 154 38 purchased
3876 2499 47 29 the
3946 2498 126 29 freehold
4086 2498 29 28 of

3565 2543 47 29 the
3638 2542 87 30 above
3750 2540 116 39 popular
3889 2538 55 30 and
3968 2537 133 40 centrally-

3565 2583 119 29 situated
3696 2581 93 35 Hotel,
3800 2580 54 29 and
3864 2580 104 37 having
3977 2579 124 29 consider-

3566 2624 64 38 ably
3643 2622 90 29 added
3747 2625 27 25 to
3788 2620 54 29 and
3856 2619 142 39 improved
4013 2619 46 28 the
4072 2629 30 18 ac-

3565 2662 211 35 commodation,
3789 2662 48 28 the
3851 2660 158 39 Proprietor
4021 2660 96 37 hopes,

3565 2705 37 37 by
3616 2704 80 29 strict
3708 2702 135 29 attention
3868 2703 29 26 to
3923 2700 47 28 the
3996 2699 105 38 require-

3566 2747 89 26 ments
3675 2742 28 30 of
3721 2742 42 28 his
3776 2747 160 27 customers,
3951 2744 29 24 to
3993 2739 94 29 obtain
4101 2749 16 18 a

3565 2784 53 28 fair
3649 2784 80 28 share
3759 2782 29 28 of
3810 2784 123 35 support.
3982 2779 133 35 Tourists,

3566 2824 152 29 Travellers
3732 2822 54 28 and
3800 2820 133 29 Boarders
3945 2819 53 29 will
4010 2819 57 29 find
4080 2819 37 28 all

3565 2866 48 27 the
3626 2863 130 29 comforts
3779 2862 28 28 of
3819 2872 17 17 a
3849 2862 88 27 home,
3977 2860 94 28 buites
4089 2859 29 29 of

3567 2905 101 28 Rooms
3711 2905 44 27 for
3800 2900 135 31 Families.
3993 2899 124 40 Charges

3566 2945 106 37 strictly
3687 2944 152 29 Moderate.

3666 3017 18 21 A
3698 3015 117 23 SPECIAL
3827 3014 132 22 FEATURE
3972 3015 30 21 TS-

3568 3057 209 30 LUNCHEON
3793 3057 71 28 from
3882 3057 30 27 12
3930 3059 28 25 to
3972 3056 16 27 2
4002 3053 115 30 o'clock.

3606 3131 67 36 Hot,
3689 3130 67 30 Gold
3776 3128 54 29 and
3854 3127 113 30 Shower
3984 3127 95 29 Baths.

3568 3172 56 28 The
3638 3182 64 28 very
3722 3170 62 28 best
3803 3170 28 27 of
3854 3168 105 34 Wines,
3974 3168 75 34 Ales,
4063 3167 54 27 and

3699 3205 3 43 '
3716 3208 100 40 bpirits
3835 3207 134 40 supplied.

3605 3252 24 28 A
3650 3250 91 39 Night
3758 3249 98 29 Porter
3867 3248 29 28 in
3908 3248 172 29 attendance.

3567 3327 75 28 John
3659 3325 107 28 Laffey
3807 3347 31 6 ...
3881 3346 29 6 ...
3951 3321 166 39 Proprietor.
4136 3321 4 39 '

3567 3396 242 33 Accommodation
3819 3396 44 30 for
3871 3406 65 19 over
3949 3395 51 29 100
4012 3398 103 35 guests.

3570 3550 56 60 D
3681 3549 60 60 j\/[
3772 3548 11 24 1
3815 3547 18 24 T
3846 3534 2 76 '
3864 3547 19 25 c
3918 3546 21 25 H
3954 3534 4 76 '
3973 3546 17 24 E
4024 3546 18 24 L
4073 3545 18 24 L

3624 3690 69 28 tbß
3739 3691 157 25 popular
3934 3686 117 33 house,
4070 3686 4 33 •

3744 3753 198 27 LAWRENCE.

3578 3840 10 15 s
3601 3838 51 16 now
3669 3828 104 32 opening
3791 3836 30 22 up
3841 3826 38 24 his
3901 3823 63 26 First
3987 3824 124 30 Shipment

3580 3875 25 23 of
3621 3873 142 24 SUMMER
3780 3869 169 26 DRAPERV
3963 3869 114 23 connistin

3579 3918 24 24 of
3610 3918 30 24 all
3651 3918 39 24 the
3699 3917 69 24 latest
3780 3913 116 27 novelties
3904 3913 35 25 for
3951 3911 39 26 the
3999 3913 94 29 coming
4112 3911 4 31 '

3647 3965 90 21 season,
3755 3955 47 24 and
3816 3955 76 30 prices
3905 3956 24 20 to
3946 3956 87 20 march.

3685 3995 120 28 Millinery
3819 4002 14 15 a
3856 3991 135 31 Speciality.

3760 4134 76 24 Visits
3871 4132 90 24 Millers
3988 4130 43 25 Fla

3570 4174 126 33 Roxburgh
3708 4180 72 23 every
3795 4173 36 24 six
3849 4172 85 24 weeka.

3593 4437 82 21 v.—-''

3571 4472 21 29 ;•*
3640 4479 45 17 by
4037 4468 48 40 7°

3584 4504 139 34 'ROYAL
3752 4513 27 25 »s
3984 4507 12 21 H
3998 4501 4 41 :
4002 4504 40 24 £kf
4045 4501 25 26 '*
4074 4505 10 21 J
4090 4521 10 5 -
4104 4502 25 24 s1
4159 4508 5 34 !

3567 4538 3 43 (
3579 4549 160 23 WARRANT
3988 4543 38 19 •™
4032 4543 12 17 f!
4054 4538 12 22 1
4078 4554 8 6 '
4110 4540 11 19 l
4127 4541 19 35 '\:
4159 4545 6 36 }

3567 4576 3 41 i
3580 4590 38 25 AND
3623 4589 25 26 BY
3660 4587 86 28 SPECIAL
3852 4584 23 25 7C
3879 4579 88 31 Hi?.HTSC
3971 4577 60 30 Pf::NC
4033 4576 8 19 C
4036 4602 6 5 .
4160 4577 6 40 j

3821 4718 7 8 '
3835 4683 172 86 AcMN'
4017 4696 35 76 4
4162 4706 5 65 I

3605 4954 111 32 r.'vab-lni'
3797 4965 6 9 ••
3825 4964 6 8 •'
3985 4962 15 19 \
4062 4965 9 9 •'

4085 4982 82 58 ./is

4025 5121 11 11 ls
4037 5094 129 38 iSsfei:4~i

3947 5457 65 16 fix*'?

3946 5471 66 72 fi

3595 5623 174 38 TOTHILL,
3788 5621 174 44 WATSON,
3981 5625 24 30 &
4025 5625 69 36 CO.,

3671 5698 143 28 Bsk■.afreet.
3835 5698 162 33 Invercargill,

3589 5757 55 26 Sole
3658 5757 89 31 Agents
3763 5757 35 25 for
3812 5755 76 34 Osago
3904 5757 56 25 incl'
4003 5752 114 33 uthU&s*

3096 3792 169 22 TELEGRAPH
3292 3791 69 22 LINE
3386 3790 36 22 OF

3032 3859 129 30 ROYAL
3180 3859 99 28 MAIL
3300 3856 186 31 COACHES.

3185 3916 149 28 Lawrence

3021 3972 153 28 Beaumont
3298 3967 66 29 Moa
3377 3967 62 28 Flat

3021 4023 98 28 Teviot
3299 4019 159 28 Alexandra

3020 4074 87 37 Clyde
3302 4070 144 29 Cromwell

3022 4127 172 28 Arrowtown
3302 4124 191 36 Queenstown]

3236 4176 63 30 And

3062 4244 54 29 Alll
3137 4242 196 30 Intermediate
3359 4241 105 29 Places.

3026 4365 78 29 Cobb
3118 4364 53 29 and
3195 4362 75 30 Co.'s
3292 4361 154 38 Telegraph
3471 4360 68 29 Line

2987 4405 28 29 of
3029 4404 87 38 Royal
3128 4403 68 29 Mail
3218 4402 122 29 Coaches
3362 4402 76 28 leave
3460 4400 60 28 Law-

2987 4455 79 18 rence
3085 4444 44 29 for
3151 4443 46 29 the
3217 4442 153 28 Beaumont
3389 4440 56 29 and
3464 4439 57 29 Rox-

2987 4485 91 39 burgh
3096 4495 81 28 every
3200 4483 69 39 day;
3289 4482 55 29 and
3365 4482 75 29 leave
3463 4480 57 30 Rox-

2987 4527 91 37 burgh
3109 4525 45 28 for
3184 4522 181 42 Alexandra,.
3384 4522 154 35 Cromwell,

2987 4569 181 31 Arrowtown,
3181 4564 55 29 and
3258 4563 181 36 Queenstown
3455 4571 80 28 every

2985 4606 136 38 Tuesday,
3147 4604 143 38 Thursday
3312 4603 54 29 and
3390 4600 146 39 Saturday,

2986 4646 131 38 reaching
3126 4645 183 36 Queenstown
3318 4644 47 28 the
3373 4651 73 21 same
3455 4651 65 19 even-

2985 4686 58 36 ing.
3084 4689 166 33 Passengers
3264 4684 75 28 leave
3357 4681 129 29 Dnnedin
3500 4681 37 37 by

2985 4725 47 28 the
3046 4725 62 28 8.15
3123 4735 63 17 a.m.
3210 4724 69 28 train
3292 4735 8 23 ;
3320 4723 76 27 leave
3415 4720 104 37 Queens-

2985 4769 73 24 town
3072 4775 35 18 on
3121 4774 75 19 same
3209 4764 67 37 days
3289 4766 29 26 at
3332 4764 15 27 5
3356 4773 73 24 a.m.,
3443 4760 78 30 reach-

2985 4806 49 36 ing
3048 4804 155 37 Roxburgh
3222 4807 28 24 at
3264 4804 15 26 8
3292 4813 78 27 p.m.,
3384 4802 55 27 and
3452 4801 71 28 arriv-

2985 4844 51 38 ing
3055 4846 28 26 at
3105 4843 148 29 Lawrence
3274 4846 29 25 at
3331 4842 61 29 1.45
3413 4843 65 37 p.ni.
3499 4849 37 21 on

2985 4884 143 38 following
3141 4884 77 36 days.

3024 4935 130 27 Dnnedin
3175 4933 129 38 Booking
3319 4933 84 28 Office
3415 4933 44 27 for
3472 4931 50 29 Pas-

2987 4985 113 29 sengers
3113 4974 55 29 and
3182 4973 108 30 Parcels
3302 4985 5 17 :
3334 4973 69 29 N.Z.
3417 4972 122 40 Express

2987 5016 75 30 Co7s
3077 5016 93 34 Office,
3182 5017 203 30 Manse-street,
3399 5013 139 29 Dunedin.

3025 5065 81 29 Head
3132 5064 99 29 Office:
3265 5063 173 36 Peel-street,
3460 5061 60 29 Law-

2987 5114 89 22 rence.

3119 5146 37 30 H.
3178 5139 118 36 CftAiG
3315 5150 23 24 &
3361 5140 73 40 co.;

3323 5190 181 40 Proprietors.

3022 5284 95 34 Yho
3185 5285 100 34 We's
3300 5284 74 35 Wo
3380 5284 68 40 Bfa
3473 5293 40 26 ©.

2997 5327 79 18 Treatise
3167 5329 41 17 'rets.
3243 5331 6 14 t
3262 5333 10 8 -
3279 5328 18 17 ill
3314 5328 52 17 uieh
3380 5332 37 18 you
3433 5332 48 13 n>ort>
3493 5327 44 17 than

2996 5347 22 21 ali
3035 5351 30 17 the
3081 5355 52 17 yearn
3147 5351 72 21 jouVe.
3228 5351 53 17 lived.
3312 5352 57 17 livrrv
3386 5355 46 19 woh(
3439 5356 16 12 i!i
3472 5350 67 21 should

2996 5373 42 19 road
3048 5378 19 12 it.
3251 5375 100 20 llernianii,
3359 5374 70 18 French
3436 5374 102 22 Specialist,

2996 5397 21 16 40
3023 5396 134 22 Collins-place,
3167 5397 112 19 MdUourne.

3097 5442 186 38 YOUNG
3309 5442 130 45 MEN,

2997 5487 54 17 Write
3060 5482 20 23 to
3088 5493 29 12 rue
3125 5488 28 17 for
3161 5488 84 19 valuable
3257 5489 37 18 tree
3306 5489 50 17 Book
3364 5489 111 21 concerning
3486 5493 43 17 your-

2994 5510 64 19 selves.
3084 5510 92 19 Professor
3192 5512 101 21 Hermann,
3308 5507 102 28 Speoiallht,
3427 5513 21 16 40
3464 5511 66 19 Collins-

2995 5533 58 22 place,
3062 5534 109 18 Melbourne.

2991 5630 55 29 XT
3050 5630 78 30 AYE
3147 5640 55 28 you
3215 5629 72 31 tried
3300 5628 88 30 Kozio
3401 5628 55 30 Tea
3465 5630 12 29 ?
3515 5628 28 30 If

3086 5674 58 32 not,
3170 5670 36 30 do
3239 5680 29 20 80
3300 5673 30 25 at
3354 5679 87 27 once;
3473 5670 24 29 it
3520 5670 23 28 is

2983 5710 4 40 ■
2990 5711 141 30 delicious.
3189 5710 36 30 1).
3259 5710 141 37 Cormack,
3423 5710 4 40 1
3438 5712 97 38 Agent

2983 5742 1 49 [
2991 5742 182 49 Rdiburgh;'
3180 5742 4 49 •

3571 211 212 31 ROXBURGH
3792 210 160 32 BAKERY
3963 209 24 30 &
3999 206 121 32 STORE

4017 400 35 37 JLi
4058 400 2 37 l
4061 401 27 36 M

3582 505 137 37 BAKER,
3749 502 293 33 CONFECTIONER
4067 500 23 31 &

3702 569 282 36 STOREKEEPER,

3603 642 148 23 SCOTLAND
3752 643 13 27 J
3773 642 113 26 STREET,
3909 639 167 22 ROXBURGH.

3603 764 74 30 R.K.
3688 763 103 30 desires
3805 768 29 24 to
3846 761 87 31 thank
3947 761 47 29 the
4006 759 93 30 inhabi-

3568 809 73 25 tants
3653 805 30 29 of
3863 803 53 29 and
3928 801 185 38 surrounding

3566 846 122 29 districts
3711 845 44 30 for
3773 846 49 29 the
3843 846 116 37 support
3980 841 135 31 accorded

3567 887 55 27 him
3635 887 28 28 in
3677 887 47 28 the
3736 890 71 34 past,
3821 886 55 28 and
3888 888 28 26 to
3925 884 101 28 inform
4041 884 73 26 fchera

3568 927 59 28 that
3639 926 118 39 nothing
3770 926 55 29 will
3839 926 35 29 be
3886 924 125 38 wanting
4024 933 35 19 on
4073 922 42 29 his

3567 971 60 35 part
3640 968 28 29 in
3679 968 46 29 the
3738 968 92 29 future
3840 971 29 26 to
3876 965 82 31 merit
3966 976 16 18 a
3990 969 110 25 continu-

3566 1019 67 18 ance
3646 1008 29 29 of
3688 1009 71 28 their
3771 1011 123 36 support.

3592 1109 140 22 WEDDING
3750 1110 61 21 AND
3829 1108 151 23 BIRTHDAY
3999 1106 91 23 CAKES

3716 1144 80 20 MADE
3813 1143 36 21 TO
3862 1143 103 21 ORDER.

3566 1197 122 28 SOIREES,
3711 1197 112 22 PICNICS
3845 1197 16 21 &
3880 1196 86 21 BALLS
3984 1193 130 23 CATERED

3608 1234 56 21 FOR
3679 1232 36 22 ON
3732 1233 57 22 THE
3802 1230 144 24 SHORTEST
3964 1230 112 23 NOTICE.

3567 1283 127 43 Nothing
3707 1288 51 28 but
3772 1288 46 28 the
3830 1288 62 28 best
3902 1286 122 30 material
4040 1285 74 29 used.

3588 1365 57 20 OOD
3659 1364 186 21 ASSORTMENT
3854 1364 36 21 OF
3899 1363 170 26 GROCERIES,
4078 1362 29 21 kc

3765 1398 45 25 lON
3827 1397 82 21 HAND

3790 1479 141 29 Discount
3942 1488 50 19 for
4013 1477 85 30 Casii.

3572 1644 191 32 MILLERS
3827 1644 98 32 FLAT
3982 1643 133 34 HOTEL,
4186 1653 15 30 ?

3728 1799 122 21 MILLERS
3876 1798 78 22 FLAT.
