2529 4020
1928 2927 61 24 That
2001 2927 72 23 would
2086 2927 26 23 be
2123 2925 109 32 precisely
2250 2924 36 22 the
2308 2922 128 24 distinction
2457 2920 14 23 I

1894 2960 80 25 should
1992 2960 57 23 wish
2065 2966 23 17 to
2107 2959 77 27 make,
2201 2959 19 22 if
2234 2959 18 21 it
2262 2964 58 15 were
2330 2954 106 32 possible,
2448 2958 24 18 to

1894 2994 62 24 ward
1967 2993 34 24 off
2013 2993 90 30 foreign
2123 2992 155 26 interference,
2301 2990 40 22 but
2359 2993 22 18 to
2401 2987 71 24 desist

1895 3028 58 23 from
1963 3026 134 30 interfering
2109 3025 121 24 ourselvei.

1929 3059 55 25 Was
1997 3060 18 22 it
2025 3064 40 18 not
2077 3066 61 23 upon
2149 3058 49 22 that
2214 3056 109 32 principle
2344 3054 37 24 the
2401 3052 72 25 whole

1896 3093 24 24 of
1945 3101 40 15 our
2008 3093 125 24 American
2155 3091 97 23 colonies
2276 3096 56 16 were
2354 3086 120 32 originally

1897 3126 146 27 established,
2056 3126 38 22 the
2105 3129 86 26 system
2203 3123 24 23 of
2243 3122 36 24 the
2292 3121 139 31 assumption
2448 3119 27 24 of

1897 3165 134 27 paramount
2053 3158 123 30 authority,
2196 3157 41 22 but
2253 3155 89 30 leaving
2354 3154 42 25 the,
2403 3153 71 23 tribes

1898 3198 23 19 to
1933 3194 37 22 the
1982 3192 158 24 Government
2151 3191 25 23 of
2185 3190 58 23 their
2255 3196 49 16 own
2314 3194 109 17 concerns
2430 3186 44 23 and

1899 3226 38 24 the
1949 3231 104 27 property
2066 3226 25 22 in
2103 3225 58 22 their
2172 3223 63 24 lands
2244 3223 9 23 ?

1933 3260 13 23 I
1959 3267 44 16 was
2013 3265 39 17 not
2064 3266 72 16 aware
2148 3258 26 22 of
2185 3257 20 23 it
2213 3265 7 20 ;
2239 3256 13 23 I
2268 3254 112 32 supposed
2393 3253 48 24 that
2452 3253 25 23 in

1898 3301 42 15 our
1962 3293 124 24 American
2109 3291 99 23 colonies
2225 3289 39 24 the
2283 3287 53 25 land
2353 3287 45 23 had
2419 3287 58 23 been

1899 3326 131 24 considered
2053 3323 60 25 bond
2135 3324 45 23 fide
2197 3322 37 24 the
2258 3325 103 28 property
2383 3319 24 24 of
2431 3319 46 23 this

1900 3364 94 26 country
2003 3360 58 23 from
2074 3359 37 23 the
2123 3357 54 24 time
2196 3356 25 23 of
2244 3355 29 23 its
2290 3354 111 32 purchase
2417 3352 60 24 from

1900 3392 38 24 the
1950 3393 96 23 natives.
2185 3411 3 5 .

1935 3426 25 23 Is
1968 3427 19 22 it
1999 3430 39 19 not
2050 3425 38 23 the
2100 3432 50 15 case
2163 3430 54 16 even
2228 3429 57 22 now,
2304 3420 47 24 that
2369 3420 25 23 in
2413 3418 64 24 those

1900 3464 70 19 states
1983 3467 29 15 no
2024 3458 53 24 land
2088 3458 20 22 is
2121 3457 68 23 taken
2201 3456 58 23 from
2277 3463 13 15 a
2309 3454 54 23 tribe
2386 3452 91 23 without

1900 3493 76 23 barter
1986 3493 10 23 ?

1935 3526 47 23 But
1999 3526 54 23 then
2074 3524 37 23 the
2133 3522 70 25 chiefs
2224 3522 50 30 give
2294 3527 31 24 up
2344 3519 58 24 their
2413 3525 64 16 sove-

1902 3558 64 22 reign
1977 3557 113 23 authority
2102 3564 52 16 over
2167 3557 25 22 it.

1937 3592 49 23 The
1999 3590 108 33 principle
2118 3590 70 28 there,
2200 3589 27 29 is,
2241 3587 47 24 that
2299 3586 38 24 the
2349 3585 57 24 tribe
2425 3592 53 15 can-

1902 3630 40 19 not
1954 3625 49 23 deal
2015 3623 54 24 with
2074 3630 21 23 .a
2099 3615 74 31 ''white
2184 3629 52 17 man
2240 3621 5 11 1
2245 3620 14 30 ;'
2271 3620 41 24 but
2322 3619 36 23 the
2370 3622 57 20 state
2439 3618 42 23 has

1902 3667 14 15 a
1926 3658 62 30 right
1999 3657 24 24 of
2036 3654 166 33 pre-emption.'
2240 3653 38 24 No
2297 3650 65 25 white
2375 3658 51 17 man
2439 3658 42 16 can

1903 3691 51 24 deal
1964 3690 54 24 with
2030 3698 30 15 an
2072 3689 83 24 Indian
2168 3688 56 24 tribe
2232 3696 8 20 ;
2260 3686 53 30 they
2331 3693 37 15 are
2387 3689 95 18 masters

1903 3724 25 24 of
1944 3723 59 24 their
2011 3730 50 17 own
2071 3726 107 28 property
2192 3719 84 25 within'
2283 3717 142 29 themselves,
2438 3716 44 24 and

1902 3758 19 23 it
1933 3762 82 18 cannot
2026 3756 28 24 be
2066 3755 69 24 taken
2145 3755 59 23 from
2215 3752 86 24 them?-
2386 3753 2 6 '
2404 3758 2 6 '
2426 3766 3 3 •

1938 3790 35 28 In,
1979 3790 39 23 the
2030 3797 52 16 case
2093 3788 25 23 of
2134 3795 41 16 our
2186 3785 75 25 North
2268 3785 127 24 American
2414 3783 70 24 Colo-

1905 3824 56 28 nies,
1970 3823 59 23 from
2042 3822 38 23 the
2098 3821 54 23 time
2172 3820 25 22 of
2209 3819 67 24 'their
2283 3818 129 31 -purchase:
2425 3816 60 23 from

1905 3856 39 24 the
1965 3857 96 27 natives,
2086 3853 14 24 I
2111 3867 4 4 •
2126 3853 44 24 had
2192 3851 136 24 understood
2355 3850 50 24 that
2422 3849 64 32 Uhey

1905 3889 92 24 became
2008 3889 38 23 the
2058 3891 107 28 property
2177 3886 24 23 of
2217 3886 36 22 the
2266 3884 89 24 Crown.
2399 3899 3 5 •
2440 3888 3 14 !
2487 3892 2 8 '

2101 3919 32 23 To
2145 3919 26 23 be
2182 3917 122 25 continued.

652 132 91 30 Fitzroy
754 138 52 23 may
813 128 3 14 :
822 130 57 26 have
897 130 122 31 expressed
1033 130 129 30 respecting
1175 129 57 23 New

652 164 107 28 Zealand,
769 165 95 29 bearing
873 168 23 18 at
906 164 30 22 all
948 170 60 24 upon
1019 162 38 23 the
1069 166 92 26 present
1172 165 58 20 state

653 198 25 22 of
693 197 38 23 the
733 201 3 12 1
741 199 103 28 country;
862 203 33 16 we
911 195 57 23 have
980 193 144 25 commenced
1137 194 95 30 making

653 230 140 31 appropriate
804 232 98 20 extracts
908 228 59 23 from
978 228 38 23 the
1025 227 105 23 evidence
1139 226 30 24 he
1176 234 56 23 gave

653 262 75 24 before
740 261 37 24 the
794 261 76 24 Lords
889 260 136 24 Committee
1035 260 25 23 in
1078 260 76 23 1838.
1190 258 42 23 We

653 295 60 24 shall
723 294 104 24 continue
836 301 42 16 our
889 298 97 18 extracts
997 292 59 24 from
1067 293 54 21 time
1134 296 23 18 to
1168 292 63 27 time,

654 335 25 16 as
691 327 94 23 suitable
796 326 121 24 occasions'
922 326 54 23 offer
985 334 7 15 :
994 337 34 5 —

686 366 54 24 You
750 373 45 16 saw
806 365 47 24 Mr.
866 365 86 29 Busby,
964 365 38 23 the
1011 363 87 25 British
1107 362 120 29 Resident,

655 399 65 23 when
733 406 45 23 you
789 405 59 16 were
862 398 78 22 there?

689 431 13 24 I
714 431 37 23 did
763 438 37 16 see
812 430 56 23 him.

688 464 63 24 Does
770 464 30 22 he
820 470 81 24 appear
919 467 24 19 at
961 466 91 27 present
1069 465 22 19 to
1110 460 58 23 have
1189 467 45 24 any

655 505 74 23 power
736 497 24 22 of
769 497 128 30 repressing
908 495 37 23 the
955 495 139 24 misconduct
1102 493 24 23 of
1135 493 96 28 British,

656 530 129 28 American,
797 529 45 23 and
853 528 64 24 other
926 535 69 16 crews
1004 528 10 23 ?

691 562 39 24 He
740 562 44 24 had
803 566 40 19 not
854 565 25 19 at
889 561 37 23 the
938 561 53 23 time
1004 560 13 24 I
1029 567 45 16 was
1086 559 63 23 there
1158 567 6 19 ;
1185 558 49 24 that

656 596 28 28 is,
696 595 29 24 he
737 594 87 25 fancied
836 594 30 23 he
878 593 44 24 had
932 598 47 24 not,
991 594 97 23 because
1104 592 29 22 he
1143 591 40 23 did
1195 596 39 18 not

658 629 80 23 choose
755 633 24 18 to
790 631 64 19 exert
865 627 49 23 that
932 626 56 23 kind
998 626 26 23 of
1039 624 71 25 moral
1121 624 113 23 influence

658 660 72 24 which
741 668 25 15 as
777 668 13 15 a
798 660 156 23 Government
965 659 77 31 Agent
1053 658 28 23 he
1093 657 74 30 might
1177 657 57 22 have

657 693 44 24 had
712 693 45 23 had
764 693 26 23 he
803 692 64 24 acted
878 692 23 23 in
913 692 143 31 conjunction
1064 690 55 23 with
1129 690 38 23 the
1174 689 60 24 Mis-

658 726 115 23 sionaries.
811 725 38 24 He
867 725 67 23 chose
954 729 22 18 to
992 725 45 28 Jtell
1054 730 68 23 every
1133 730 42 16 one
1187 722 48 24 who

659 763 58 20 went
730 764 21 18 to
760 759 48 23 him
820 758 48 23 that
880 758 27 23 he
919 757 45 23 had
971 765 29 15 no
1008 756 112 30 authority
1128 764 7 20 ;
1149 755 48 23 that
1208 754 27 24 he

658 800 46 15 was
722 797 39 18 not
771 799 57 16 even
839 790 93 24 allowed
948 795 23 18 to
983 795 37 18 act
1030 798 25 15 as
1067 797 14 15 a
1096 789 145 30 magistrate,,

659 825 44 23 and
721 824 47 23 that
786 824 29 23 he
827 823 66 24 could
910 823 28 23 do
955 823 103 30 nothing.
1095 820 51 24 The
1157 828 79 15 conse-

660 865 83 23 quence
762 864 54 21 was,
835 855 117 25 whenever
969 864 45 23 any
1030 855 66 30 thing
1112 853 39 23 did
1162 860 73 21 occur,

659 892 65 22 those
735 890 48 23 who
795 897 58 16 were
870 889 119 31 aggrieved
999 892 59 19 went
1077 892 22 19 to
1120 887 38 22 the
1176 886 60 23 Mis-

660 923 116 24 sionaries.
813 922 48 24 Mr.
875 921 79 32 Busby
964 921 74 32 might
1048 921 58 23 have
1117 927 54 23 very
1183 927 52 15 con-

660 956 109 24 siderable
790 963 83 24 power,
895 955 95 23 because
1013 954 38 23 the
1079 952 158 24 Missionaries

660 989 57 24 have
735 989 54 23 such
809 988 110 24 influence
937 995 52 16 over
1008 987 38 24 the
1060 985 73 24 whole
1145 984 57 31 body
1215 985 24 22 of

660 1023 38 23 the
709 1023 86 22 natives
813 1021 53 31 they
879 1020 64 24 could
954 1025 93 27 support
1060 1019 58 23 him.
1128 1022 5 6 '
1155 1017 25 24 If
1190 1017 46 24 Mr.

661 1055 79 30 Busby
752 1054 87 24 wanted
851 1062 14 14 a
876 1062 80 22 person
968 1054 69 22 taken
1048 1060 31 23 up
1089 1052 30 22 he
1130 1050 44 24 had
1187 1050 52 31 only

661 1093 22 18 to
701 1095 93 23 express
810 1087 36 23 his
858 1087 56 22 wish
931 1092 23 17 to
966 1087 37 22 the
1016 1085 167 27 Missionaries,
1196 1083 43 23 and

661 1121 38 23 the
710 1121 86 22 natives
809 1119 73 24 would
899 1120 56 22 have
966 1120 58 22 done
1039 1119 19 22 it
1070 1117 35 24 for
1116 1116 71 29 them,
1199 1116 40 23 but

660 1154 29 23 he
700 1161 45 15 was
757 1153 54 24 slow
824 1158 22 17 to
858 1158 36 17 act
905 1153 23 22 in
940 1153 49 22 that
1000 1159 56 22 way.

695 1186 48 24 Did
762 1186 29 23 he
804 1185 111 32 complain
933 1186 49 23 that
999 1185 29 23 he
1039 1182 87 25 wanted
1137 1182 102 32 physical

660 1221 62 21 force
733 1220 9 22 ?

694 1253 39 23 He
743 1252 46 24 did.
826 1252 39 23 He
885 1251 70 32 spoke
973 1256 22 18 to
1013 1257 36 17 me
1062 1248 87 25 several
1161 1249 74 27 times,

661 1286 44 23 and
717 1285 48 24 said
782 1286 19 22 it
813 1292 44 16 was
868 1285 129 31 impossible
1008 1283 35 24 for
1059 1283 48 23 him
1120 1287 23 17 to
1155 1281 28 23 do
1195 1289 42 22 any

661 1320 67 29 thing
745 1318 95 24 without
857 1318 134 28 constables,
1004 1324 25 15 or
1049 1316 89 23 officers
1152 1314 25 23 of
1192 1314 47 24 that

663 1352 91 22 kindto
767 1352 68 22 assist
846 1350 55 24 him.

696 1385 54 23 Was
767 1384 49 24 that
826 1384 53 23 with
891 1392 14 15 a
915 1384 54 23 view
989 1387 24 19 to
1024 1381 98 31 keeping
1133 1381 25 22 in
1175 1380 63 24 order

662 1418 39 22 the
712 1418 66 22 white
790 1417 105 23 visitors?

696 1484 63 24 Does
771 1484 17 23 it
799 1491 83 24 appear
893 1488 22 18 to
926 1490 45 24 you
982 1482 50 24 that
1042 1482 20 23 if
1077 1489 13 15 a
1099 1488 53 16 man
1164 1480 26 23 of
1197 1488 46 15 war

665 1525 45 16 was
729 1522 23 19 to
764 1517 54 23 visit
837 1517 50 22 that
903 1522 51 25 part
970 1514 128 32 frequently
1110 1514 50 23 that
1171 1513 72 23 would

663 1550 126 31 materially
801 1551 100 22 increase
914 1550 36 22 the
962 1556 74 24 power
1049 1547 25 23 of
1083 1547 48 23 Mr.
1146 1546 79 31 Busby
1232 1547 9 23 ?

697 1583 48 24 Yes
753 1593 7 19 ;
779 1583 63 23 there
855 1583 20 22 is
892 1591 28 14 no
939 1582 69 23 doubt
1028 1581 49 23 that
1088 1581 18 22 it
1117 1579 74 24 would
1207 1581 36 21 in-

665 1625 75 15 crease
758 1616 36 24 his
811 1623 74 24 power
895 1625 6 19 ;
923 1616 41 22 but
981 1623 14 15 a
1005 1622 53 16 man
1071 1613 24 23 of
1112 1620 47 16 war
1175 1613 69 30 going

665 1650 62 23 there
735 1654 22 19 at
765 1649 108 24 intervals
884 1649 71 22 would
963 1652 39 19 not
1008 1648 28 23 be
1046 1647 50 22 able
1102 1651 22 18 to
1132 1646 29 23 do
1168 1645 74 24 much.

665 1683 50 24 The
724 1683 105 31 Captain,
838 1682 25 23 of
868 1689 86 21 course,
963 1681 73 23 would
1048 1680 29 23 be
1084 1680 62 30 quite
1154 1683 90 26 strange

665 1721 23 18 to
701 1716 37 23 the
759 1716 70 31 place,
843 1715 44 24 and
907 1715 82 30 during
1001 1714 37 23 the
1057 1713 64 23 short
1142 1713 54 22 time
1216 1712 28 23 he

665 1749 115 24 remained
799 1749 36 23 his
849 1748 69 24 whole
931 1748 54 22 time
997 1746 75 24 would
1091 1746 28 23 be
1132 1745 69 23 taken
1213 1753 32 23 up

665 1783 23 22 in
700 1783 104 29 learning
815 1782 60 23 what
891 1781 28 23 he
931 1781 44 22 had
986 1785 23 18 to
1022 1780 27 23 do
1060 1788 6 20 ;
1089 1779 41 23 but
1141 1779 20 23 if
1170 1786 13 15 a
1194 1778 51 31 ship

666 1823 56 15 were
735 1815 110 23 stationed
857 1814 62 24 there
928 1812 165 33 permanently,
1102 1811 45 24 and
1158 1819 13 15 a
1179 1812 66 23 fami-

665 1849 76 30 liarity
750 1848 106 31 acquired
867 1848 30 30 by
903 1847 42 23 her
955 1847 98 30 Captain
1062 1845 53 23 with
1128 1845 38 23 the
1176 1852 70 16 coun-

666 1887 43 25 try,
722 1882 13 23 I
754 1881 66 23 think
831 1881 50 23 that
891 1889 13 14 a
920 1883 64 27 great
995 1879 50 23 deal
1057 1879 25 22 of
1098 1878 59 31 good
1174 1877 73 30 might

666 1915 28 22 be
705 1915 63 27 done,
777 1915 44 22 and
833 1914 37 22 the
883 1913 111 23 Resident
1005 1911 74 30 might
1091 1911 55 23 then
1157 1911 28 23 be
1197 1911 48 23 effi-

666 1946 81 29 ciently
760 1944 129 31 supported.

699 1977 63 24 Does
773 1977 19 23 it
811 1983 84 25 appear
914 1981 23 17 to
956 1983 52 23 you,
1030 1974 49 24 that
1096 1974 126 31 supposing
1233 1983 14 14 a

665 2019 54 15 man
740 2010 26 23 of
785 2017 45 16 war
851 2008 157 32 permanently
1030 2007 115 24 attached;
1163 2011 24 20 to
1209 2007 38 23 the

667 2044 90 29 station,
775 2043 55 24 with
852 2042 120 24 directions
989 2046 24 18 to
1033 2045 95 27 support
1147 2040 37 23 the
1207 2049 40 14 au-

667 2077 83 31 thority
762 2076 25 24 of
802 2076 39 23 the
857 2075 119 29 Resident,
990 2075 48 22 that
1056 2073 75 24 would
1143 2074 28 22 be
1183 2074 64 23 suffi-

668 2111 59 22 cient
755 2115 23 18 to
802 2109 87 23 control
914 2108 38 24 the
978 2108 87 31 people,
1089 2107 44 23 and
1156 2112 92 25 prevent

668 2151 43 23 any
723 2143 112 24 disorders
856 2142 47 23 that
915 2141 52 24 take
985 2141 64 31 place
1064 2140 149 30 occasionally
1225 2141 23 22 in

670 2176 79 23 Island
759 2177 9 22 ?

703 2210 25 23 If
737 2210 48 23 thdt
795 2217 53 15 man
861 2209 25 22 of
903 2216 44 15 war
959 2215 58 15 were
1034 2210 43 28 put
1086 2207 25 23 in
1122 2207 126 23 communi-

669 2244 72 22 cation
754 2242 54 24 with
827 2242 38 22 the
878 2241 166 28 Missionaries,
1055 2240 22 23 if
1093 2240 52 30 they
1157 2247 58 15 were
1227 2244 21 19 to

670 2276 27 23 be
715 2275 122 32 supported
858 2275 28 30 by
903 2275 48 28 her,
973 2273 44 23 and
1036 2273 41 23 her
1092 2273 112 23 influence
1225 2280 24 16 or

670 2317 73 22 power
754 2317 58 15 were
830 2313 23 18 to
865 2308 27 23 be
909 2306 99 31 brought
1026 2307 47 22 into
1085 2306 163 31 co-operation,

669 2343 41 22 she
727 2342 72 30 might
818 2346 94 26 support
933 2341 36 22 the
982 2339 120 29 Resident,
1116 2347 27 15 no
1164 2339 69 23 doubt
1241 2348 7 19 ;

672 2376 40 22 but
734 2383 25 15 as
781 2375 38 23 the
842 2374 87 23 British
950 2373 113 24 Resident
1086 2373 20 22 is
1129 2372 120 32 supported

670 2409 79 31 chiefly
767 2408 30 31 by
808 2408 38 23 the
865 2407 165 28 Missionaries,
1044 2406 44 24 and
1106 2414 67 22 every
1185 2405 65 24 white

669 2450 53 15 man
733 2449 48 15 now
794 2449 31 15 on
842 2441 39 23 the
893 2440 79 24 Island
983 2440 20 23 is
1015 2439 95 24 enabled
1131 2444 23 18 to
1166 2439 83 23 remain

669 2475 63 24 there
750 2476 23 22 in
794 2475 72 23 direct
877 2480 154 24 consequence
1043 2472 26 24 of
1085 2472 37 23 the
1140 2472 111 24 influence

671 2509 37 23 the
729 2508 159 24 Missionaries
907 2507 57 24 have
982 2506 113 28 obtained,
1108 2506 18 22 it
1143 2505 75 23 would
1229 2505 25 23 of

670 2550 79 15 course
769 2541 28 23 be
809 2541 87 23 useless
915 2545 23 18 to
958 2539 56 24 send
1027 2547 12 15 a
1059 2539 52 31 ship
1123 2543 24 19 to
1159 2542 93 27 support

670 2575 38 23 the
720 2574 119 29 Resident,
848 2574 77 23 unless
935 2573 40 24 she
983 2572 66 24 could
1059 2576 37 20 act
1107 2572 24 23 in
1143 2572 108 30 conjunc-

670 2609 47 22 tion
729 2608 53 23 with
800 2607 39 24 the
856 2607 167 23 Missionaries.
1058 2605 15 24 I
1084 2612 99 24 suppose
1203 2604 49 24 that

670 2642 39 23 the
728 2642 88 23 officers
828 2649 25 15 or
874 2640 37 23 the
929 2647 56 16 crew
999 2638 26 24 of
1042 2647 13 15 a
1066 2638 52 32 ship
1131 2638 65 23 could
1215 2642 38 19 not

670 2675 55 23 land
744 2682 30 16 on
794 2682 44 23 any
849 2678 51 27 part
912 2673 26 23 of
954 2672 57 24 New
1031 2671 102 25 Zealand
1153 2671 44 23 and
1217 2675 36 19 act

672 2710 88 29 against
771 2716 24 15 or
815 2707 54 24 take
890 2715 13 15 a
921 2714 82 24 person
1022 2706 29 30 by
1062 2705 70 29 force,
1144 2705 19 23 it
1181 2705 72 23 would

671 2741 29 24 be
720 2750 27 15 an
766 2741 174 23 encroachment
950 2739 25 24 of
990 2739 113 30 territory,
1119 2738 45 24 and
1182 2738 71 24 would

672 2775 112 30 naturally
796 2774 73 24 excite
882 2774 37 23 the
929 2773 102 30 hostility
1044 2772 25 23 of
1078 2772 38 23 the
1128 2772 97 23 natives.

706 2808 37 23 Do
753 2816 46 23 you
806 2807 68 24 think
885 2807 48 23 that
945 2807 91 23 treaties
1049 2805 67 24 could
1125 2805 30 23 be
1163 2804 91 24 entered

672 2842 48 23 into
732 2840 53 24 with
795 2841 38 23 the
846 2840 71 24 chiefs
929 2839 35 24 for
975 2839 39 23 the
1026 2846 97 24 purpose
1135 2839 26 22 of
1170 2842 83 19 arrest-

673 2875 40 30 ing
729 2874 88 24 British
839 2873 100 32 subjects
957 2872 51 24 who
1029 2872 74 31 might
1121 2871 59 23 have
1197 2872 57 22 been

672 2908 72 31 guilty
755 2908 26 23 of
797 2912 48 19 acts
857 2907 26 23 of
897 2907 101 23 violence
1015 2905 97 24 towards
1124 2905 56 23 each
1192 2905 62 22 other

673 2949 26 15 or
711 2941 36 23 the
761 2941 87 23 natives
858 2940 10 24 ?

707 2974 13 24 I
731 2974 66 23 think
808 2974 18 23 it
834 2973 74 24 would
919 2973 28 23 be
957 2980 54 24 very
1020 2972 96 24 difficult
1122 2976 25 19 at
1155 2976 99 26 present,

673 3008 34 23 for
720 3009 17 22 it
747 3008 21 22 is
780 3012 22 18 to
815 3007 38 23 the
865 3007 94 23 interest
971 3006 25 24 of
1011 3013 70 23 many
1093 3005 25 23 of
1135 3004 38 24 the
1185 3004 71 24 chiefs

673 3046 23 19 to
708 3041 58 31 keep
779 3040 91 24 settlers
882 3043 104 27 amongst
997 3039 70 29 them,
1080 3038 95 23 without
1186 3038 70 23 refer-

673 3082 55 16 ence
740 3079 22 19 to
774 3074 59 23 their
845 3073 135 28 characters,
993 3073 24 23 in
1029 3072 66 24 order
1112 3076 23 18 to
1147 3072 68 31 profit
1226 3071 30 30 by

673 3108 58 23 their
740 3108 89 23 various
841 3106 148 29 handicrafts,
1000 3105 102 24 whether
1112 3112 24 16 as
1150 3112 106 23 sawyers,

673 3149 26 16 or
709 3139 158 30 blacksmiths,
880 3148 24 15 or
915 3139 60 27 what
985 3143 43 20 not
1037 3148 6 20 ;
1063 3138 46 24 and
1119 3138 54 30 they
1184 3137 74 23 would

673 3179 40 19 not
724 3176 50 29 give
792 3181 32 24 up
835 3173 65 24 those
911 3180 61 16 men.
980 3192 2 4 ,
1009 3171 54 25 Ido
1081 3176 41 19 not
1140 3171 67 23 think
1219 3170 39 23 the

674 3208 69 23 chiefs
763 3207 24 24 of
803 3207 39 23 the
861 3206 108 24 southern
988 3205 80 24 Island
1087 3204 67 24 could
1173 3204 84 23 under-

673 3241 72 24 stand-
759 3240 38 24 the
816 3244 80 19 nature
917 3239 26 23 of
960 3247 14 16 a
994 3243 73 27 treaty
1085 3237 138 31 sufficiently
1234 3241 24 19 to

674 3274 78 25 enable
764 3282 29 16 an
804 3273 124 31 European
936 3272 82 24 Power
1030 3277 23 19 to
1064 3275 43 28 put
1117 3279 45 23 any
1172 3270 86 24 confid-

674 3315 55 16 ence
740 3308 23 23 in
775 3307 71 24 them.
943 3322 4 4 -
992 3322 4 5 -
1004 3324 3 3 ■
1032 3319 2 2 ■

708 3341 54 24 Still
771 3348 47 23 you
829 3340 68 23 think
907 3339 20 23 if
937 3339 38 23 the
985 3338 162 24 Missionaries
1154 3336 104 31 required

674 3374 62 24 them
755 3379 23 18 to
799 3374 52 30 give
870 3380 30 23 up
915 3380 44 23 any
966 3383 4 4 •
976 3379 84 24 person
1079 3370 54 31 they
1145 3370 73 23 would
1230 3370 28 23 do

674 3408 46 24 so?
983 3416 4 4 *

707 3440 57 30 Yes,
775 3440 26 23 in
818 3439 49 24 that
881 3439 93 31 portion
992 3438 26 23 of
1034 3437 40 24 the
1092 3437 82 24 Island
1185 3436 75 24 where

674 3474 38 24 the
725 3474 159 24 Missionaries
896 3473 56 23 have
962 3479 44 24 any
1016 3471 128 28 influence;
1158 3470 41 24 but
1211 3469 49 24 that

674 3508 21 23 is
716 3512 39 27 yet
775 3507 53 31 only
846 3507 58 22 from
923 3505 40 24 the
980 3504 97 24 latitude
1096 3504 25 24 of
1143 3503 38 24 the
1200 3503 60 23 river

674 3541 101 24 Thames
786 3539 112 25 norward.

710 3574 51 24 The
781 3574 89 23 natives
893 3580 38 16 are
952 3571 87 31 willing
1062 3575 23 19 to
1105 3570 89 24 receive
1216 3577 44 23 any

675 3607 124 32 European
811 3611 116 26 strangers
939 3613 84 22 among
1033 3604 82 24 them?

708 3640 64 32 Very
783 3639 87 31 willing
879 3647 7 21 j
905 3647 26 15 as
947 3639 56 30 long
1022 3646 24 15 as
1056 3637 56 31 they
1124 3635 68 25 think
1211 3636 19 23 it
1238 3636 23 23 is
1267 3632 2 35 j

676 3677 23 19 to
711 3674 58 23 their
781 3681 50 15 own
842 3668 103 28 interest.
988 3674 4 3 '

687 3715 5 5 *
708 3706 54 24 You
773 3706 68 23 think
851 3700 70 29 there'
926 3703 78 25 would
1015 3704 36 28 be,
1051 3703 34 24 'no
1097 3703 126 28 advantage
1235 3702 25 23 in

675 3739 103 32 planting
789 3748 14 14 a
823 3738 92 31 Colony,
921 3737 78 25 unless
1012 3738 30 23 its
1059 3743 77 25 power
1148 3734 112 25 extended

676 3773 94 31 entirely
782 3764 104 41 over.th^
903 3765 94 44 Islan^
1005 3775 29 21 to,
1040 3770 42 25 the.
1089 3773 80 20 extent
1180 3768 25 24 of
1222 3768 40 24 de-

675 3806 90 31 priving
773 3806 40 23 the
821 3804 72 24 chiefs
900 3808 24 20 of
935 3801 308 37 tlie}§s6vereign.authority
1251 3801 17 26 ?,

710 3838 44 25 No.
790 3838 55 24 Ido
858 3842 39 32 ngt
907 3845 38 16 see
952 3829 57 38 'why
1021 3837 51 23 that
1082 3834 89 27 .should
1182 3841 80 16 neces-

675 3871 69 32 sarily
763 3871 53 24 take
828 3862 143 40 .place.Juitf
971 3863 31 36 )'&
1017 3868 98 31 floating
1135 3867 129 32 protection

674 3912 60 16 were
755 3903 125 30 admitted;
898 3903 28 27 ,if
935 3902 54 29 -the.
1007 3901 81 25 Island
1109 3908 60 16 were
1193 3900 71 24 taken

674 3938 72 24 under
757 3938 38 24 the
808 3936 162 33 guardianship
982 3936 26 25 of
1018 3935 73 25 Great
1107 3935 100 28 Britain,
1220 3933 45 24 and

100 3674 109 24 Extracts
220 3674 57 24 from
289 3674 39 24 the
340 3674 104 24 evidence
456 3674 68 31 given
543 3674 24 26 jn
584 3677 63 23 1838

66 3707 32 31 by
117 3707 96 31 Captain
232 3707 33 24 R.
286 3707 103 31 Fitzroy,
410 3707 31 24 R.
453 3707 43 29 N.,
517 3706 77 25 before
609 3707 39 25 the

67 3740 76 24 Select
161 3740 135 24 Committee
317 3741 26 23 of
359 3740 37 24 the
420 3740 80 24 Heuse
520 3740 26 24 of
564 3740 83 30 Lords,

65 3773 121 32 appointed
197 3778 24 19 to
232 3774 92 30 enquire
335 3774 48 23 into
395 3774 39 24 the
449 3778 94 28 present
555 3779 58 18 state
625 3774 23 23 of

65 3806 38 24 the
115 3806 91 24 Islands
218 3807 26 23 of
251 3807 57 23 New
319 3807 109 30 Zealand,
447 3808 45 24 and
503 3808 39 23 the
555 3808 93 31 expedi-

66 3847 56 23 ency
133 3841 25 22 of
174 3840 129 32 regulating
322 3840 40 24 the
380 3841 129 24 settlement
521 3841 26 23 of
560 3841 88 24 British

67 3872 99 31 subjects
177 3873 96 24 therein.

100 3906 127 32 Assuming
248 3907 48 24 that
318 3915 42 16 our
381 3907 73 24 fellow
477 3907 110 25 colonists
609 3915 38 17 are

66 3938 100 26 desirous
184 3940 27 24 of
227 3939 108 33 knowing
353 3940 30 25 all
403 3940 38 24 the
458 3941 70 24 views
550 3941 97 31 Captain

544 44 98 46 mt
665 44 116 42 Ntto
807 40 208 48 igralano
1041 41 191 46 <Sa?c«t
1256 40 97 39 anfc
1370 35 302 48 tSScUiugtou
1697 32 250 50 Spectator.

49 140 55 30 they
115 146 56 16 were
183 137 167 26 christianized-
360 136 46 23 and
426 135 110 24 therefore
548 141 77 17 averse

49 180 24 16 to
86 171 55 24 such
152 171 90 30 doings.
277 170 39 24 He
327 169 49 24 said
395 168 49 24 that
453 168 40 23 the
503 166 123 31 mihingere

50 212 46 16 was
108 204 52 34 only
170 203 57 24 used
238 211 24 15 as
273 211 14 15 a
298 201 67 24 cloak
371 210 6 21 ;
391 201 43 23 and
445 201 49 23 that
505 201 24 22 in
540 200 85 30 private

50 238 56 31 they
117 244 70 16 swore
198 241 24 18 at
233 235 38 23 the
282 232 157 26 Missionaries
450 241 26 16 as
491 232 38 24 the
541 232 84 31 princi-

50 271 40 30 pal
108 277 65 16 cause
185 269 26 23 of
223 268 61 24 their
302 267 107 23 disasters
418 275 7 19 ;
447 265 46 24 and
504 272 58 16 were
574 272 51 23 per-

51 303 69 30 fectly
131 300 69 32 ready
210 305 23 20 at
245 308 43 23 any
300 300 55 23 time
366 304 22 19 to
400 300 50 30 sing
460 298 40 23 the
510 305 117 23 war-song

50 335 56 24 with
116 334 57 24 their
185 333 35 24 old
231 333 60 31 fury.

85 366 137 32 Rauperaha
238 366 41 23 has
288 362 93 27 himself
397 363 123 33 pretended
540 368 23 19 to
575 364 27 22 be
614 371 14 14 a

52 401 107 23 Christian
171 399 62 23 since
244 399 29 23 he
282 398 88 24 arrived
380 403 24 17 at
413 396 71 24 Otaki
493 396 59 24 from
563 396 63 23 Wai-

51 441 50 21 rau,
109 432 43 24 and
159 432 43 23 has
207 431 103 24 attended
317 430 78 31 chapel
405 430 41 30 day
455 429 46 24 and
507 429 66 31 night
578 436 50 16 ever

52 467 70 22 since.
157 464 24 24 It
192 465 21 23 is
230 472 52 23 easy
294 468 23 19 to
328 464 125 31 appreciate
472 462 38 23 his
522 462 106 29 sincerity

52 499 58 23 after
119 498 95 30 hearing
224 497 36 23 his
280 500 94 19 account
386 496 25 23 of
428 495 37 24 the
476 495 73 24 whole
562 493 65 29 tribe,

52 536 29 18 at.
86 531 56 23 least
153 538 25 15 as
197 530 106 24 attentive
315 533 23 19 to
355 529 38 23 the
404 529 77 27 forms,
494 527 44 24 and
555 535 25 15 as
590 527 38 22 in-

52 563 99 24 structed
162 563 25 23 in
198 563 39 23 the
253 563 112 23 doctrines
376 562 25 24 of
416 561 37 23 the
466 560 115 24 Christian
592 567 36 15 re-

52 593 77 34 ligion^
135 604 24 16 as
170 595 100 25 himself.

86 629 67 24 After
164 629 39 23 the
220 628 93 24 relation
324 627 27 24 of
367 627 62 23 these
447 627 181 28 circumstances,

53 670 43 16 can
103 670 33 16 we
147 661 71 25 doubt
227 660 36 24 the
275 661 45 23 fact
329 659 101 24 asserted
437 659 30 31 by
478 666 57 23 your
543 666 85 15 corres-

52 695 106 31 pondent,
171 694 50 23 that
242 693 71 24 moral
324 693 111 23 influence
445 699 83 23 among
538 691 39 23 the
588 698 41 16 na-

53 729 59 22 tives
122 728 19 23 is
148 731 38 19 •at
206 733 29 17 an
247 726 49 24 end.
333 726 50 23 The
402 725 91 23 murder
505 725 24 22 of
547 723 81 30 Milne,

54 761 50 23 that
115 760 24 24 of
154 760 38 23 the
212 760 75 22 native
303 763 24 19 at
345 758 101 29 Pakuao,
459 757 39 24 the
517 761 43 19 two
580 757 50 23 des-

54 793 76 24 cribed
140 793 30 31 by
183 792 144 31 Rauperaha,
340 791 45 24 and
396 791 74 24 others
487 798 30 15 on
529 789 72 24 which
613 790 18 22 it

53 827 20 23 is
93 833 153 22 unnecessary
264 825 53 23 here
338 829 22 19 to
381 823 72 29 dwell,
454 835 33 5 —
489 822 143 31 unpunished

52 859 46 24 and
109 859 81 23 almost
206 857 180 31 uninvestigated
406 857 29 30 by
447 856 37 23 the
495 863 83 24 proper
589 863 40 15 au-

54 892 110 28 thorities,
176 891 65 23 have,
253 894 40 19 not
313 890 58 23 been
383 890 93 23 without
497 888 58 24 their
567 888 65 23 effect

53 933 31 16 on
94 925 38 23 the
143 925 77 22 native
237 931 57 16 race.
330 920 69 34 They
407 923 56 23 have
479 930 30 15 no
521 929 62 16 more
594 928 37 16 te-

53 963 64 26 spect
127 965 50 15 now
188 957 36 23 for
235 965 14 15 a
264 955 49 24 Kai
326 955 107 24 Wakawa
444 963 25 16 or
487 954 77 24 Police
578 954 52 24 Ma-

53 992 93 30 gistrate
166 990 54 24 than
232 990 35 24 for
284 998 14 14 a
315 989 87 31 private
422 989 85 28 settler,
520 988 49 23 who
590 987 42 23 lias

53 1024 85 31 proved
155 1028 23 19 to
199 1024 61 23 them
282 1022 48 24 that
348 1022 28 23 he
395 1023 19 22 is
433 1022 67 30 ready
512 1026 22 18 to
553 1021 79 23 defend

53 1057 99 29 himself,
173 1056 45 24 and
235 1056 53 31 they
306 1055 103 23 consider
427 1054 37 24 the
486 1054 81 25 Queen
588 1054 44 23 and

56 1090 131 24 Governors
210 1097 25 15 as
249 1094 4 3 '
261 1096 61 15 mere
355 1088 94 30 ciphers,
473 1087 106 23 invented
609 1091 23 19 to

54 1130 79 16 amuse
145 1123 36 23 the
194 1122 74 23 native
288 1120 101 24 children
400 1121 23 22 in
441 1121 38 23 the
491 1118 82 25 Moari
585 1120 45 23 Ga-

54 1158 66 21 zette.

91 1189 12 23 I
115 1193 60 19 must
191 1187 50 32 join
252 1187 53 23 with
465 1187 25 23 in
507 1187 127 31 protesting

53 1222 91 30 against
165 1229 44 23 any
221 1221 89 31 opinion
322 1220 70 30 being
402 1219 85 25 formed
500 1220 25 23 of
541 1220 39 23 the
592 1228 40 15 na-

55 1256 58 22 tives
124 1255 58 23 from
202 1254 38 23 the
258 1254 94 30 passing
367 1254 53 22 visit
431 1253 23 23 cf
469 1261 13 15 a
501 1253 94 31 Bishop,
608 1261 25 15 or

55 1288 82 30 Judge,
149 1295 26 15 or
187 1287 64 23 other
260 1294 83 24 person
355 1286 23 23 of
392 1286 55 31 high
458 1287 91 28 station,
562 1287 71 22 whom

56 1321 39 23 the
106 1321 87 23 natives
204 1328 38 16 are
253 1320 83 31 always
343 1319 68 31 ready
420 1319 89 30 enough
521 1323 23 19 to
555 1319 77 31 cajole,

56 1354 46 23 and
121 1353 75 24 whose
213 1356 76 28 report
308 1353 88 23 derives
417 1352 148 30 authenticity
577 1353 57 22 from

57 1387 39 23 the
115 1395 53 22 very
187 1387 82 23 station
284 1386 75 23 which
380 1393 77 15 causes
475 1386 39 22 the
533 1385 101 31 changed

57 1421 142 30 deportment
210 1419 25 24 of
250 1419 37 24 the
305 1419 76 24 native
399 1420 24 22 in
440 1419 58 23 their
517 1426 115 23 presence.

58 1454 14 23 I
84 1454 28 22 do
124 1457 40 19 nob
180 1453 98 30 imagine
289 1451 50 24 that
357 1452 144 31 Rauperaha,
514 1451 64 24 when
597 1452 37 23 the

58 1487 85 31 Bishop
150 1485 77 28 .shook
244 1485 71 24 hands
327 1485 54 23 with
400 1485 46 23 him
466 1484 39 24 the
517 1484 64 24 other
592 1485 43 30 day

56 1525 25 18 at
93 1516 79 32 Otaki,
183 1519 94 23 boasted
294 1522 22 19 to
327 1518 49 23 him
387 1526 24 15 as
431 1518 29 23 he
471 1517 39 24 did
521 1523 23 18 to
556 1526 43 20 me,
613 1518 22 23 of

58 1553 40 24 the
98 1561 3 4 1
108 1551 143 32 unpunished
259 1551 103 24 murders
370 1551 129 23 committed
509 1551 31 30 by
548 1551 86 23 natives

59 1594 30 15 on
102 1586 65 23 white
178 1593 61 21 men,
248 1593 24 15 or
278 1584 102 24 asserted
388 1584 138 31 Missionary
536 1589 99 19 customs

58 1624 23 18 to
94 1619 27 23 be
133 1627 12 15 a
156 1626 62 16 mere
230 1617 71 25 cloak.
308 1616 4 5 '
338 1617 25 24 It
373 1619 20 22 is
405 1618 129 31 impossible
547 1622 22 19 to
581 1626 54 23 sup-

58 1660 57 23 pose
127 1652 47 23 that
192 1652 29 23 he
233 1651 72 24 would
316 1651 57 23 have
383 1651 66 31 given
466 1651 47 23 him
525 1651 38 23 the
576 1659 59 15 same

59 1685 133 31 particulars
205 1685 71 23 which
296 1685 30 23 he
345 1684 36 24 did
394 1690 23 17 to
428 1692 43 21 me,
484 1684 45 24 and
548 1684 48 24 that
606 1684 29 24 he

59 1718 81 23 should
150 1724 41 17 not
202 1718 56 23 have
270 1718 64 23 made
346 1718 61 23 them
419 1718 81 23 known
512 1717 62 24 here.

94 1752 13 23 I
115 1751 56 24 have
179 1759 28 15 no
215 1751 57 23 wish
280 1756 21 18 to
311 1751 72 23 excite
391 1758 151 23 unnecessary
553 1751 68 23 alarm
628 1760 6 20 ;

59 1785 42 24 but
113 1785 13 23 I
136 1784 57 23 wish
206 1789 22 19 to
245 1784 65 24 make
321 1784 81 32 people
413 1784 138 23 understand
567 1792 24 15 as
602 1784 35 23 far

57 1826 29 15 as
98 1819 22 22 in
132 1825 36 24 my
174 1826 77 23 power
260 1817 48 29 lies,
319 1817 39 23 the
368 1817 48 23 real
423 1817 97 32 position
532 1818 23 22 in
565 1817 71 23 which

59 1852 54 30 they
125 1851 65 27 stajid
197 1851 57 26 .with
267 1850 36 24 the
314 1851 95 28 natives,
420 1850 42 24 and
474 1854 40 19 not
525 1850 32 24 let
575 1850 61 24 them

59 1885 30 23 be
101 1884 94 24 deluded
206 1885 29 30 by
244 1884 39 23 the
292 1884 49 23 idea
350 1884 47 23 that
407 1883 51 32 they
465 1891 39 15 are
513 1883 123 29 Christian,

61 1926 26 14 or
98 1917 102 23 civilized
212 1917 88 29 enough
312 1922 22 18 to
355 1917 87 22 abstain
453 1916 59 23 from
524 1916 59 23 their
601 1917 36 22 old

59 1950 46 20 and
115 1949 92 21 favorite
218 1950 95 27 pastime
326 1949 26 20 of
367 1955 51 19 war,
431 1948 43 21 and
487 1952 22 17 to
530 1949 58 21 raise
599 1955 38 22 my

60 1980 91 23 humble
166 1981 65 22 -voice
246 1981 22 22 in
286 1979 67 31 proof
368 1979 24 23 of
407 1979 36 23 the
461 1981 112 28 necessity
585 1980 25 22 of
625 1988 12 15 a

61 2019 79 24 strong
159 2013 88 30 display
256 2013 26 23 of
295 2012 102 31 physical
414 2012 60 23 force
494 2013 23 22 in
530 2012 64 24 order
614 2017 23 19 to

60 2046 146 24 re-establish
219 2046 48 24 that
273 2047 73 23 moral
357 2045 109 24 influence
474 2045 74 24 which
561 2047 19 22 is
588 2054 49 16 now

60 2085 24 18 at
95 2080 29 23 its
136 2080 43 23 last
190 2087 64 23 gasp.

213 2113 13 23 I
237 2120 43 20 am,
294 2113 45 28 Sir,

260 2146 65 23 Your
337 2146 103 23 obedient
451 2150 99 25 servant,

196 2179 31 23 E.
246 2179 172 23 Jerningham
435 2179 168 23 Wakefield.

61 2245 32 19 To
101 2244 35 20 the
148 2244 79 19 Editor
235 2244 28 24 if
272 2244 35 19 the
336 2244 52 19 New
398 2244 91 19 Zealand
501 2244 86 20 Gazette
600 2244 41 20 and

203 2280 3 4 -
216 2271 124 25 Wellington

96 2308 54 28 Sir,
150 2320 35 4 —
187 2307 29 23 In
240 2306 63 24 order
320 2311 22 18 to
362 2306 42 23 add
426 2311 21 18 to
469 2306 38 23 the
523 2311 73 27 sports
617 2308 23 22 in

63 2341 198 24 commemoration
274 2340 24 22 of
307 2339 39 23 the
355 2339 110 31 founding
475 2340 26 22 of
511 2340 37 23 the
561 2341 79 31 colony

63 2375 26 23 of
105 2374 55 24 Port
173 2373 131 28 Nicholson,
318 2373 13 23 I
344 2372 56 24 wish
412 2373 53 23 with
476 2373 44 23 due
541 2374 98 23 submis-

61 2409 52 22 sion
124 2414 22 17 to
156 2407 84 23 inform
251 2414 50 23 you,
315 2406 50 24 that
375 2414 14 15 a
397 2405 100 31 Donkey
508 2406 65 24 Race
585 2407 18 23 is
616 2408 24 22 in

63 2440 183 31 contemplation,
258 2440 38 23 the
306 2439 74 24 Asses
392 2444 22 18 to
426 2439 26 23 be
464 2439 61 24 bona
536 2440 44 23 fide
602 2440 39 23 the

63 2479 106 26 property
181 2473 26 23 of
222 2473 37 23 the
272 2473 106 30 Lawyers
387 2481 6 20 ;
414 2473 43 23 and
477 2473 38 23 the
527 2473 114 31 following

63 2508 111 23 members
186 2506 25 23 of
227 2506 37 23 the
275 2506 73 30 Legal
359 2506 123 31 profession
493 2506 57 23 have
563 2506 76 32 kindly

62 2540 123 24 consented
197 2544 22 18 to
232 2540 45 23 ride
289 2539 59 24 their
360 2546 49 16 own
420 2539 103 24 animals.

98 2579 49 24 The
173 2578 87 24 Doctor
282 2578 45 23 will
352 2578 47 22 ride
425 2578 47 23 that
491 2578 50 24 well
560 2578 81 24 known

63 2612 48 25 Ass
489 2611 152 30 Consistency.

99 2647 49 22 The
161 2647 83 22 Crown
254 2647 138 21 Prosecutor
403 2647 44 19 will
458 2647 56 25 ride,
534 2647 54 21 with
605 2647 36 21 his

67 2678 63 23 usual
144 2678 135 32 judgement
454 2675 177 34 Plilanthrophy
635 2696 6 6 .

100 2712 50 23 The
162 2711 82 23 Senior
250 2710 88 30 Notary
348 2710 81 24 Public
438 2710 44 24 will
492 2710 48 24 ride
550 2711 35 23 his
594 2720 47 15 own

67 2743 126 26 celebrated
212 2751 53 23 crop
286 2743 68 23 tailed
371 2743 48 24 Ass
425 2760 54 7 ....
489 2743 51 24 Vox
550 2743 91 33 Populi.

101 2778 48 24 The
169 2777 82 23 Junior
272 2776 88 31 Notary
380 2776 81 24 Public
477 2777 46 23 will
534 2778 49 22 ride
594 2778 47 23 that

67 2812 82 23 vicious
163 2810 84 23 animal
515 2809 126 26 Blackball.

100 2849 91 24 Several
208 2849 64 23 other
291 2849 162 23 Practitioners
474 2856 38 16 are
531 2849 72 31 likely
621 2855 20 18 to

67 2887 61 19 enter
139 2883 60 23 their
209 2882 103 29 animals,
324 2882 42 24 but
381 2882 13 23 I
416 2890 34 16 am
471 2882 132 24 authorized
621 2888 20 18 to

67 2920 57 19 state
135 2916 49 23 that
195 2916 47 23 Mr.
253 2915 62 24 Ross
327 2915 99 24 declines
437 2916 105 31 entering
550 2916 36 23 his
595 2924 46 16 own

67 2950 53 24 Ass.

232 2982 14 24 I
257 2990 44 21 am,
314 2981 47 30 Sir,

319 3015 66 25 Your
397 3015 103 25 obedient
511 3021 97 19 servant.

515 3049 94 21 Jenny.

67 3118 27 19 To
105 3117 34 20 the
146 3117 79 20 Editor
233 3117 28 24 of
263 3117 45 20 We'
399 3117 92 20 Zealand
502 3117 88 21 Gazette
602 3117 43 21 and

217 3145 128 24 Wellington

100 3178 52 28 Sir,
153 3190 35 4 —
188 3178 26 22 If
228 3185 45 24 any
284 3178 130 30 gentleman
423 3178 66 24 could
506 3178 81 24 inform
599 3186 45 21 me,

67 3210 95 30 through
183 3211 47 23 the--'
240 3211 98 23 medium
358 3211 25 23 of
406 3219 54 23 your
477 3211 70 24 much
565 3211 80 24 valued

67 3242 101 30 Journal,
178 3243 38 23 the
235 3251 73 22 cause,
326 3245 142 30 prevention,
487 3244 46 24 and
553 3253 51 15 cure
623 3246 22 22 of

67 3275 39 23 the
117 3273 64 25 Smut
192 3277 24 22 in
227 3277 78 29 wheat,
318 3277 44 24 and
371 3277 48 24 also
428 3277 19 24 if
462 3277 39 24 the
513 3282 62 19 smut
590 3286 55 16 once

67 3313 52 27 gets
130 3308 47 23 into
190 3308 38 25 the
240 3309 70 24 wheat
321 3310 100 24 whether
432 3312 17 22 it
460 3311 135 31 endangers,
605 3312 40 23 the

67 3341 73 24 whole
151 3349 62 23 crop,
227 3341 27 23 he
272 3343 73 23 wouli
365 3343 75 24 confer
456 3352 17 15 a
483 3349 67 26 great
555 3352 2 8 1
566 3345 79 24 favour

67 3383 30 16 on
116 3374 84 32 myself
223 3374 44 23 and
287 3376 136 30 neighbours
444 3376 52 24 who
516 3385 38 16 are
581 3383 64 26 great

67 3408 106 24 sufferers
185 3407 30 32 by
227 3407 26 24 it.

168 3441 13 24 I
193 3449 46 21 am,
251 3440 46 30 Sir,

251 3474 64 24 Your
327 3479 60 19 most
397 3475 105 25 obedient
514 3482 97 26 servant,

417 3508 37 25 W.
474 3509 106 26 Moody.

112 3546 148 30 Wellington,
272 3546 102 30 January
387 3548 23 27 8,
424 3548 72 23 1844.

182 3615 93 23 NEW
309 3614 220 24 ZEALAND.

1259 128 49 24 that
1327 128 126 31 protection
1537 125 107 24 attended
1659 124 32 30 by
1701 124 135 29 advantages

1260 166 23 18 to
1294 161 38 23 the
1351 161 93 28 natives,
1456 158 94 24 without
1564 165 49 23 -any
1626 156 171 24 encroachment
1808 163 29 15 on

1260 192 38 24 the
1308 193 79 31 rights-
1394 192 23 24 of
1420 198 7 5 *
1433 190 39 25 the
1493 190 80 29 chiefs,
1592 197 61 16 some
1663 188 86 24 benefit
1766 189 71 29 might
1836 187 2 7 1

1260 226 27 23 be
1298 225 107 28 afforded,
1413 224 45 24 and
1467 222 148 24 colonization
1623 220 141 31 encouraged
1773 230 6 20 ;
1797 221 41 24 but

1255 264 50 24 'any
1323 258 88 30 Colony
1420 260 63 21 must
1498 255 30 23 be
1539 255 56 31 kept
1606 254 145 24 subordinate
1766 258 23 19 to
1801 253 36 24 the

1260 292 107 22 restraint
1378 291 26 23 of
1418 290 40 24 the
1477 288 94 23 Mother
1583 288 109 30 Country,
1702 286 47 24 and
1759 290 40 19 not
1810 286 27 23 be

1260 323 93 24 allowed
1364 327 23 20 to
1399 322 26 23 do
1432 322 60 24 what
1501 321 18 23 it
1530 319 90 32 pleased
1630 320 63 23 when
1702 318 134 26 established

1260 357 28 22 iff
1304 355 39 24 the
1359 360 103 24 country.
1498 353 12 24 I
1524 352 66 24 think
1611 352 20 23 if
1647 352 37 23 the
1697 351 87 31 Colony
1796 351 46 23 had'

1262 396 76 23 power
1349 388 77 24 within
1438 388 38 23 the
1488 385 80 24 Island
1580 391 22 17 to
1615 390 35 18 act
1660 385 24 22 in
1704 384 55 23 New
1780 384 57 23 Zea-

1260 421 61 28 land,
1333 419 172 33 independently
1517 419 25 22 of
1550 418 37 23 the
1599 418 161 27 Government,
1773 417 65 23 much

1261 453 45 24 evil
1324 453 73 24 would
1416 459 70 17 ensue
1494 460 7 21 ;
1519 451 42 23 but
1578 450 19 24 if
1615 450 49 24 that
1681 449 89 31 Colony
1781 457 57 16 -were

1261 486 89 31 subject
1368 492 22 17 to
1407 486 37 23 the
1463 484 141 32 supervision
1620 483 26 23 of
1660 490 30 16 an
1709 483 129 23 authorized

1261 526 74 24 power
1347 526 50 16 sent
1407 518 57 24 from
1477 518 39 22 the
1528 516 92 24 Mother
1629 516 101 30 Country
1738 516 19 23 it
1768 515 71 31 might

1261 559 29 23 go
1302 559 29 16 on
1343 559 57 23 very,
1408 551 57 24 well.
1502 549 155 31 Independent
1669 549 25 23 of
1709 548 38 23 the
1759 549 80 23 imrae-

1253 583 2 23 !
1263 584 59 23 diate
1345 585 113 30 authority
1481 582 26 23 of
1527 582 38 23 the
1589 581 91 24 Mother
1704 581 101 30 Country
1827 580 12 24 I

1262 617 67 23 think
1351 618 19 22 it
1389 617 65 23 could
1472 620 41 18 not
1533 622 94 20 answer,
1646 614 34 23 for
1700 614 18 22 it
1730 613 73 24 would
1813 614 27 23 be

1263 650 117 30 obviously
1391 650 36 23 the
1444 650 96 23 interest
1551 647 25 23 of
1591 646 38 24 the
1641 646 109 23 colonists
1768 650 23 19 to
1803 655 37 14 ac-

1263 683 63 30 quire
1338 691 24 15 as
1374 682 66 24 much
1453 681 106 30 territory
1570 688 24 14 as
1611 679 99 30 possible
1721 688 6 19 ;
1747 680 45 22 and
1807 679 35 23 for

1265 716 49 23 that
1324 723 80 16 reason
1413 715 56 30 they
1481 713 71 31 ought
1563 717 39 19 not
1613 716 22 19 to
1652 712 27 23 be
1691 712 89 23 trusted
1790 713 53 22 with

1265 748 37 23 the
1313 756 75 22 power
1398 749 27 23 iv.
1432 747 59 24 their
1503 753 50 16 own
1564 744 80 24 hands.

1298 780 51 24 The
1361 781 91 26 sort.uof
1468 779 150 22 colonization
1638 777 73 24 which
1723 785 43 23 you
1778 777 65 24 think

1265 813 73 23 would
1348 814 28 23 be
1387 813 74 24 useful
1472 812 83 23 sliould
1564 812 28 22 be
1613 810 95 31 entirely
1724 810 71 24 under
1806 810 37 24 the

1265 847 87 23 control
1363 847 25 23 of
1403 846 36 23 the
1459 845 128 24 Executive
1599 844 155 23 Government
1766 843 25 23 of
1805 843 38 24 the

1266 879 93 23 Mother
1373 880 100 29 Country
1485 878 11 24 ?

1298 912 126 31 Decidedly
1434 920 35 15 so.

1300 944 50 24 The
1356 944 71 24 whole
1436 946 26 22 of
1470 944 30 23 its
1508 943 95 24 internal
1617 944 71 30 police
1697 943 146 31 regulations,

1266 978 44 23 and
1321 979 38 22 the
1371 977 178 24 administration
1561 977 25 23 of
1600 977 30 23 its
1642 977 62 28 laws,
1716 977 72 22 under
1806 976 38 23 the

1267 1012 85 22 control
1359 1012 26 22 of
1392 1011 39 23 the
1439 1010 89 24 officers
1536 1010 25 22 of
1570 1010 37 23 the
1617 1008 93 24 Mother
1717 1009 109 30 Country.

1300 1035 105 39 Entirely
1416 1052 25 15 so
1450 1052 6 21 ;
1475 1050 26 16 as
1512 1042 68 23 much
1592 1050 25 15 as
1629 1043 23 21 in
1663 1041 53 25 Van
1726 1042 117 23 Diemen's

1267 1076 75 25 Land.

1300 1110 38 24 Do
1349 1116 45 25 you
1405 1109 74 28 think,
1491 1116 26 15 as
1529 1107 129 32 population
1672 1107 119 29 advances,
1802 1107 43 23 and

1268 1142 135 25 civilization
1418 1144 122 26 increases,
1559 1142 18 23 it
1588 1141 45 22 will
1651 1141 27 22 be
1697 1141 99 31 possible
1812 1141 34 22 for

1268 1176 38 23 the
1324 1176 158 24 Missionaries
1501 1179 22 19 to
1541 1174 116 27 maintain,
1679 1181 25 15 or
1714 1174 21 22 if
1749 1174 98 30 possible

1268 1209 49 23 that
1328 1210 19 22 it
1356 1210 20 22 is
1389 1207 110 25 desirable
1512 1207 54 31 they
1578 1207 80 22 should
1670 1207 117 28 maintain,
1799 1207 49 22 that

1269 1241 56 24 kind
1337 1242 25 24 of
1376 1248 133 25 supremacy
1523 1241 24 21 in
1559 1240 87 23 secular
1662 1244 94 18 matters
1775 1239 72 24 -which

1268 1276 24 22 in
1310 1275 38 23 the
1366 1276 90 30 infancy
1477 1274 25 23 of
1524 1273 143 23 colinization
1685 1273 20 22 is
1726 1273 122 30 extremely

1269 1308 130 24 desirable?

1303 1341 125 31 Decidedly
1439 1344 48 21 not.

1303 1374 32 23 So
1347 1374 49 26 that
1403 1375 17 22 it
1431 1376 62 21 must
1503 1372 74 24 follow
1587 1372 58 23 from
1657 1372 38 23 the
1705 1379 55 23 very
1772 1376 77 19 nature

1270 1407 25 23 of
1310 1407 77 31 things
1398 1407 47 24 that
1456 1405 77 25 before
1543 1405 54 30 long
1608 1405 61 23 there
1680 1410 61 19 must
1752 1405 27 23 be
1789 1413 60 15 some

1270 1439 91 32 person
1370 1448 25 15 or
1405 1447 95 24 persons
1517 1438 77 23 armed
1608 1438 53 23 with
1678 1438 39 23 the
1733 1446 75 23 power
1828 1439 24 22 of

1270 1473 144 31 arbitrating^'
1429 1471 90 26 instead
1530 1472 26 23 of
1570 1471 90 30 leaving
1680 1471 38 24 the
1738 1471 70 24 whole
1827 1476 22 19 to

1270 1506 39 24 the
1321 1506 70 26 moral
1403 1507 60 23 force
1475 1505 26 23 of
1515 1505 121 23 mediation
1644 1505 9 23 ?

1306 1539 115 31 Certainly
1429 1548 7 20 ;
1464 1537 43 25 and
1521 1539 37 22 the
1575 1538 54 24 time
1641 1546 93 22 appears
1753 1542 22 18 to
1794 1537 55 24 have

1271 1581 71 15 come.
1378 1573 50 23 The
1448 1572 158 24 Missionaries
1629 1572 55 22 have
1707 1570 86 31 opened
1813 1571 36 23 the

1271 1614 49 22 way
1329 1615 6 20 ;
1354 1605 116 31 they.have
1480 1605 109 23 executed
1599 1605 56 23 their
1665 1604 72 28 office,
1749 1603 44 24 and
1801 1612 48 16 now

1271 1647 15 15 a
1302 1647 62 15 more
1376 1640 112 23 sufficient
1505 1638 45 23 and
1560 1645 78 16 secure
1654 1645 76 23 power
1742 1637 69 31 ought
1828 1642 21 19 to

1273 1676 50 26 step
1337 1673 32 22 in.

1306 1705 38 24 Do
1355 1713 45 23 you
1411 1705 66 24 think
1484 1704 19 23 if
1512 1712 14 15 a
1534 1704 111 23 Resident
1657 1711 57 16 were
1724 1704 126 31 appointed,

1272 1747 15 15 a
1293 1739 51 23 firm
1356 1747 59 20 man,
1423 1739 44 23 and
1478 1737 50 24 who
1539 1737 121 32 attempted
1673 1742 22 18 to
1703 1742 39 25 get
1752 1737 39 23 the
1797 1737 53 31 high

1273 1772 72 23 moral
1355 1772 110 23 influence
1477 1771 26 22 of
1519 1771 38 23 the
1571 1771 157 23 Missionaries
1746 1778 60 23 upon
1816 1770 35 23 his

1274 1805 55 28 side,
1342 1805 55 29 that,
1418 1805 54 23 with
1483 1803 39 24 the
1542 1805 64 22 visits
1622 1804 24 22 of
1661 1812 13 14 a
1690 1811 54 15 man
1760 1804 25 22 of
1800 1811 50 21 war,

1274 1838 74 23 would
1358 1839 28 23 be
1403 1846 61 17 more
1476 1837 71 31 likely
1565 1842 23 19 to
1606 1837 57 31 keep
1681 1836 39 23 the
1731 1836 78 24 whites
1829 1837 22 23 in

1274 1871 74 29 order,
1366 1871 55 26 than;
1437 1871 98 30 sending
1552 1876 38 18 out
1602 1878 13 15 a
1634 1870 87 31 Colony
1732 1870 59 23 from
1808 1869 43 24 this

1275 1906 112 27 country?
1408 1915 9 14 a
1439 1920 4 6 >

1308 1937 132 30 Decidedly,
1573 1936 95 29 sending
1685 1939 39 19 out
1735 1943 14 15 a
1768 1936 85 30 private

1276 1969 88 31 Colony
1376 1970 112 28 w'ou.ld,be
1500 1969 96 30 sending
1608 1974 38 17 out
1657 1969 38 22 the
1712 1968 107 23 elements
1832 1968 24 23 of

1275 2003 98 28 discord,
1385 2003 77 23 unless
1474 2002 39 22 the
1526 2002 87 30 Colony
1625 2009 56 16 were
1698 2002 156 30 accompanied

1275 2036 30 30 by
1318 2042 62 17 some
1390 2036 167 31 overpowering
1568 2035 60 23 force
1640 2035 55 22 from
1713 2035 38 22 the
1764 2034 91 23 Mother

1277 2069 110 30 Country,
1399 2070 55 22 such
1467 2076 24 16 as
1503 2068 63 31 large
1575 2069 70 30 ships,
1657 2069 24 21 in
1692 2068 130 31 preference
1832 2072 23 18 to

1276 2110 45 22 any
1342 2103 71 28 other,
1426 2103 106 22 .because
1553 2101 37 24 the
1603 2110 60 14 mere
1684 2109 108 23 presence
1803 2101 24 23 of
1843 2109 13 14 a

1276 2136 63 29 large
1351 2136 58 31 ship,
1422 2135 72 23 would
1507 2139 23 19 at
1542 2143 55 15 once
1615 2142 99 15 overawe
1726 2134 38 23 the
1782 2134 73 23 abori-

1276 2169 73 30 gines,
1359 2170 44 22 and
1414 2172 93 28 prevent
1517 2168 58 23 their
1585 2168 135 30 attempting
1728 2167 127 29 hostilities,

1277 2202 73 23 which
1362 2210 13 14 a
1387 2202 65 24 small
1463 2201 51 30 ship
1526 2201 73 30 might
1611 2201 97 30 actually
1719 2200 106 31 provoke.

1310 2235 53 23 You
1376 2235 58 24 have
1443 2234 74 24 stated
1529 2243 56 21 your
1596 2235 89 30 opinion
1698 2233 48 24 that
1757 2234 37 23 the
1804 2234 52 22 time

1277 2273 61 18 must
1347 2277 61 15 come
1417 2269 65 25 when
1494 2267 37 24 the
1542 2273 90 25 present
1643 2272 57 18 state
1710 2267 24 23 of
1744 2267 112 30 authority

1277 2309 26 15 or
1311 2301 161 29 Government,
1484 2301 56 23 such
1550 2309 25 15 as
1586 2302 19 22 it
1612 2302 27 27 is,
1653 2300 43 24 will
1704 2301 27 22 be
1740 2308 29 15 no
1780 2301 77 29 longer

1277 2335 114 23 sufficient
1401 2336 35 22 for
1448 2336 36 22 the
1501 2335 102 30 growing
1614 2339 56 18 state
1684 2334 25 23 of
1724 2334 37 23 the
1779 2334 78 23 settle-

1277 2373 67 18 ment
1352 2369 23 22 in
1388 2369 47 22 that
1447 2372 95 25 country
1550 2369 10 22 ?

1311 2401 49 23 Yes
1370 2411 5 19 ;
1396 2402 48 27 that
1454 2402 20 22 is
1486 2409 38 21 niy
1536 2401 98 29 opinion.

1312 2434 49 23 Are
1373 2443 43 23 you
1434 2439 40 21 not
1485 2435 25 22 of
1526 2435 98 30 opinion,
1646 2433 80 31 taking
1737 2434 47 23 into
1803 2440 54 16 con-

1278 2468 123 24 sideration
1418 2468 38 24 the
1475 2468 98 30 position
1585 2468 25 23 of
1625 2467 48 23 that
1695 2471 101 25 country,
1815 2466 44 23 and

1279 2501 38 23 the
1336 2502 98 30 fertility.
1439 2502 26 22 of
1481 2501 38 23 the
1537 2501 49 28 soil,
1599 2501 44 23 and
1660 2500 38 23 the
1710 2500 108 29 salubrity
1836 2499 24 23 of

1279 2535 29 22 its
1332 2535 95 28 climate,
1451 2534 49 23 that
1522 2534 18 22 it
1562 2538 60 19 must
1644 2541 61 23 grow
1726 2533 48 22 into
1796 2537 64 26 great

1279 2569 138 28 importance
1425 2568 10 23 ?

1316 2768 26 24 Is
1361 2769 19 23 it
1391 2772 39 20 not
1448 2767 50 24 well
1509 2767 74 23 suited
1603 2766 35 23 for
1650 2766 37 23 the
1710 2766 151 22 construction

1283 2802 24 23 of
1322 2802 72 29 ships.

1315 2601 128 31 Certainly;
1472 2600 19 23 it
1509 2600 147 31 corresponds
1672 2600 24 23 in
1709 2598 48 24 that
1775 2598 84 24 hemis-

1279 2633 70 32 phere
1365 2640 23 18 to
1407 2635 70 23 Great
1493 2633 89 23 Britain
1594 2634 23 22 in
1639 2633 45 23 this
1702 2632 141 31 hemisphere
1851 2641 7 19 ;

1279 2669 19 22 it
1317 2673 63 18 must
1396 2676 28 23 go
1444 2674 31 17 on
1495 2666 93 31 holding
1611 2671 39 18 out
1670 2666 145 30 temptations
1837 2672 23 16 to

1281 2702 90 23 settlers
1382 2701 26 23 of
1422 2701 29 23 all
1462 2700 148 31 descriptions
1619 2708 6 20 ;
1644 2700 19 22 it
1673 2700 20 22 is
1706 2699 62 30 quite
1776 2699 84 30 impos-

1281 2734 57 24 sible
1350 2736 18 22 it
1380 2734 80 24 should
1472 2734 91 23 remain-
1571 2734 21 22 in
1606 2734 29 22 its
1645 2737 92 25 present
1751 2737 64 18 state.

1317 3101 68 32 They
1396 3101 56 23 have
1463 3099 77 33 plenty
1552 3099 25 25 of
1593 3099 80 23 timber
1683 3099 36 23 for
1728 3098 137 31 ship-build-

1284 3136 40 28 ing
1334 3135 9 24 ?

1316 2835 156 31 Exceedingly
1484 2833 59 24 well.

1316 2868 64 24 Does
1392 2868 37 23 the
1448 2875 41 24 pro
1498 2866 84 25 luction
1594 2866 25 23 of
1633 2866 46 23 flax
1697 2865 73 24 which
1789 2873 74 23 grows

1283 2903 23 22 in
1318 2902 38 23 the
1376 2906 95 25 country
1483 2900 51 24 lead
1550 2908 46 23 you
1608 2905 22 17 to
1648 2906 97 25 suppose
1757 2900 18 22 it
1792 2898 72 24 would

1282 2935 98 31 produce
1390 2935 30 31 by
1432 2934 131 24 cultivation
1575 2941 54 23 very
1640 2933 58 31 good
1710 2932 68 31 hemp
1791 2941 6 19 ;

1317 2968 37 24 No
1366 2968 70 24 doubt
1446 2968 19 23 it
1476 2966 54 24 will.
1564 2966 65 31 Very
1639 2966 59 30 good
1705 2966 68 31 hemp
1785 2966 18 22 is
1815 2972 49 16 now

1283 3009 77 24 grown
1373 3002 24 23 in
1404 3001 77 29 nearly
1495 2999 38 24 the
1541 3007 62 16 same
1614 2999 94 24 latitude
1715 3006 30 16 on
1757 2998 39 23 the
1804 3003 62 19 coast

1283 3036 26 23 of
1324 3035 69 28 Chili,
1406 3034 57 24 from
1476 3035 48 22 30°
1537 3037 22 19 to
1572 3034 48 22 40°
1639 3032 81 28 South;
1733 3032 73 23 where
1828 3032 38 23 the

1284 3068 89 23 climate
1385 3068 20 23 is
1418 3066 95 25 similar.

1317 3167 50 25 Yes
1376 3177 6 20 ;
1401 3167 62 31 large
1476 3166 90 23 forests.

1318 3202 49 23 Are
1389 3206 39 19 not
1439 3200 38 24 the
1495 3200 88 22 natives
1595 3206 51 16 now
1664 3199 93 30 serving
1767 3198 34 23 for
1819 3197 49 24 hire

1285 3243 31 15 on
1326 3235 70 23 board
1404 3235 37 23 the
1453 3232 89 25 British
1553 3232 45 24 and
1609 3233 124 23 American
1740 3231 94 23 whalers
1840 3231 10 23 ?

1284 3274 5 4 •
1319 3268 57 29 Yes,
1389 3268 52 30 they
1452 3273 47 17 are.

1319 3300 64 25 Does
1396 3306 38 18 not
1446 3300 49 24 that
1505 3298 52 24 lead
1568 3306 47 23 you
1625 3302 23 19 to
1660 3305 99 24 suppose
1770 3297 48 23 that
1831 3297 39 23 the

1286 3335 96 28 natives,
1391 3342 24 15 as
1424 3332 49 25 well
1483 3340 24 15 as
1516 3332 38 23 the
1562 3331 91 24 settlers
1661 3331 49 23 who
1719 3338 63 16 come
1789 3338 82 22 among

1287 3368 69 29 them,
1370 3367 45 24 will
1427 3367 28 23 be
1466 3364 108 32 disposed
1585 3369 22 19 to
1619 3373 14 14 a
1646 3365 110 23 maritime
1768 3364 38 23 life
1815 3364 10 23 ?

1320 3400 65 30 Yes;
1414 3400 58 24 their
1493 3398 92 24 Islands
1610 3406 36 15 are
1666 3397 43 24 full
1720 3397 26 23 of
1761 3397 111 23 excellent

1286 3434 121 24 harbours.
1498 3458 4 3 .
1560 3457 3 3 .
1637 3442 21 18 •;•

1321 3467 49 25 Are
1382 3473 35 19 no!
1431 3467 65 23 those
1507 3465 111 24 harbours
1627 3465 73 22 better
1712 3463 96 24 situated
1817 3463 54 23 than

1288 3508 45 23 any
1353 3501 64 23 other
1437 3500 84 23 station
1542 3499 25 22 in
1584 3498 39 23 the
1635 3505 62 16 same
1717 3505 51 15 seas
1779 3496 34 24 for
1833 3496 39 24 the

1288 3534 120 24 command
1419 3534 25 23 of
1460 3532 66 24 those
1539 3539 50 16 seas
1597 3531 10 24 ?

1323 3566 163 30 Considerably
1493 3566 75 22 better
1575 3564 98 24 situated
1679 3564 56 23 than
1742 3571 45 23 any
1795 3562 62 25 other
1864 3571 7 19 ;

1288 3601 54 29 they
1357 3600 42 24 'are
1419 3599 39 24 the
1470 3603 61 18 most
1551 3597 159 31 commanding
1721 3597 107 23 situation
1848 3597 36 23 iiv

1288 3641 68 23 every
1370 3641 56 23 way.

1322 3672 39 24 Do
1373 3679 45 23 you
1430 3677 100 24 suppose
1542 3669 57 29 that,
1612 3668 97 31 nothing
1720 3668 69 30 being
1804 3668 67 28 done,

1289 3705 46 24 and
1345 3705 39 23 the
1396 3702 80 26 Island
1485 3702 43 24 left
1538 3703 25 23 in
1576 3701 37 25 the
1625 3701 115 24 condition
1754 3702 20 22 it
1786 3705 22 19 at
1819 3708 53 23 pre-

1290 3743 52 19 sent
1352 3739 29 28 is,
1394 3745 44 23 any
1451 3736 65 31 thing
1534 3734 46 25 will
1598 3739 95 27 prevent
1710 3734 39 24 the
1764 3733 111 32 irregular

1289 3771 131 24 settlement
1431 3770 27 24 of
1472 3769 68 23 white
1551 3768 80 31 people
1644 3768 64 23 there
1716 3768 10 23 ?
1768 3767 42 24 >Do
1829 3774 45 23 you

1289 3809 42 19 not
1342 3804 104 24 consider
1458 3802 56 28 that,
1526 3809 30 16 no
1569 3801 132 23 settlement
1720 3801 71 30 being
1805 3799 69 23 made

1284 3846 68 23 .upon
1375 3844 44 23 any
1441 3834 92 32 regular
1554 3833 124 38 principle^
1702 3833 38 23 the
1761 3832 112 31 irregular

1284 3871 136 32 [settlement
1434 3869 26 24 of
1474 3867 69 24 white
1554 3866 80 32 people
1646 3866 44 23 will
1702 3865 55 24 take
1769 3865 62 31 place
1851 3870 23 18 to

1292 3913 13 15 a
1317 3908 65 27 great
1393 3901 97 26 extent?

1284 3932 4 21 ;
1328 3936 116 32 Certainly
1454 3945 7 20 ;
1481 3935 19 23 it
1509 3934 20 23 is
1541 3933 70 31 going
1622 3940 29 17 on
1660 3940 57 23 very
1725 3931 55 24 fast.
1820 3952 4 7 v
1826 3931 52 23 The

1864 122 99 23 children
1975 120 26 23 of
2016 119 63 23 those
2091 125 49 17 now
2150 118 71 30 living
2231 118 25 23 in
2276 118 48 23 that
2341 121 95 27 country

1864 154 46 23 will
1918 154 74 31 prefer
2001 152 127 29 remaining
2139 151 68 27 there,
2228 150 44 23 and
2283 150 92 30 making
2386 156 50 17 new

1865 187 146 26 settlements,
2024 189 22 19 to
2058 184 69 29 going
2138 187 23 19 to
2172 182 99 31 Europe.

1899 218 26 24 If
1939 218 37 23 the
1989 217 78 24 Island
2078 217 41 22 has
2130 215 46 23 this
2189 215 118 23 inevitable
2327 214 109 31 tendency

1866 256 22 19 to
1899 252 92 22 become
2001 250 26 23 of
2035 253 64 27 great
2105 250 145 29 importance,
2259 247 44 24 and
2314 251 22 19 to
2347 248 90 23 incease

1866 285 24 22 in
1900 283 40 23 the
1948 282 128 24 settlement
2086 281 25 24 of
2126 281 66 23 white
2203 280 86 31 people,
2308 280 21 23 if
2342 279 96 31 nothing

1866 318 20 21 is
1897 323 55 16 soon
1964 316 57 23 done
2038 314 34 23 for
2090 314 38 23 the
2145 319 108 25 purposes
2274 312 25 23 of
2311 312 128 30 regulating

1867 349 37 23 the
1916 352 57 20 state
1991 348 25 22 of
2031 348 92 29 society,
2142 347 29 22 do
2188 352 44 24 you
2252 349 40 19 not
2309 344 128 31 apprehend

1869 382 47 23 that
1934 381 37 23 the
1992 380 127 23 difficulties
2138 379 25 22 of
2185 377 147 24 interference
2342 377 46 23 Will
2398 377 40 23 be-

1867 422 63 15 come
1942 421 53 22 very
2006 417 63 26 great
2076 412 10 24 ?
2343 421 2 4 ■
2390 412 4 5 '
2422 419 3 5 '

1900 446 117 30 Certainly
2032 445 38 23 the
2081 444 127 23 difficulties
2220 443 44 24 will
2276 444 99 22 increase
2386 450 54 22 very

1861 479 66 23 -fast.'
1962 479 76 23 There
2051 478 21 22 is
2082 485 51 15 now
2144 476 153 30 considerably
2310 483 62 16 more
2380 474 60 24 diffi-

1869 512 60 30 culty
1938 511 57 24 than
2006 511 63 24 there
2081 517 45 16 was
2137 514 24 19 at
2172 509 36 24 the
2220 510 54 22 time
2285 508 12 24 I
2314 516 44 16 was
2363 507 78 29 -there,

1869 545 53 30 only
1933 545 63 23 three
2006 551 66 24 years
2085 551 50 22 ago.

1902 577 57 31 May
1970 581 40 19 not
2021 577 48 22 that
2075 575 114 30 'difficulty
2201 575 90 23 become
2302 573 68 23 much
2379 580 63 16 more

1870 610 146 31 complicated
2026 610 54 23 with
2087 608 38 24 the
2133 608 127 23 settlement
2268 606 24 23 of
2302 606 37 23 the
2349 610 95 19 masters

1870 643 25 23 of
1916 642 108 31 English,
2045 641 131 28 American,
2195 639 97 28 French,
2315 639 44 22 and
2380 638 64 23 other

1871 676 111 23 countries
1992 675 54 23 than
2058 676 18 22 it
2086 673 74 24 would
2171 673 28 23 be
2218 672 62 23 when
2300 671 37 23 the
2357 674 88 28 greater

1871 709 129 30 proportion
2011 709 20 21 is
2042 708 25 23 of
2081 714 42 16 our
2135 713 49 15 own
2194 706 77 22 nation
2280 705 10 23 ?

1905 740 116 31 Certainly
2030 749 6 20 ;
2051 740 41 23 but
2102 739 63 24 there
2176 739 20 22 is
2205 746 14 15 a
2236 738 85 23 serions
2337 736 109 31 difficulty

1871 775 24 21 in
1917 774 39 23 the
1977 781 49 23 way
2048 773 25 23 of
2097 772 143 23 Frenchmen
2262 770 92 30 settling
2375 769 70 29 there,

1872 806 87 31 though
1970 813 62 16 some
2045 805 57 24 have
2119 804 82 23 visited
2220 803 38 23 the
2278 806 94 27 country
2389 802 59 23 from

1871 840 55 22 time
1938 845 22 17 to
1971 840 63 22 time.
2077 838 75 23 There
2172 838 19 21 is
2210 845 14 14 a
2242 840 77 26 strong
2333 834 115 32 prejudice

1872 873 89 29 against
1981 872 70 28 them,
2076 870 73 24 which
2178 868 124 32 originated
2330 868 54 24 with.
2392 867 56 23 -the

1872 913 113 15 massacre
1998 904 71 24 which
2078 903 55 24 took
2144 902 62 31 place
2223 909 68 23 many
2305 908 70 24 >years
2397 907 50 23 ago,

1872 938 66 23 when
1949 945 62 16 some
2022 937 26 23 of
2063 935 112 25 Marion's
2186 942 57 16 crew
2253 941 58 16 were
2322 933 126 28 murdered,

1873 971 44 23 and
1928 971 59 23 their
1999 970 67 24 death
2077 968 111 31 revenged
2196 968 29 30 by
2234 968 40 23 the
2286 967 73 23 others
2370 966 26 23 of
2410 966 38 23 the

1873 1003 90 24 French
1976 1003 72 31 ship's
2060 1009 118 24 company.

1907 1036 64 23 With
1983 1040 89 27 respect
2084 1041 21 18 to
2117 1035 39 23 the
2166 1033 110 31 necessity
2287 1033 25 22 of
2321 1031 129 31 something

1874 1069 69 32 being
1962 1070 58 22 done
2029 1078 6 20 ;
2059 1068 80 31 taking
2157 1067 46 23 into
2225 1065 165 24 consideration
2411 1064 41 24 the

1874 1102 71 24 whole
1968 1102 24 24 of
2018 1102 39 23 the
2079 1109 59 20 case,
2161 1099 45 24 will
2224 1107 45 22 you
2288 1102 58 19 state
2368 1102 23 19 to
2413 1097 39 24 the

1875 1136 128 23 committee
2020 1135 61 23 what
2098 1133 74 24 would
2189 1133 28 23 be
2234 1133 25 22 in
2276 1139 56 23 your
2352 1131 99 30 opinion,

1876 1168 37 24 the
1924 1168 50 23 best
1985 1175 79 16 course
2076 1172 23 18 to
2109 1167 29 23 be
2147 1166 76 28 taken,
2234 1164 99 24 whether
2344 1172 14 15 a
2373 1163 79 24 settle-

1876 1206 63 18 ment
1949 1201 29 31 by
1991 1209 29 15 an
2031 1201 135 23 association
2177 1198 56 24 such
2245 1205 24 16 as
2279 1198 40 23 has
2330 1197 59 24 been
2397 1204 54 24 pro-

1876 1234 78 31 posed,
1966 1242 26 16 or
2003 1234 113 30 authority
2128 1233 57 22 from
2198 1240 29 15 on
2241 1230 70 24 board
2331 1238 13 15 a
2359 1236 53 16 man
2430 1229 26 23 of

1877 1275 53 21 war,
1950 1268 76 30 acting
2045 1268 24 22 in
2087 1266 126 31 conjuction
2227 1264 54 24 with
2293 1263 37 24 the
2341 1262 112 24 Mission-

1877 1301 67 28 aries,
1956 1308 24 15 or
1992 1301 30 30 by
2039 1299 104 32 planting
2161 1306 14 15 a
2191 1297 90 31 regular
2299 1295 154 24 Government

1878 1334 80 30 colony
1978 1334 25 22 in
2025 1333 39 23 the
2085 1332 86 28 Island,
2191 1339 26 15 or
2233 1330 60 23 what
2312 1329 63 24 other
2388 1328 67 23 mode

1878 1367 81 22 should
1977 1374 45 22 you
2041 1365 67 24 think
2126 1368 59 20 most
2200 1363 64 24 fitted
2276 1367 21 19 to
2309 1362 38 23 the
2358 1361 95 31 subject,

1878 1400 45 22 and
1934 1405 58 17 most
2003 1398 71 31 likely
2086 1403 22 19 to
2125 1398 28 23 be
2173 1395 123 25 successful
2316 1396 23 22 in
2356 1395 99 29 forming

1878 1440 29 16 an
1919 1433 172 22 establishment
2102 1431 64 23 there
2173 1431 9 23 ?

1911 1466 36 22 As
1958 1466 38 23 the
2008 1466 50 22 first
2069 1470 49 25 step
2131 1464 18 23 it
2161 1470 92 25 appears
2274 1468 118 24 necessary
2408 1461 49 23 that

1878 1499 39 23 the
1929 1498 90 24 Islands
2031 1498 80 24 should
2126 1497 28 23 be
2173 1496 69 24 taken
2258 1495 71 23 uuder
2347 1494 38 24 the
2401 1501 54 24 pro-

1879 1532 82 23 tection
1983 1532 25 23 of
2034 1531 72 24 Great
2129 1530 95 28 Britain,
2248 1528 44 23 and
2314 1528 47 23 that
2385 1527 72 24 Great

1879 1565 89 23 Britain
1983 1564 82 24 should
2086 1565 24 22 in
2128 1563 78 30 taking
2225 1562 62 24 them
2305 1561 70 23 under
2398 1560 59 24 their

1878 1599 125 30 protection
2016 1597 115 31 distinctly
2143 1596 87 23 declare
2243 1595 47 23 that
2300 1594 40 23 she
2352 1594 54 23 does
2415 1598 40 18 not

1880 1631 57 23 wish
1956 1636 21 19 to
1995 1631 106 23 interfere
2125 1629 54 23 with
2199 1629 37 23 the
2255 1628 144 29 Aborigiues,
2412 1626 45 24 and

1880 1664 49 24 that
1940 1664 39 24 she
1993 1664 44 23 will
2049 1663 116 30 decidedly
2177 1662 81 23 refrain
2277 1661 56 23 from
2352 1660 106 23 interfer-

1879 1698 41 30 ing
1927 1698 62 23 swith
2007 1697 62 24 them
2078 1706 6 19 ;
2103 1697 91 29 leaving
2208 1695 38 23 the
2267 1694 92 31 regular
2379 1692 79 24 settle-

1879 1736 64 18 ment
1960 1731 25 24 of
2006 1731 38 23 the
2067 1734 96 26 country
2182 1734 23 18 to
2227 1727 53 24 take
2297 1727 63 31 place
2379 1734 25 14 as
2420 1726 39 23 the

1879 1765 88 23 natives
1977 1764 43 23 and
2032 1763 90 24 settlers
2138 1770 51 23 may
2208 1760 109 31 mutually
2336 1767 66 23 agree
2423 1767 36 15 re-

1881 1803 103 26 specting
1994 1798 26 28 it,
2032 1798 42 22 but
2085 1796 112 30 asserting
2207 1795 41 22 her
2259 1793 60 31 right
2331 1798 21 18 to
2364 1796 95 27 prevent

1881 1831 38 23 the
1931 1832 87 22 natives
2031 1830 26 24 of
2071 1830 64 23 other
2155 1829 110 23 countries
2285 1826 131 30 interfering
2434 1833 26 16 or

1881 1864 92 30 settling
1985 1864 63 23 there
2060 1863 66 23 while
2138 1862 40 23 her
2189 1861 148 24 colonization
2353 1860 20 22 is
2391 1859 70 30 going

1882 1904 37 16 on.
1961 1897 24 23 It
2006 1896 74 24 would
2098 1897 28 22 be
2144 1903 53 22 easy
2208 1895 35 22 for
2255 1901 40 15 one
2308 1901 24 14 or
2343 1897 44 18 two
2398 1891 64 31 ships

1882 1934 23 17 to
1915 1930 71 22 check
2005 1937 40 15 our
2064 1936 49 15 own
2135 1932 152 24 countrymen,
2307 1924 44 23 and
2367 1929 96 26 prevent

1882 1962 114 23 disorders
2006 1962 101 23 between
2119 1960 63 24 them
2192 1959 44 24 and
2247 1958 38 23 the
2302 1957 96 27 natives,
2420 1956 42 23 but

1882 2003 26 15 as
1919 1995 54 31 long
1984 2003 26 16 as
2022 2002 32 16 we
2065 1995 58 22 have
2136 2002 29 14 no
2177 1993 61 30 right
2255 1996 22 19 to
2297 1998 59 16 warn
2375 1989 33 24 off
2424 1990 38 22 the

1883 2028 135 24 Americans
2030 2036 25 15 or
2067 2028 84 28 others,
2162 2026 111 24 disorders
2280 2028 60 19 must
2348 2023 113 23 continue.

1884 2059 131 34 Supposing
2036 2061 39 23 the
2095 2060 62 31 right
2178 2059 25 24 of
2229 2059 72 22 Great
2323 2057 89 23 Britain
2438 2061 24 18 to

1883 2095 107 23 interfere
2009 2094 54 23 with
2081 2094 64 23 those
2165 2097 114 25 strangers
2290 2097 57 16 were
2357 2089 105 24 acknow-

1884 2128 87 30 ledged,
1989 2136 42 15 one
2043 2128 62 30 large
2117 2127 51 30 ship
2180 2124 110 25 stationed
2300 2123 164 32 permanently,

1884 2161 27 31 (I
1930 2169 66 15 mean
2017 2169 13 15 a
2048 2160 51 31 ship
2118 2168 25 15 as
2164 2160 60 30 large
2245 2166 24 15 as
2281 2166 14 15 a
2305 2158 89 29 frigate,
2406 2157 34 22 for
2452 2165 14 14 a

1885 2195 68 22 small
1963 2195 52 30 ship
2027 2195 20 22 is
2059 2193 75 24 rather
2146 2201 15 15 a
2172 2192 130 31 temptation
2321 2195 23 19 to
2363 2190 103 30 hostility

1886 2228 54 23 than
1955 2237 12 13 a
1978 2233 51 26 stop
2042 2233 22 17 to
2079 2226 37 31 it,)
2135 2234 42 15 one
2197 2226 62 30 large
2277 2224 51 30 ship
2344 2223 31 30 by
2393 2223 74 23 which

1886 2262 38 22 the
1937 2262 85 22 natives
2043 2261 66 23 could
2128 2261 28 22 be
2175 2258 121 28 overawed,
2319 2256 74 24 would
2409 2256 58 23 have

1886 2295 114 23 sufficient
2011 2294 121 28 influence,
2149 2292 43 24 and
2206 2290 96 25 assisted
2321 2289 96 32 perhaps
2434 2289 32 30 by

1887 2336 42 15 one
1947 2336 24 15 or
1993 2332 43 19 two
2055 2326 90 25 smaller
2166 2325 92 28 vessels,
2274 2323 74 24 would
2359 2323 58 30 keep
2427 2322 39 24 the

1886 2360 73 24 whole
1970 2362 26 22 of
2010 2361 39 23 the
2061 2364 74 20 coasts
2147 2359 25 24 of
2182 2359 63 23 those
2256 2357 84 24 islands
2352 2357 23 22 in
2386 2355 79 24 check.

1887 2394 51 23 The
1949 2394 112 24 .Resident
2072 2393 82 24 should
2165 2397 36 19 act
2210 2393 25 24 in
2246 2395 90 19 concert
2353 2389 67 25 with,,
2427 2389 39 23 the

1888 2428 165 28 Missionaries,
2067 2427 44 24 and
2124 2426 13 24 I
2149 2425 80 24 should
2241 2433 39 22 say
2292 2424 48 23 that
2352 2423 28 23 all
2394 2423 73 23 would

1888 2461 54 23 then
1964 2461 82 30 chiefly
2069 2459 89 32 depend
2174 2466 59 24 upon
2253 2458 38 23 the
2312 2457 114 23 character
2444 2456 26 22 of

1888 2495 49 22 that
1956 2494 111 23 Resident
2088 2494 44 23 and
2152 2493 36 23 the
2202 2492 107 31 Captains
2321 2490 25 23 of
2354 2489 39 24 the
2404 2489 64 31 ships

1888 2527 126 31 employed,
2033 2527 45 23 and
2095 2525 96 32 nothing
2208 2524 87 24 further
2307 2522 73 24 would
2391 2522 27 24 be
2429 2530 38 15 re-

1889 2561 78 30 quired
1991 2560 57 23 from
2072 2568 40 15 our
2141 2559 161 27 Government,
2328 2557 42 22 but
2392 2560 21 19 to
2435 2555 34 23 let

1889 2594 149 24 colonization
2049 2601 29 22 go
2092 2601 28 15 on
2133 2591 124 33 gradually,
2269 2591 30 30 by
2311 2589 87 24 mutual
2413 2596 54 16 con-

1889 2633 51 18 sent
1951 2628 100 23 between
2062 2627 38 23 the
2112 2626 87 23 natives
2208 2625 45 23 and
2264 2623 86 24 British
2359 2621 108 31 subjects.

1923 2661 65 23 Your
1997 2660 53 31 plan
2063 2659 74 24 would
2149 2666 97 23 suppose
2258 2665 28 16 an
2297 2656 139 30 assumption
2445 2654 25 23 of

1888 2698 137 27 paramount
2046 2694 144 29 sovereignty
2208 2699 30 16 on
2248 2691 37 23 the
2296 2694 51 27 part
2358 2689 25 24 of
2398 2688 72 24 Great

1891 2727 100 29 Britain*
2001 2727 88 31 subject
2101 2731 22 19 to
2134 2725 88 31 leaving
2234 2724 38 24 the
2280 2724 85 23 natives
2375 2725 94 20 masters

1890 2761 36 23 for
1938 2760 57 24 their
2007 2768 50 16 own
2069 2760 163 26 Government,
2246 2757 44 24 aud
2300 2757 91 29 leaving
2408 2755 62 23 them

1891 2798 96 20 masters
1999 2794 25 23 of
2039 2793 59 23 their
2109 2797 106 26 property
2225 2792 23 22 in
2261 2790 36 24 the
2310 2788 51 24 land
2373 2789 11 23 ?

1926 2827 105 31 Entirely
2044 2835 34 16 so.

1926 2861 25 23 It
1971 2860 75 24 would
2058 2867 89 16 assume
2166 2858 141 29 sovereignty
2327 2864 24 15 as
2375 2854 95 25 towards

1893 2894 64 23 other
1968 2894 114 23 countries
2090 2893 10 23 ?
