4140 5940
777 190 247 108 Lyell
1073 190 297 108 Times.

836 390 207 35 SATURDAY,
1063 392 95 29 JULY
1178 393 40 32 17,
1240 392 74 29 1886.

793 482 43 28 On
859 481 121 37 Monday
1002 482 52 28 last
1076 485 53 25 two
1151 482 146 28 inebriates
1322 483 69 27 from

759 521 46 29 the
819 522 126 35 previous
957 521 54 36 day
1024 532 68 18 were
1103 521 118 36 brought
1243 522 88 29 before
1354 522 36 28 H.

760 561 33 26 G.
804 561 176 34 Youngman,
993 561 75 35 Esq.,
1079 561 71 33 J.P.,
1161 561 53 27 and
1232 571 68 17 were
1321 562 71 26 lined

759 597 45 37 20/
816 598 63 28 with
903 597 26 37 71
943 604 72 22 costs
1029 608 30 17 or
1078 600 28 25 in
1129 599 103 28 default
1255 602 34 25 48
1310 601 84 26 hours

760 635 219 37 imprisonment.
1033 636 58 28 The
1121 637 68 27 fines
1211 638 26 27 in
1265 638 66 27 each
1354 639 26 25 in-

760 678 92 23 stance
876 683 70 18 were
967 674 73 36 pai'd.
1085 675 32 26 Jn
1143 676 164 27 accordance
1328 676 65 27 with

760 712 46 28 the
820 716 106 24 custom
936 712 30 28 of
977 719 71 22 most
1059 722 181 29 newspapers,
1250 715 54 28 this
1316 714 79 36 being

761 751 45 26 the
827 751 59 26 first
908 761 167 24 appearance
1089 762 33 16 on
1142 763 15 16 a
1180 754 99 32 charge
1292 755 29 25 of
1340 755 55 25 this

760 787 173 35 description,
948 788 45 27 the
1018 797 96 19 names
1139 790 28 27 of
1188 792 46 26 the
1260 790 135 28 offenders

760 835 44 18 are
818 829 48 24 not
879 825 153 37 published.

795 874 56 28 The
877 874 125 29 Larnacli
1027 875 69 28 Gold
1123 875 109 37 Mining
1254 877 142 36 Company

760 912 85 28 invite
866 912 119 33 tenders,
999 913 104 36 closing
1126 924 34 18 on
1185 915 141 35 Thursday
1349 916 46 27 the

760 950 71 26 22nd
846 950 113 32 instant,
973 951 39 26 fer
1025 950 106 33 driving
1147 954 48 25 100
1213 953 52 27 feet
1279 954 29 25 of
1327 954 69 26 their

761 988 104 28 tunnel.
920 987 204 37 Specifications
1154 996 27 22 to
1209 989 31 29 be
1272 1000 64 18 seen
1367 996 28 22 at

761 1027 138 27 Fennell's
913 1027 92 28 Hotel.
1042 1028 120 27 Tenders
1171 1032 28 24 to
1208 1029 31 27 be
1249 1029 145 27 addressed

762 1069 27 23 to
813 1065 43 26 Mr
883 1065 37 27 M.
943 1065 158 29 Conradson
1122 1076 60 18 care
1207 1067 30 26 of
1259 1067 43 26 Mr
1323 1067 72 28 John

761 1102 123 28 Fennell.

796 1154 57 28 The
879 1155 77 27 usual
979 1155 124 34 cleaning
1129 1166 35 26 up
1179 1160 28 23 at
1230 1157 44 26 the
1298 1157 96 35 Alpine

762 1192 106 39 battery
882 1193 63 30 took
965 1194 75 39 place
1054 1195 153 39 yesterday,
1219 1195 40 29 for
1272 1196 34 31 71
1320 1196 74 37 days'

762 1234 138 34 crushing,
915 1235 54 26 and
992 1245 67 24 gave
1072 1246 16 16 a
1107 1236 73 33 yield
1194 1237 29 25 of
1242 1237 48 26 341
1305 1246 54 16 ozs.
1371 1237 29 26 of

762 1271 139 33 amalgam
917 1271 68 27 from
1002 1273 52 25 250
1067 1277 60 21 tons
1141 1273 29 26 of
1191 1277 76 22 stone
1282 1273 113 25 treated.

762 1309 57 27 The
833 1308 108 28 various
954 1314 90 33 stopes
1056 1311 27 27 in
1105 1310 45 28 the
1163 1311 74 27 mine
1260 1310 75 28 show
1359 1321 33 17 no

762 1347 104 36 change
889 1350 73 25 since
983 1349 50 28 last
1054 1354 99 31 report.
1202 1350 78 27 Cross
1294 1350 103 33 cutting

762 1385 41 29 for
815 1386 46 28 the
878 1386 81 27 north
983 1387 79 28 block
1088 1387 50 28 has
1159 1387 67 28 been
1246 1388 150 27 somewhat

762 1423 113 36 delayed
889 1423 99 35 during
1000 1425 47 27 the
1061 1425 75 36 early
1150 1429 59 32 part
1223 1426 30 26 of
1263 1425 46 28 the
1322 1425 74 28 week

764 1462 116 36 through
893 1462 47 28 the
953 1462 114 30 absence
1080 1463 30 28 of
1129 1474 74 19 some
1216 1463 31 28 of
1265 1463 44 29 the
1323 1474 73 22 men,

764 1502 47 28 but
824 1501 45 28 the
884 1502 74 27 mine
973 1512 130 25 manager
1115 1503 49 28 has
1177 1503 79 27 made
1271 1513 108 25 arrange-

764 1543 89 23 ments
875 1538 128 37 whereby
1027 1540 46 26 the
1093 1549 160 19 occurrence
1273 1540 56 27 will
1350 1546 47 21 not

763 1577 62 28 take
839 1577 74 36 place
927 1578 89 33 again.
1060 1577 57 28 The
1131 1578 107 35 battery
1260 1578 50 28 has
1329 1578 68 28 been

763 1615 119 35 running
895 1624 29 17 as
939 1615 78 26 usual
1030 1615 49 27 full
1099 1617 75 29 time,
1189 1617 55 26 and
1266 1617 46 26 the
1334 1626 46 17 con-

764 1657 113 26 tractors
890 1653 41 29 for
944 1653 46 29 the
1009 1653 81 29 lower
1103 1655 106 36 portion
1223 1655 29 28 of
1270 1654 45 29 the
1327 1654 70 29 head

763 1702 70 24 race,
847 1692 89 36 owing
959 1698 27 23 to
1008 1693 46 27 the
1071 1694 150 35 prevailing
1242 1694 155 28 favourable

766 1731 125 33 weather,
905 1740 44 18 are
963 1731 112 33 making
1087 1732 70 34 good
1173 1741 130 26 progress.
1340 1733 57 26 The

764 1772 164 25 contractors
941 1769 40 28 for
993 1769 46 28 the
1058 1769 51 29 No.
1124 1770 16 28 7
1152 1770 70 28 level
1242 1770 69 29 have
1325 1779 53 20 com-

764 1807 114 27 menced
891 1808 182 35 opperations.

797 1854 58 29 The
876 1864 63 18 men
953 1854 120 37 engaged
1095 1854 109 39 driving
1220 1856 27 27 in
1262 1855 46 29 the
1332 1856 48 28 Lar-

764 1893 69 29 nacli
848 1903 35 18 on
906 1894 46 28 the
976 1895 134 36 supposed
1133 1895 76 28 track
1223 1895 31 28 of
1276 1895 45 28 the
1343 1896 57 27 reef

764 1942 44 17 are
821 1942 61 17 now
905 1933 28 25 in
948 1933 62 26 nine
1031 1933 53 26 feet
1103 1933 70 26 from
1187 1933 45 27 the
1244 1934 45 26 old
1314 1934 83 26 drive.

764 1968 57 27 The
844 1968 139 28 character
1004 1969 31 27 of
1057 1969 46 27 the
1128 1974 116 31 country
1268 1970 23 27 is
1315 1970 82 35 likely

764 2006 118 36 looking,
896 2006 80 35 being
999 2006 66 28 slate
1084 2006 108 35 driving
1213 2008 66 28 with
1303 2014 94 31 quartz

764 2045 103 29 leaders
879 2045 120 35 crossing
1012 2054 35 28 up
1061 2045 54 28 and
1128 2045 80 29 down
1221 2047 27 27 in
1263 2047 45 28 the
1327 2048 67 27 face.

764 2084 27 28 It
820 2094 55 18 was
905 2085 130 27 intended
1066 2088 28 24 to
1125 2086 127 28 continue
1289 2086 107 34 driving

763 2121 116 28 without
891 2122 46 27 the
957 2132 47 18 use
1018 2123 29 27 of
1063 2123 106 32 timber,
1184 2123 48 28 but
1246 2133 34 18 on
1298 2125 83 26 Thurs-

764 2159 53 36 day
830 2159 23 28 it
865 2170 55 17 was
930 2160 85 27 found
1034 2161 90 33 owing
1136 2165 27 23 to
1178 2161 45 27 the
1246 2162 153 34 crumbling

764 2197 29 28 of
821 2197 47 28 the
892 2198 129 33 footwall,
1035 2198 55 27 and
1114 2199 46 27 the
1186 2199 122 37 hanging
1333 2200 62 27 wall

765 2237 105 35 getting
893 2246 75 19 more
1206 2238 61 28 that
1301 2239 98 27 timber

765 2283 56 17 was
833 2274 133 33 required,
980 2275 54 26 and
1046 2284 17 17 a
1075 2279 41 23 set
1133 2285 55 17 was
1209 2277 190 30 immediately

765 2315 49 31 put
826 2311 38 28 in.

800 2358 119 29 Tenders
948 2359 40 28 for
1013 2359 66 28 road
1102 2369 38 26 up
1165 2359 46 28 the
1234 2360 165 29 Matakitaki

766 2396 69 28 close
849 2401 28 23 at
892 2398 46 27 the
962 2398 115 27 Council
1098 2398 160 34 Chambers,
1273 2399 125 27 Reefton.

766 2444 35 18 on
816 2434 144 37 Thursday
980 2440 73 22 next.

800 2482 28 29 W
829 2483 6 13 T
837 2492 14 19 e
864 2483 186 35 congratulate
1073 2483 46 29 the
1141 2483 114 30 Reefton
1276 2485 123 28 Football

767 2521 68 28 Club
850 2530 34 19 on
898 2521 71 28 their
982 2530 105 19 success
1100 2522 52 28 last
1166 2523 135 36 Saturday
1314 2525 27 26 in
1356 2525 28 26 de-

766 2559 103 35 feating
892 2560 46 27 the
963 2560 171 33 Greymouth
1164 2564 82 30 team,
1277 2562 55 27 and
1364 2563 35 26 all

767 2596 61 28 that
851 2606 40 19 we
917 2596 85 29 desire
1027 2606 62 20 now
1112 2598 23 28 is
1159 2598 61 28 that
1249 2599 65 37 they
1345 2600 54 26 will

795 2635 83 29 brush
893 2646 34 27 up
975 2635 80 29 when
1064 2636 46 29 the
1122 2647 95 18 season
1226 2647 173 20 commences

767 2674 54 27 and
835 2674 88 27 defeat
935 2674 78 27 them
1026 2674 28 27 in
1068 2675 47 27 the
1128 2676 101 26 cricket
1241 2677 72 25 field.

802 2721 57 28 Our
866 2720 100 29 Nelson
974 2721 209 38 correspondent
1191 2723 82 28 wired
1281 2723 118 35 through

767 2760 143 35 yesterday
924 2760 45 28 the
981 2761 83 27 result
1078 2761 30 28 of
1124 2761 45 28 the
1183 2762 104 36 polling
1299 2763 42 28 for
1354 2764 45 27 the

768 2798 102 26 Nelson
885 2798 150 35 Municipal
1049 2798 113 28 Council
1176 2800 115 26 election
1304 2810 30 17 as
1354 2802 34 25 fol-

768 2834 65 30 lows
916 2834 173 31 Declaration
1115 2838 61 28 2.30
1198 2836 55 30 this
1274 2838 127 38 morning

767 2874 68 27 with
851 2874 140 34 following
1014 2876 101 26 result:
1144 2876 121 33 Everett,
1288 2878 112 31 Levien,

769 2911 140 34 Coleman,
941 2911 94 35 Trask,
1067 2913 132 33 Graham,
1230 2914 26 28 J.
1287 2914 112 37 Harley,

768 2951 143 33 Akersten,
937 2951 130 35 Stringer,
1093 2952 55 27 and
1373 2955 26 26 It

768 2988 55 27 will
835 2987 33 28 be
882 2997 63 18 seen
959 2988 69 27 from
1042 2989 47 28 the
1098 2998 96 19 names
1204 2991 127 28 returned
1341 2991 60 28 that

768 3036 49 19 our
830 3026 219 37 correspondent,
1242 3031 28 26 in
1286 3040 48 18 our
1347 3031 50 28 last

767 3065 82 32 issue,
863 3066 132 34 correctly
1007 3067 100 26 named
1129 3067 47 27 the
1199 3068 63 26 nine
1283 3078 102 18 success-

767 3102 40 28 ful
821 3102 160 29 councillors
1003 3107 47 25 out
1070 3103 30 29 of
1116 3107 104 34 twenty
1241 3106 158 29 candidates

767 3142 169 32 nominated,
950 3151 16 19 a
978 3151 64 28 very
1055 3142 145 30 creditable
1220 3145 55 28 and
1287 3146 114 28 difficult

796 3180 39 34 tip
880 3180 107 27 indeed.

802 3227 49 29 We
865 3227 108 38 publish
983 3228 28 27 in
1025 3228 55 29 this
1098 3229 71 28 issue
1192 3239 15 19 a
1220 3230 180 39 preliminary

767 3268 89 27 notice
869 3267 30 28 of
908 3276 36 18 an
964 3269 213 28 entertainment
1190 3270 54 27 and
1260 3270 55 27 ball
1329 3275 27 22 to
1369 3271 32 27 be

767 3304 63 27 held
845 3314 35 18 on
898 3306 107 35 August
1027 3306 58 33 6th,
1108 3307 86 27 under
1213 3308 46 26 the
1281 3309 121 35 auspices

768 3342 29 28 of
807 3342 46 28 the
870 3342 78 37 Lyell
962 3343 110 29 Branch
1086 3344 29 28 of
1126 3344 45 28 the
1185 3344 71 29 Irish
1272 3346 130 28 National

768 3382 118 35 League.
931 3382 57 28 The
1014 3392 172 26 programme
1209 3384 29 27 of
1255 3386 132 26 entertain-

768 3423 76 24 ment
859 3419 53 27 will
926 3429 100 26 appear
1044 3420 29 27 in
1094 3424 66 25 next
1180 3422 81 32 issue,
1282 3422 54 27 and
1356 3423 46 27 the

767 3457 97 28 tickets
888 3458 55 28 will
967 3459 31 27 be
1023 3458 160 29 distributed
1207 3460 29 27 in
1259 3460 45 28 the
1329 3461 74 37 early

769 3501 61 31 part
842 3497 30 26 of
883 3501 64 23 next
965 3497 85 28 week.
1087 3499 35 26 At
1144 3498 45 27 the
1209 3499 52 27 last
1282 3501 121 33 meeting

769 3534 30 28 of
809 3534 45 28 the
870 3535 108 35 Society
992 3535 82 27 about
1087 3537 34 26 50
1129 3537 136 27 members
1276 3547 69 18 were
1355 3548 30 17 en-

769 3572 96 34 rolled,
879 3573 54 27 and
946 3574 46 26 the
1002 3576 118 33 greatest
1130 3574 170 29 enthusiasm
1314 3576 29 27 in
1358 3577 44 27 the

769 3615 158 24 movement
941 3621 54 19 was
1009 3612 170 28 manifested.

808 3664 46 28 We
868 3673 45 19 are
927 3664 127 28 iudebted
1068 3668 27 24 to
1106 3665 47 27 the
1163 3666 102 28 Nelson
1275 3668 129 36 Evening

771 3703 73 27 Mail
858 3703 40 27 for
911 3703 46 28 the
971 3703 137 36 following
1121 3709 118 24 extracts
1252 3707 30 27 of
1292 3707 46 28 the
1352 3708 50 27 last

772 3743 119 33 meeting
898 3742 28 26 of
934 3742 47 26 the
989 3743 102 25 Nelson
1101 3743 153 27 Education
1265 3746 104 31 Board;

772 3779 57 28 The
842 3778 103 38 Bishop
959 3779 29 28 of
998 3779 102 29 Nelson
1113 3781 58 28 said
1182 3781 58 29 that
1254 3782 103 36 though
1370 3783 34 29 he

772 3828 55 17 was
852 3818 96 27 absent
971 3819 70 26 from
1066 3819 45 27 the
1133 3821 92 26 Board
1247 3826 28 22 at
1296 3823 35 26 its
1352 3823 52 26 last

773 3854 128 37 meeting,
911 3856 34 28 he
958 3856 54 28 had
1025 3861 48 23 not
1084 3856 81 29 taken
1174 3857 44 29 the
1230 3858 53 29 less
1293 3860 111 28 interest

772 3894 29 27 in
814 3895 34 26 its
861 3894 84 31 work,
958 3894 49 28 but
1027 3894 55 28 had
1099 3896 81 28 taken
1203 3897 152 37 advantage
1378 3900 29 26 of

772 3932 47 27 the
840 3933 178 35 opportunity
1037 3933 29 27 of
1087 3932 81 36 being
1192 3944 77 27 away
1294 3941 26 22 to
1343 3937 61 27 visit

772 3980 75 18 some
861 3971 30 27 of
900 3971 46 28 the
957 3971 113 28 Board's
1090 3971 116 36 schools,
1221 3974 54 28 and
1287 3974 42 28 his
1352 3972 55 31 im-*

772 4009 120 36 pression
906 4009 30 28 of
946 4009 75 28 these
1035 4010 53 27 and
1101 4011 30 27 of
1141 4011 45 27 the
1207 4012 121 28 teachers
1349 4023 55 18 was

773 4056 64 27 very
861 4047 155 28 favourable
1040 4047 116 36 indeed;
1183 4059 35 18 on
1240 4050 46 28 the
1312 4051 89 34 Coast,

773 4089 53 30 too,
841 4085 34 28 he
888 4085 55 28 had
953 4085 131 28 observed
1096 4087 61 28 that
1170 4088 46 27 the
1230 4089 135 36 tendency
1377 4095 27 23 to

772 4130 162 30 permanent
947 4125 157 28 settlement
1119 4136 55 18 was
1195 4136 65 27 very
1282 4129 120 33 marked,

772 4162 52 27 and
838 4162 60 28 that
912 4172 55 18 was
979 4172 36 18 an
1028 4164 150 35 important
1191 4165 117 29 element
1318 4167 27 26 in
1357 4167 46 28 the

772 4200 114 29 Board's
900 4201 119 36 dealings
1032 4202 67 28 with
1117 4202 59 28 that
1198 4203 121 35 district;
1340 4205 63 28 botii

772 4242 29 23 at
822 4238 139 35 Westport
982 4238 54 28 and
1061 4240 114 27 Reeftou
1200 4241 33 27 he
1258 4242 55 26 had
1337 4243 68 27 been

773 4284 65 28 very
851 4275 82 29 much
946 4276 150 36 impressed
1108 4278 66 28 with
1197 4278 45 28 the
1265 4279 140 29 character

773 4315 29 27 of
823 4314 47 27 the
895 4315 82 33 staff;
997 4315 45 28 the
1063 4316 106 27 schools
1189 4322 29 22 at
1239 4317 64 28 both
1329 4319 76 27 these

773 4352 89 38 places
885 4362 70 19 were
979 4354 206 35 overcrowded;
1204 4355 34 28 he
1265 4355 52 30 had
1345 4357 57 29 also

773 4392 66 28 been
871 4392 110 36 pleased
1011 4397 27 24 to
1063 4398 89 23 notice
1182 4395 61 28 that
1267 4396 36 27 all
1334 4397 72 28 their

773 4429 137 34 buildings
922 4438 70 18 were
1005 4430 75 35 plain
1094 4432 54 26 and
1161 4432 163 27 substantial
1347 4435 54 24 and

774 4466 96 30 devoid
882 4467 28 29 of
921 4467 133 39 anything
1067 4468 52 29 like
1129 4469 100 30 useless
1240 4476 160 31 ornament;

774 4506 118 29 hitherto
906 4507 33 27 he
955 4508 52 27 had
1029 4508 66 28 been
1110 4510 118 35 opposed
1249 4516 26 22 to
1297 4512 109 34 fencing

773 4545 53 29 and
840 4545 150 38 gravelling
1004 4556 29 18 as
1047 4557 14 18 a
1075 4548 122 29 needless
1216 4559 127 27 expense,
1357 4550 48 29 but

774 4585 68 26 after
863 4585 91 33 seeing
979 4585 45 27 the
1048 4587 84 25 result
1157 4587 35 26 he
1218 4588 117 33 thought
1359 4591 46 25 the

774 4631 100 28 money
887 4621 54 29 had
955 4621 66 30 been
1034 4623 61 28 well
1110 4623 54 29 laid
1186 4630 46 23 out
1247 4634 6 25 ;
1273 4630 28 24 at
1328 4626 61 29 Reef-

774 4666 47 23 ton
834 4661 34 28 he
882 4661 54 28 had
959 4663 99 27 oftered
1071 4673 74 18 some
1167 4665 69 27 little
1258 4665 87 36 prizes
1366 4667 41 27 for

774 4709 99 28 essays,
889 4699 88 29 which
1004 4700 54 29 had
1079 4701 73 29 since
1169 4702 66 29 been
1255 4703 151 30 forwarded

776 4745 25 21 to
815 4739 64 32 him,
893 4739 55 27 and
966 4741 32 25 he
1019 4745 75 22 must
1106 4751 49 25 say
1176 4742 61 27 that
1251 4743 62 33 they
1335 4753 69 18 were

773 4776 149 33 excellent;
941 4776 105 33 indeed,
1059 4777 33 27 he
1105 4786 56 19 was
1174 4778 164 38 thoroughly
1352 4788 42 20 sat

774 4814 76 30 isfied
865 4815 64 29 with
944 4815 45 29 the
1003 4816 69 36 good
1085 4816 74 30 work
1173 4817 60 30 that
1255 4829 55 19 was
1323 4820 82 34 going

774 4863 34 17 on
821 4854 28 26 in
865 4854 71 27 their
955 4854 106 28 schools
1073 4856 28 26 in
1125 4857 76 27 those
1217 4863 73 29 parts
1301 4866 7 24 ;
1329 4860 75 25 there

773 4901 69 19 were
856 4902 75 18 some
944 4892 30 28 of
992 4892 46 28 the
1051 4893 121 29 teachers
1192 4894 61 29 who
1275 4895 129 29 deserved

773 4931 36 26 all
820 4930 70 27 their
902 4931 149 35 sympathy
1064 4933 28 25 in
1106 4931 71 28 their
1196 4933 83 31 work,
1289 4934 117 28 situated

773 4978 29 19 as
816 4968 64 38 they
893 4978 70 19 were
978 4969 98 29 almost
1086 4973 46 26 out
1146 4970 30 29 of
1189 4970 46 29 the
1249 4972 84 28 world
1345 4981 6 26 ;
1371 4973 33 27 he

772 5008 55 28 had
847 5008 65 29 been
927 5009 59 28 able
1000 5013 27 24 to
1042 5010 78 28 make
1134 5011 186 36 comparisons
1339 5013 65 27 with

772 5047 75 27 what
864 5047 33 27 he
919 5047 55 27 had
996 5047 154 37 previously
1163 5058 62 18 seen
1239 5050 80 27 when
1341 5051 63 36 they

772 5094 70 19 were
853 5086 100 36 simply
967 5087 150 35 compelled
1131 5093 26 22 to
1171 5087 33 28 do
1213 5087 46 28 the
1271 5088 58 28 best
1339 5089 65 36 they

772 5123 88 33 could,
875 5124 137 28 whatever
1033 5125 29 27 th
1074 5130 18 22 it
1115 5126 89 35 might
1218 5126 38 32 be,
1271 5127 48 27 but
1340 5127 66 36 they

774 5171 67 19 were
854 5166 49 26 not
915 5162 117 30 reduced
1051 5167 28 25 to
1092 5162 60 30 that
1172 5173 70 26 now,
1256 5165 54 29 and
1331 5166 75 29 there

772 5211 56 17 was
858 5211 15 18 a
903 5206 76 31 great
1014 5203 204 35 improvement
1247 5204 157 29 observable

772 5239 181 35 everywhere.
990 5241 120 27 Tenders
1123 5242 69 26 have
1207 5242 64 26 been
1284 5242 122 28 received

772 5277 68 28 from
866 5277 45 29 the
936 5277 110 30 Black's
1071 5279 81 28 Point
1177 5279 162 30 Committee
1365 5281 41 28 for

772 5316 107 35 fencing
896 5317 54 28 and
970 5323 93 29 gates;
1082 5319 22 27 it
1125 5328 56 17 was
1202 5320 122 27 resolved
1346 5321 59 26 that

773 5354 65 35 they
863 5364 68 18 were
955 5360 45 23 too
1032 5355 76 35 high,
1126 5357 54 26 and
1202 5357 61 27 that
1294 5359 54 26 ill
1375 5359 30 26 be

774 5392 112 34 granted
908 5399 41 22 lor
973 5394 46 28 the
1041 5404 124 28 purpose.
1216 5395 67 29 Miss
1306 5396 99 29 Marris

773 5440 55 17 was
842 5432 147 34 appointed
1010 5434 175 33 probationer
1198 5439 28 22 at
1248 5435 46 27 the
1319 5436 67 26 West-

774 5471 60 30 port
858 5468 102 27 school.
1008 5470 57 26 The
1089 5470 167 33 resignation
1282 5472 29 25 of
1338 5472 66 26 Miss

774 5503 124 30 Prentice
911 5515 29 19 as
955 5506 108 29 teacher
1075 5507 28 28 of
1115 5507 44 28 the
1185 5507 113 29 liseiton
1313 5508 91 28 school

773 5553 55 18 was
840 5545 136 35 accepted.
1012 5547 87 26 Jessie
1113 5547 85 34 Oxley
1211 5557 56 18 whs
1278 5548 126 35 apointed

773 5581 119 28 monitor
905 5587 27 22 at
955 5583 45 27 the
1021 5583 115 28 Reefton
1150 5585 92 27 school
1265 5585 70 27 until
1358 5585 46 27 she

774 5620 21 26 is
809 5621 32 26 1G
853 5630 78 25 years
944 5622 29 27 of
983 5632 57 24 age.
1077 5623 57 27 The
1143 5622 163 34 resignation
1321 5623 29 28 of
1363 5623 43 27 Mr

773 5658 90 36 Roger
876 5659 29 27 of
913 5659 45 27 the
971 5660 171 37 teachership
1152 5662 29 26 of
1200 5662 46 27 the
1259 5662 70 26 Fern
1344 5662 62 26 Flat

773 5696 92 30 school
872 5707 54 19 was
937 5700 136 36 accepted,
1082 5700 54 28 and
1145 5700 42 28 Mr
1197 5700 33 28 E.
1239 5701 21 27 F
1277 5700 128 29 Dencker

773 5745 54 17 was
840 5738 146 33 appointed
999 5738 27 25 in
1041 5739 42 25 his
1096 5739 85 33 place,
1219 5740 57 24 The
1293 5740 111 24 Reeftou

773 5773 163 28 Committee
951 5774 105 36 applied
1071 5775 41 27 for
1124 5785 35 17 an
1173 5776 120 26 increase
1311 5775 30 27 of
1360 5775 44 27 the

773 5810 89 36 salary
876 5811 25 28 of
916 5813 44 28 the
974 5813 96 29 second
1085 5817 110 29 master,
1207 5814 59 28 who
1277 5823 55 19 was
1343 5823 60 19 now

1418 195 28 27 in
1459 193 102 37 receipt
1574 195 25 26 of
1619 194 73 28 <l3o
1705 204 15 17 a
1733 203 83 27 year;
1835 196 46 28 the
1902 197 104 37 Bishop
2028 193 39 42 of|

1420 233 99 28 Nelson
1536 232 54 28 had
1604 242 63 18 seen
1678 233 58 28 him
1748 238 28 23 at
1789 234 43 28 his
1842 235 82 31 work,
1935 237 53 28 and
1999 247 56 20 was

1419 271 96 34 highly
1529 270 108 35 pleased
1653 271 64 26 with
1732 272 58 25 him
1803 280 6 24 ;
1830 272 32 26 lie
1877 275 97 26 moved
1993 275 60 28 that

1420 319 34 18 an
1479 310 118 26 increase
1619 307 31 29 be
1676 308 112 37 granted
1811 310 30 27 of
1863 311 56 28 j2o
1933 322 14 17 a
1968 322 83 26 year;

1421 348 44 25 Mr
1486 347 29 26 CI
1520 357 32 23 ay
1555 347 52 25 den
1714 348 29 24 of
1764 348 113 33 opinion
1902 350 60 25 that
1989 351 65 34 they

1420 383 97 29 should
1540 387 47 24 not
1609 382 61 28 deal
1693 383 65 28 with
1785 384 64 27 such
1875 385 180 36 applications

1420 428 94 32 except
1525 428 27 23 at
1563 423 45 28 the
1620 423 65 28 time
1693 422 146 38 appointed
1851 424 39 29 for
1898 426 44 27 the
1953 428 102 29 annual

1420 462 117 27 revision
1554 463 29 25 of
1602 463 110 25 salaries
1724 470 5 23 ;
1753 462 42 26 Mr
1818 463 117 26 Andrew
1956 467 100 25 moved

1421 510 28 19 as
1463 510 33 18 an
1512 499 179 29 amendment
1700 500 59 29 that
1774 500 44 28 the
1830 503 99 26 matter
1936 500 33 30 be
1980 507 57 32 post-

1423 540 86 36 poned
1524 540 66 27 until
1607 540 45 26 the
1667 540 116 27 revision
1798 540 30 27 of
1847 540 120 28 salaries.
2014 543 41 27 An

1421 578 164 37 application
1599 578 41 27 for
1653 587 32 17 an
1702 578 120 28 addition
1837 583 26 23 to
1879 578 45 27 the
1938 579 113 29 Reefton

1423 617 91 27 school
1529 626 54 17 was
1596 616 105 28 refused
1716 627 34 16 on
1764 616 46 27 the
1822 616 104 33 ground
1940 617 58 27 that
2009 619 45 27 the

1423 655 90 28 Board
1531 654 51 28 had
1597 660 48 22 not
1667 655 46 27 the
1729 664 100 25 money
1851 655 143 31 available,
2009 656 45 28 the

1423 693 86 28 whole
1523 697 114 23 amount
1651 698 26 22 to
1693 693 69 28 their
1775 693 83 27 credit
1872 693 81 33 being
1967 695 88 32 <374;

1423 734 46 27 the
1496 733 103 36 Bishop
1622 732 31 28 of
1679 733 101 27 Nelson
1806 732 143 36 expressed
1971 738 87 29 regret

1425 772 59 26 that
1498 771 64 35 they
1575 771 55 26 had
1643 776 48 21 not
1711 771 45 26 the
1768 771 90 29 funds,
1873 780 29 17 as
1916 771 46 26 the
1983 772 58 26 addi-

1425 810 56 26 tion
1505 816 52 19 was
1579 808 81 35 badly
1679 808 117 27 wanted.
1841 808 57 27 The
1922 808 136 36 Westport

1425 846 163 29 Committee
1602 857 56 18 was
1675 846 155 29 authorised
1844 849 27 25 to
1888 846 106 36 expend
2013 847 45 29 the

1425 886 125 27 balances
1563 886 30 28 of
1604 887 106 27 various
1724 890 75 24 votes
1812 885 28 27 in
1856 885 91 36 fitting
1959 895 36 26 up
2011 886 45 28 the

1424 928 92 23 recent
1536 924 120 28 addition
1677 929 28 23 to
1726 924 47 28 the
1795 924 183 27 school-room
2005 925 52 27 and

1424 961 125 36 painting
1563 971 15 18 a
1596 962 69 27 dado
1687 962 86 27 inside
1797 962 45 27 the
1858 961 74 27 bovs'
1954 962 102 27 school.

1425 1000 151 36 The-Hope
1600 1001 162 28 Committee
1776 999 106 38 applied
1896 999 41 28 for
1950 1009 16 18 a
1979 1003 79 33 grant

1424 1040 40 25 for
1476 1039 108 35 fencing
1595 1040 63 26 both
1671 1039 45 28 the
1727 1039 91 27 school
1829 1038 120 36 grounds
1959 1040 28 25 in
1998 1039 60 27 that

1423 1076 122 31 district;
1566 1077 121 27 resolved
1702 1078 59 26 that
1771 1077 46 27 the
1832 1076 124 36 question
1969 1076 32 27 be
2013 1077 28 27 de-

1424 1114 86 27 ferred
1524 1124 29 17 as
1567 1114 75 28 there
1655 1124 45 19 are
1714 1125 35 17 no
1762 1116 81 26 funds
1864 1114 133 28 available
2019 1115 41 27 for

1425 1152 44 27 the
1501 1162 124 25 purpose.
1681 1154 63 26 Two
1776 1156 129 24 accounts
1938 1153 120 27 received

1424 1190 72 29 since
1519 1190 45 28 the
1587 1190 116 39 meeting
1726 1190 29 30 of
1773 1191 47 29 the
1840 1190 120 30 Finance
1980 1191 59 29 Com-

1424 1231 93 27 mittee
1530 1241 69 18 were
1613 1232 112 27 ordered
1738 1238 28 21 to
1780 1231 79 28 stand
1870 1242 64 17 over
1942 1232 41 27 till
1992 1237 66 23 next

1425 1268 106 32 month,
1545 1277 28 17 as
1588 1269 35 26 all
1645 1274 129 21 accounts
1795 1269 98 26 should
1915 1269 31 26 be
1966 1269 90 26 before

1425 1305 45 28 the
1501 1305 91 29 Board
1623 1311 52 24 two
1708 1306 72 29 clear
1804 1306 67 38 days
1896 1306 91 29 before
2013 1306 46 29 the

1425 1345 127 33 monthly
1568 1346 128 33 meeting.

1452 1435 286 39 MINING
1809 1435 220 39 NEWS.

1514 1545 109 27 OWEN
1646 1545 122 27 BEEFS
1787 1544 186 28 DISTRICT.

1496 1649 84 35 (from
1594 1656 55 20 our
1662 1656 61 20 own
1737 1647 253 36 correspondent.)

1460 1702 57 27 The
1542 1700 148 37 gratifying
1719 1700 172 35 intelligence
1922 1700 60 28 that
2013 1700 47 27 the

1428 1739 117 27 Wakatu
1570 1739 144 35 Company
1739 1739 54 26 had
1815 1738 92 27 struck
1932 1747 16 18 a
1973 1738 87 33 grand

1425 1777 186 35 gold-bearing
1624 1776 58 28 reef
1692 1785 29 19 in
1737 1776 46 28 the
1794 1778 119 26 crosscut
1922 1776 96 28 tunnel
2031 1777 28 27 in

1425 1817 45 26 the
1496 1816 45 26 old
1566 1816 61 26 Uno
1648 1813 106 37 ground
1775 1819 75 23 must
1872 1815 32 26 be
1928 1815 81 26 taken
2032 1824 29 17 as

1425 1853 126 29 evidence
1573 1853 30 28 of
1624 1852 46 29 the
1695 1852 109 35 general
1825 1861 184 28 permanency
2034 1852 28 28 of

1425 1893 46 28 the
1484 1893 54 28 line
1552 1892 28 27 of
1592 1895 113 33 country
1719 1891 115 28 marked
1848 1895 55 24 out.

1461 1931 150 34 Originally
1634 1931 45 26 the
1703 1931 113 26 Bulmer
1839 1930 85 28 Creek
1945 1940 56 17 was
2015 1930 45 27 the

1425 1968 129 27 favoured
1577 1968 78 26 claim
1683 1966 64 35 (and
1772 1968 29 24 in
1827 1976 48 25 my
1908 1967 111 34 opinion
2037 1967 23 25 is

1427 2006 74 35 still),
1515 2005 54 28 and
1590 2004 145 36 according
1756 2009 26 23 to
1804 2013 111 27 surveys
1936 2003 54 28 and
2013 2004 46 28 the

1425 2045 126 36 opinions
1565 2045 26 27 of
1605 2043 128 37 practical
1747 2043 101 28 miners
1863 2043 44 28 the
1929 2043 59 28 reef
2003 2043 58 36 just

1425 2084 84 28 found
1523 2084 22 27 is
1559 2093 71 18 none
1645 2082 77 29 other
1736 2082 67 28 than
1815 2083 45 27 the
1870 2081 188 30 continuation

1426 2122 29 27 of
1466 2122 45 27 the
1525 2121 114 27 Bulmer
1653 2120 85 27 Creek
1752 2121 61 26 line.

1461 2159 57 27 The
1533 2159 106 27 Golden
1653 2159 94 26 Fleece
1761 2158 80 34 being
1855 2157 113 36 directly
1979 2158 80 27 south

1426 2198 28 27 of
1466 2198 45 26 the
1527 2197 71 27 Uno,
1613 2196 54 27 and
1689 2195 68 27 dead
1781 2205 34 17 on
1837 2195 46 27 the
1908 2196 63 32 line,
1988 2201 72 21 must

1426 2236 79 28 stand
1520 2246 14 18 a
1548 2236 68 35 good
1629 2235 85 28 show.
1752 2234 14 28 I
1781 2234 158 28 mentioned
1959 2235 28 27 in
2009 2244 51 18 one

1426 2275 29 25 of
1468 2283 47 24 my
1528 2275 100 24 former
1642 2276 104 31 reports
1759 2273 59 26 that
1828 2272 54 27 this
1893 2273 167 34 Company's

1426 2311 105 35 ground
1552 2309 92 28 would
1668 2318 75 19 come
1764 2312 28 23 to
1816 2309 45 27 the
1884 2309 80 26 front.
2002 2309 58 26 The

1427 2349 110 34 bearing
1550 2347 30 28 of
1589 2348 46 27 the
1656 2348 53 27 line
1733 2347 29 28 of
1779 2347 58 28 reef
1855 2347 116 34 starting
1990 2346 70 28 from

1427 2388 44 27 the
1486 2387 113 27 Bulmer
1613 2386 85 27 Creek
1711 2391 74 22 must
1798 2394 51 18 run
1872 2386 120 34 through
2011 2385 46 27 the

1427 2426 62 26 Uno
1504 2424 53 27 and
1571 2424 105 27 Golden
1693 2424 103 27 Fleece.

1460 2462 87 29 There
1561 2471 49 19 can
1624 2462 31 28 be
1670 2471 35 19 no
1720 2462 84 27 doubt
1817 2461 26 27 in
1856 2470 47 27 my
1916 2460 76 28 mind
2001 2460 59 28 that

1427 2502 45 28 the
1498 2504 115 31 country
1637 2510 61 18 now
1724 2500 80 34 being
1823 2499 160 36 prospected
2006 2500 54 27 will

1427 2540 60 28 lead
1514 2546 25 22 to
1564 2549 16 18 a
1605 2539 110 36 general
1741 2539 118 36 opening
1890 2548 36 26 up
1959 2538 30 27 of
2015 2539 45 27 the

1427 2578 113 26 district.

1463 2615 137 38 Speaking
1613 2615 29 27 of
1653 2615 106 36 mining
1772 2614 27 28 in
1814 2613 118 35 general,
1947 2624 40 18 we
2004 2613 56 28 find

1428 2655 58 28 that
1499 2666 15 16 a
1528 2665 59 18 new
1601 2655 62 27 field
1676 2655 50 27 has
1739 2655 48 26 but
1806 2654 52 27 few
1877 2654 101 27 friends
1992 2654 69 27 until

1427 2693 46 27 the
1488 2693 105 35 ground
1615 2694 22 24 is
1658 2693 166 34 thoroughly
1846 2692 111 35 proved.
1994 2692 66 26 This

1427 2732 22 27 is
1475 2740 16 19 a
1516 2733 100 25 matter
1646 2730 134 37 supposed
1811 2735 27 23 to
1865 2730 30 26 be
1919 2730 48 26 left
1992 2734 28 23 to
2045 2739 15 18 a

1427 2770 129 28 favoured
1576 2770 59 30 few,
1650 2769 48 27 but
1719 2769 94 35 taking
1834 2768 36 28 all
1891 2768 92 33 things
2004 2768 58 28 into

1428 2807 207 31 consideration,
1659 2807 53 26 and
1736 2807 46 26 the
1805 2807 79 26 small
1907 2810 115 23 amount
2036 2806 27 27 of

1428 2850 112 33 support
1554 2843 99 31 offered
1677 2844 35 37 by
1737 2845 46 28 the
1804 2845 196 32 Government,
2014 2843 46 30 the

1429 2885 62 26 field
1506 2885 48 26 has
1569 2885 78 26 made
1661 2884 68 34 good
1743 2883 134 35 headway
1896 2883 35 35 by
1955 2884 103 34 private

1427 2922 156 36 enterprise.

1496 3015 114 41 [Nelson
1623 3016 128 37 Evening
1764 3016 81 34 Mail,
1861 3015 67 39 July
1942 3015 53 40 10.J

1461 3074 51 27 We
1525 3074 73 27 learn
1618 3074 67 27 with
1703 3083 65 26 very
1790 3074 83 27 much
1894 3074 167 27 satisfaction

1428 3112 61 28 that
1501 3112 145 34 telegrams
1660 3111 68 28 have
1738 3111 68 28 been
1818 3111 120 29 received
1951 3112 29 27 in
1990 3117 72 24 town

1428 3151 96 35 to-day
1549 3151 102 32 stating
1675 3151 61 28 that
1761 3151 45 27 the
1833 3151 57 28 reef
1917 3151 49 28 has
1994 3151 67 28 been

1429 3190 92 27 struck
1533 3190 28 25 in
1575 3190 45 25 the
1638 3189 115 27 Wakatu
1778 3189 103 28 United
1895 3189 167 36 Company's

1428 3227 115 37 ground.
1580 3228 57 27 The
1658 3236 130 27 manager
1807 3238 22 17 is
1851 3236 66 28 very
1941 3228 122 27 cautious

1428 3268 28 26 in
1471 3267 42 27 his
1526 3271 148 23 statement
1688 3266 54 28 and
1755 3267 100 35 simply
1869 3276 62 26 says
1945 3267 60 28 that
2018 3268 44 27 the

1429 3305 57 27 reef
1505 3314 22 16 is
1540 3305 115 34 payable
1678 3305 53 26 and
1752 3305 61 27 that
1833 3306 34 26 lie
1889 3309 100 23 cannot
2011 3305 52 27 add

1430 3352 75 18 more
1515 3342 69 27 until
1605 3342 34 27 he
1661 3342 49 27 has
1724 3348 45 22 cut
1791 3343 118 36 through
1931 3344 22 27 it
1973 3342 89 29 which

1430 3381 54 28 will
1510 3381 31 28 be
1568 3381 29 27 in
1621 3381 47 28 the
1693 3390 93 19 course
1801 3381 28 28 of
1858 3392 16 17 a
1903 3382 52 28 few
1986 3382 76 35 days.

1430 3419 84 27 Other
1540 3428 136 24 messages
1698 3419 124 27 received
1844 3423 68 24 state
1935 3421 61 27 that
2018 3421 45 27 the

1430 3461 77 24 stone
1522 3457 48 28 litis
1583 3466 82 28 every
1679 3467 167 27 appearance
1860 3459 27 27 of
1907 3459 82 33 being
2006 3458 56 29 rich

1430 3496 28 27 in
1489 3496 70 33 gold.
1615 3497 57 26 The
1702 3496 59 27 reef
1788 3497 49 27 has
1868 3497 67 28 been
1968 3497 96 28 struck

1430 3534 101 28 several
1554 3535 53 27 feet
1627 3534 76 28 short
1715 3534 29 27 of
1762 3534 46 28 the
1829 3535 120 28 distance
1962 3536 60 27 that
2043 3536 20 27 it

1430 3582 56 18 was
1508 3572 129 36 expected
1658 3573 88 28 would
1768 3573 69 27 have
1857 3577 27 25 to
1907 3574 30 27 be
1959 3574 103 32 driven,

1430 3610 89 29 which
1550 3611 23 27 is
1598 3611 29 27 of
1652 3621 94 18 course
1771 3612 172 37 satisfactory
1965 3616 28 25 to
2018 3613 45 28 the

1430 3649 199 34 shareholders,
1644 3659 28 18 as
1696 3652 21 25 it
1739 3659 93 19 means
1855 3661 28 17 so
1905 3651 81 28 much
2012 3652 51 27 less

1430 3697 124 28 expense,
1581 3688 49 28 but
1657 3689 75 27 what
1756 3689 22 28 is
1802 3690 86 36 really
1917 3690 47 28 the
1993 3693 72 25 most

1430 3727 148 35 gratifying
1599 3728 103 27 feature
1722 3728 28 26 in
1773 3727 45 28 the
1842 3738 73 18 news
1928 3730 23 26 is
1961 3729 61 28 that
2043 3730 21 28 it

1431 3765 115 35 entirely
1568 3764 120 37 disposes
1709 3765 29 28 of
1761 3765 45 28 the
1829 3766 94 36 theory
1937 3767 60 28 that
2018 3767 50 28 the'

1431 3810 75 21 stone
1520 3803 119 29 hitherto
1659 3803 86 30 found
1764 3814 54 18 was
1832 3816 14 16 a
1861 3816 73 17 mere
1957 3805 106 37 pocket,

1431 3850 29 18 as
1482 3842 46 26 the
1550 3842 58 26 reef
1629 3842 50 27 has
1703 3851 62 18 now
1787 3842 67 28 been
1875 3845 101 33 proved
1997 3848 28 23 to
2049 3854 15 17 a

1431 3880 82 36 depth
1528 3880 29 28 of
1567 3890 75 18 some
1657 3879 138 29 hundreds
1809 3881 30 29 of
1856 3881 63 34 feet,
1934 3882 46 28 the
2003 3892 43 26 pre-

1431 3923 60 21 sent
1513 3918 74 27 drive
1609 3918 80 35 being
1712 3921 49 25 150
1779 3919 53 27 feet
1853 3920 85 27 below
1952 3920 46 27 the
2020 3921 43 27 old

1432 3956 117 28 Wakatu
1575 3956 167 38 Company's
1768 3958 114 32 ground.
1937 3958 83 28 From
2049 3968 14 18 a

1431 3995 157 33 gentleman
1610 3997 61 26 who
1693 3997 49 26 has
1755 3997 122 35 recently
1898 3997 98 28 visited
2018 3998 46 27 the

1431 4033 63 27 field
1508 4042 39 19 we
1561 4033 73 28 learn
1649 4034 59 28 that
1721 4035 45 28 the
1782 4040 76 22 stone
1867 4035 28 27 in
1909 4035 46 28 the
1964 4036 78 27 Enter-

1431 4072 70 34 prise
1512 4071 165 37 Company's
1686 4073 105 34 ground
1802 4073 49 28 has
1862 4073 67 28 been
1940 4073 124 28 followed

1431 4110 40 28 for
1484 4119 75 19 some
1579 4110 129 34 distance,
1723 4111 60 29 that
1804 4111 76 29 there
1900 4121 113 27 appears
2037 4115 28 26 to

1432 4148 31 27 be
1478 4149 94 35 plenty
1585 4150 30 26 of
1625 4154 105 30 quartz,
1743 4150 56 27 and
1816 4150 60 27 that
1895 4151 45 26 the
1962 4150 63 34 gold
2042 4152 23 25 is

1432 4190 26 24 to
1473 4186 30 28 be
1518 4196 62 18 seen
1595 4188 27 26 in
1635 4187 100 29 almost
1748 4198 54 26 any
1823 4193 61 31 pait
1897 4188 29 28 of
1945 4189 30 27 it.
2021 4189 43 28 He

1432 4225 116 34 predicts
1562 4226 61 26 that
1635 4235 44 17 ere
1693 4232 53 20 two
1761 4237 29 17 or
1808 4228 76 26 three
1898 4237 78 23 years
1996 4226 68 28 have

1432 4263 97 35 passed
1548 4263 77 26 there
1638 4263 56 27 will
1715 4263 33 28 be
1762 4273 16 18 a
1790 4267 74 24 town
1883 4264 76 27 there
1972 4274 29 17 as
2021 4265 44 33 big

1432 4310 28 17 as
1474 4300 123 33 Reefton,
1611 4301 42 28 for
1667 4302 21 27 it
1700 4303 86 35 really
1799 4312 88 19 seems
1901 4302 115 29 difficult
2037 4308 26 24 to

1432 4339 75 35 place
1517 4349 15 16 a
1541 4340 71 26 limit
1621 4344 27 23 to
1660 4340 45 27 the
1716 4341 102 35 reefing
1827 4346 125 30 country.
1990 4343 58 26 Alto-

1432 4378 95 36 gether
1540 4378 45 29 the
1599 4387 74 20 news
1684 4379 122 30 received
1815 4379 71 29 from
1898 4379 44 30 the
1953 4379 110 35 locality

1432 4418 22 24 is
1468 4418 30 24 of
1508 4418 46 25 the
1569 4422 72 22 most
1653 4419 154 32 reassuring
1827 4419 163 33 description
2011 4419 52 26 and

1433 4452 45 28 the
1493 4452 159 30 discoveries
1665 4454 122 37 recently
1810 4454 80 28 made
1904 4455 54 27 will
1979 4464 33 27 go
2026 4456 39 27 far

1433 4497 26 23 to
1474 4492 129 30 convince
1627 4492 45 30 the
1694 4494 125 28 Midland
1841 4494 125 37 Railway
1986 4495 58 28 Com-

1433 4541 73 27 pany
1520 4532 28 27 of
1559 4532 44 28 the
1616 4532 115 28 mineral
1746 4532 96 30 wealth
1858 4534 29 27 of
1898 4533 45 28 the
1957 4533 103 29 district

1432 4571 118 35 through
1563 4572 92 27 which
1668 4572 71 28 their
1752 4573 54 27 line
1818 4573 24 26 is
1856 4578 28 22 to
1897 4583 61 21 run,
1974 4574 52 26 and
2037 4575 27 25 in

1433 4609 89 26 which
1545 4609 66 36 they
1625 4618 43 18 are
1682 4614 26 23 to
1722 4610 110 27 become
1845 4611 46 26 the
1913 4619 105 19 owners
2039 4611 29 27 of

1432 4656 29 19 so
1474 4647 73 37 large
1561 4658 33 18 an
1610 4652 92 25 extent
1715 4649 28 28 of
1752 4652 123 33 country.

1504 4742 133 31 NOTES
1672 4743 112 30 FROM
1820 4744 172 29 NELSON.

1504 4833 83 33 (from
1601 4840 54 19 our
1668 4840 61 19 own
1743 4833 251 34 correspondent.)

1673 4926 151 27 Ourselves.

1469 4972 33 29 At
1527 4983 50 17 one
1603 4972 91 29 bound
1719 4972 61 31 this,
1796 4972 74 29 week
1895 4972 45 29 the
1972 4972 93 30 Lyell

1432 5012 98 34 Times,
1557 5022 29 18 so
1611 5013 41 27 far
1676 5023 29 17 as
1731 5013 101 27 Nelson
1857 5014 22 26 is
1905 5014 159 33 concerned,

1432 5051 93 31 leaped
1545 5051 71 26 from
1630 5052 183 34 comparative
1827 5051 137 35 obscurity
1978 5056 27 22 to
2019 5052 45 27 the

1432 5089 125 36 pinnacle
1568 5089 29 28 of
1608 5089 69 27 fame
1687 5089 52 28 and
1751 5089 166 36 popularity.
1956 5089 109 37 Shortly

1433 5127 68 27 after
1514 5127 46 27 the
1575 5127 119 35 delivery
1706 5127 29 26 of
1754 5127 46 27 the
1814 5127 67 26 mail
1895 5136 33 17 on
1944 5127 120 36 Monday

1434 5166 127 36 morning
1573 5174 80 28 every
1673 5164 150 29 subscriber
1836 5168 26 25 to
1874 5164 55 29 this
1944 5165 121 29 valuable

1429 5205 111 35 journal
1559 5204 111 28 became
1684 5214 35 18 an
1733 5204 86 36 object
1843 5204 29 27 of
1891 5204 104 34 regard,
2009 5205 52 27 and

1432 5242 100 35 during
1545 5243 46 26 the
1605 5242 53 35 day
1671 5242 82 26 knots
1772 5242 28 26 of
1817 5246 156 31 ratepayers
1987 5242 78 28 could

1432 5280 31 28 be
1495 5290 62 18 seen
1589 5284 27 24 at
1641 5279 46 28 the
1712 5288 108 20 corners
1846 5279 151 36 discussing
2018 5280 46 28 the

1432 5320 125 35 opinions
1580 5319 30 28 of
1630 5319 47 27 the
1704 5319 90 27 Times
1823 5329 36 17 on
1881 5319 46 27 the
1950 5319 115 28 chances

1433 5359 29 25 of
1497 5358 46 26 the
1586 5357 157 27 candidates
1785 5357 167 27 nominated.
2007 5358 57 26 The

1432 5396 108 34 general
1578 5395 111 37 opinion
1730 5394 107 29 seemed
1876 5399 26 24 to
1942 5395 32 28 be
2004 5395 60 28 that

1462 5435 97 26 lvorari
1621 5434 54 26 had
1697 5434 9 26 l
1716 5434 80 26 tnded
1822 5434 111 26 himself
1960 5437 57 24 into
2048 5444 14 17 a

1434 5480 64 25 very
1520 5472 58 24 nice
1600 5470 68 26 little
1688 5475 61 20 nest
1764 5470 28 25 of
1808 5470 62 26 libel
1884 5470 113 31 actions,
2011 5472 53 24 and

1434 5508 67 35 legal
1524 5507 110 38 opinion
1658 5515 56 19 was
1737 5506 81 28 taken
1839 5516 35 18 on
1895 5507 47 27 the
1956 5511 106 24 matter.

1432 5547 57 27 The
1504 5547 109 26 learned
1627 5546 111 27 counsel
1752 5555 54 18 was
1825 5546 29 27 of
1874 5546 111 35 opinion
2004 5547 60 27 that

1432 5584 103 27 several
1561 5584 30 26 of
1621 5583 46 26 the
1693 5583 126 35 critiques
2029 5594 35 17 on

1434 5622 70 32 libel,
1524 5621 47 28 but
1594 5621 60 28 that
1847 5630 53 19 was
1925 5621 138 37 evidently

1433 5660 163 36 acquainted
1610 5659 66 27 with
1690 5660 46 26 the
1760 5660 50 26 la'v
1830 5669 36 18 on
1887 5660 46 27 the
1954 5661 103 35 subject

1432 5700 54 28 and
1499 5699 78 27 knew
1599 5698 61 28 how
1681 5702 27 24 to
1730 5697 67 38 keep
1820 5698 96 29 within
1937 5699 47 29 the
2004 5700 61 28 four

1432 5747 109 17 corners
1554 5738 111 24 thereof.
1704 5738 13 24 I
1740 5747 44 15 am
1799 5738 100 26 almost
1912 5747 75 25 sorry
2001 5748 61 16 now

1432 5775 61 27 that
1518 5774 14 26 I
1555 5773 45 27 did
1622 5778 47 23 not
1691 5783 33 25 go
1747 5782 16 19 a
1783 5773 70 28 little
1874 5774 106 28 further
1997 5775 67 28 with

1432 5822 75 20 some
1530 5812 29 29 of
1578 5812 85 32 them,
1678 5821 29 19 as
1725 5811 26 28 in
1777 5811 74 30 these
1870 5812 57 29 dull
1951 5814 79 28 times
2048 5823 15 19 a

2083 199 61 28 libel
2157 198 90 29 action
2262 199 90 28 would
2365 199 65 29 tend
2444 202 26 26 to
2484 200 73 29 liven
2570 210 36 29 up
2619 201 95 38 things

2083 249 15 17 a
2123 238 47 32 bit,
2196 238 52 28 and
2274 238 59 36 give
2359 248 31 19 us
2415 240 155 37 something
2600 245 27 25 to
2658 242 58 29 talk

2082 276 98 31 about;
2201 276 54 25 and
2274 286 30 17 as
2327 277 46 26 the
2397 277 119 34 plaintiff
2535 280 29 25 in
2583 279 46 28 the
2654 289 61 18 case

2081 312 88 29 would
2183 312 70 29 have
2267 317 27 24 to
2308 323 53 27 pay
2375 315 35 27 all
2424 315 46 28 the
2481 315 89 30 initial
2582 324 131 30 expenses

2082 352 13 24 I
2108 350 91 28 would
2213 352 68 24 have
2295 352 37 25 all
2346 352 46 26 the
2407 353 48 25 fun
2479 355 66 25 with
2568 364 66 25 very
2647 356 69 25 little

2082 391 63 29 cost,
2160 387 53 27 and
2229 396 29 18 as
2271 396 51 19 one
2336 388 29 28 of
2375 388 47 28 the
2464 392 107 33 tag-rag
2584 391 53 29 and
2651 392 48 28 bob-

2082 427 47 29 tail
2175 427 136 29 informed
2326 438 75 18 some
2415 429 29 29 of
2454 429 42 29 his
2509 430 101 30 friends
2625 432 29 28 in
2666 442 49 26 my

2082 474 125 25 presence
2238 466 46 26 the
2316 467 77 26 other
2423 467 53 34 day
2507 469 61 26 that
2605 470 15 26 I
2658 470 55 26 had

2083 501 124 37 nothing,
2220 502 77 31 there
2312 503 121 30 couldn't
2455 505 31 28 be
2512 515 54 29 any
2586 505 129 40 damages

2082 543 141 26 recovered
2246 543 70 28 from
2339 543 55 28 this
2415 544 160 30 individual.
2614 547 45 33 So,
2684 547 28 27 in

2083 589 53 27 auy
2149 589 59 19 case
2223 581 14 27 I
2251 590 45 18 am
2310 591 35 18 on
2364 581 46 28 the
2431 582 55 28 safe
2509 583 66 34 side,
2588 594 30 18 as
2639 585 14 27 I
2675 585 26 27 in-

2083 618 63 27 tend
2160 618 147 34 defending
2317 629 53 26 any
2382 620 64 28 libel
2460 630 59 18 case
2534 623 163 36 personally.

2117 656 55 27 But
2186 657 46 27 the
2246 667 89 26 agony
2356 667 75 19 came
2457 663 47 23 out
2522 660 28 27 in
2563 660 151 37 Tuesday's

2083 694 128 37 Evening
2232 695 82 27 Mail.
2352 696 87 28 Three
2458 698 159 28 candidates
2629 698 85 28 found

2084 738 65 23 vent
2169 733 41 28 for
2230 734 72 28 their
2323 734 113 35 feelings
2458 735 29 29 in
2510 737 124 36 printers'
2658 738 57 28 ink.

2084 772 82 26 Their
2178 772 91 27 letters
2283 782 68 17 were
2366 775 29 24 of
2411 775 66 26 such
2500 784 15 18 a
2533 782 98 21 nature
2658 777 60 26 that

2084 808 152 36 everybody
2257 809 62 28 who
2340 810 82 37 keeps
2442 821 15 17 a
2479 820 77 28 scrap
2571 812 91 28 album
2677 813 26 28 in-

2084 847 79 27 tends
2187 847 93 36 giving
2305 848 73 29 them
2401 851 176 35 prominence
2597 851 116 28 therein.

2086 886 43 26 Mr
2150 886 30 27 T.
2195 886 114 36 Harley,
2331 888 71 33 J.P.,
2423 893 83 23 wrote
2528 898 51 19 one
2597 889 117 29 himself.

2086 924 42 27 He
2142 924 108 35 usually
2264 926 123 35 employs
2409 926 42 28 his
2473 927 73 27 clerk
2569 932 27 23 to
2620 928 34 27 do
2676 928 42 27 his

2085 961 71 35 dirty
2169 961 83 29 work,
2266 962 48 27 but
2327 971 34 18 on
2378 963 52 27 this
2444 965 125 26 occasion
2583 965 46 27 the
2642 965 74 27 clerk

2080 1008 60 25 jvas
2161 999 120 37 engaged
2302 1000 28 28 in
2351 1001 177 37 fulminating
2547 1013 16 17 a
2576 1002 86 29 tirade
2676 1003 41 29 for

2085 1039 114 26 another
2223 1039 152 28 candid.ate.
2425 1041 35 26 So
2485 1041 22 27 it
2531 1051 77 18 came
2633 1042 84 28 about

2086 1076 59 27 that
2326 1077 70 33 J.P.,
2410 1083 83 23 wrote
2504 1079 45 27 the
2562 1079 88 33 letter,
2664 1080 54 27 and

2086 1114 45 27 the
2145 1114 130 28 heartless
2292 1116 86 27 editor
2391 1116 29 27 of
2431 1117 45 26 the
2490 1117 74 26 Mail
2577 1126 55 19 was
2645 1118 73 27 cruel

2086 1152 105 33 enough
2206 1155 28 25 to
2247 1153 109 35 publish
2370 1154 20 27 it
2403 1154 27 27 in
2451 1154 37 28 all
2508 1156 36 26 its
2564 1156 91 27 naked
2674 1156 30 27 de-

2085 1189 120 38 formity.
2242 1192 21 26 A
2278 1196 89 33 pretty
2379 1192 150 30 exhibition
2542 1192 21 30 it
2572 1203 64 19 was.
2676 1194 42 28 Mr

2086 1230 132 28 Akersten
2241 1231 57 29 also
2319 1241 54 19 was
2394 1243 156 26 rawvery
2569 1244 65 18 raw.
2672 1234 45 28 He

2086 1277 66 23 gave
2167 1269 46 25 the
2227 1276 156 27 ratepaj'ers
2403 1279 14 17 a
2439 1279 66 24 very
2519 1270 138 36 flattering
2669 1272 49 26 but

2086 1305 134 29 incorrect
2233 1311 116 24 account
2362 1307 29 28 of
2410 1307 45 28 the
2475 1308 125 29 estimate
2615 1309 33 28 he
2662 1319 56 18 was

2086 1344 63 27 held
2162 1345 27 26 in
2204 1344 34 36 by
2252 1345 45 28 the
2311 1346 93 27 Public
2415 1347 97 28 Works
2526 1348 190 35 Department,

2086 1383 52 27 and
2168 1382 132 37 although
2331 1384 46 27 the
2412 1385 132 33 Colonist,
2575 1385 42 29 for
2651 1396 66 26 very

2086 1425 96 30 cogent
2206 1429 120 26 reasons,
2349 1422 55 28 had
2425 1423 106 28 refused
2556 1427 28 24 to
2608 1424 109 36 publish

2087 1458 86 28 either
2187 1458 42 28 his
2242 1467 30 20 or
2283 1460 129 37 Harley's
2425 1461 89 34 letter,
2524 1461 33 29 he
2571 1463 108 28 seemed
2691 1466 27 25 to

2086 1498 124 28 consider
2223 1498 33 28 he
2270 1498 54 28 had
2338 1500 106 28 written
2459 1510 36 19 an
2513 1502 206 28 unanswerable

2086 1536 76 34 reply
2175 1539 26 23 to
2215 1545 47 26 my
2274 1537 68 26 mild
2356 1538 164 35 description
2538 1538 31 28 of
2585 1540 60 26 him
2665 1540 55 27 and

2088 1571 40 29 his
2142 1573 125 28 chances.
2305 1574 78 34 Now,
2397 1585 29 18 as
2449 1573 13 30 I
2483 1585 45 19 am
2552 1586 89 20 aware
2660 1577 61 29 that

2086 1610 35 27 he
2134 1610 49 27 has
2196 1610 67 28 been
2277 1612 28 26 in
2324 1614 233 28 communication
2577 1615 67 27 with
2665 1615 55 28 this

2087 1657 91 28 paper,
2192 1648 14 28 I
2220 1649 71 28 issue
2311 1650 59 27 him
2384 1660 15 19 a
2412 1660 65 28 very
2497 1652 52 29 fair
2569 1651 151 39 challenge.

2091 1688 40 27 Lie
2154 1698 56 18 was
2232 1688 45 28 the
2299 1690 140 34 architect,
2459 1700 133 24 overseer,
2610 1692 111 35 general

2087 1726 69 32 boss,
2171 1726 53 27 and
2238 1727 92 36 utility
2343 1738 65 17 man
2432 1739 63 18 over
2517 1730 46 28 the
2584 1735 120 23 construc-

2088 1769 54 22 tion
2166 1764 28 27 of
2212 1764 45 27 the
2281 1765 160 38 Nonnanby
2458 1766 101 38 bridge.
2596 1768 52 29 Let
2662 1768 58 28 him

2088 1803 106 35 publish
2214 1803 28 27 in
2256 1803 75 29 these
2345 1804 134 34 columns,
2493 1816 30 18 or
2533 1806 77 29 leave
2624 1811 28 24 at
2665 1817 54 25 any

2087 1840 143 28 accessible
2244 1841 75 36 place
2333 1843 28 26 in
2381 1843 112 34 Nelson,
2504 1844 45 28 the
2573 1844 88 37 plans,
2676 1844 30 28 de-

2088 1878 70 34 tails,
2172 1878 55 29 and
2247 1886 56 23 cost
2325 1881 30 28 of
2373 1881 60 29 that
2451 1883 146 29 woneerful
2611 1883 54 29 and
2679 1884 26 28 in-

2087 1919 112 32 genious
2213 1921 142 29 structure,
2370 1920 53 27 and
2437 1921 79 28 Iwiil
2528 1921 62 29 take
2604 1922 68 29 back
2686 1922 36 29 all

2087 1956 14 25 I
2115 1956 69 26 have
2197 1956 59 26 said
2269 1956 83 26 about
2364 1958 67 24 him.

2121 1992 56 27 But
2197 2001 75 19 some
2295 1994 94 36 people
2411 2003 83 20 never
2514 1994 76 30 learn
2604 1996 116 28 wisdom

2087 2030 36 37 by
2159 2032 167 35 experience.
2375 2033 174 38 Wednesday
2578 2036 141 35 evening's

2087 2069 73 29 Mail
2173 2069 116 38 brought
2302 2076 46 23 out
2361 2071 61 29 four
2434 2081 30 20 or
2482 2073 54 34 fiye
2549 2073 102 34 letters,
2665 2074 54 28 and

2088 2110 44 25 the
2152 2110 94 25 Lyell
2270 2110 90 26 Times
2382 2116 46 30 got
2450 2116 90 31 pretty
2553 2113 62 27 well
2628 2113 78 27 adver-

2087 2146 69 28 tised
2178 2151 100 31 gratis;
2298 2147 56 27 and
2376 2149 46 27 the
2444 2151 226 34 correspondents
2691 2149 27 28 in

2088 2184 45 27 the
2147 2185 125 34 previous
2284 2185 73 27 issue
2379 2187 29 26 of
2425 2187 45 26 the
2491 2187 74 27 Mail
2585 2192 47 31 got
2651 2188 73 27 their

2087 2221 85 38 gruel.

2303 2281 209 34 Immigration.

2121 2333 58 28 The
2196 2335 67 27 New
2281 2335 127 28 Zealand
2428 2335 90 29 Times
2535 2336 186 37 (Wellington)

2088 2373 143 35 published
2245 2373 83 36 lately
2348 2384 16 17 a
2386 2384 66 26 very
2473 2385 65 25 racy
2561 2380 115 23 account
2698 2378 26 26 ot

2087 2411 46 27 the
2147 2420 61 26 way
2225 2412 30 26 in
2272 2412 91 27 which
2377 2413 46 26 the
2446 2413 194 35 Immigration
2660 2417 63 24 vote

2087 2449 23 27 is
2123 2453 80 32 spent
2215 2449 28 27 in
2256 2448 55 28 this
2329 2450 112 36 Colony.
2486 2451 28 27 It
2536 2460 67 26 gave
2617 2460 16 19 a
2654 2451 70 35 good

2088 2488 60 27 deal
2173 2487 28 27 of
2223 2487 47 28 the
2295 2488 231 37 correspondence
2550 2490 90 28 which
2666 2487 56 31 had

2089 2526 81 27 taken
2185 2526 75 36 place
2275 2526 121 28 between
2416 2527 77 28 three
2514 2528 29 28 of
2558 2528 47 28 the
2628 2533 95 29 agents

2088 2573 62 18 now
2163 2564 88 34 airing
2264 2565 71 27 their
2348 2565 158 36 knowledge
2519 2575 34 19 on
2568 2567 67 27 New
2657 2567 48 27 Zea-

2089 2601 64 28 land
2170 2601 27 28 in
2213 2601 45 28 the
2274 2602 44 28 old
2340 2606 124 33 country.
2510 2603 65 30 Two
2597 2605 29 27 of
2646 2605 78 27 them

2088 2650 45 19 are
2147 2640 100 29 known
2261 2645 29 24 to
2312 2642 127 28 meMr
2458 2642 122 38 Clayden
2603 2643 54 29 and
2681 2643 45 28 Mr

2090 2679 119 27 William
2236 2680 146 35 Courtney.
2431 2681 58 27 The
2506 2682 81 27 latter
2599 2692 66 24 may
2690 2681 33 28 be

2088 2716 100 28 known
2203 2721 27 23 to
2253 2727 75 17 some
2342 2718 29 26 of
2390 2727 54 26 you
2458 2719 107 27 readers
2578 2728 30 19 as
2621 2728 16 19 a
2660 2728 47 19 con-

2088 2759 102 25 tractor
2203 2765 35 19 on
2251 2756 47 28 the
2313 2756 75 29 West
2401 2756 90 35 Coast,
2504 2756 83 31 about
2597 2757 47 30 the
2657 2758 67 29 time

2088 2794 30 26 of
2136 2794 82 26 Fox's
2240 2794 71 27 river
2330 2795 76 26 rush.
2455 2796 45 26 Mr
2521 2796 124 35 Clayden
2668 2806 55 17 was

2088 2831 95 28 served
2196 2840 36 28 up
2244 2834 92 35 pretty
2349 2832 48 28 hot
2410 2832 36 36 by
2460 2833 45 28 the
2523 2833 108 36 Times;
2644 2833 34 29 he
2699 2834 23 28 is

2088 2871 28 26 in
2129 2880 75 18 some
2218 2880 55 26 waj
2295 2872 149 28 connected
2467 2873 64 28 with
2551 2873 101 28 Nelson
2664 2882 7 25 ;
2690 2873 34 28 he

2088 2916 55 19 was
2157 2907 90 29 whilst
2260 2908 76 28 there
2349 2918 66 27 very
2427 2909 64 28 fond
2504 2909 30 28 of
2550 2911 91 34 seeing
2655 2911 52 28 him-

2088 2946 54 28 self
2167 2946 29 28 in
2220 2947 92 36 print;
2333 2947 55 28 and
2408 2947 36 36 by
2465 2949 78 28 sheer
2563 2949 162 37 impudence

2089 2984 49 27 has
2152 2985 147 27 succeeded
2319 2986 29 26 in
2361 2986 104 36 getting
2488 2996 16 18 a
2526 2987 125 35 pleasure
2671 2987 54 35 trip

2089 3021 91 36 home,
2194 3023 42 29 for
2260 3023 110 29 himselt
2391 3024 55 28 and
2470 3024 70 35 wife,
2558 3029 29 25 at
2611 3024 46 30 the
2680 3034 29 20 ex-

2089 3071 82 25 pense
2199 3063 30 25 of
2256 3063 46 27 the
2333 3063 100 27 Colon\
2434 3073 5 7 T
2443 3084 5 12 ,
2474 3064 54 26 and
2553 3064 68 36 keep
2646 3065 80 27 while

2089 3099 84 28 there.
2223 3100 43 27 lie
2297 3100 54 28 and
2381 3101 42 27 his
2453 3101 97 37 family
2580 3101 54 29 and
2681 3102 43 28 his

2089 3139 92 28 sisters
2205 3139 54 28 and
2280 3139 43 28 his
2345 3140 107 28 cousins
2474 3141 54 27 and
2549 3140 43 29 his

2089 3186 77 19 came
2180 3181 48 24 out
2250 3182 27 23 to
2291 3179 46 26 the
2352 3179 113 33 Colony,
2487 3179 54 28 and
2561 3180 47 28 the
2628 3180 77 27 Immi-

2089 3216 106 32 gration
2210 3221 60 22 vote
2284 3215 125 33 suffered,
2423 3216 54 28 and
2491 3217 49 28 has
2551 3217 69 29 been
2632 3217 78 29 suffer-

2089 3254 47 35 ing
2149 3253 82 29 since.
2278 3254 57 29 The
2356 3255 91 29 leader
2471 3255 29 29 in
2525 3257 125 36 question
2676 3256 49 29 has

2089 3292 143 35 explained
2256 3296 28 24 to
2310 3304 15 17 a
2350 3295 103 27 certain
2476 3298 92 25 extent
2591 3295 65 35 why
2678 3295 47 28 the

2091 3330 69 27 Civil
2175 3330 107 28 Service
2296 3331 28 27 of
2335 3331 47 27 the
2396 3331 103 36 Colony
2514 3332 22 28 is
2549 3342 35 18 on
2598 3342 29 18 so
2653 3333 73 35 large

2091 3378 14 18 a
2126 3368 80 28 scale.
2255 3369 57 28 The
2338 3369 92 29 letters
2455 3373 109 26 written
2589 3371 37 36 by
2648 3371 78 29 these

2090 3407 107 35 genteel
2220 3407 112 35 beggars
2350 3418 46 17 are
2409 3418 29 17 so
2461 3419 148 19 numerous
2629 3410 54 27 and
2696 3419 29 19 so

2090 3446 144 36 persistent
2259 3446 61 28 that
2344 3455 16 18 a
2385 3446 65 29 staff
2470 3447 29 28 of
2523 3447 86 28 clerks
2632 3448 24 27 is
2680 3448 30 28 ab-

2091 3484 115 36 solutely
2241 3494 144 28 necessary
2421 3489 28 26 to
2497 3495 107 20 answer
2638 3487 86 28 them.

2091 3523 90 28 When
2196 3523 13 26 I
2223 3523 62 28 take
2298 3533 46 25 my
2360 3528 57 23 seat
2429 3525 28 26 in
2472 3525 169 28 Parliament
2654 3525 14 27 I
2681 3526 27 27 in-

2091 3561 66 27 tend
2170 3561 109 35 putting
2293 3571 47 27 my
2352 3562 56 28 foot
2422 3562 80 29 down
2516 3572 35 18 on
2564 3563 54 28 this
2641 3568 84 23 waste

2091 3600 30 27 of
2130 3599 76 34 time,
2222 3599 96 34 clerks,
2333 3602 148 35 stationsry
2503 3601 54 28 and
2579 3602 145 36 ingenuity

2091 3638 124 36 required
2227 3642 27 24 to
2269 3649 63 26 cope
2345 3640 67 27 with
2425 3640 46 28 the
2494 3641 93 27 mania
2607 3641 42 27 for
2669 3640 55 29 free

2091 3686 127 27 passages
2233 3676 91 28 home.
2361 3678 87 28 There
2461 3681 74 25 must
2547 3678 32 29 be
2587 3678 139 29 hundreds

2091 3716 30 27 of
2147 3715 96 34 clerks,
2274 3716 55 28 and
2354 3720 61 24 tons
2440 3718 30 27 of
2488 3727 83 27 paper
2599 3718 68 28 used
2687 3727 37 28 up

2091 3754 131 36 annually
2236 3760 26 21 to
2275 3755 75 35 reply
2364 3759 27 22 to
2408 3756 45 26 the
2465 3756 108 35 hungry
2586 3756 137 35 Claydens

2093 3792 59 29 who
2166 3802 44 19 are
2225 3792 99 38 thirsty
2335 3798 26 23 to
2373 3793 118 30 describe
2504 3793 46 30 the
2561 3794 164 37 advantages

2093 3831 65 26 New
2179 3831 120 27 Zealand
2330 3841 135 26 possesses
2490 3833 42 26 for
2555 3833 81 27 small
2660 3843 48 26 cap-

2091 3868 108 29 italists.
2236 3868 57 28 The
2314 3869 78 28 other
2413 3870 90 28 fellow
2523 3870 62 29 who
2597 3870 23 29 is
2641 3871 85 37 living

2092 3910 27 24 at
2136 3908 46 26 the
2205 3917 114 26 expense
2339 3908 31 28 of
2391 3908 46 28 the
2463 3908 114 35 Colony,
2591 3913 29 24 at
2643 3910 81 27 home

2088 3945 57 36 just
2157 3954 71 22 now,
2244 3945 132 36 (William
2389 3946 148 37 Courtney)
2552 3956 56 18 was
2622 3957 35 18 an
2679 3948 44 27 old

2091 3988 103 23 coaster
2206 3984 30 27 in
2257 3984 46 28 the
2321 3985 75 36 early
2408 3984 75 37 days.
2530 3986 15 27 I
2566 3985 59 29 first
2646 3986 78 29 knew

2091 4022 58 27 him
2163 4031 30 18 as
2206 4022 181 36 Light-house
2406 4023 108 36 keeper,
2527 4024 112 33 Nelson,
2650 4034 75 18 some

2091 4061 34 26 20
2136 4070 79 26 years
2225 4070 59 26 ago.
2323 4061 43 28 He
2377 4070 55 19 was
2443 4061 147 29 ambitious
2599 4063 53 27 and
2667 4073 36 18 em-

2091 4098 104 35 igrated
2208 4103 28 24 to
2249 4099 45 28 the
2307 4099 76 28 West
2397 4100 90 29 Coast.
2524 4101 15 27 I
2549 4100 97 37 helped
2655 4101 69 35 him,

2091 4137 54 27 and
2165 4137 34 27 he
2210 4138 28 27 in
2260 4137 136 35 gratitude
2415 4139 85 28 slated
2514 4148 45 19 me
2573 4140 43 28 for
2636 4150 16 18 a
2673 4140 52 28 few

2091 4174 138 28 hundreds
2241 4183 5 19 :
2267 4176 78 28 other
2357 4176 105 36 people,
2476 4177 43 28 led
2537 4186 77 28 away
2627 4177 36 37 by
2683 4177 41 29 his

2091 4214 155 35 persuasive
2272 4218 110 31 tongue,
2396 4214 99 37 helped
2523 4215 58 29 him
2608 4217 54 28 and
2690 4216 34 29 he

2092 4251 85 27 slated
2202 4252 84 26 them.
2343 4252 44 26 He
2412 4252 69 28 tried
2509 4254 137 27 Taranaki
2670 4255 54 27 and

2092 4288 45 29 the
2150 4288 94 37 people
2258 4289 75 29 there
2348 4289 98 38 helped
2458 4290 59 29 him
2530 4291 55 28 and
2593 4292 34 28 he
2637 4292 86 28 slated

2092 4328 86 31 them,
2192 4328 54 27 and
2260 4328 80 36 lastly
2357 4329 46 27 the
2418 4330 188 28 Government
2627 4331 98 36 helped

2092 4364 68 36 him,
2174 4365 55 28 and
2241 4365 34 29 he
2288 4366 22 28 is
2324 4376 61 19 now
2397 4367 82 37 going
2497 4367 118 38 through
2637 4369 86 29 them.

2093 4406 68 26 Now
2176 4405 79 28 while
2277 4406 135 35 Claydens
2433 4407 56 28 and
2510 4408 150 36 Courtneys
2679 4419 46 18 are

2092 4442 63 35 paid
2168 4442 36 35 by
2223 4443 187 27 Government
2432 4448 28 23 to
2472 4445 98 26 induce
2582 4447 95 33 people
2698 4449 27 24 to

2092 4480 131 34 emigrate
2248 4483 28 27 to
2300 4481 55 29 this
2375 4482 118 38 Colony;
2512 4492 40 21 we
2573 4493 45 20 are
2637 4483 89 39 losing

2094 4520 44 28 the
2149 4520 68 28 bone
2231 4520 54 28 and
2298 4522 83 27 sinew
2394 4522 30 28 of
2439 4531 49 19 our
2500 4527 116 33 country
2629 4524 42 28 for
2683 4524 43 28 far

2092 4569 77 26 away
2181 4559 77 29 fields
2274 4558 53 30 like
2338 4559 176 39 Kimberley;
2533 4561 23 29 is
2565 4561 22 29 it
2599 4565 49 26 not
2658 4563 66 29 time

2092 4597 60 26 that
2164 4607 51 17 our
2226 4600 224 33 representatives
2469 4600 97 27 should
2583 4604 49 31 put
2653 4601 73 27 their

2091 4635 54 28 feet
2175 4634 80 30 down
2286 4645 37 19 on
2352 4636 68 29 such
2450 4640 177 34 ext;avagant
2654 4638 70 30 alms

2091 4674 92 36 giving
2197 4680 27 21 to
2244 4675 106 33 genteel
2374 4685 117 27 paupers
2514 4687 31 18 as
2569 4677 77 28 these
2671 4688 53 18 are.

2093 4712 26 29 It
2131 4713 23 28 is
2166 4717 49 24 not
2227 4713 64 37 only
2304 4713 46 29 the
2371 4713 91 30 actual
2475 4714 65 29 cash
2554 4715 125 38 required
2697 4719 29 26 to

2092 4752 67 34 keep
2189 4752 76 26 these
2290 4752 121 34 beggars,
2436 4753 48 27 but
2514 4754 47 27 the
2592 4764 79 25 army
2700 4756 29 25 of

2093 4788 85 28 clerks
2190 4788 126 37 required
2338 4793 27 24 to
2378 4789 78 37 reply
2475 4793 29 25 to
2516 4790 70 29 their
2609 4790 117 38 begging

2092 4826 91 30 letters
2197 4827 54 29 and
2264 4827 46 29 the
2323 4828 94 29 letters
2438 4828 31 30 of
2485 4829 92 29 others
2596 4829 64 30 who
2680 4840 44 19 are

2091 4874 63 18 now
2161 4866 151 26 accredited
2322 4874 95 24 agents
2427 4868 29 26 of
2462 4867 47 27 the
2519 4868 203 34 Government;

2093 4903 64 28 such
2172 4912 29 19 as
2215 4903 113 36 Captain
2343 4904 119 29 Jackson
2475 4905 88 36 Barry
2576 4905 55 29 and
2648 4906 78 29 other

2093 4941 63 27 liars
2169 4941 30 27 of
2207 4943 164 33 reputation.

2206 4997 64 29 Two
2291 4997 79 29 Sides
2390 5000 26 26 to
2435 5007 19 19 a
2474 4999 141 36 Question.

2126 5051 27 26 It
2166 5050 65 27 does
2243 5054 48 24 not
2304 5051 47 27 fall
2373 5056 28 22 to
2415 5051 45 28 the
2473 5051 40 28 lot
2525 5052 31 27 of
2565 5062 82 26 every
2660 5062 64 18 man

2092 5091 27 25 to
2133 5098 101 27 appear
2246 5098 30 18 as
2289 5089 121 36 plaintiff
2420 5089 54 28 and
2485 5089 146 29 defendant
2641 5091 28 27 in
2678 5091 46 28 the

2092 5136 74 17 same
2181 5136 69 23 case,
2264 5127 47 26 bat
2326 5127 66 27 such
2413 5136 56 18 was
2488 5137 47 27 my
2548 5128 63 27 luck
2624 5138 36 18 on
2674 5138 50 17 one

2092 5165 133 28 occasion.
2263 5165 27 28 It
2311 5165 144 37 happened
2468 5165 72 29 thus.
2578 5166 35 28 In
2627 5176 35 19 an
2677 5176 30 27 up-

2092 5208 116 31 country
2232 5204 115 33 district,
2372 5205 27 27 in
2424 5204 47 29 the
2500 5206 91 33 south,
2617 5206 15 27 I
2662 5206 62 27 held

2092 5242 108 27 various
2225 5242 222 35 appointments;
2470 5252 56 18 was
2549 5243 30 27 in
2601 5243 55 27 fact
2678 5244 46 27 the

2091 5279 254 37 Johnny-all-Sorts
2367 5280 27 28 of
2413 5279 47 29 the
2483 5280 85 37 place.
2616 5280 108 35 Among

2092 5319 99 32 others,
2215 5319 14 26 I
2254 5326 55 21 was
2334 5318 104 29 district
2462 5329 139 26 surveyor,
2620 5320 102 32 valuer,

2091 5359 58 24 rate
2168 5357 136 30 collector,
2325 5357 55 31 &c.,
2394 5357 41 26 for
2455 5356 47 28 the
2525 5357 77 28 Road
2622 5357 100 28 Board.

2093 5394 13 28 I
2120 5404 56 19 was
2190 5394 57 28 also
2261 5394 63 29 hon.
2338 5399 137 32 secretary
2499 5394 30 29 of
2546 5395 48 28 the
2613 5395 108 37 library.

2091 5434 67 26 This
2179 5434 156 31 institution
2356 5443 57 18 was
2433 5434 78 27 rated
2530 5438 29 23 at
2579 5435 31 26 4s
2629 5434 33 27 2d
2677 5444 47 26 per

2091 5479 114 21 annum,
2220 5470 54 26 and
2295 5471 47 25 the
2364 5472 157 25 committee
2543 5471 101 34 argued
2663 5472 61 26 that

2091 5515 29 19 as
2140 5507 23 27 it
2184 5515 56 19 was
2263 5515 15 19 a
2303 5506 82 37 quasi
2405 5506 171 29 educational
2597 5516 110 27 arrange-

2092 5549 76 25 ment
2192 5546 66 35 they
2278 5555 69 19 were
2368 5550 110 32 exempt
2499 5546 69 28 from
2591 5547 132 27 taxation.

2091 5584 58 27 The
2163 5583 76 28 Road
2253 5583 90 28 Board
2356 5584 59 28 said
2433 5585 60 26 that
2507 5593 29 18 as
2549 5584 46 27 the
2608 5588 56 23 rate
2678 5594 30 26 ap-

2091 5621 98 36 peared
2203 5630 36 19 on
2252 5621 71 29 their
2337 5621 83 30 books
2434 5623 75 28 there
2522 5632 57 19 was
2599 5631 37 19 no
2660 5621 63 38 help

2091 5661 40 27 for
2144 5660 21 28 it
2177 5660 48 28 but
2239 5665 28 23 to
2277 5660 61 28 take
2349 5661 69 33 legal
2434 5661 185 36 proceedings,
2631 5661 54 27 and
2699 5661 22 32 I,

2091 5709 29 19 as
2133 5703 143 33 secretary,
2290 5709 56 20 was
2359 5699 150 30 instructed
2521 5703 27 25 to
2562 5705 48 32 put
2623 5700 36 28 all
2677 5699 46 29 the

2091 5739 194 34 paraphernalia
2298 5740 30 25 of
2338 5740 45 26 the
2398 5740 129 26 Resident
2542 5740 181 31 Magistrate's

2091 5779 77 23 court
2198 5775 59 28 into
2287 5776 142 36 operation
2458 5779 29 24 to
2528 5785 110 17 recover
2677 5775 46 28 the

2091 5817 122 25 amount.
2253 5814 13 29 I
2287 5814 227 38 conscientiously
2536 5813 126 31 followed
2675 5823 48 29 my

2742 206 176 29 instructions
2931 206 69 29 from
3015 207 47 29 the
3076 207 76 30 Road
3166 207 100 33 Board,
3283 209 53 28 and
3350 209 28 28 in

2743 245 51 28 due
2820 245 66 28 time
2910 246 47 28 the
2983 247 86 28 bailiff
3091 248 95 28 served
3211 258 44 19 me
3276 248 67 28 with
3363 258 15 18 a

2743 291 142 19 summons
2910 293 30 17 as
2961 284 147 28 defendant
3129 290 28 22 to
3189 295 102 25 appear
3321 286 55 27 and

2743 329 106 19 answer
2869 320 47 29 the
2937 320 97 38 plaint.
3071 322 59 29 The
3142 322 54 38 day
3208 323 42 29 for
3263 323 115 38 hearing

2743 359 116 30 arrived,
2879 360 53 25 and
2956 360 14 25 I
2992 360 55 26 had
3069 362 132 33 prepared
3221 362 102 34 myself
3342 362 36 33 by

2743 393 113 39 reading
2880 404 37 29 up
2936 395 47 29 the
3003 397 64 28 Acts
3083 406 53 28 pro
3158 397 55 29 and
3237 407 60 25 con,
3324 399 55 27 and

2743 433 79 30 when
2837 435 47 29 the
2896 446 61 19 case
2970 446 56 19 was
3040 437 87 28 called
3147 438 14 28 I
3185 439 111 36 stepped
3319 438 59 29 into

2744 472 46 27 the
2800 472 175 28 witness-box
2989 475 54 26 and
3061 475 163 28 established
3247 486 49 24 my
3316 486 60 17 case

2743 509 67 30 from
2825 509 60 31 that
2895 511 78 37 point
2986 512 30 29 of
3029 511 76 30 view.
3142 513 57 30 The
3218 514 160 36 magistrate

2743 549 84 28 asked
2840 550 23 28 if
2873 550 46 28 the
2933 551 146 29 defendant
3102 552 54 28 had
3169 563 55 26 any
3237 555 140 35 questions

2743 592 28 22 to
2782 587 57 28 ask.
2877 588 42 28 No
2929 589 86 36 reply.
3052 590 14 27 I
3076 590 76 28 stood
3164 591 89 28 down.

2743 625 47 28 the
2995 628 58 27 said
3066 628 46 28 the
3121 628 76 28 beak.
3257 630 123 28 Hoxford

2871 665 91 35 yelled
2975 665 46 28 the
3034 665 97 36 bobby.
3169 667 14 27 I
3197 668 112 36 stepped
3319 670 58 26 into

2745 701 45 28 the
2812 701 52 29 box
2884 704 89 35 again.
3010 704 58 28 The
3089 703 86 30 bench
3199 707 64 27 took
3286 707 39 27 off
3344 707 35 27 its

2745 740 155 37 spectacles,
2924 742 103 29 rubbed
3058 743 85 33 them,
3170 745 64 28 took
3264 746 116 28 another

2745 778 62 28 look
2831 783 29 23 at
2884 789 53 22 me,
2959 781 54 27 and
3034 781 83 27 asked
3138 792 45 17 me
3204 784 24 25 if
3244 783 14 26 I
3282 784 97 27 hadn't

2745 816 79 27 made
2849 825 16 19 a
2889 817 126 28 mistake.
3083 818 52 33 No,
3157 828 70 27 your
3248 820 128 36 worship,

2746 853 13 28 I
2783 863 44 19 am
2851 854 47 29 the
3115 857 15 28 I
3148 858 109 37 meekly
3268 859 110 36 replied.

2773 893 80 31 Well,
2867 897 69 25 state
2950 904 69 26 your
3032 895 118 34 defence,
3165 897 132 35 although
3311 898 69 28 after

2745 931 46 27 the
2815 932 160 28 authorities
2994 943 54 25 you
3070 934 101 35 quoted
3190 936 58 34 just
3272 945 72 23 now,
3365 936 13 26 I

2745 968 77 27 don't
2835 978 45 17 see
2892 969 62 27 how
2966 980 54 25 you
3032 980 45 17 are
3090 972 83 34 going
3185 976 27 23 to
3225 976 45 32 get
3284 976 47 23 out
3353 974 29 25 of

2897 1008 142 28 remarked
3063 1008 47 29 the
3131 1009 98 29 bench.
3265 1010 77 29 Then
3366 1011 15 28 I

2745 1049 73 23 went
2842 1051 28 22 to
2895 1046 75 27 work
2996 1046 53 28 and
3074 1048 110 27 showed
3215 1053 72 23 most
3317 1059 47 17 con-

2746 1082 132 37 clusively
2890 1082 61 29 how
2965 1083 98 29 absurd
3077 1085 47 27 the
3138 1089 173 25 contentions
3322 1087 55 27 had

2746 1120 67 28 been
2839 1129 36 19 on
2898 1122 48 27 the
2971 1129 61 29 part
3056 1122 30 28 of
3107 1123 47 29 the
3175 1125 127 35 plaintift,
3326 1125 54 27 and

2746 1158 74 28 what
2829 1168 15 18 a
2853 1168 94 27 wrong
2955 1160 54 27 and
3021 1161 164 36 misleading
3195 1164 186 27 construction

2746 1195 55 30 had
2823 1197 68 29 been
2905 1202 50 34 put
2976 1208 37 19 ou
3032 1199 47 29 the
3102 1200 65 29 Acts
3189 1201 29 28 in
3240 1202 141 37 question;

2747 1236 53 29 and
2825 1237 47 29 the
2894 1239 157 34 magistrate
3064 1240 29 27 in
3110 1242 141 34 summing
3264 1251 36 26 up
3323 1241 57 29 said

2746 1274 35 27 he
2801 1284 57 18 was
2877 1275 30 27 of
2925 1277 112 33 opinion
3058 1277 61 26 that
3141 1277 77 28 there
3237 1279 56 25 had
3312 1279 69 26 been

2746 1312 69 35 good
2846 1318 158 31 arguments
3034 1324 35 19 on
3100 1314 47 29 the
3177 1319 62 33 part
3269 1316 31 28 of
3333 1316 47 29 the

2746 1351 120 36 plaintiff
2881 1357 28 22 to
2929 1354 102 26 sustain
3053 1352 43 29 his
3119 1354 79 28 claim
3220 1354 31 28 of
3266 1355 55 36 4/2,
3334 1355 48 28 but

2747 1399 35 19 on
2796 1389 46 28 the
2855 1390 80 28 other
2958 1390 75 28 hand
3055 1391 46 29 the
3121 1392 92 36 points
3234 1393 88 27 raised
3344 1394 39 27 for

2747 1427 46 28 the
2813 1427 111 29 defence
2947 1437 55 19 was
3024 1430 222 37 overwhelming,
3269 1431 55 27 and
3346 1431 34 27 he

2747 1469 75 25 must
2853 1469 76 26 enter
2960 1476 36 27 up
3026 1476 16 20 a
3067 1469 111 28 nonsuit
3202 1469 66 29 with
3300 1474 80 23 costs.

2747 1504 139 37 Applause
2907 1506 28 28 in
2957 1510 86 29 court,
3056 1507 90 29 which
3167 1517 57 20 was
3244 1509 138 36 promptly

2749 1541 118 29 checked
2880 1543 36 35 by
2930 1543 131 35 Sergeant
3073 1545 137 35 O'Grady.

3229 1582 120 30 Korari.

2951 1669 233 31 LATEST

2777 1721 173 41 CABLE
3009 1723 348 41 TELEGRAMS.

3050 1818 134 37 London,
3205 1820 71 39 July
3298 1822 47 29 12.

2789 1859 65 33 The
2868 1859 129 33 Russian
3020 1860 203 34 Government
3236 1862 76 33 have
3336 1875 32 21 ex-

2749 1905 120 41 plained
2889 1907 31 30 to
2934 1905 50 32 the
3000 1906 85 32 other
3099 1906 118 33 Powers
3240 1907 68 32 that
3328 1908 38 31 Ba-

2749 1952 93 31 toum,
2858 1949 32 30 in
2904 1950 51 29 the
2969 1950 94 29 Black
3084 1950 66 35 Sea,
3166 1951 61 29 will
3240 1952 115 29 remain
3370 1962 16 19 a

2749 1990 189 32 commercial
2972 1990 115 42 though
3120 1993 54 30 not
3208 2002 18 22 a
3255 1992 131 43 military

2749 2037 77 38 port.

2790 2079 63 33 The
2868 2079 141 33 National
3024 2079 77 34 Rifle
3116 2079 185 34 Association
3312 2080 74 34 have

2750 2123 145 39 arranged
2916 2124 67 30 that
3010 2124 51 31 the
3084 2124 120 40 highest
3231 2135 98 21 scorer
3356 2128 30 29 at

2750 2166 52 30 the
2815 2166 66 31 first
2895 2168 82 38 stage
2992 2167 32 31 of
3045 2166 51 32 the
3112 2168 128 37 Queen's
3254 2168 80 39 prize
3357 2171 29 28 at

2751 2208 189 32 Wimbledon
2955 2209 78 31 shall
3046 2210 113 32 receive
3174 2220 17 21 a
3205 2211 108 37 medal,
3329 2212 57 30 and

2751 2264 17 20 a
2785 2253 94 40 badge
2902 2254 33 31 in
2958 2254 52 32 the
3035 2254 169 32 Alexandra
3227 2255 80 40 prize
3331 2256 42 31 dis-

2751 2295 154 30 tribution.

2791 2337 63 32 The
2869 2338 112 31 annual
2995 2338 132 42 meeting
3139 2339 33 32 of
3183 2338 50 33 the
3248 2339 142 33 National

2751 2381 76 32 Rifle
2843 2382 185 32 Association
3042 2384 191 30 commenced
3247 2385 101 40 to-day
3359 2387 31 29 at

2751 2425 200 31 Wimbledon.
2993 2426 37 30 In
3042 2426 50 31 the
3104 2426 169 31 Alexandra
3287 2428 102 30 match

2753 2468 100 42 (seven
2868 2468 81 32 shots
2965 2471 31 29 at
3008 2471 57 30 500
3079 2470 87 41 yards
3181 2470 59 31 and
3255 2480 88 23 seven
3358 2473 30 30 at

2753 2514 57 30 600
2831 2513 110 42 yards),
2956 2512 183 33 Lieutenant
3162 2513 130 42 Keating
3307 2515 83 42 (New

2753 2557 97 31 South
2874 2557 112 42 Wales)
3001 2557 87 32 made
3113 2568 17 20 a
3153 2557 76 33 total
3253 2569 82 21 score
3360 2559 30 32 of

2753 2601 47 35 51,
2816 2599 41 31 all
2870 2609 107 31 ranges
2994 2600 148 32 included.
3185 2601 64 31 The
3270 2602 120 40 highest

2752 2643 130 42 English
2895 2655 82 22 score
2991 2644 31 32 in
3036 2644 52 33 the
3101 2644 102 33 match
3217 2656 60 22 was
3292 2647 47 32 65.

3246 2699 101 32 Later.

2791 2739 39 33 At
2845 2740 190 33 Wimbledon
3046 2740 111 43 to-day,
3169 2741 32 32 in
3212 2741 51 33 the
3275 2745 114 30 contest

2751 2785 45 30 for
2807 2785 50 31 the
2869 2785 157 31 Windmill
3036 2785 95 36 Prize,
3144 2785 127 40 Captain
3280 2787 87 31 Black-

2753 2827 82 31 shaw
2863 2827 85 42 (New
2973 2827 96 32 South
3094 2828 112 39 Wales)
3228 2830 101 31 scored
3351 2832 37 29 82

2751 2872 99 40 points
2864 2872 45 32 for
2923 2882 89 22 seven
3026 2872 83 33 shots
3123 2876 32 28 at
3169 2874 58 31 200
3241 2874 97 40 yards.

2793 2915 62 32 The
2869 2915 152 41 following
3035 2915 24 31 is
3073 2915 52 32 the
3140 2916 135 32 estimate
3290 2917 33 32 of
3338 2917 50 33 the

2752 2959 74 31 final
2840 2959 93 32 result
2947 2960 32 31 of
2989 2960 52 31 the
3055 2960 120 39 general
3188 2960 141 33 elections
3342 2973 48 19 :

2753 3001 235 39 Conservatives,
3016 3004 57 31 327
3087 3013 7 28 ;
3129 3003 165 39 Unionists,
3330 3008 37 29 77
3381 3016 7 26 ;

2753 3046 212 38 Gladstonites,
3003 3049 77 36 187;
3113 3048 187 38 Parnellites,
3339 3051 47 31 87.

2754 3090 63 31 The
2847 3093 118 28 returns
2993 3091 32 30 of
3055 3091 179 41 yesterday's
3264 3092 126 32 election

2753 3133 82 33 show
2848 3133 67 33 that
2930 3134 51 32 the
2995 3134 109 33 former
3126 3134 120 34 Liberal
3260 3138 78 30 seats
3361 3136 29 33 of

2755 3178 182 32 Sutherland
2961 3179 59 31 and
3048 3179 143 41 Tyneside
3216 3180 75 32 have
3315 3181 75 32 been

2753 3222 122 32 secured
2888 3221 39 41 by
2941 3224 168 38 supporters
3124 3222 32 33 of
3175 3222 173 34 Gladstone.

2793 3265 26 32 A
2834 3265 188 33 Gladstonite
3045 3265 55 32 lias
3121 3265 75 33 been
3211 3266 112 34 elected
3347 3268 43 32 for

2754 3309 146 41 Anglesey
2922 3310 32 30 in
2977 3311 84 39 place
3083 3311 32 30 of
3137 3321 17 19 a
3176 3311 121 31 Liberal
3321 3322 51 20 can-

2752 3352 108 32 didate.

2793 3397 130 31 Tenders
2937 3397 45 32 for
2995 3397 51 31 the
3062 3397 181 32 Tasmanian
3260 3398 111 32 Govern-

2752 3442 84 29 ment
2855 3440 68 31 loan
2938 3440 32 32 of
2982 3451 17 20 a
3013 3440 126 38 million,
3155 3443 31 29 at
3201 3443 17 28 4
3232 3452 53 30 per
3299 3445 88 29 cent.,

2753 3486 31 30 at
2798 3495 18 21 a
2829 3485 160 31 minimum
3003 3485 32 31 of
3046 3486 70 36 99,
3132 3496 76 21 were
3222 3486 113 40 opened
3347 3489 28 29 to-

2752 3528 66 41 day.
2871 3528 63 31 The
2953 3528 75 31 total
3050 3531 123 28 amount
3198 3529 109 31 offered
3330 3540 60 21 was

2752 3571 92 32 found
2865 3573 32 30 to
2911 3572 35 31 be
2961 3573 192 35 2,000,000.
3205 3572 130 33 Tenders
3359 3576 31 29 at

2753 3617 60 31 9B
2830 3617 52 30 18s
2897 3615 37 33 6d
2948 3615 61 32 will
3029 3616 111 32 receive
3165 3618 38 30 88
3225 3627 51 31 per
3300 3620 88 35 cent.,

2754 3659 91 32 above
2859 3660 67 31 that
2940 3660 78 40 price
3032 3660 32 31 in
3085 3660 64 32 full.

2793 3704 25 31 A
2833 3703 132 42 meeting
2974 3703 69 34 took
3053 3704 83 41 place
3147 3704 102 42 to-day
3257 3704 132 34 between

2754 3747 50 32 the
2814 3748 100 40 Upper
2926 3748 154 31 Canadian
3091 3748 230 32 Commissioner
3331 3751 59 29 and

2752 3791 52 33 the
2832 3791 256 42 Agents-General
3115 3792 32 32 of
3171 3792 41 32 all
3239 3792 51 33 the
3315 3793 55 33 Aus-

2752 3836 110 30 tralian
2890 3836 146 36 Colonies,
3062 3839 103 37 except
3192 3838 72 29 New
3293 3838 95 31 South

2753 3878 109 33 Wales.
2916 3878 122 43 Secresy
3062 3890 59 21 was
3145 3879 141 33 observed
3300 3891 33 21 as
3358 3883 31 30 to

2752 3923 51 31 the
2822 3923 200 40 proceedings,
3038 3923 54 31 but
3116 3924 23 30 it
3163 3925 25 29 is
3210 3925 179 31 understood

2752 3965 67 33 that
2832 3965 128 43 nothing
2983 3966 55 32 has
3052 3966 75 33 been
3149 3966 120 34 decided
3288 3968 33 31 in
3344 3979 29 22 re-

2752 4010 72 40 gard
2838 4013 31 30 to
2888 4011 51 32 the
2962 4012 144 40 proposed
3129 4012 154 40 telegraph
3307 4013 82 32 cable

2753 4064 98 22 across
2865 4053 51 33 the
2930 4054 119 32 Pacific.

2792 4098 64 32 The
2874 4098 172 32 Australian
3069 4097 98 39 mails,
3182 4110 52 30 per
3255 4099 131 38 Massila,

2752 4142 97 31 which
2876 4142 54 31 left
2957 4142 175 32 Melbourne
3159 4154 39 20 on
3225 4144 79 31 June
3333 4146 53 35 Ist,

2751 4196 76 21 were
2841 4185 145 32 delivered
2999 4186 102 41 to-day
3114 4186 48 31 via
3175 4187 141 32 Brindisi.

2792 4229 63 31 The
2897 4230 171 31 Australian
3109 4230 156 32 cricketers
3309 4243 59 19 com-

2752 4272 124 32 menced
2899 4282 18 21 a
2940 4273 102 31 match
3064 4273 102 41 to-day
3189 4276 31 28 at
3246 4274 142 32 Sheffield

2752 4316 117 40 against
2884 4327 18 21 a
2929 4316 114 33 Eleven
3067 4316 33 33 of
3123 4317 170 38 Yorkshire,
3309 4329 59 21 com-

2752 4360 90 41 posed
2848 4370 31 21 as
2886 4360 112 33 follows
3006 4360 130 33 :Hon.
3147 4360 43 33 M.
3200 4361 36 32 B.
3248 4361 138 39 Hawkes,

2752 4405 100 36 Bates,
2881 4405 132 37 Emmet,
3042 4405 83 37 Hall,
3158 4406 127 37 Hunter,
3318 4407 69 36 Lee,

2752 4448 82 35 Pete,
2849 4448 80 35 Peel,
2945 4448 112 40 Ulyett,
3070 4448 126 31 Preston
3210 4450 59 29 and
3283 4450 103 30 Wade.

2754 4490 63 34 The
2828 4490 130 34 weather
2978 4502 60 22 was
3052 4491 69 39 fine,
3137 4492 59 33 and
3220 4492 84 33 there
3328 4504 60 21 was

2753 4546 39 22 an
2806 4547 158 21 enormous
2983 4537 185 32 attendance.
3211 4537 96 33 There
3329 4549 59 21 was

2753 4591 39 21 an
2813 4581 145 32 excellent
2982 4581 104 32 wicket
3109 4582 129 40 pitched,
3254 4583 59 30 and
3337 4583 51 31 the

2753 4624 115 40 ground
2886 4634 60 21 was
2960 4624 32 31 in
3015 4624 66 31 first
3094 4626 64 29 rate
3182 4625 94 32 order.
3326 4626 62 31 The

2752 4668 117 33 visitors
2883 4671 79 29 went
2972 4668 65 33 first
3051 4671 31 30 to
3092 4669 52 32 the
3154 4668 129 38 wickets,
3326 4669 62 33 The

2752 4711 120 42 innings
2900 4712 98 33 closed
3031 4712 45 32 for
3103 4713 67 37 275,
3186 4712 52 33 the
3271 4713 117 41 highest

2752 4757 163 29 individual
2937 4767 111 20 scorers
3075 4756 89 39 being
3189 4768 7 19 :
3198 4758 132 30 Jones
3351 4760 37 29 26

2754 4798 157 44 (bowled);
2934 4798 141 33 Trumble
3090 4800 37 33 37
3144 4800 64 41 (not
3222 4800 74 42 out).

3208 4854 72 40 July
3302 4856 45 28 13.

2794 4895 63 32 The
2871 4894 159 34 formation
3045 4895 32 32 of
3098 4905 18 22 a
3138 4894 147 34 Coalition
3309 4896 59 32 Min-

2752 4938 73 41 istry
2839 4939 38 40 by
2890 4939 50 31 the
2956 4939 132 39 Marquis
3104 4939 32 31 of
3153 4939 154 41 Salisbury
3330 4941 58 30 and

2752 4981 51 33 the
2828 4981 133 43 Marquis
2975 4981 32 34 of
3029 4981 183 43 Hartington
3234 4982 56 33 has
3314 4983 74 33 been

2752 5027 119 31 mooted
2885 5038 32 20 as
2931 5027 51 32 the
2994 5029 135 30 outcome
3144 5028 32 31 of
3191 5027 51 33 the
3256 5028 132 40 political

2753 5070 93 33 crisis.

2793 5113 48 32 Sir
2862 5113 131 32 Thomas
3017 5114 136 41 Brassey,
3168 5114 32 32 in
3215 5125 39 21 an
3269 5115 119 31 address

2753 5155 98 34 before
2879 5157 51 33 the
2959 5157 111 33 United
3099 5158 116 32 Service
3246 5159 142 31 Institnte

2751 5201 59 32 last
2823 5202 97 40 night,
2935 5202 169 32 counselled
3128 5202 51 31 the
3194 5202 137 33 Colonies
3356 5207 30 29 to

2753 5246 72 29 send
2838 5246 149 38 delegates
3001 5248 31 29 to
3047 5256 17 20 a
3078 5246 171 31 conference
3264 5257 40 21 on
3326 5247 40 31 Im-

2752 5287 93 42 perial
2855 5287 129 34 defence.

3008 5334 73 30 New
3101 5333 93 37 York,
3211 5334 72 41 July
3299 5336 47 30 12.

2791 5375 63 32 The
2870 5375 154 32 Canadian
3039 5376 203 33 Government
3255 5378 76 31 have
3342 5389 30 21 re-

2751 5419 98 32 leased
2876 5420 50 32 the
2955 5421 158 32 American
3140 5421 112 41 fishing
3278 5423 110 31 vessels

2750 5463 132 38 recently
2892 5463 97 30 seized
2998 5464 31 29 in
3043 5465 84 29 Nova
3139 5465 120 30 Scotian
3270 5469 116 27 waters.

2752 5503 63 31 The
2829 5514 114 21 owners
2965 5505 68 40 paid
3056 5505 51 32 the
3131 5505 76 33 fines
3220 5506 103 37 levied,
3349 5519 39 21 on

2751 5547 50 32 the
2826 5548 234 41 understanding
3083 5550 66 32 that
3176 5551 71 41 they
3269 5552 61 31 will
3352 5552 36 32 be

2751 5590 141 32 refunded
2913 5592 26 30 if
2958 5592 50 31 the
3037 5593 112 32 seizure
3177 5594 24 31 is
3226 5594 104 33 shown
3357 5598 31 29 to

2751 5634 76 33 have
2841 5634 75 33 been
2930 5635 110 42 illegal.

3100 5681 97 39 Rome,
3213 5682 72 44 July
3301 5684 46 31 12.

2790 5723 63 32 The
2867 5724 143 32 outbreak
3024 5725 33 32 of
3067 5726 119 32 cholera
3196 5728 31 31 in
3238 5728 150 32 Southern

2750 5766 77 40 Italy
2841 5766 25 30 is
2881 5767 157 41 spreading
3061 5768 32 31 in
3107 5780 17 19 a
3139 5772 78 30 most
3241 5771 147 41 alarming

2751 5820 134 21 manner.

3631 207 202 29 LATEST

3425 257 376 39 AUSTRALIAN
3854 256 173 40 NEWS.

3616 356 4 38 '
3661 356 195 35 Melbourne,
3873 356 72 38 July
3961 358 46 28 13.

3448 398 24 33 A
3488 398 195 42 compromise
3698 398 55 31 has
3768 398 74 31 been
3857 398 124 31 affected
3998 398 32 32 be-

3407 447 95 29 tween
3526 445 50 31 the
3601 444 110 40 parties
3725 444 31 31 in
3781 444 50 32 the
3847 455 66 21 case
3927 444 66 32 Bell
4017 456 29 20 v.

3408 487 105 31 Clarke
3547 487 156 31 dismissed
3737 487 38 41 by
3809 487 51 31 the
3903 487 144 40 Supreme

3408 532 101 38 Court,
3538 532 39 42 by
3590 532 73 32 each
3685 535 86 39 party
3795 531 109 43 paying
3918 531 38 32 its
3981 543 66 21 own

3408 579 88 29 costs.

3727 620 127 37 Sydney,
3870 620 72 41 July
3958 621 46 31 12.

3448 664 63 31 The
3525 664 190 40 proceedings
3740 664 32 32 of
3793 664 51 31 the
3866 664 180 40 Legislative

3408 708 156 42 Assembly
3599 719 49 20 are
3682 708 189 32 commented
3899 719 79 30 upon
4010 708 37 41 by

3408 753 51 31 the
3473 763 81 30 press
3569 753 152 40 generally
3745 753 32 31 in
3801 756 93 28 terms
3908 754 33 31 of
3962 757 83 36 great

3408 796 239 35 condemnation,
3683 796 51 30 the
3780 806 101 20 scenes
3922 796 32 30 in
3995 797 50 29 the

3408 839 150 31 Chamber
3571 839 108 41 during
3692 839 51 32 the
3755 842 100 28 recent
3866 839 181 40 lengthened

3409 883 103 40 sitting
3526 883 88 41 being
3620 884 216 31 characterised
3845 894 32 21 as
3886 883 161 42 disorderly

3408 927 115 40 beyond
3532 928 188 39 description.
3763 928 63 31 The
3838 928 104 40 sitting
3952 928 95 31 lasted

3408 970 125 40 fifty-six
3547 971 58 29 and
3620 981 16 19 a
3650 971 66 29 half
3733 971 101 30 hours.

3448 1014 84 41 Lady
3564 1014 157 41 Stephens,
3750 1014 51 32 the
3836 1014 65 32 wife
3935 1014 32 32 of
4000 1014 47 33 Sir

3410 1057 100 32 Alfred
3526 1059 156 39 Stephens,
3698 1059 349 30 Lieutenant-Governor

3409 1101 32 31 of
3452 1101 71 31 New
3539 1101 95 31 South
3650 1102 109 37 Wales,
3775 1103 67 30 died
3856 1103 111 40 to-day.

3871 1146 72 40 July
3959 1147 46 30 14.

3449 1188 63 31 The
3527 1188 137 33 Hauroto
3678 1189 114 32 arrived
3806 1190 76 31 from
3902 1189 125 37 Welling-

3410 1235 51 31 ton
3476 1233 59 33 this
3553 1235 165 32 afternoon.

3448 1277 49 29 Mr
3512 1278 131 29 Trickett
3656 1278 55 29 has
3725 1278 136 39 resigned
3875 1278 51 30 the
3941 1278 86 30 Chair-

3409 1319 139 42 manship
3563 1321 31 31 of
3616 1320 193 33 Committees
3823 1321 32 32 in
3869 1320 51 33 the
3944 1321 85 41 Legis-

3409 1363 89 32 lative
3513 1365 167 40 Assembly.

3452 1408 47 31 Sir
3505 1409 39 30 H.
3553 1409 92 30 Parks
3656 1409 55 30 has
3721 1409 139 40 formally
3871 1409 176 40 challenged

3410 1450 51 32 the
3481 1451 101 41 ruling
3605 1452 32 31 of
3661 1452 52 31 the
3739 1452 130 40 Speaker
3893 1463 32 21 as
3940 1455 30 29 to
3995 1453 52 31 the

3410 1495 120 42 legality
3554 1497 32 31 of
3607 1496 58 32 last
3692 1497 135 42 Friday's
3853 1497 128 41 sittings,
3997 1497 50 32 the

3410 1540 84 37 point
3507 1540 96 30 raised
3625 1541 88 38 being
3736 1541 67 30 that
3828 1541 82 31 there
3924 1552 60 20 was
4009 1553 38 19 no

3411 1581 102 33 House
3527 1593 31 20 as
3573 1583 51 31 the
3640 1583 130 40 Speaker
3783 1583 50 31 did
3847 1587 52 29 not
3911 1584 66 32 take
3993 1584 52 32 the

3411 1624 83 31 chair
3506 1636 7 25 ;
3535 1626 48 30 Mr
3602 1626 114 31 Barton
3726 1627 101 39 ruling
3840 1628 117 38 against
3982 1628 65 30 that

3411 1669 181 32 contention.

3500 1765 146 32 OPEN
3702 1766 253 32 COLUMN.

3416 1871 47 29 We
3486 1882 48 18 are
3554 1873 32 27 at
3605 1872 40 28 all
3667 1872 79 28 times
3766 1873 86 37 ready
3873 1875 26 26 to
3921 1874 61 36 give
4003 1884 30 18 ex-

3442 1912 126 35 pression
3584 1914 26 25 to
3623 1922 79 26 every
3715 1912 86 27 shade
3813 1923 30 25 oj
3857 1914 122 35 opinion.
3991 1914 56 27 and

3448 1950 44 26 the
3506 1950 153 27 discussion
3674 1951 33 33 of
3725 1951 40 26 all
3778 1954 114 23 matters
3906 1952 33 33 of
3952 1953 95 32 public

3446 1985 124 31 interest,
3584 1987 49 26 but
3647 1987 27 26 in
3691 1996 32 17 no
3737 1996 61 17 case
3811 1988 34 25 do
3855 1997 38 16 we
3907 1989 65 25 hold
3985 1997 47 17 our-

3448 2023 82 28 selves
3544 2025 165 35 responsible
3716 2025 51 35 for
3781 2025 44 28 the
3838 2026 160 27 sentiments
4018 2036 16 17 o

3448 2071 53 19 our
3513 2063 235 34 correspondents.

3512 2138 123 29 REPLY
3671 2140 45 27 TO

3434 2213 44 39 [to
3497 2222 55 19 the
3571 2222 103 21 editor
3692 2223 35 19 of
3746 2221 54 22 TflE
3819 2224 88 19 lyell
3927 2216 104 33 times.]

3452 2264 57 31 Sir,
3511 2265 109 26 Your
3643 2265 211 34 correspondent
3892 2269 16 11 '
3921 2266 96 27 Koran

3415 2300 51 26 has
3491 2301 117 31 thought
3632 2310 98 25 proper
3754 2305 28 23 to
3803 2302 67 26 send
3893 2312 54 19 you
3973 2312 75 17 some

3416 2337 228 36 correspondence
3674 2338 153 35 respecting
3862 2338 47 28 the
3949 2340 81 27 under-

3417 2375 103 35 signed,
3544 2375 47 28 the
3614 2379 160 25 statements
3796 2377 91 27 therin
3911 2377 79 34 being
4010 2378 26 27 in-

3416 2417 110 24 correct.
3564 2413 57 28 The
3635 2416 67 25 tacts
3715 2424 28 17 in
3757 2415 150 27 connexion
3922 2417 66 26 with
4003 2417 47 26 the

3419 2451 152 37 paragraph
3591 2452 28 26 in
3639 2460 69 27 your
3729 2453 72 26 issue
3812 2453 32 26 of
3862 2452 66 36 July
3942 2453 49 27 3rd
4003 2464 46 17 are

3417 2490 66 28 such
3508 2500 30 18 as
3563 2490 88 36 might
3676 2490 70 28 have
3765 2485 93 33 drawn
3881 2491 72 28 forth
3976 2502 54 17 com-

3416 2529 157 27 mendation
3586 2530 67 26 from
3669 2538 34 18 an
3722 2528 139 37 impartial
3874 2538 106 27 person,
3994 2531 54 27 and

3417 2567 97 28 should
3535 2567 68 28 have
3626 2567 69 27 done
3718 2577 29 17 so
3772 2568 69 27 from
3864 2568 59 27 him
3946 2568 54 28 had
4015 2570 34 26 he

3417 2605 105 27 studied
3546 2614 69 27 your
3638 2605 122 27 interest.
3813 2606 121 35 13rieily:
3973 2607 75 26 these

3416 2643 109 29 tenders
3547 2653 69 19 were
3641 2643 85 29 called
3749 2643 41 29 for
3812 2643 36 37 by
3861 2644 46 28 the
3928 2644 103 30 Govern-

3417 2686 76 23 ment
3512 2683 42 26 for
3576 2683 45 26 the
3645 2682 93 35 bridge
3764 2683 119 27 referred
3905 2688 36 25 to,
3956 2684 54 27 and
4024 2690 27 21 at

3417 2720 108 27 various
3554 2719 99 28 offices,
3685 2719 113 36 notably
3842 2720 207 33 Christchurch,

3416 2758 177 35 Wellington,
3603 2758 53 29 and
3671 2758 111 28 Nelson.
3819 2758 125 29 Attested
3958 2759 90 37 copies

3416 2798 30 25 of
3466 2798 45 26 the
3533 2797 199 35 specifications
3753 2806 69 18 were
3847 2798 147 31 exhibited,
4020 2798 28 27 in

3417 2834 89 28 which
3528 2834 21 28 it
3568 2834 23 27 is
3617 2838 71 23 most
3714 2833 141 34 distinctly
3876 2835 88 27 stated
3987 2836 61 26 that

3415 2872 75 30 birch
3513 2871 100 31 timber
3634 2872 92 28 would
3748 2873 65 36 only
3836 2874 31 28 be
3881 2874 112 28 allowed
4008 2874 42 28 for

3416 2912 46 27 the
3484 2912 67 34 piles
3573 2912 54 27 and
3649 2911 84 33 floor;
3848 2912 79 27 other
3951 2913 100 26 timber

3416 2949 70 30 shall
3505 2949 33 30 be
3560 2950 31 29 of
3609 2952 88 27 totara
3710 2959 30 19 or
3898 2951 57 28 The
3969 2951 81 28 latter

3415 2989 91 27 woods
3519 2994 57 21 cost
3589 2993 28 22 at
3638 2989 47 26 the
3707 2988 93 33 bridge
3824 2989 49 26 site
3895 2989 83 27 about
4001 2991 47 25 10s

3416 3035 48 27 per
3488 3026 153 37 superficial
3666 3027 50 27 100
3740 3027 54 27 feet
3817 3036 73 19 more
3912 3027 67 28 than
4003 3027 47 28 the

3416 3065 84 27 birch.
3538 3066 42 26 Cn
3594 3065 46 27 the
3655 3064 127 33 morning
3794 3065 33 27 of
3844 3066 46 27 the
3904 3066 53 33 day
3968 3066 82 27 when

3417 3102 45 28 the
3476 3102 108 27 tenders
3597 3112 70 17 were
3681 3105 49 30 put
3741 3103 28 25 in
3783 3102 22 26 it
3817 3112 56 18 was
3889 3102 88 27 stated
3991 3104 60 26 that

3417 3150 75 20 some
3514 3140 30 29 of
3562 3140 46 29 the
3629 3140 137 29 tenderers
3790 3140 88 29 would
3900 3146 49 31 put
3963 3141 26 27 in
4008 3141 42 28 for

3416 3180 85 32 birch,
3515 3180 53 27 and
3581 3180 28 26 in
3624 3189 186 26 comerpienee
3833 3180 45 28 the
3892 3181 90 27 writer
3994 3190 56 18 saw

3417 3219 46 28 the
3477 3219 112 26 District
3603 3219 139 30 Engineer
3754 3219 53 26 and
3829 3218 83 27 asked
3925 3219 125 26 whether

3417 3267 54 27 any
3485 3256 142 37 departure
3641 3256 70 29 from
3725 3256 46 29 the
3782 3256 198 37 specifications
3994 3257 55 28 had

3417 3296 67 27 been
3507 3295 156 28 authorised
3675 3304 6 24 ;
3712 3296 79 27 when
3815 3296 32 26 lie
3869 3296 120 27 received
4010 3297 41 26 for

3417 3334 76 34 reply
3506 3333 71 27 'that
3598 3333 46 27 the
3662 3333 99 27 timber
3774 3332 126 36 specified
3913 3333 90 27 would
4018 3333 32 27 be

3418 3370 124 38 required
3555 3371 54 28 and
3622 3380 35 19 no
3676 3370 143 37 departure
3841 3371 113 28 allowed
3966 3379 6 25 ;
3994 3371 55 28 and

3417 3411 47 27 the
3477 3410 103 28 Nelson
3601 3410 108 27 tenders
3731 3420 69 16 were
3823 3415 48 30 put
3893 3410 28 26 in
3942 3411 106 33 strictly

3417 3448 144 33 according
3582 3452 28 22 to
3632 3447 208 37 specifications.
3877 3448 27 26 It
3925 3457 62 18 now
4002 3458 30 25 ap-

3417 3497 78 26 pears
3509 3487 36 36 by
3563 3486 47 28 the
3631 3490 164 24 conn-actors
3815 3496 61 18 own
3897 3486 150 28 admission

3417 3526 61 27 that
3501 3526 35 27 he
3561 3525 129 27 tendered
3715 3526 42 26 for
3780 3525 74 28 birch
3884 3525 107 28 instead
4022 3527 29 26 of

3417 3568 88 23 totara
3527 3563 41 28 for
3589 3573 16 18 a
3626 3563 74 33 large
3718 3564 106 35 portion
3845 3563 31 28 of
3898 3563 46 28 the
3959 3563 89 33 work;

3417 3601 54 28 and
3484 3611 56 19 was
3552 3601 114 36 thereby
3678 3601 142 36 obtaining
3833 3612 14 17 a
3862 3601 185 28 considerable

3417 3640 151 34 advantage
3591 3649 64 19 over
3674 3640 91 28 others
3786 3641 28 27 in
3836 3641 80 33 being
3937 3640 59 28 able
4020 3649 28 19 to

3416 3683 48 32 put
3486 3680 28 26 in
3537 3688 15 18 a
3575 3678 82 28 lower
3678 3679 73 35 price
3765 3687 7 25 ;
3793 3679 54 27 and
3860 3680 61 26 that
3934 3679 46 28 the
3994 3680 36 26 Go-

3416 3721 144 25 vernment
3581 3717 128 37 accepted
3731 3716 41 29 his
3794 3717 96 29 tender
3911 3718 66 28 with
4001 3718 46 28 the

3415 3757 99 26 timber
3526 3766 30 17 so
3579 3756 155 26 scheduled.
3772 3757 57 26 The
3852 3757 148 34 complaint
4022 3758 29 25 of

3614 3793 55 29 and
3681 3794 91 28 others
3785 3795 23 27 is
3821 3795 69 27 that,
3906 3795 28 36 if
3949 3795 56 27 this
4026 3795 23 27 is

3417 3836 69 30 true,
3500 3834 66 34 they
3578 3833 70 27 have
3662 3833 68 28 been
3753 3843 66 25 very
3840 3834 122 34 unfairly
3975 3835 74 26 dealt

3415 3871 77 30 with,
3507 3880 29 19 as
3547 3880 34 18 an
3595 3871 178 36 opportunity
3786 3871 99 28 should
3899 3871 69 28 have
3979 3872 69 27 been

3415 3909 121 28 afforded
3551 3910 75 27 them
3639 3909 30 28 of
3686 3909 81 36 fairly
3780 3915 155 30 competing
3947 3911 42 28 for
4001 3911 48 28 tho

3413 3948 56 36 job,
3488 3948 37 34 by
3546 3947 90 35 public
3658 3954 231 24 announcement,
3903 3948 61 27 that
3982 3949 68 35 they

3416 3986 54 28 bad
3484 3995 29 19 so
3526 3985 169 29 determined
3709 3988 28 26 to
3758 3985 69 29 alter
3847 3986 46 29 the
3906 3986 126 36 specifica-

3415 4024 81 28 tions.
3533 4025 37 27 As
3589 4024 56 28 this
3659 4034 55 17 was
3726 4028 49 23 not
3788 4024 69 28 done
3871 4025 75 27 there
3961 4026 23 27 is
3997 4026 52 27 fair

3415 4062 105 33 ground
3529 4062 41 28 for
3578 4062 158 36 eomplaint.
3765 4062 77 32 Now,
3849 4065 17 13 4i
3876 4063 148 29 Colonial's

3415 4101 59 28 first
3486 4102 79 27 letter
3577 4101 81 36 fairly
3671 4101 89 27 stated
3772 4101 46 27 the
3833 4101 148 36 foregoing,
3993 4103 56 27 and

3415 4149 36 19 no
3464 4141 135 26 reference
3620 4149 56 18 was
3697 4140 80 27 made
3800 4144 28 23 to
3843 4140 44 27 the
3900 4141 148 28 successful

3417 4179 41 34 (or
3470 4177 186 28 unsuccessful
3674 4178 21 26 it
3716 4187 66 26 may
3804 4184 62 21 turn
3887 4182 48 27 out
3954 4183 29 24 to
4004 4180 44 35 be)

3416 4216 133 33 tenderer,
3577 4216 132 35 although
3733 4216 34 27 he
3790 4216 50 28 has
3861 4217 55 28 laid
3939 4217 112 30 himself

3415 4263 70 25 open
3498 4257 28 24 to
3546 4264 15 17 a
3580 4254 98 33 charge
3699 4254 31 26 of
3748 4254 85 35 doing
3853 4264 16 17 a
3891 4264 82 18 mean
3993 4257 55 26 and

3416 4290 209 30 dishonourable
3650 4290 88 36 thing,
3760 4292 56 27 and
3840 4292 86 34 ought
3956 4298 28 23 to
4014 4294 33 28 be

3416 4330 110 28 scouted
3545 4330 37 34 by
3603 4329 38 28 all
3662 4330 62 27 who
3746 4330 97 28 tender
3862 4331 90 35 fairly.
3990 4333 58 27 The

3416 4368 76 28 truth
3505 4367 30 29 of
3544 4368 43 27 his
3599 4377 94 18 rumor
3705 4368 56 27 will
3774 4377 65 19 soon
3860 4369 33 28 be
3916 4370 131 28 manifest

3416 4417 30 18 as
3471 4407 45 29 the
3542 4406 101 29 timber
3663 4407 23 28 is
3707 4411 49 32 put
3776 4407 29 28 in
3819 4408 46 28 the
3879 4409 102 34 bridge.
4019 4410 29 28 It

3415 4454 66 25 may
3493 4445 33 26 be
3539 4445 58 25 said
3610 4445 60 26 that
3682 4445 48 26 the
3744 4446 188 26 Government
3945 4448 104 27 always

3415 4491 106 20 reserve
3544 4481 46 30 the
3609 4491 92 28 power
3716 4485 28 26 to
3763 4492 68 28 vary
3843 4493 31 18 or
3886 4494 68 19 even
3968 4484 80 39 delay

3416 4523 46 27 the
3481 4523 183 27 construction
3685 4522 29 28 of
3732 4522 48 29 the
3800 4523 93 35 work;
3913 4530 27 22 to
3960 4525 60 28 that
4034 4526 14 27 I

3416 4570 48 28 say
3486 4570 65 27 very
3572 4570 99 27 proper
3691 4569 55 21 too.
3782 4562 56 29 But
3860 4563 46 28 the
3927 4563 104 30 Govern-

3415 4603 78 23 ment
3505 4609 65 26 may
3582 4603 47 23 not
3642 4600 29 26 in
3681 4601 99 33 justice
3801 4610 68 24 vary
3883 4612 15 16 a
3911 4603 123 33 specifica-

3416 4637 56 28 tion
3495 4636 29 28 in
3546 4646 35 19 an
3603 4646 33 18 ex
3652 4639 83 34 parte
3754 4647 115 19 manner
3888 4638 92 30 before
4002 4641 48 29 the

3415 4682 160 30 acceptance
3589 4677 30 27 of
3629 4677 115 32 tenders,
3758 4678 117 28 without
3888 4680 94 33 giving
3996 4680 52 28 due

3415 4715 89 28 notice
3516 4718 28 25 to
3558 4715 35 28 all
3606 4716 160 28 concerned.
3804 4717 62 27 And
3885 4718 55 28 this
3960 4719 23 27 is
4001 4720 48 27 the

3415 4753 88 28 whole
3517 4755 53 27 rrist
3583 4754 30 27 of
3623 4764 48 26 my
3681 4757 151 34 complaint
3841 4767 30 16 as
3881 4758 112 34 regards
4003 4759 47 27 the

3416 4790 196 25 Government.

3450 4828 56 30 But
3530 4828 14 29 I
3569 4828 71 31 have
3659 4839 63 20 now
3745 4841 16 19 a
3782 4831 70 30 bone
3866 4835 28 27 to
3906 4832 63 38 pick
3982 4834 68 29 with

3414 4876 70 26 your
3705 4870 55 26 aud
3790 4872 68 26 with
3888 4881 71 26 your
3988 4882 45 26 per-

3415 4904 111 29 mission
3541 4905 15 28 I
3569 4906 53 28 will
3638 4906 52 28 line
3712 4907 37 36 by
3769 4907 55 29 line
3852 4919 82 26 prove
3956 4910 58 28 him
4034 4921 16 18 a

3415 4943 150 31 dangerous
3590 4953 74 18 man.
3702 4946 45 27 He
3770 4956 63 26 says
3846 4957 48 26 my
3907 4949 143 32 grievance

3415 4980 22 28 is
3656 4982 58 30 The
3723 4983 140 38 foregoing
3873 4986 175 37 explanation

3414 5020 55 28 will
3482 5030 106 19 answer
3605 5021 70 29 that.
3713 5023 45 29 He
3780 5034 63 27 says
3888 5036 48 25 my
3949 5027 101 28 talents

3414 5068 69 17 were
3507 5063 49 23 not
3581 5061 173 34 appreciated
3784 5063 36 35 by
3850 5065 47 26 the
3924 5065 104 28 Govern-

3533 5097 54 27 and
3631 5098 14 28 I
3658 5108 56 20 was
3938 5104 38 27 To
3989 5104 61 27 that

3415 5134 14 26 I
3443 5143 49 26 say
3504 5135 61 27 that
3577 5136 47 27 the
3647 5138 191 30 Government
3861 5145 60 23 sent
3943 5142 42 27 for
3995 5152 54 23 me,

3418 5172 53 29 and
3485 5173 15 27 I
3513 5173 65 29 took
3598 5174 101 38 charge
3716 5177 31 28 of
3763 5177 47 30 the
3835 5179 103 29 Nelson
3958 5180 94 29 Public

3415 5211 99 28 Works
3529 5213 183 36 Department
3726 5217 43 27 for
3790 5227 16 18 a
3827 5220 87 27 stated
3936 5220 112 35 period;

3414 5249 60 28 that
3486 5259 49 25 my
3548 5255 61 31 stay
3622 5262 56 18 was
3691 5255 79 27 twice
3783 5256 150 35 prolonged
3951 5258 36 33 by
4001 5258 46 26 the

3415 5287 205 37 Government;
3634 5290 60 29 that
3707 5291 23 30 it
3747 5302 57 20 was
3826 5294 72 30 from
3921 5295 47 28 the
3991 5295 59 28 first

3413 5329 168 35 temporary.
3619 5329 14 28 I
3647 5329 46 30 did
3706 5337 49 23 not
3772 5333 61 35 give
3852 5343 36 27 up
3911 5345 47 24 my
3979 5335 57 27 busi-

3415 5374 62 18 ness
3488 5373 6 24 ;
3517 5366 62 27 that
3602 5368 15 26 I
3641 5368 143 38 faithfully
3808 5373 105 27 carried
3934 5376 48 24 out
4002 5382 49 26 my

3414 5402 109 35 duties;
3554 5404 61 30 that
3640 5406 15 28 I
3676 5409 124 30 received
3820 5410 98 38 highly
3939 5411 96 37 compli-

3415 5446 127 30 mentary
3554 5444 80 28 letter
3646 5446 71 28 from
3733 5449 48 26 the
3803 5450 151 27 Executive
3966 5459 6 23 ;
3991 5451 61 26 that

3416 5478 13 26 I
3448 5481 125 26 received
3594 5491 17 17 a
3633 5482 153 29 handsome
3807 5486 87 27 bonus
3916 5496 64 17 over
3997 5486 55 26 and

3415 5515 85 28 above
3522 5526 49 28 my
3591 5519 110 38 salary;
3721 5521 63 30 that
3805 5523 14 28 I
3841 5533 63 19 now
3923 5533 66 28 very
4002 5523 36 28 fre-

3415 5556 113 36 quently
3551 5557 104 35 design,
3681 5570 79 26 carry
3788 5566 57 30 out,
3870 5574 30 17 or
3924 5562 127 29 overlook

3415 5593 91 35 public
3526 5596 90 27 works
3636 5597 31 28 of
3686 5598 180 36 importance.
3904 5602 44 26 He
3962 5610 61 26 says
4037 5600 15 27 I

3415 5640 45 19 am
3472 5634 154 33 aggressive
3638 5644 6 25 ;
3659 5646 15 18 a
3685 5647 85 19 worm
3780 5639 21 27 it
3814 5640 24 27 is
3850 5639 59 28 said
3921 5640 55 27 will
3989 5644 63 23 turn

3417 5670 79 27 when
3515 5673 115 28 trodden
3652 5685 46 23 on,
3712 5677 54 27 and
3786 5678 14 26 I
3822 5683 70 22 trust
3906 5679 13 26 I
3932 5677 71 28 shall
4015 5677 25 27 al-

3417 5718 73 28 ways
3512 5710 142 40 fearlessly
3678 5722 94 23 resent
3796 5728 14 17 a
3835 5728 102 24 wrong,
3950 5717 48 29 but
4022 5723 28 21 to

3417 5749 92 26 attack
3522 5751 93 27 others
3629 5763 30 16 or
3673 5759 27 21 to
3714 5756 63 25 seek
3800 5763 27 20 to
3848 5757 91 25 obtain
3954 5755 100 35 special

3417 5784 168 36 advantages
3598 5798 66 19 over
3686 5792 93 28 others
3792 5794 22 26 is
3829 5803 30 18 as
3873 5794 40 27 fir
3926 5794 69 27 irom
4009 5800 45 18 me

3418 5833 29 19 as
3460 5834 15 18 a
3490 5824 88 32 desire
3592 5833 27 23 to
3633 5830 85 35 speak
3731 5841 29 19 or
3781 5832 34 29 do
3839 5843 14 18 a
3876 5832 66 29 kind
3965 5832 89 28 action

1362 53 114 40 THE
1533 56 182 40 LYELL
1769 57 185 48 TIMES,
2011 62 302 48 SATURDAY,
2365 62 137 54 JULY
2558 75 55 41 17,
2671 61 103 43 1886.

206 181 235 32 Government
466 181 151 34 Notices.

201 293 26 29 v
229 315 6 7 -
347 294 144 64 mm
591 296 17 29 K-

150 381 159 31 MISSING
335 383 168 31 FRIENDS
529 385 149 30 NOTICE.

101 482 286 65 INFORMATION
407 486 152 46 respecting
571 486 46 29 the
630 486 83 29 where-

174 523 96 29 abouts
282 525 53 27 and
350 527 159 34 occupation
522 528 30 26 ot'
567 526 47 28 the
634 528 81 27 under-

100 562 156 28 mentioned
270 571 111 27 persons
400 564 23 26 is
445 564 163 28 WANTED
630 564 35 37 by
685 566 47 27 the

101 601 141 35 Secretary
254 601 30 27 of
294 601 46 27 ihe
355 602 117 27 General
486 603 65 27 Post
564 603 82 27 Office
656 611 6 19 :

100 655 117 27 Thomas
236 655 142 34 Leyland,
397 656 144 29 addressed
566 667 74 18 some
665 658 67 28 time

169 702 51 28 ago
239 698 28 24 at
287 694 64 28 Post
366 694 92 35 Office,
473 695 136 29 Dunedin.
657 696 74 28 John

169 732 134 34 Jamison,
326 734 29 28 of
372 734 114 36 Waring
507 738 90 30 street,
618 735 113 34 Belfast,

171 769 118 33 Ireland,
303 771 129 35 inquires.

101 807 26 28 J.
148 806 28 29 S.
197 806 151 35 Mop.pheu,
363 809 52 28 last
436 808 84 29 heard
540 809 29 28 of
588 813 28 24 at
639 809 77 28 Inver-

170 846 102 38 cargill.

101 886 63 27 Guy
183 885 31 27 L.
234 886 155 33 Botsford,
402 896 56 18 was
471 896 15 18 a
500 886 80 28 sailor
592 896 34 18 on
649 886 84 28 board

172 924 27 27 S.
226 924 27 26 S.
273 927 16 13 4t
435 925 122 27 wrecked
587 925 53 27 last
668 935 66 24 year

170 961 83 28 about
274 962 115 35 August,
403 963 28 26 in
454 962 60 27 Red
540 962 61 34 Sea,
624 971 35 18 on
686 962 49 28 her

171 1009 61 28 way
255 1004 28 25 to
303 1001 109 36 Napier.
461 1001 37 28 Of
516 1000 46 29 the
587 1010 69 20 crew
681 1001 54 28 and

171 1048 158 27 passengers
340 1048 74 19 some
423 1048 69 19 were
501 1039 100 28 landed
608 1044 28 23 at
645 1039 87 33 Aden,

171 1076 55 28 and
251 1086 75 19 some
346 1077 82 28 taken
452 1077 69 28 back
544 1082 28 24 to
596 1077 137 34 England,

173 1114 44 28 Mr
228 1115 126 29 Botsford
373 1116 23 27 is
413 1124 61 20 now
495 1115 130 37 enquired
638 1116 41 27 for
701 1116 35 36 by

171 1153 43 28 his
244 1154 117 33 mother,
388 1154 57 28 Mrs
474 1154 27 28 J.
526 1154 43 28 W.
599 1154 136 32 Botsford,

173 1192 116 36 Gloster,
308 1192 142 38 Montana,
473 1192 103 31 United
598 1192 90 31 States
708 1192 31 31 of

172 1234 135 26 America.

102 1269 98 27 Frank
213 1270 34 27 D.
261 1270 113 34 Curtis,
385 1270 51 28 last
448 1269 144 29 addressed
606 1272 28 25 at
646 1270 71 27 Auck-

172 1309 65 27 land
249 1308 36 37 by
305 1309 42 28 his
367 1309 108 28 mother
496 1309 58 28 Mrs
578 1309 32 29 R.
625 1309 29 27 Z.
669 1309 48 28 Cur-

172 1347 44 33 tis,
238 1347 185 37 Minniapolis,
446 1348 158 33 Minnisota,
631 1347 100 29 United

173 1387 89 26 States
275 1396 15 18 o
312 1387 134 33 America,
460 1396 76 19 came
549 1391 28 24 to
589 1386 68 29 New
668 1386 48 28 Zea-

172 1422 64 29 land
249 1423 52 30 last
319 1433 73 28 year.

331 1477 39 29 H.
390 1477 35 30 G.
442 1477 225 35 YOUNGMAN,

525 1517 177 27 Postmaster.

207 1636 26 29 v
234 1656 8 9 -
351 1631 147 64 Wm
605 1636 17 29 R-

192 1724 147 31 MAIL
402 1728 248 29 NOTICE.

394 1809 11 11 *

105 1827 108 61 THE
234 1827 93 29 Letter
339 1828 59 28 Box
411 1828 55 28 will
479 1828 33 28 be
525 1829 106 28 cleared
641 1829 41 28 for
691 1829 45 28 the

194 1866 128 38 despatch
348 1867 30 29 of
401 1867 239 35 Correspondence
665 1869 71 28 from

104 1905 46 29 the
164 1905 78 35 Lyell
260 1905 84 29 Office
366 1910 28 25 to
413 1906 47 29 the
479 1906 139 36 following
634 1907 101 36 places,

103 1942 55 28 and
173 1943 80 27 Mails
266 1944 96 31 arrive,
375 1952 30 18 as
423 1944 89 26 under
523 1951 43 19 :

336 2003 150 20 OUTWARDS
496 2002 6 21 :

137 2042 55 29 For
222 2042 147 39 Westport,
400 2043 163 36 Inangahua
593 2043 142 35 Junction,

103 2081 155 34 Cronadun,
280 2083 170 33 Boatman's,
472 2083 127 33 Reefton,
622 2083 55 28 and
696 2083 39 28 all

102 2120 132 28 southern
252 2120 242 37 correspondence:
517 2121 122 37 Sunday,
653 2121 60 28 Wed-

101 2158 106 35 nesday
221 2159 55 26 and
289 2159 111 35 Friday,
414 2165 28 22 at
454 2161 16 26 9
483 2169 65 17 a.m.

138 2196 56 28 For
216 2196 117 29 White's
353 2197 89 34 Point,
463 2197 72 28 Fern
558 2196 73 34 Flat,
653 2197 84 28 Owen

105 2235 92 34 River,
217 2236 114 31 Nelson,
352 2236 54 28 and
427 2236 36 28 all
483 2236 131 28 northern
636 2246 86 18 corres-

103 2273 141 34 pondence
254 2280 6 19 :
281 2273 134 35 Tuesday,
428 2274 145 35 Thursday
581 2274 54 26 and
645 2274 76 27 Satur-

105 2309 64 35 day,
182 2312 29 26 at
224 2310 60 28 1.30
296 2318 66 28 p.m.

140 2347 54 29 For
200 2347 159 30 Melbourne
366 2348 54 29 and
426 2348 157 29 Australian
597 2348 141 30 Colonies:

103 2385 184 36 Wednesday,
301 2391 29 23 at
342 2389 17 26 9
371 2396 65 19 a.m.

307 2446 85 20 mails
416 2446 120 21 arrive:

139 2486 82 28 From
246 2486 148 37 Westport,
414 2486 162 35 Inangahua
597 2486 143 35 Junction,

105 2524 156 34 Cronadun,
270 2525 169 34 Boatman's,
448 2526 123 32 Reefton,
580 2526 62 28 &c.:
656 2526 67 28 Tues-

106 2563 61 34 day,
182 2563 145 36 Thursday
340 2563 54 27 and
409 2564 145 36 Saturday,
568 2569 27 22 at
609 2566 16 25 2
638 2573 66 27 p.m.

140 2600 83 29 From
246 2600 116 29 White's
381 2601 91 35 Point,
486 2601 70 28 Fern
571 2601 71 35 Flat,
656 2602 84 28 Owen

107 2640 90 33 River,
211 2640 113 34 Nelson,
340 2642 61 27 &c.:
423 2640 122 37 Sunday,
556 2641 184 37 Wednesday,

104 2678 57 27 and
176 2677 111 36 Friday,
300 2682 29 24 at
341 2680 62 26 9.30
416 2688 64 18 a.m.

141 2715 84 29 From
237 2716 149 38 Longford,
401 2715 169 34 Murchison,
584 2716 55 30 and
653 2716 70 28 Mata-

103 2753 104 30 kitaki:
229 2754 174 38 Wednesday
415 2756 55 28 and
493 2756 122 36 Sunday,
628 2759 29 25 at
681 2757 61 27 9.30

104 2801 69 19 a.m.

338 2830 38 30 H.
396 2831 33 29 G.
448 2830 224 36 YOUNGMAN,

531 2871 176 28 Postmaster.

277 2947 118 30 Public
417 2949 152 30 Notices.

107 3028 116 40 THE
284 3029 221 42 WINTER
558 3029 183 42 STOCK

363 3104 35 21 AT
417 3105 55 20 THE

242 3148 114 40 NEW
380 3149 224 39 ZEALAND

103 3209 310 79 Clothing
444 3212 298 77 Factory

181 3301 276 33 PALMERSTON
491 3302 169 37 STREET,

319 3360 214 35 WESTPORT,

105 3411 58 61 IS
176 3420 61 19 now
251 3410 101 38 replete
362 3412 66 28 with
442 3422 15 18 a
467 3413 85 35 really
562 3412 180 37 Magnificent

315 3450 174 30 Assortment
501 3451 30 29 of

102 3502 123 39 Men's,
237 3502 141 30 Youths'
391 3502 69 31 and
472 3503 99 39 Boys'

243 3546 315 40 Fashionably-Cut
571 3547 171 39 Clothing,

105 3597 46 30 Ail
169 3597 80 30 made
268 3598 72 28 from
362 3597 68 29 New
449 3597 120 29 Zealand
581 3598 89 34 Wool,
684 3597 44 29 tho-

268 3637 116 36 roughly
397 3636 115 33 shrunk,
526 3636 56 28 and

106 3704 25 28 A
153 3703 94 36 Single
260 3702 107 30 Article
381 3702 67 29 Sold
461 3704 30 26 at
503 3703 124 36 Factory
640 3703 103 28 Prices.

108 3807 26 32 A
170 3806 142 40 Splendid
347 3806 186 32 Assortment
577 3805 32 32 of
648 3805 97 32 Men's

188 3849 126 33 Youths'
345 3850 59 31 and
436 3850 88 40 Boys'
560 3849 186 40 Waterproof

267 3893 150 40 Clothing,
434 3894 40 29 all
484 3893 122 31 marked
616 3893 32 30 in
659 3893 86 30 Plain

347 3936 132 42 Figures,
517 3936 58 31 and
614 3936 71 32 Sold
715 3937 31 30 at

423 3981 127 41 Factory
573 3981 109 32 Prices.

216 4090 236 30 FIRST-CLASS
472 4090 170 30 CUTTERS

111 4144 74 37 Only
198 4154 45 18 are
262 4144 121 36 engaged
405 4143 29 28 in
456 4143 46 28 the
524 4143 87 28 Order
631 4143 97 36 Depart-

341 4185 78 25 ment
430 4184 28 25 at
471 4181 46 29 the

110 4235 90 37 New
218 4233 164 38 Zealand
397 4233 165 51 Clothing
578 4234 164 50 Factory.

110 4338 31 33 A
159 4338 115 40 Single
293 4338 76 32 Suit
385 4338 104 31 Made
513 4339 36 30 to
575 4338 111 31 Order
711 4339 35 30 at

279 4388 147 39 Factory
442 4388 133 31 Prices!

397 4444 57 20 AND

112 4490 168 32 Remember
293 4489 98 32 !All
418 4489 75 32 from
518 4489 51 32 the
591 4489 88 32 finest
703 4500 28 21 se-

110 4534 96 34 lected
220 4534 71 33 New
306 4534 130 33 Zealand
457 4534 96 38 Wool,
568 4534 178 42 thoroughly

110 4579 124 35 shrunk,
250 4579 58 30 and
323 4589 17 20 a
354 4578 114 31 Perfect
483 4579 49 30 Fit
547 4579 198 30 Guaranteed.

184 4684 94 29 Terms
298 4684 110 29 CASH.
444 4685 44 28 No
504 4685 173 28 Abatement.

113 4774 104 37 Agents
246 4774 41 28 for
316 4774 46 28 the
394 4774 158 28 Unrivalled
582 4774 163 28 Wertheim

287 4813 114 30 Sewing
421 4813 153 30 Macaines.

111 4917 83 61 Hew
223 4917 151 62 Zealand
404 4919 159 76 Clothing
587 4920 156 75 Factory,

147 5009 327 35 PALMERSTON-ST.,
496 5011 214 29 westport.

200 5113 37 30 T.
257 5113 437 42 BLENNERHASSETT,

311 5163 131 37 Manager
454 5164 140 38 Westport
607 5166 119 29 Branch.

115 5264 132 60 IJIKE
345 5294 9 22 [
367 5265 134 29 YELL
552 5267 193 59 IJIIMES

113 5341 58 27 Can
195 5340 33 29 be
251 5341 127 28 obtained
402 5343 115 35 through
540 5343 47 28 the
608 5343 138 37 following

114 5397 95 33 agents
222 5394 62 29 who
296 5395 55 28 will
366 5395 55 30 also
435 5396 102 29 receive
559 5397 54 28 and
631 5396 114 29 forward

113 5445 93 27 orders
218 5446 42 26 for
272 5447 234 27 Advertisements
516 5458 29 16 or
557 5448 185 27 Subscribers:

150 5495 158 29 Murchison
310 5496 80 28 Mr
403 5497 32 28 R.
451 5497 97 29 M'Nee

148 5534 219 38 WestportMr
380 5536 52 28 Job
445 5537 32 27 L.
489 5537 119 29 Munson

150 5573 115 28 Reefton
267 5574 81 27 Mr
361 5574 111 28 Charles
486 5575 94 27 Cohen

150 5611 184 29 NelsonMr
347 5612 43 28 W.
404 5613 38 27 H.
456 5613 78 28 West

150 5650 172 38 Greymouth
324 5651 80 27 Mr
416 5651 26 28 J.
456 5651 43 28 W.
514 5651 152 29 Parkinson

242 5756 97 26 Terms
352 5763 33 20 of
400 5757 202 26 Subscription
613 5763 6 19 :

112 5809 53 30 Per
176 5809 123 33 Annum,
308 5809 28 28 in
351 5808 121 29 advance
639 5809 35 33 1
695 5810 15 27 6
729 5810 16 27 0
