4140 5940
88 208 21 27 is
134 208 70 27 fiora
229 218 68 25 your
322 208 208 35 correspondent

86 246 44 27 He
144 250 63 24 next
221 246 111 37 charges
341 255 43 19 me
395 245 66 29 with
509 245 204 39 button-holing

90 285 54 27 and
158 285 114 35 dinning
282 295 58 18 ears
354 285 63 28 with
438 285 45 28 the
505 285 206 37 incompetency

87 324 29 27 of
126 323 46 27 the
184 324 123 33 PAY.D.,
321 323 54 28 and
396 333 47 27 my
466 332 59 19 own
545 325 100 26 virtues
658 325 54 26 and

247 362 38 27 To
306 362 55 29 this
375 362 13 27 I
402 371 48 25 say
464 362 13 27 I
491 362 69 28 have
574 366 43 25 too
631 363 79 29 much

86 405 27 23 to
127 401 33 27 do
174 405 28 24 to
225 399 78 30 allow
322 402 66 26 time
410 402 40 26 for
471 401 46 27 the
536 401 109 32 former,
659 402 52 27 and

85 449 37 17 no
146 440 161 27 inclination
334 440 41 26 for
393 440 38 32 it;
459 440 22 26 it
502 440 21 26 is
542 443 48 23 not
611 449 48 26 my
671 440 27 27 in-

86 476 105 29 tention
203 481 26 24 to
240 482 43 32 try
294 478 40 28 for
347 477 45 28 the
402 476 50 29 hell
464 476 26 28 in
503 476 60 29 that
572 476 139 35 direction,

86 516 88 28 which
366 515 121 36 securely
501 515 85 29 holds.
614 516 97 35 Again,

84 555 67 26 with
165 555 96 34 regard
273 560 28 21 to
315 555 45 26 the
374 554 94 27 Public
482 554 97 27 Works
598 555 97 34 Depart-

85 595 87 29 ment,
385 591 53 28 and
463 591 43 28 his
532 595 87 24 mates
644 591 68 28 have

87 640 74 18 some
177 630 107 27 sinister
297 629 115 28 motives
425 631 29 25 in
466 629 113 36 making
590 629 61 29 that
663 640 32 17 un-

87 668 116 27 founded
224 668 141 28 assertion.
402 668 26 27 It
451 676 92 20 savors
560 668 113 36 muchly
687 669 26 27 of

87 706 52 28 soft
163 716 65 26 soap
253 711 27 24 to
303 706 46 28 the
372 706 30 28 P.
426 706 44 29 W.
493 706 44 34 D.,
558 706 63 30 who
634 707 15 28 I
668 716 43 20 am

88 745 73 36 quite
193 755 60 18 sure
285 745 87 28 would
402 745 92 29 rather
523 745 68 29 have
618 755 15 19 a
663 750 50 24 lair

85 783 129 27 criticism
227 793 34 17 on
276 792 54 26 any
355 783 186 34 shortcoming
561 784 65 33 they
648 793 65 25 may

86 821 47 28 fall
158 821 66 28 into.
273 820 118 38 Finally,
604 830 62 27 says
698 821 14 28 I

87 860 156 29 sometimes
256 860 77 28 catch
348 870 15 18 a
376 861 104 32 Tartar,
494 860 54 28 and
569 860 69 28 have
652 871 60 18 now

86 898 102 34 caught
212 903 62 28 two,
299 898 75 28 three
400 897 34 28 he
458 901 100 26 meant.
595 897 64 30 Will
678 897 34 30 he

85 936 80 27 allow
179 946 43 18 me
236 941 27 23 to
278 940 108 32 suggest
399 936 45 29 the
457 936 153 38 possibility
624 937 29 28 of
670 937 43 28 his

85 974 103 36 having
209 974 99 36 caught
327 984 34 19 an
384 976 192 36 Englishman.
612 977 37 27 As
668 976 45 28 the

85 1013 92 27 Oliver
191 1013 123 28 deserves
327 1023 16 17 a
356 1014 126 33 Holland,
496 1014 37 27 let
550 1023 45 19 me
607 1014 106 28 remind

116 1050 98 30 Korari
264 1051 32 29 of
315 1061 34 19 an
371 1051 92 30 article
485 1051 35 30 he
532 1055 84 27 wrote
628 1052 86 30 under

84 1090 46 27 the
144 1090 119 33 heading
275 1092 29 26 of
349 1092 61 33 Day
580 1092 89 27 where
679 1092 34 26 he

85 1127 190 28 endeavoured
299 1131 28 24 to
351 1136 52 19 run
428 1132 27 23 to
478 1127 76 29 earth
579 1127 47 29 the
652 1137 45 19 con-

87 1168 109 30 tractor,
211 1166 44 27 Mr
268 1165 104 34 Gorrie,
386 1165 61 30 who
461 1176 55 19 was
529 1165 125 37 carrying
667 1171 47 24 out

85 1212 75 19 some
185 1204 76 28 work
285 1207 28 25 at
334 1204 46 28 the
402 1204 87 36 Gorge
511 1204 91 35 claim,
616 1205 77 28 Waka-

85 1242 107 29 marina
203 1252 7 25 ;
229 1243 53 28 and
303 1247 27 24 at
351 1243 45 28 the
416 1253 74 18 same
503 1244 76 33 time,
593 1244 65 28 with
671 1244 43 27 his

84 1281 80 26 usual
202 1281 137 35 audacity,
370 1281 110 27 showed
510 1281 45 27 the
586 1280 128 29 directors

86 1318 69 37 (that
168 1319 23 28 is
203 1320 28 27 in
251 1323 16 12 <k
279 1319 121 29 Koran's
483 1318 62 39 Day
567 1319 116 29 Dreams

85 1367 62 27 way
162 1359 28 27 of
201 1358 123 36 showing
336 1358 102 35 things)
462 1359 60 27 that
543 1358 34 28 he
599 1368 55 18 was
667 1359 46 28 the

84 1405 65 20 man
165 1400 26 25 to
204 1397 79 38 bring
296 1397 45 29 the
354 1397 62 36 gold
430 1400 26 26 to
475 1396 45 30 the
533 1396 67 37 light
611 1397 30 28 of
650 1397 62 36 day,

85 1435 56 27 and
162 1435 64 28 here
249 1437 42 26 his
310 1435 61 27 skill
392 1436 29 25 in
442 1435 203 34 button-holing
668 1436 45 25 did

83 1471 59 28 him
173 1473 100 27 service
304 1481 100 28 among
434 1471 46 28 the
517 1471 194 28 shareholders.

85 1510 57 28 The
158 1510 87 29 result
259 1520 55 19 was
327 1510 59 29 that
399 1510 46 29 the
457 1510 136 33 directors,
603 1510 110 29 dazzled

84 1548 68 28 with
175 1550 42 26 his
239 1549 76 27 blaze
337 1549 30 27 of
384 1549 103 35 genius,
502 1548 131 36 arranged
646 1549 65 27 with

82 1585 47 28 the
142 1590 76 29 great
230 1587 172 35 engineering
421 1586 147 36 luminary,
587 1586 53 27 and
659 1586 39 27 fur-

82 1623 98 28 nished
209 1624 58 30 him
300 1624 63 28 with
395 1633 15 18 a
447 1624 137 28 thousand
614 1633 30 18 or
673 1633 38 18 so.

257 1661 156 29 mentioned
426 1661 21 29 it
466 1665 27 25 to
515 1661 100 28 almost
633 1670 79 28 every

85 1708 75 26 man,
185 1710 108 19 woman
318 1700 53 29 and
402 1700 53 38 boy
485 1699 34 30 he
548 1703 64 26 met.
668 1701 44 28 He

83 1739 101 27 started
222 1739 188 36 pulsometors,
451 1739 54 28 and
686 1739 28 28 of

85 1784 85 28 many
182 1776 81 27 kinds
272 1784 68 20 were
349 1776 118 36 brought
476 1776 57 28 into
544 1776 167 36 requisition.

85 1814 56 28 But
165 1814 47 30 the
237 1818 64 26 tune
322 1814 132 38 changed,
473 1818 28 26 at
522 1814 60 30 first
600 1819 28 25 to
650 1814 63 37 long

85 1858 96 28 metre,
212 1854 54 27 and
298 1854 156 28 afterwards
484 1858 28 24 to
544 1863 64 26 very
637 1854 76 28 short

85 1896 85 23 metre
182 1899 6 25 ;
209 1891 27 28 in
257 1891 54 28 fine
325 1892 46 27 the
384 1901 101 27 money
496 1901 57 19 was
566 1895 87 33 spent,
666 1893 46 26 the

84 1929 63 33 gold
160 1939 56 18 was
228 1934 48 23 not
289 1934 54 32 got,
357 1930 53 27 and
430 1930 46 28 the
490 1930 143 36 Company
653 1939 44 28 pre-

83 1967 95 28 sented
205 1967 45 28 the
273 1969 136 33 engineer,
613 1969 65 28 with
697 1978 16 19 a

83 2014 66 29 very
167 2006 97 38 plastic
285 2007 100 34 medal,
399 2007 90 30 which
511 2016 65 29 may
595 2006 33 30 be
650 2016 63 21 seen

82 2054 55 26 any
163 2046 53 35 day
236 2046 112 35 holding
367 2047 123 32 together
514 2047 46 27 the
580 2047 134 28 fractured

82 2082 67 27 ends
162 2084 29 26 of
201 2092 15 18 a
231 2092 97 27 square
341 2083 30 27 of
389 2084 80 35 glass,
483 2093 35 18 on
531 2084 88 27 which
632 2084 23 27 is
668 2093 30 18 en-

82 2120 100 32 graved
195 2128 5 20 :
330 2121 53 32 W.,
414 2122 76 32 C.E.,
522 2131 61 18 own
614 2131 84 19 corres-

82 2158 121 35 pondent
216 2158 28 28 in
256 2159 100 28 Nelson
368 2165 27 22 to
405 2159 46 28 the
464 2160 80 36 Lyell

83 2200 14 23 i
111 2206 54 23 am,
179 2197 56 32 &c.,
529 2199 150 28 Colonial.

124 2284 85 41 Steps
224 2295 49 22 are
287 2285 88 42 being
386 2286 87 32 taken
485 2286 38 42 by
532 2287 50 32 the
593 2287 121 33 citizens

84 2328 31 31 of
128 2329 129 32 Toronto
271 2332 31 29 to
316 2333 77 28 erect
409 2341 16 20 a
450 2333 95 30 statue
560 2332 32 31 of
614 2333 100 37 Queen

83 2371 131 32 Victoria
247 2373 31 30 in
313 2375 261 31 commemoration
602 2376 32 30 of
664 2376 50 32 the

82 2414 108 32 fiftieth
205 2427 69 30 year
288 2416 31 32 of
330 2416 53 32 her
397 2417 92 41 reign.

123 2459 25 30 A
163 2460 137 31 collector
309 2461 32 30 of
351 2461 51 30 the
417 2462 117 30 curious
546 2472 168 22 announces

84 2502 65 32 that
164 2503 85 41 Mary
263 2504 153 32 continues
431 2509 30 27 to
475 2504 36 33 be
525 2504 51 33 the
600 2506 97 32 favour-

82 2546 39 29 ite
136 2556 87 20 name
238 2547 44 30 for
296 2547 80 39 girls,
393 2548 86 30 Anna
489 2559 97 19 comes
597 2550 116 35 second,

83 2588 157 33 Elizabeth
255 2590 25 32 is
294 2589 89 39 third,
399 2591 98 32 Laura
512 2591 24 32 is
551 2592 109 32 fourth.

100 2665 219 33 (Continuation
332 2667 34 36 of
380 2668 90 32 Neivs,
483 2677 41 18 see
537 2668 48 28 4th
598 2669 98 35 Page.)

1300 66 117 42 THE
1470 62 187 45 LYELL
1709 62 185 49 TIMES,
1952 61 306 54 SATURDAY,
2317 68 134 50 JULY
2507 81 53 38 17,
2621 70 91 39 1886

249 2754 135 39 Mining
402 2756 150 30 Notices.

83 2839 83 32 THE
197 2840 193 32 LAENACH
422 2842 109 31 GOLD
563 2842 150 32 MINING

108 2893 3 43 '
188 2897 200 39 COMPANY,
421 2898 188 33 LIMITED.

85 3012 205 35 rrENDERS
303 3025 48 21 are
363 3015 171 32 INVITED
546 3015 44 32 for
601 3013 111 34 DRIV-

89 3046 28 46 J-
165 3071 71 31 ING
265 3071 168 31 TUNNEL
456 3073 56 29 100
534 3071 118 36 FEET,
682 3081 31 20 as

82 3137 52 30 per
153 3126 212 41 specifications
386 3130 31 29 to
438 3127 35 32 be
496 3138 68 20 seen
586 3130 30 28 at
637 3128 57 30 Fen-

83 3187 101 29 nell's
205 3185 113 32 Hotel.

123 3300 191 32 TENDERS
330 3302 29 30 to
374 3300 35 32 be
435 3300 156 32 addressed
612 3302 31 30 to
668 3300 48 31 Mr

84 3358 42 33 M.
143 3357 180 39 Conradson,
349 3368 66 22 care
440 3358 31 32 of
493 3357 48 32 Mr
565 3357 148 39 Fennell,

85 3416 94 41 Lyell,
205 3417 58 31 and
287 3419 30 29 to
343 3416 128 32 CLOSE
497 3427 39 21 on
564 3416 125 32 THURS-

85 3474 91 37 DAY,
193 3475 78 29 22nd
287 3474 112 37 JULY,
416 3477 30 27 at
461 3476 17 30 7
493 3484 72 30 p.m.

308 3532 47 33 W.
377 3532 260 36 HINDMARSH,

523 3587 153 43 Manager.

125 3650 134 35 Reefton,
275 3648 71 41 July
362 3647 81 37 14th,
461 3650 86 28 1886.

259 3734 118 30 Public
396 3733 152 30 Notices.

164 3814 286 32 PRELIMINARY
478 3814 160 32 NOTICE.

106 3938 9 22 i
162 3928 139 33 GRAND
333 3928 199 32 AMATEUR
566 3928 151 32 ENTER-

89 3960 43 50 A
200 3973 212 31 TAINMENT
429 3974 58 30 and
501 3973 107 30 BALL

266 4038 72 20 WILL
357 4038 34 19 BE
411 4038 75 20 HELD
504 4038 34 19 AT

127 4083 108 32 FEN
250 4084 204 30 NELL'S
508 4083 170 35 HALL,

386 4148 35 20 ON

89 4193 152 29 FRIDAY
256 4191 197 37 EVENING,
470 4191 163 31 AUGUST
656 4191 62 37 6th,

90 4246 55 29 For
157 4245 46 30 the
217 4254 115 28 purpose
346 4244 29 29 of
390 4243 179 37 augmenting
581 4243 46 29 the
640 4243 80 29 funds

183 4285 29 27 of
222 4284 46 28 the
282 4283 71 28 Irish
368 4283 128 28 National
510 4283 116 35 League.

89 4388 116 33 Tickets,
219 4391 28 26 to
262 4386 86 30 admit
361 4386 64 38 lady
438 4386 54 29 and
504 4386 167 38 gentleman,
683 4388 38 27 ss.

212 4494 176 35 Programme
400 4492 29 28 in
442 4494 64 26 next
519 4491 79 29 issue.

291 4546 32 26 R.
343 4546 43 27 W.
406 4544 121 33 M'COY,
541 4545 73 28 Hon.
629 4544 58 28 Sec.

161 4666 25 28 v
189 4687 7 7 -
336 4633 147 94 tl#
588 4664 25 28 e

92 4758 245 32 INANGAHUA
359 4757 162 33 COUNTY
537 4756 185 32 COUNCIL.

111 4872 111 32 DRAY
236 4869 109 35 ROAD
363 4871 54 32 UP
438 4869 266 33 MATAKITAKI.

95 4985 209 33 mENDERS
333 4995 48 21 are
409 4983 172 33 INVITED
605 4983 45 31 for
675 4982 51 31 the

101 5016 28 54 1
177 5045 91 32 above
296 5042 80 34 work
403 5042 31 32 in
463 5041 140 32 THREE
638 5040 66 33 SEC-

94 5102 131 32 TIONS.

134 5204 91 31 Plans
250 5201 59 32 ond
334 5199 214 42 specifications
562 5201 31 29 to
607 5198 35 31 be
659 5208 68 21 seen

94 5265 30 29 at
140 5261 49 32 the
202 5259 177 41 Engineer's
390 5257 99 36 Office,
503 5256 125 32 Reefton
641 5266 6 27 ;
671 5255 57 31 and

94 5322 31 28 at
149 5317 96 31 Rait's
271 5315 100 36 Hotel,
398 5313 182 36 Murchison,
605 5322 38 21 on
671 5312 57 31 and

94 5379 75 30 after
184 5374 196 40 Wednesday,
396 5373 53 32 7tli
464 5372 124 31 instant.

135 5491 192 33 TENDERS
339 5492 30 28 to
381 5489 129 30 CLOSE
527 5498 37 20 on
580 5486 124 31 THURS-

95 5554 92 34 DAY,
200 5552 78 31 22nd
294 5549 114 36 JULY,
421 5551 30 28 at
468 5549 35 29 12
519 5546 111 32 o'clock
640 5557 88 20 noon.

135 5667 63 31 The
213 5666 103 30 lowest
341 5673 31 21 or
395 5672 59 29 any
475 5660 104 32 tender
603 5661 53 29 not
680 5670 32 20 ne-

93 5724 140 40 cessarily
248 5720 147 41 accepted.

253 5778 135 33 EDWD.
411 5776 36 31 B.
471 5774 178 36 GARVEN,

396 5821 117 41 County
527 5818 161 42 Engineer.

911 201 135 38 Mining
1064 201 151 31 Notices.

805 280 250 30 APPLICATION
1077 282 74 28 FOR
1173 282 132 30 LEASE.

888 385 102 30 Nelson
1005 387 178 29 South-West
1197 388 158 30 Goldfields.

1002 425 64 28 16th
1086 425 75 37 Jul}',
1177 428 75 27 1880.

773 475 39 28 To
832 483 56 20 the
906 475 130 30 Warden
1054 484 33 21 at
1106 476 207 31 Murchison

738 528 116 57 WE
868 528 101 36 hereby
982 529 83 36 apply
1077 530 42 27 lor
1137 539 16 18 a
1175 530 71 28 Gold
1266 531 109 36 Mining

865 566 85 26 Lease
980 567 30 27 of
1036 567 47 27 the
1107 566 79 28 lands
1211 568 163 27 hereinafter

740 602 149 35 described,
908 603 28 28 in
955 604 166 29 accordance
1143 604 65 30 with
1231 604 46 30 the
1303 606 71 29 Gold

741 641 107 36 Mining
869 641 100 29 Leases
990 642 178 35 Regulations
1181 644 30 27 of
1228 644 67 28 New
1308 644 48 28 Zea-

739 678 73 34 land,
827 679 53 28 and
899 689 41 19 we
953 689 89 28 agree,
1056 689 73 28 upon
1143 681 47 29 the
1202 682 132 36 approval
1346 682 31 29 of

739 718 56 27 this
814 718 174 37 application,
1001 722 29 25 to
1042 724 109 24 execute
1171 729 16 19 a
1207 720 71 29 lease
1298 729 75 28 upon

739 756 46 27 the
798 757 73 28 basis
883 757 107 28 therein
1010 758 96 32 stated,
1120 758 24 27 if
1162 759 47 27 the
1232 758 142 29 Governor

740 794 71 27 shall
825 794 80 28 think
917 795 31 27 fit
961 797 29 25 to
1002 799 81 31 grant
1095 796 46 27 the
1155 805 84 18 same.

894 847 139 30 ELIJAH
1047 848 119 35 BUNN,
1179 849 155 37 Applicant.

829 886 55 33 Fqr
895 886 27 28 J.
936 886 188 35 PHILLIPS,
1139 885 54 31 and

897 924 229 30 E.CARROLL.

774 1026 89 30 Name
870 1027 54 29 and
931 1027 110 30 address
1051 1029 29 28 in
1092 1028 49 30 full
1151 1029 31 29 of
1188 1028 186 39 applicants

809 1065 75 31 John
915 1067 123 38 Phillips,
1068 1069 93 35 Elijah
1195 1069 92 34 Bunn,
1318 1069 55 29 and

808 1105 121 26 Edward
950 1106 113 32 Carroll,
1083 1107 30 26 of
1128 1107 95 26 Owen.

776 1154 75 37 Style
873 1154 87 30 under
983 1156 91 29 which
1099 1156 22 29 it
1145 1157 24 28 is
1192 1156 129 29 intended
1345 1159 28 27 to

810 1194 115 27 conduct
971 1194 45 28 the
1058 1194 123 29 business
1233 1195 141 29 Excelsior

811 1232 100 35 Quartz
926 1232 108 35 Mining
1046 1233 153 37 Company.
1225 1253 5 5 -

774 1283 103 28 Extent
890 1284 30 27 of
935 1284 105 35 ground
1059 1284 109 37 applied
1185 1284 188 29 forSixteen

809 1322 54 29 and
877 1322 89 29 a-half
976 1331 84 21 acres.

775 1373 149 29 Minimum
938 1375 116 28 number
1066 1375 32 28 of
1107 1385 64 19 men
1193 1376 133 37 proposed
1345 1379 29 27 to

808 1413 31 27 be
853 1413 144 36 employed
1009 1413 37 37 by
1063 1414 47 28 the
1129 1415 174 29 lesseeFor
1326 1415 47 29 the

809 1451 59 26 first
898 1451 95 27 twelve
1021 1452 122 31 months,
1162 1454 17 24 2
1197 1460 82 25 men;
1312 1453 46 27 sub-

809 1488 151 38 sequently,
990 1487 82 31 when
1100 1489 31 29 in
1160 1488 52 30 full
1235 1489 84 36 work,
1340 1491 32 28 12

807 1536 75 18 men.

773 1577 123 29 Amount
915 1577 31 29 of
964 1578 99 37 capital
1085 1579 134 37 proposed
1232 1582 29 26 to
1279 1580 33 28 be
1331 1580 27 28 in-

808 1616 93 29 vested
902 1617 162 33 j12,000.

773 1667 137 36 Proposed
922 1667 125 38 modejof
1063 1667 124 38 working
1204 1668 48 30 the
1270 1668 101 30 land

807 1706 136 38 Ordinary
956 1707 81 29 mode
1049 1707 31 29 of
1089 1710 94 35 quartz
1197 1707 116 38 mining.

774 1758 105 27 Precise
925 1758 113 36 locality
1108 1760 84 27 Owen
1249 1760 122 27 District.

807 1795 135 29 Bounded
988 1806 37 19 on
1070 1796 46 29 the
1147 1799 68 27 west
1249 1796 37 39 by
1325 1797 48 30 the

809 1835 132 29 Bonanza
967 1836 101 35 Quartz
1091 1836 108 38 Mining
1218 1837 154 37 Company,

807 1873 56 28 and
877 1883 35 18 on
925 1873 46 29 the
988 1874 91 34 north,
1093 1875 89 33 south,
1197 1875 54 28 and
1265 1879 58 25 east
1335 1875 37 37 by

808 1911 98 29 Crown
925 1912 101 28 Lands.

773 1963 82 28 Term
875 1963 41 29 for
927 1963 91 29 which
1036 1964 72 29 lease
1131 1964 24 29 is
1176 1965 195 38 requiredls

808 2012 87 28 years.

774 2056 78 26 Time
861 2055 30 27 of
897 2057 191 35 commencing
1093 2057 281 35 operationsWhen

809 2092 71 29 lease
893 2092 24 29 is
929 2092 122 38 granted.

774 2191 58 29 The
854 2191 84 30 above
960 2191 166 38 application
1139 2191 54 30 and
1211 2201 55 27 any
1285 2192 72 37 objec-

741 2231 57 27 tion
812 2230 103 29 thereto
927 2231 57 28 will
997 2231 32 28 be
1042 2231 84 28 heard
1135 2234 28 24 at
1173 2231 46 28 the
1228 2231 145 28 Warden's

741 2268 84 27 Office
838 2272 28 24 at
880 2268 168 34 Murcliion,
1061 2278 37 18 on
1110 2268 186 36 TUESDAY,
1306 2269 66 28 28th

742 2306 237 36 SEPTEMBER,
993 2306 77 30 1886.

774 2358 63 36 Any
858 2368 97 26 person
978 2358 118 36 desiring
1117 2363 28 24 to
1166 2359 88 37 object
1276 2363 29 25 to
1326 2360 47 28 the

741 2396 70 28 issue
825 2396 29 28 of
863 2405 14 19 a
891 2396 108 37 Mining
1017 2397 85 29 Lease
1123 2406 75 28 upon
1219 2397 47 29 the
1288 2397 84 29 above

741 2434 162 36 application
931 2439 83 30 must,
1039 2435 98 29 within
1157 2438 36 26 30
1211 2436 72 28 clear
1305 2436 68 36 days

739 2473 70 27 from
822 2473 46 27 the
889 2473 62 27 date
972 2473 30 28 of
1021 2474 66 27 such
1108 2474 174 37 application,
1297 2478 77 25 enter

740 2511 43 28 his
804 2511 135 36 objection
959 2515 27 25 at
1007 2512 45 29 the
1074 2511 144 30 Warden's
1239 2513 83 28 Office
1345 2518 29 23 at

741 2548 87 35 Lyell.

842 2598 152 29 ALFRED
1012 2600 34 27 A.
1066 2600 201 35 CORFIELD,

1143 2640 52 28 Pro
1208 2640 129 28 Warden.

821 2674 144 30 Warden's
981 2675 93 35 Office,

776 2713 87 36 Lyell.
878 2714 65 28 16th
960 2714 77 35 July,
1051 2716 76 28 1886.

912 2793 119 31 Public
1049 2793 151 32 Notices.

849 2871 174 40 JONES
1051 2873 85 38 and
1166 2873 95 48 CO.,

741 2933 260 60 Furniture
1021 2935 21 28 &
1062 2935 176 30 bedding
1253 2937 95 30 manu-

938 2972 231 35 facturers,

789 3018 120 32 WOOD
932 3020 21 30 &
974 3019 126 32 IVORY
1122 3020 201 35 TURNERS.

741 3116 99 37 Spring
853 3116 55 28 anil
921 3116 73 29 Wire
1014 3117 160 30 Mattrasses
1186 3119 29 28 in
1228 3120 77 28 stock
1318 3120 55 29 and

948 3155 80 29 made
1040 3158 28 26 to
1081 3156 87 30 order.

741 3193 181 29 Washstands
931 3194 55 27 and
995 3194 106 34 Tables,
1111 3195 71 28 from
1195 3196 44 36 15/
1249 3196 46 28 the
1307 3198 67 35 pair.

786 3231 119 28 Kitchen
917 3232 97 27 Tables
1028 3233 54 26 and
1095 3233 97 29 Chairs
1204 3234 30 27 in
1246 3235 85 28 stock.

741 3308 244 31 N.B.Billiard
999 3307 84 32 Balls
1097 3309 165 32 Re-turned
1276 3311 60 30 and

994 3351 144 33 Coloured
1152 3353 88 42 equal
1254 3356 31 31 to
1299 3365 75 23 new.

743 3435 529 34 Workshops:PALMERSTON
1305 3438 68 38 ST.,

778 3489 129 37 Opposite
922 3488 101 28 Messrs
1035 3489 87 29 Bailie
1136 3490 19 28 &
1171 3490 72 29 Co.'s
1255 3491 86 35 Store,

1037 3528 55 29 and

744 3574 171 31 HENLEY
932 3574 69 38 ST.,
1009 3575 131 40 opposite
1146 3575 103 32 Public
1258 3576 117 39 School,

936 3633 255 31 WESTPORT.

745 3712 31 39 A
797 3712 254 39 Wonderful
1084 3713 118 39 Book
1223 3714 71 39 for
1321 3717 56 37 Is.

964 3772 170 22 CONTAINING
1147 3773 6 21 :

754 3858 232 263 @25
1004 3929 166 30 Marvellous
1333 3930 37 59 J|

943 4090 65 33 only
1021 4099 16 17 a
1049 4099 61 18 com
1114 4100 65 18 man

960 4135 17 28 P
1041 4126 31 29 f
1086 4126 78 30 cards
1197 4156 180 101 Eg|||g^

759 4182 171 165 ra
969 4280 111 28 needed.
1118 4281 46 28 All

947 4317 67 36 fully
1024 4318 158 36 explained;
1209 4308 161 57 gflPi|

1035 4356 65 33 also,

750 4480 135 36 Amusing
906 4481 122 33 Eiddles,
1041 4480 147 35 Charades,
1202 4483 111 33 Games,
1327 4483 54 34 &c.,

1003 4519 54 30 and
1070 4529 66 20 over

752 4565 73 33 200
849 4565 122 33 Tricks
993 4567 86 31 with
1102 4567 189 41 Conjuring
1318 4568 43 40 Ap-

990 4605 150 38 paratus.

750 4647 43 27 All
808 4648 161 33 illustrated,
983 4648 153 35 explained,
1150 4647 54 27 and
1220 4647 81 28 made
1320 4648 48 27 sim-

750 4685 54 36 ple,
817 4685 67 29 with
898 4695 15 19 a
927 4686 141 34 catalogue
1081 4685 31 29 of
1125 4685 126 34 English,
1266 4686 117 34 French,

752 4723 53 29 and
827 4724 146 29 American
997 4725 149 33 Novelties,
1167 4724 111 34 Games,
1302 4725 82 36 Toys,

752 4762 53 32 &c.,
820 4763 127 34 covering
960 4773 65 18 over
1047 4764 51 28 800
1120 4772 91 27 pages,
1233 4763 55 28 and
1313 4763 59 28 illus-

752 4800 88 27 trated
853 4801 66 28 with
929 4802 52 27 400
990 4801 78 28 wood
1079 4800 101 29 blocks.
1217 4801 73 28 Both
1303 4801 82 28 books

931 4838 101 28 mailed
1046 4839 55 27 free
1114 4838 41 28 for
1169 4839 38 27 Is.

792 4886 240 372 fjACK
1063 4894 56 20 AND
1154 4894 48 20 HIS

963 4961 171 28 Mechanical
1155 4961 36 36 fig-

962 5008 63 20 ures
1060 5000 85 28 dance
1175 5002 29 26 to

964 5038 95 34 music,
1071 5038 54 29 and
1134 5038 68 37 keep
1254 5029 106 54 jjfwtjZ

964 5077 101 32 perfect
1082 5078 75 31 time,
1173 5078 28 26 Is

962 5115 35 27 3d
1010 5114 143 34 each,pair
1160 5115 39 25 2s.

998 5152 61 28 The
1079 5151 119 28 Wizard
1287 5158 54 40 vy

964 5199 34 21 of
1010 5199 55 19 the
1076 5191 126 27 North's

757 5279 72 27 Pack
849 5279 30 27 of
897 5278 93 31 Cards,
1008 5276 152 28 wonderful
1181 5276 119 33 changes
1321 5274 67 28 with

756 5315 138 36 lightning
905 5315 128 37 rapidity,
1047 5315 29 26 Is
1088 5313 35 28 2d
1135 5316 62 33 post
1209 5313 64 27 free.

792 5355 34 29 N.
853 5355 27 29 S.
905 5353 45 31 W.
975 5358 104 32 stamps
1099 5351 83 30 taken
1204 5354 28 27 at
1253 5361 57 28 par,
1329 5353 62 35 post

757 5394 76 27 office
847 5394 92 26 orders
952 5402 29 17 or
1000 5391 90 37 postal
1112 5395 78 22 notes
1211 5389 145 37 preferred,
1369 5389 24 27 if

758 5435 105 33 stamps
876 5431 30 29 of
915 5430 79 29 other
1008 5428 118 30 colonies
1139 5438 44 19 are
1197 5431 63 26 sent
1280 5428 53 29 add
1355 5429 36 28 2d

757 5473 28 24 in
799 5471 46 26 the
858 5470 112 34 shilling
981 5469 42 27 for
1035 5469 148 34 exchange.

796 5548 74 28 Take
879 5547 99 29 Notice
979 5547 76 27 To
1075 5545 138 28 advertise
1234 5555 52 17 our
1306 5544 67 28 Busi-

757 5594 69 22 ness,
840 5593 39 17 we
891 5584 61 26 will
967 5584 52 34 for
1036 5591 18 18 a
1074 5583 78 26 short
1171 5583 66 26 time
1258 5582 66 26 send
1347 5582 44 25 the

757 5621 87 30 whole
858 5621 33 37 of
901 5620 45 30 the
958 5621 83 28 above
1053 5619 158 30 mentioned
1232 5618 111 30 articles
1364 5619 26 28 to

758 5671 50 17 one
821 5661 114 26 address
944 5661 65 34 post
1016 5659 82 35 paid,
1102 5659 51 35 for
1165 5661 30 25 2s
1209 5658 44 27 6d.

939 5697 119 27 Address
1072 5696 36 28 all
1122 5696 91 27 orders

759 5736 40 31 H.
814 5735 138 32 YOEKE
969 5736 21 29 &
1006 5734 62 36 Co.,
1081 5736 64 29 40k
1153 5733 114 40 George
1284 5732 106 37 Street,

1016 5777 126 41 Sydney.

785 5823 75 30 Lock
874 5823 58 29 Box
945 5823 31 29 41
992 5822 73 35 King
1079 5821 97 36 Street,
1192 5821 64 29 Tost
1270 5820 94 29 Office.

1909 196 119 32 Public
2056 195 150 31 Notices.

1409 386 112 109 $$
1544 431 338 64 'B6ADTUMH
1917 431 31 61 i
1983 429 173 63 WINTER
2197 429 368 63 DRAPERY~'B6.

1675 579 245 63 JOHN
1981 576 451 64 FENNELL

1409 682 61 30 Has
1483 683 85 29 much
1585 683 125 39 pleasure
1729 685 29 28 in
1781 683 176 36 announcing
1976 685 28 26 to
2023 681 47 29 the
2091 680 171 31 inhabitants
2284 683 29 28 of
2335 683 79 37 Lyell
2439 684 55 28 and
2519 685 184 37 surrounding

1784 723 119 29 districts
1925 722 46 29 the
1994 720 101 31 arrival
2119 722 30 28 of
2166 732 15 18 a
2200 722 125 28 LARGE

1409 795 270 132 STOCK
1729 795 107 132 OF
1887 795 350 132 WINTER
2293 800 407 127 DRAPERY

1921 970 271 30 COMPRISING

1444 1042 96 43 The
1563 1044 158 42 Latest
1743 1044 226 42 Novelties
1987 1043 85 41 and
2097 1042 213 42 Fashions
2331 1040 39 41 in
2394 1040 165 42 Ladies'
2580 1041 85 41 and

1751 1099 154 39 Gents'
1934 1098 206 48 Wearing
2159 1097 200 48 Apparel,

1410 1186 67 31 And
1501 1186 107 32 invites
1631 1197 39 21 an
1693 1186 165 42 inspection
1882 1186 32 32 of
1935 1186 50 32 the
2009 1197 89 26 same,
2124 1186 109 40 feeling
2257 1196 66 20 sure
2349 1186 65 32 that
2438 1187 45 31 for
2510 1187 190 39 VARIETY,

1559 1231 189 39 QUALITY,
1762 1231 61 32 and
1837 1231 139 32 VALUE
1992 1231 71 40 they
2077 1230 159 33 CANNOT
2251 1230 36 32 be
2304 1231 247 32 SURPASSED.

1410 1412 142 40 Ladies'
1589 1415 71 37 and
1695 1414 198 39 Children''s
1942 1414 214 39 WINTER
2199 1413 145 38 HATS
2382 1412 38 38 in
2460 1414 52 37 all
2554 1414 145 49 Shapes.

1426 1500 14 18 *
2032 1509 33 25 :0
2069 1509 10 25 :

1445 1602 109 30 Ladies'
1569 1602 157 30 WINTER
1738 1602 164 30 JACKETS
1916 1603 55 29 and
1984 1603 114 29 CAPES
2111 1603 29 28 in
2153 1604 37 28 all
2202 1604 46 28 tke
2260 1605 109 29 Newest
2384 1606 104 37 Shapes
2501 1607 55 28 and
2570 1608 97 37 Styles.

1556 1677 87 39 New
1663 1677 167 39 Feathers
1846 1679 7 36 !
1895 1677 87 39 New
2003 1677 150 40 Flowers
2169 1680 7 37 !
2218 1680 86 39 New
2326 1682 205 50 Trimmings
2547 1685 8 37 I

1507 1759 49 29 All
1583 1759 51 31 the
1662 1759 94 31 NEW
1785 1759 58 30 and
1870 1759 288 31 FASHIONABLE
2188 1760 166 32 WINTER
2382 1762 132 31 DRESS
2537 1762 163 37 STUFFS,

1712 1833 68 33 And
1801 1834 235 34 TRIMMINGS
2057 1835 31 33 of
2105 1847 87 30 every
2212 1836 187 41 description.

2043 1948 19 25 0

1412 2013 140 73 MEN'S,
1587 2013 120 63 BOYS'
1742 2013 69 63 and
1846 2015 178 61 YOUTHS'
2062 2015 211 64 CLOTHING
2309 2018 35 61 in
2377 2020 147 61 Endless
2547 2020 153 76 Variety.

1820 2315 118 32 CLIFF
1961 2317 169 40 STREET,
2152 2321 146 34 LYELL.

1581 2434 119 32 Public
1717 2435 152 30 Notices.

1411 2519 208 36 BROWN'S
1639 2519 120 36 BOOT
1786 2517 258 37 EMPORIUM

1660 2575 133 28 LYELL.

1606 2622 139 19 -:o:

1411 2651 43 66 J
1490 2651 139 29 BROWN
1643 2653 30 27 in
1686 2651 136 36 thanking
1834 2651 43 28 his
1895 2660 149 19 numerous

1507 2695 149 24 customers
1686 2691 42 28 for
1757 2693 63 33 past
1848 2689 118 34 favours,
1990 2689 54 28 and

1411 2729 106 36 hoping
1541 2729 42 28 for
1604 2739 16 18 a
1642 2729 181 28 continuance
1844 2729 30 26 of
1891 2728 47 27 the
1958 2737 85 23 same,

1410 2767 100 28 wishes
1521 2770 46 25 too
1580 2768 52 27 call
1645 2767 72 28 their
1735 2767 135 27 attention
1884 2768 29 27 to
1926 2766 44 27 his
1983 2775 61 19 new

1410 2804 78 29 stock
1509 2805 31 28 of
1561 2805 109 28 Ladies'
1696 2804 97 28 Maids'
1816 2804 56 28 and
1890 2803 154 29 Children's

1410 2843 86 28 Boots
1516 2843 31 27 in
1568 2847 76 32 great
1666 2844 114 35 variety.
1816 2842 77 32 Also,
1907 2842 43 28 his
1968 2842 75 37 large

1410 2881 56 28 and
1478 2881 96 28 varied
1587 2881 78 29 stock
1677 2881 31 28 of

1410 2933 119 38 Men.s,
1542 2933 141 32 Youths'
1698 2933 26 31 &
1738 2932 99 39 Boys'
1856 2933 105 30 Boots
1975 2933 69 31 and

1667 2969 118 32 Shoes.

1411 3043 87 27 Fresh
1512 3043 92 27 Goods
1616 3044 120 33 arriving
1757 3043 135 33 monthly,
1905 3041 91 28 which
2010 3041 34 26 he

1444 3079 24 28 is
1481 3080 116 34 offering
1609 3083 29 24 at
1650 3081 87 34 prices
1750 3082 29 24 to
1790 3080 53 25 suit
1856 3080 47 25 the
1917 3079 91 26 times.

1410 3117 46 28 All
1480 3117 139 37 imported
1652 3117 84 36 goods
1766 3115 116 28 marked
1912 3116 28 27 in
1968 3116 76 36 plain

1671 3155 111 36 figures.

1448 3232 69 28 N.B.
1520 3232 57 27 A
1589 3232 99 36 supply
1702 3232 29 27 of
1751 3231 89 28 North
1854 3230 104 28 British
1973 3231 71 27 Gum

1413 3270 85 28 Boots
1524 3270 54 28 and
1603 3271 70 27 Own
1699 3269 81 29 Make
1800 3269 183 36 Watertights
2008 3269 24 28 al-

1413 3318 75 26 ways
1500 3317 36 18 on
1548 3309 84 27 hand.

1449 3346 116 37 Repairs
1576 3345 141 38 promptly
1727 3345 131 30 executed
1870 3344 56 29 and
1938 3345 107 29 elastics

1414 3385 131 29 inserted.

1441 3463 71 28 Note
1524 3462 48 28 the
1582 3462 271 29 Address:JOHN
1874 3462 148 32 BROWN,

1415 3510 88 32 Boot
1526 3509 28 33 &
1580 3509 210 33 Shoemaker
1811 3509 27 32 &
1867 3509 179 40 Importer,

1478 3556 140 35 (Opposite
1632 3555 80 26 Bank
1725 3555 31 27 of
1766 3556 66 25 New
1847 3555 140 32 Zealand.)

1532 3637 186 37 JAMES
1758 3637 171 38 RYAN,

1735 3724 39 33 O
1782 3724 265 32 TOREKEEPER,
2178 3730 114 27 Dealers
2305 3730 80 35 in,all
2397 3730 180 34 descriptions
2591 3729 31 27 of

1417 3756 60 29 U
1674 3801 153 12 or
2093 3777 104 28 FARM
2234 3777 78 28 AND
2349 3777 119 28 DAIRY
2505 3776 188 29 PRODUCE.

1565 3802 85 29 Cliff
1674 3802 119 33 Street,
1813 3802 86 27 Lyel.

2077 3854 98 28 Hotels
2183 3854 56 28 and
2251 3854 131 28 Families
2391 3853 100 28 waited
2503 3862 36 19 on
2552 3853 41 27 for
2602 3852 109 29 Orders.

1416 3932 92 29 Goods
1522 3931 133 37 carefully
1667 3929 105 39 packed
1786 3932 27 27 to
1827 3929 36 29 all
1876 3932 74 34 parts
1964 3928 30 29 of
2003 3928 46 29 the
2111 3931 99 29 Orders
2230 3930 137 29 delivered
2386 3933 29 26 to
2436 3930 38 28 all
2495 3932 75 35 parts
2584 3938 14 20 o
2630 3930 46 28 the

1673 3969 115 28 district.
2335 3970 123 26 District.

2241 2440 118 31 Public
2384 2443 150 31 Notices.

2074 2517 161 38 FERN
2283 2521 154 38 FLAT
2483 2523 218 47 HOTEL,

2230 2579 125 30 UPPER
2385 2583 164 30 DULLER.

2073 2655 6 27 I
2094 2661 8 22 I
2117 2655 63 28 IHE
2195 2656 85 30 above
2293 2658 176 30 well-known
2486 2661 73 28 hotel
2579 2663 23 26 is
2624 2663 80 33 again

2079 2688 37 26 J-
2124 2731 6 5 _
2161 2695 87 28 under
2258 2696 45 28 the
2315 2704 194 30 management
2517 2700 29 28 of
2556 2700 44 29 Mr
2611 2702 94 28 Alfred

2073 2731 100 35 Smith,
2183 2733 47 28 the
2243 2735 101 27 former
2356 2738 158 33 proprietor.

2105 2808 92 38 Every
2211 2811 237 29 accommodation
2457 2814 54 27 and
2524 2816 181 28 convenience

2071 2846 40 28 for
2124 2848 140 28 travellers
2276 2849 119 29 between
2411 2852 46 27 the
2470 2852 77 29 West
2560 2853 81 28 Coast
2652 2855 53 27 and

2073 2884 110 35 Nelson,
2204 2887 150 37 Hampden
2378 2889 173 34 Matakitaki,
2575 2891 129 38 Glenroy,

2072 2923 115 35 Maruia,
2201 2926 54 28 aud
2268 2926 46 28 the
2328 2927 83 29 Owen
2426 2929 88 28 Reefs.

2072 2998 160 29 Newman's
2246 2998 89 36 Royal
2358 2999 67 28 Mail
2446 2999 70 29 Line
2537 3000 29 29 of
2584 3000 121 29 Coaches

2106 3037 80 26 make
2211 3037 55 27 this
2288 3037 137 35 hostelery
2445 3039 46 26 the
2514 3039 59 26 first
2594 3039 77 34 day's

2140 3078 75 31 stage
2229 3074 69 28 from
2310 3074 76 28 West
2394 3076 82 27 Coast
2486 3077 27 25 to
2525 3076 111 26 Nelson.

2106 3149 124 29 Tourists
2244 3159 49 18 can
2307 3149 33 29 be
2354 3150 130 36 provided
2498 3151 65 27 with
2575 3161 81 25 every
2666 3162 26 18 re-

2073 3188 153 35 quirement
2238 3190 42 26 for
2290 3189 113 33 visiting
2415 3190 47 26 the
2475 3190 76 27 lakes
2564 3190 54 28 and
2631 3200 56 27 mag-

2072 3226 112 28 nificent
2197 3227 182 35 surrounding
2391 3232 125 31 country.

2107 3265 104 27 Horses
2224 3265 54 28 and
2297 3266 146 35 equipages
2456 3276 15 17 a
2485 3266 151 37 speciality.

2255 3312 188 37 ALFRED
2467 3313 161 46 SMITH,

2507 3357 164 37 Proprietor.

2132 3445 109 43 iSS

2329 3444 155 38 WOLF
2531 3443 35 39 &
2611 3443 96 47 CO.,

2391 3545 170 18 WHOLESALE
2591 3545 55 18 AND

2076 3636 56 57 g
2180 3638 35 38 U
2262 3638 35 36 T
2343 3639 32 36 C
2415 3638 37 36 H
2500 3638 33 36 E
2574 3637 132 37 RS,

1432 4095 105 26 BANK
1557 4095 111 26 PRICE
1689 4094 119 26 GIVEN
1829 4093 73 26 FOR
1921 4093 110 26 GOLD.

1435 4173 359 39 WELCOME
1865 4172 165 45 INN,

1679 4231 104 29 Lyell.

1529 4309 153 31 ELLEN
1712 4308 233 32 WILLIAMS

1507 4358 14 18 ..
1525 4368 8 4 .
1539 4363 6 9 i
1668 4359 27 13 i.l.
1703 4368 9 4 .
1888 4368 22 7 '<r
1935 4358 21 18 fo
1961 4366 80 10 TTAIIVC

1458 4373 22 14 ii
1507 4372 142 23 returning
1671 4373 98 13 luluiiyo
1787 4375 39 11 iui
1933 4368 117 21 lavOUis,

1420 4389 35 31 J-
1493 4399 64 35 begs
1575 4403 27 23 to
1623 4398 99 27 inform
1740 4398 49 27 her
1807 4397 103 28 friends
1929 4396 54 28 and
2006 4396 45 28 the

1420 4437 89 37 public
1530 4438 60 27 that
1612 4436 48 28 she
1684 4437 51 27 has
1756 4437 57 35 just
1834 4435 155 37 completed
2009 4444 28 18 ex-

1421 4476 102 27 tensive
1543 4476 136 26 additions
1703 4474 54 28 and
1776 4474 160 27 alterations
1957 4478 28 23 to
2004 4473 49 27 her

1421 4514 140 37 premises,
1580 4513 55 29 and
1654 4513 46 28 the
1723 4513 208 27 accomodation
1949 4511 23 29 is
1990 4520 63 20 now

1637 4551 192 36 unsurpassed.

1421 4629 74 33 Ales,
1519 4629 103 31 Wines,
1645 4629 54 26 and
1722 4628 97 34 Spirits
1845 4628 29 26 of
1896 4627 159 27 First-class

1594 4666 110 36 Quality
1719 4666 64 34 only
1797 4666 72 35 kept.

1492 4744 77 29 Good
1588 4742 126 35 Stabling
1732 4742 253 28 Accommodation.

1595 4791 127 27 ELLEN
1747 4790 205 31 WILLIAMS,

2250 4046 71 29 Note
2336 4045 48 30 the
2397 4044 123 30 Address

2096 4095 112 28 |S*W
2228 4095 22 25 0
2270 4095 22 25 L
2313 4094 22 25 F
2406 4094 25 25 A
2450 4093 22 26 N
2495 4093 24 25 D
2603 4092 19 26 C
2643 4093 50 32 0.,

2130 4132 71 29 Next
2225 4132 47 28 the
2298 4132 189 27 Government
2505 4130 154 36 Buildings,

2224 4172 85 26 Cliff
2330 4170 118 31 Street,
2468 4170 103 26 Lyell.

2156 4263 186 38 GEORGE
2373 4263 42 37 E.
2439 4262 193 44 LEVIEN,

2080 4326 123 29 Member
2213 4328 28 26 of
2249 4326 44 27 the
2302 4325 235 28 Pharmaceutical
2545 4325 106 36 Society
2658 4324 55 28 and

2165 4365 237 29 Pharmaceutical
2422 4364 165 28 Conference
2599 4364 31 28 of

2287 4405 84 27 Great
2389 4404 116 32 Britain,

2084 4460 203 63 SURGEON
2326 4459 173 32 DENTIST,
2531 4459 181 34 CHEMIST,

2242 4498 79 29 AND
2340 4497 205 35 DRUGGIST,

2295 4537 205 35 (REGISTERED.)

2081 4617 54 26 For
2148 4617 33 26 20
2193 4624 78 26 years
2290 4614 148 36 practising
2460 4614 29 27 in
2508 4614 205 34 Marlborough,

2083 4653 53 27 and
2149 4653 53 27 late
2217 4652 31 28 of
2267 4652 101 27 Nelson
2389 4651 128 34 districts,
2531 4652 23 26 is
2573 4661 62 19 now
2655 4662 43 26 pre-

2180 4690 81 37 pared
2276 4695 26 23 to
2317 4690 94 28 attend
2425 4690 127 36 patients,
2566 4691 55 27 and

2118 4749 70 28 CAN
2220 4749 50 26 BE
2302 4747 225 28 CONSULTED
2564 4747 117 28 DAILY

1803 4828 218 26 Pi.'opkietkess.
2085 4826 97 26 Rooms
2206 4832 30 19 in
2260 4824 186 27 Commercial
2476 4823 111 33 Hotel,
2611 4824 103 28 Lyell.

2001 4983 27 41 T
2048 4982 82 40 RY

1426 5091 36 25 02

1426 5121 36 81 3
1503 5128 55 67 H

1427 5203 35 26 i-a

1502 5127 79 68 K
1614 5127 25 68 1
1675 5127 84 71 R
1789 5124 638 71 KPATRIC

1868 5471 63 45 at
2089 5471 41 45 mi
2131 5471 44 45 a

2053 5507 9 21 J
2108 5503 34 24 fewl
2149 5500 14 27 ii
2168 5513 13 13 uf
2182 5502 22 24 ill

1686 5722 83 41 IT
1845 5722 72 41 IS
1995 5721 151 39 THE
2222 5721 200 42 BEST

2911 197 118 30 Public
3053 197 150 29 Notices.

2935 280 248 28 NOTICE.

2739 356 38 28 To
2793 355 46 30 the
2853 355 171 31 inhabitants
3032 359 26 26 ot
3072 355 79 36 Lyell
3162 355 55 29 and
3227 355 128 29 surround-

2968 398 47 33 ing
3027 396 114 27 district.

2877 470 170 38 HENRY
3078 469 165 38 YOUNG

2740 529 133 56 BEGS
2888 534 26 23 to
2928 531 125 26 intimate
3072 530 61 27 that
3153 529 34 27 he
3212 529 109 27 intends
3345 532 27 24 to

2837 572 67 23 start
2917 567 116 36 Baking,
3048 567 54 27 and
3114 567 37 35 by
3173 565 102 37 paying
3297 565 76 28 strict,

2740 605 134 28 attention
2888 611 27 22 to
2930 605 41 28 his
2992 605 123 28 business
3136 609 27 23 to
3185 604 82 28 merit
3288 614 16 18 a
3322 604 51 28 fair

2740 642 79 28 share
2834 644 30 26 of
2873 647 122 33 support.
3033 644 57 27 The
3103 644 71 36 price
3187 643 55 27 will
3255 642 31 28 be

2837 714 25 37 4
2864 700 50 41 lb.
2937 701 146 40 LOAF
3142 725 13 6 -
3212 699 60 51 gd.

2775 792 38 27 H.
2832 792 132 27 YOUNG
2977 792 110 28 intends
3101 797 27 22 to
3142 792 98 36 supply
3253 791 46 28 the
3307 800 66 28 very

2740 830 57 29 best
2812 832 104 36 quality
2927 832 29 27 of
2966 831 91 28 bread.
3095 832 23 26 A
3126 831 73 34 large
3210 834 163 25 assortment

2741 870 29 26 of
2792 870 80 27 small
2897 870 84 34 goods
3011 869 80 28 made
3122 879 81 26 every
3227 869 145 36 Saturday.

2742 907 123 34 Nothing
2886 908 50 28 but
2956 908 45 28 the
3027 908 58 27 best
3100 908 176 34 .ingredients
3297 907 75 32 used,

2740 946 54 27 and
2808 946 162 37 everything
2984 946 57 28 sold
3056 952 27 22 at
3097 946 139 37 Westport
3248 946 96 36 prices.

2741 1028 197 29 CHRISTENING,
2969 1030 142 27 WEDDING,
3141 1030 56 20 AND
3233 1030 141 20 BIRTHDAY

2825 1071 87 18 CAKES
2930 1071 77 18 MADE
3026 1072 35 18 ON
3080 1071 55 18 THE
3154 1071 140 18 SHORTEST

2930 1108 130 18 POSSIBLE
3079 1107 109 19 NOTICE.

2775 1176 70 26 Note
2860 1176 45 27 the
2919 1176 153 27 Address

2740 1226 110 53 ALL
2873 1227 240 53 NATIONS
3142 1227 233 53 BAKERY

2811 1294 138 38 (Opposite
2963 1295 26 28 J.
3004 1294 89 40 Ryan,
3109 1295 194 38 Storekeeper.)

2849 1377 178 43 JAMES
3074 1379 189 49 INGLIS,

2792 1494 262 32 HAREBROKER
3085 1499 20 28 &
3137 1498 235 29 COMMISSION

2954 1628 207 34 AGENT,

2816 1758 115 28 CLIFF
2968 1759 159 33 Street,
3163 1761 142 27 LYELL.

2759 1848 127 37 POST
2929 1849 194 39 OFFICE
3166 1852 188 43 HOTEL,

2945 1907 223 29 LYELL.

2789 2003 225 42 PETER
3045 2006 280 42 MANGOS

2741 2065 141 68 BEGS
2903 2070 28 23 to
2944 2067 102 28 inform
3067 2068 43 27 his
3128 2069 103 27 triends
3253 2070 55 26 and
3329 2070 46 28 the

2844 2105 91 35 public
2957 2106 62 28 that
3044 2106 43 28 his
3106 2116 62 19 new
3188 2108 187 28 commodious

2911 2143 87 28 Hotel
3010 2145 23 26 is
3046 2153 63 19 now
3121 2154 80 26 open.

2738 2179 153 30 Travellers
2910 2181 54 28 and
2983 2182 110 29 visitors
3111 2187 29 25 to
3159 2183 55 29 this
3232 2184 131 29 establish

2773 2223 78 23 ment
2862 2220 57 27 will
2931 2220 58 28 find
3001 2221 73 28 their
3083 2223 118 26 comfort
3209 2223 55 26 and
3277 2234 47 17 con-

2808 2256 130 29 venience
2949 2258 167 38 thoroughly
3126 2260 129 28 attended
3269 2264 37 25 to.

2740 2295 57 28 The
2810 2295 148 30 bedrooms
2980 2307 45 19 are
3035 2298 79 37 lofty,
3128 2299 55 27 and
3195 2300 63 28 well
3272 2300 103 37 lighted

2942 2336 56 27 and
3017 2337 159 28 ventilated.

2775 2411 206 33 Comfortable
3011 2413 127 29 Parlors
3165 2423 55 20 and
3241 2415 85 29 First-

2959 2459 80 20 class
3058 2452 103 29 Table.

2759 2488 58 28 One
2841 2489 30 28 of
2890 2489 127 29 Alcock's
3031 2491 77 28 Prize
3122 2491 117 29 Billiard
3252 2492 106 30 Tables.

2742 2563 57 28 The
2813 2564 56 28 Bar
2881 2565 23 28 is
2918 2565 113 29 stocked
3040 2566 67 29 with
3121 2567 75 35 Ales,
3325 2569 53 29 and

2794 2604 97 35 Spirits
2905 2606 29 25 of
2950 2606 168 34 guaranteed
3136 2606 102 28 brands
3252 2609 73 35 only.

2774 2642 25 26 A
2816 2641 145 29 lirst-class
2982 2644 183 28 sixteen-stall
3178 2645 87 28 stable
3278 2646 74 28 iscon-

2741 2680 98 28 nected
2851 2681 69 28 with
2934 2681 56 29 this
3005 2682 85 28 hotel.

2992 2721 127 28 PETER
3143 2722 167 33 MANGOS,

3177 2761 156 34 Proprieor.

2869 2857 122 31 JOHN
3025 2858 227 40 FENNELL,

2745 2919 59 54 Gr
2815 2920 193 29 ENEEAL
3065 2923 314 49 STOREKEEPER.

2829 2996 84 30 Wine
2932 3004 56 21 and
3008 2996 95 29 Spirit
3126 2996 171 29 Merchant.

2779 3107 103 35 Money
2901 3107 103 35 always
3025 3107 30 26 in
3076 3106 76 28 hand
3172 3106 42 28 for
3232 3104 114 37 cashing

3000 3145 126 36 cheques.

2779 3258 109 28 Liberal
2902 3257 136 29 advances
3051 3257 80 28 made
3149 3267 35 18 on
3198 3257 106 36 parcels
3318 3257 30 28 of

2960 3297 119 26 retorted
3093 3296 72 30 old.

2890 3391 80 39 Cliff
2987 3391 122 47 Street,
3134 3392 108 47 Lyell.

2806 3511 172 76 igp#
3005 3512 83 60 New
3095 3511 108 60 Chum
3211 3511 173 74 Butchery

3123 3627 147 30 LYELL.

2844 3765 205 42 JAMES
3100 3763 184 49 EDGE,

2844 3852 120 29 HOLE
2973 3852 110 28 SALE
3119 3852 80 27 AND
3243 3851 142 28 RETAIL

2897 3928 339 33 BUTCHER.

2748 4040 99 29 Hotels
2860 4039 55 30 and
2928 4038 132 31 Families
3079 4037 100 30 waited
3202 4049 36 18 on
3252 4038 82 38 Daily
3346 4038 41 30 for

3014 4078 110 27 Orders.

2801 4192 76 28 Meat
2890 4189 146 30 Delivered
3055 4193 28 24 to
3097 4189 36 28 all
3153 4192 76 35 parts
3241 4190 27 28 of
3290 4189 45 28 the

3007 4229 126 30 District.

2750 4336 120 32 NEW
2915 4335 154 32 CIIUM
3109 4332 265 33 BUTCHERY

2818 4391 130 34 Opposite
2958 4388 153 28 Alhambra
3121 4388 94 30 Hotel,
3231 4388 86 35 Lyell.

2752 4492 291 64 ROUNDED
3097 4491 72 43 ON
3229 4491 134 43 FACT

2785 4638 43 24 Ist
2848 4635 84 35 lady:
2971 4633 100 27 Where
3096 4633 34 26 do
3160 4641 55 26 you
3245 4635 45 32 get
3319 4640 70 27 your

2753 4674 114 35 drapery
2886 4682 71 23 now,
2972 4671 79 34 Mary
3064 4671 12 28 '?

2785 4712 58 29 2nd
2869 4711 85 37 lady:
2992 4710 84 36 Why,
3107 4712 28 25 at
3165 4708 47 29 the
3243 4709 82 28 Hall
3356 4716 33 20 of

2754 4752 164 31 Commerce,
2933 4749 110 28 Nelson.

2787 4791 43 26 Ist
2844 4789 65 35 lady
2922 4798 7 17 :
2968 4788 71 26 How
3059 4786 162 34 beautifully
3239 4786 61 26 that
3314 4786 75 26 dress

2753 4828 46 27 fits
2811 4836 54 27 you
2877 4827 6 26 !
2921 4825 99 28 Where
3032 4833 57 18 was
3102 4823 60 27 that
3181 4823 79 27 made
3272 4824 12 26 ?

2787 4866 57 28 2nd
2858 4864 65 37 lady
2935 4874 8 17 :
2981 4864 36 26 At
3030 4863 33 27 E.
3078 4863 26 27 J.
3119 4861 126 28 Warner
3264 4863 20 26 &
3306 4862 82 32 Co.'s,

2754 4905 46 27 the
2815 4904 82 26 Hall
2910 4911 32 18 of
2955 4903 163 26 Commkrce.

2789 4944 43 25 Ist
2846 4941 65 35 lady
2926 4950 7 17 :
2973 4940 72 26 How
3058 4948 63 17 ever
3134 4937 44 27 did
3192 4937 66 35 they
3272 4946 117 25 manage

2756 4984 28 24 to
2797 4981 30 26 lit
2836 4988 55 28 you
2900 4988 28 17 so
2939 4977 88 35 nicely
3041 4977 13 27 '?
3091 4976 80 27 Were
3180 4984 56 27 you
3246 4975 143 28 measured

2756 5020 40 28 for
2809 5019 44 28 it?

2789 5058 56 27 2nd
2859 5057 85 33 lady:
2983 5054 60 28 No!
3081 5054 14 26 I
3110 5053 100 35 simply
3230 5057 60 23 sent
3312 5052 75 28 them

2756 5105 35 17 an
2805 5095 43 27 old
2864 5094 71 34 body
2949 5092 60 27 that
3031 5091 77 27 fitted
3122 5100 53 22 me,
3189 5092 41 25 for
3243 5101 14 16 a
3271 5096 116 29 pattern,

2756 5132 66 28 with
2838 5132 46 26 the
2898 5129 95 38 length
3008 5129 28 27 of
3046 5129 46 27 the
3107 5127 74 28 skirt.

2789 5172 43 26 Ist
2846 5170 65 35 lady
2923 5179 7 17 :
2970 5168 52 27 Did
3042 5177 55 27 you
3109 5172 43 31 get
3166 5167 59 28 that
3238 5170 91 33 pretty
3342 5167 46 27 hat

2755 5210 76 28 there
2844 5209 56 27 also
2911 5209 13 26 ?

2789 5247 57 29 2nd
2859 5247 65 35 lady
2937 5256 7 17 :
2982 5246 64 32 Yes,
3060 5244 54 29 and
3131 5254 132 27 everyone
3286 5254 61 27 says
3369 5244 21 28 it

2756 5290 68 23 suits
2837 5294 43 17 me
2895 5294 28 16 so
2936 5284 79 26 well!

2791 5324 43 27 Ist
2860 5322 85 38 lady:
2996 5322 71 28 How
3093 5320 33 30 do
3151 5329 54 29 you
3232 5320 65 29 send
3323 5330 68 28 your

2757 5364 92 27 orders
2863 5367 27 23 to
2903 5364 75 26 them
2991 5364 12 25 ?
3041 5362 42 26 Do
3097 5362 66 33 they
3172 5360 64 28 send
3248 5365 120 31 patterns
3379 5362 10 26 '?

2791 5400 57 28 2nd
2862 5400 65 37 lady
2940 5409 8 17 :
2988 5399 51 27 Yes
3055 5399 5 27 !
3098 5399 14 27 I
3126 5398 62 37 pick
3202 5403 46 23 out
3261 5398 46 28 the
3319 5398 73 28 color

2759 5440 14 28 I
2786 5440 116 36 require,
2916 5438 54 29 and
2983 5438 65 35 they
3062 5437 81 29 make
3152 5438 20 27 it
3181 5438 28 27 in
3223 5448 15 17 a
3251 5437 50 29 few
3316 5438 74 35 days.

2793 5480 41 24 Ist
2850 5478 64 33 lady
2927 5486 7 17 :
2972 5477 53 26 Are
3036 5476 65 35 they
3113 5475 157 28 reasonable
3281 5477 28 25 in
3322 5476 71 27 their

2759 5515 113 36 charges
2883 5517 12 28 ?

2792 5557 57 24 2nd
2874 5556 65 32 lady
2952 5565 7 15 :
2997 5555 63 29 Yes,
3086 5564 73 22 very.
3196 5555 15 24 I
3237 5555 57 24 find
3317 5555 75 25 tliem

2759 5591 188 35 considerably
2970 5590 115 37 cheaper
3106 5590 68 28 than
3196 5600 54 27 any
3272 5591 84 28 house
3380 5591 12 27 I

2760 5632 69 27 have
2843 5640 62 19 ever
2919 5630 73 28 dealt
3006 5630 75 28 with.

2794 5671 42 25 Ist
2862 5669 84 35 lady:
2992 5668 72 27 How
3088 5668 75 27 nice!
3201 5669 14 25 I
3241 5677 44 18 am
3311 5668 81 27 much

2760 5706 107 35 obliged
2881 5712 27 22 to
2921 5713 71 28 you;
3012 5705 64 31 and,
3090 5715 29 17 as
3134 5706 13 26 I
3168 5707 106 34 require
3297 5716 15 18 a
3334 5706 58 28 nice

2761 5751 120 21 costume
2904 5744 54 28 and
2981 5744 48 27 hat
3050 5745 40 26 for
3112 5745 46 26 the
3180 5750 105 25 winter,
3301 5745 13 26 I
3339 5744 53 27 will

2761 5783 132 36 certainly
2919 5782 66 28 send
3006 5782 77 27 them
3106 5782 46 27 the
3173 5782 78 28 order
3273 5783 35 35 by
3332 5789 61 21 next

2761 5823 92 28 coach.
2893 5821 75 29 Good
2982 5820 61 33 bv_\
3060 5821 88 33 Marv,
3171 5833 7 9 r
3180 5821 51 29 ooi
3245 5821 59 28 live.

3481 197 173 37 Westport
3670 197 304 29 Advertisements.

3533 275 41 37 A.
3596 275 312 45 RICHARDSON,

3650 358 93 32 AND
3792 358 243 80 JjRUGGIST,

3436 445 327 48 Palmerston-St.,
3789 446 213 52 Westport.

3401 553 23 27 A
3436 553 74 36 large
3529 555 53 28 and
3605 557 188 27 well-selected
3816 556 80 27 Stock
3918 556 31 27 of
3970 557 66 26 New

3435 592 100 35 Drugs,
3549 593 162 35 Chemicals,
3722 594 219 37 Homoeopathic,
3954 594 31 29 Pa-

3470 635 58 23 tent
3541 633 53 26 and
3615 633 173 35 Proprietary
3809 633 158 32 Medicines,

3508 670 132 36 Sponges,
3671 671 90 28 Brush
3765 681 80 24 ware,
3871 671 47 28 Per-

3540 710 115 36 fumery,
3682 710 86 28 Toilet
3800 711 84 36 Piequi-

3574 749 72 32 sites,
3656 749 102 27 Elastic
3770 750 77 26 Stock-

3608 786 69 35 ings,
3686 786 150 37 Kneecaps,

3655 825 124 31 Anklets,

3610 862 106 29 Ladies'
3761 865 51 35 Sup-

3575 906 84 27 ports,
3700 902 165 29 Abdominal

3538 938 92 33 Belts;
3650 940 119 32 Trusses,
3781 941 36 28 all
3832 943 68 26 sizes

3504 978 109 26 various
3631 983 131 30 patterns,
3776 981 55 32 &c.,
3845 980 89 27 Horse

3472 1014 54 28 and
3551 1015 87 29 Cattle
3664 1016 158 37 Medicines,
3847 1018 55 34 &c.,
3923 1019 45 28 &c.

3404 1091 125 35 Country
3559 1093 100 26 Orders
3687 1094 138 35 carefully
3850 1096 131 25 attended
4002 1098 35 29 to,

3445 1128 79 38 Lyell
3537 1130 110 37 Agency
3703 1131 78 36 Lyell
3794 1132 93 29 Times
3900 1133 93 29 Office.

3402 1204 35 33 A.
3450 1204 273 42 RICHARDSON,
3735 1207 301 36 Palmerston-street.

3403 1286 332 58 GILMER'S
3789 1288 247 64 HOTEL,

3644 1362 156 28 WESTPORT,

3431 1402 144 38 Corner
3603 1404 42 36 of
3672 1405 238 38 Palmerston
3935 1408 75 36 and

3522 1455 211 41 Wakefield
3761 1458 157 49 Streets,

3708 1533 28 24 to
3754 1530 47 27 the
3816 1531 152 36 Telegraph
3982 1533 56 26 and

3496 1566 64 27 Post
3575 1566 108 33 Offices,
3697 1567 55 27 and
3764 1569 95 35 nearly
3873 1569 123 36 opposite
4008 1573 29 25 to

3405 1603 33 28 he
3453 1604 77 28 R.M.
3544 1604 86 28 Court
3645 1605 54 27 and
3720 1606 81 27 H.M.
3816 1607 137 28 Customs.

3855 1839 181 22 GREYMOUTH.

3408 1681 179 40 Gilmer's
3608 1681 174 41 Masonic
3807 1682 129 49 Hotel,

3921 1747 116 19 NELSON.

3407 1773 179 40 Gilmer's
3612 1774 129 49 Hotel,

3855 1839 181 22 GREYMOUTH.

3406 1867 178 38 Gilmer's
3605 1868 121 51 Royal
3746 1868 85 39 Oak
3851 1870 130 47 Hotel,

3841 1931 194 21 WELLINGTON.

3473 1999 78 29 THE
3584 1999 182 31 PRINCESS
3791 2000 179 30 THEATRE

3404 2039 29 26 Is
3447 2039 57 26 70ft
3515 2048 17 17 x
3546 2039 56 27 80ft
3614 2039 98 30 inside,
3727 2041 159 33 containing
3898 2045 75 28 stage
3984 2042 57 25 80ft

3403 2084 17 18 x
3433 2075 66 32 21ft,
3512 2075 66 28 with
3592 2076 133 36 complete
3739 2081 54 23 sets
3813 2077 29 28 of
3861 2087 111 26 scenery
3986 2078 54 28 and

3403 2114 75 32 large
3503 2113 124 36 dressing
3655 2124 101 18 rooms.
3805 2115 58 27 The
3888 2116 95 33 height
4013 2117 31 26 of

3405 2151 78 28 walls
3496 2152 23 27 is
3532 2151 64 34 20ft,
3611 2152 55 27 and
3679 2152 46 28 the
3738 2162 76 18 room
3836 2154 23 27 is
3881 2153 112 37 capable
4014 2154 29 28 of

3577 2192 106 35 seating
3695 2193 51 27 GOO
3764 2191 104 38 people.

3438 2241 127 32 Booking
3585 2242 84 27 Office
3688 2242 42 28 for
3742 2242 46 28 the
3802 2243 170 32 Charleston,
3986 2244 36 27 Ad-

3405 2279 113 35 dison's,
3532 2279 115 30 Reefton
3660 2279 55 30 and
3734 2281 80 36 Lyell
3827 2281 131 29 Coaches.

3612 2333 121 31 JOHN
3753 2333 191 39 GILMER,

3840 2377 165 36 Proprietor.

3596 2455 241 61 STRUT
3855 2456 184 42 HERS

3551 2531 89 31 HAS
3657 2532 64 30 ON
3742 2532 152 30 SALE

3457 2585 238 52 Corrugated
3716 2587 99 47 Iron,

3458 2639 202 52 Crockery,

3459 2693 323 54 Paperhangings,

3457 2748 134 39 White
3612 2750 120 46 Lead,

3459 2802 95 47 Oils,

3458 2857 223 44 Varnishes,

3460 2911 125 39 Doors
3600 2912 75 39 and
3694 2912 155 48 Sashes,

3426 2971 19 3 -
3460 2965 127 22 vsuitui
3597 2967 32 27 r,

3460 3001 439 52 Cutlery-Electroplate
3916 3017 7 33 ;
3953 3001 76 41 and

3460 3056 241 38 Brushware.

3450 3147 320 37 PALMERSTON
3815 3147 193 47 STREET,

3624 3191 214 29 WESTPORT.

3447 3272 290 60 Thomas
3763 3272 244 72 James,

3541 3362 264 48 SADDLER,
3836 3361 80 49 &c.,

3412 3432 219 58 IMPORTER
3649 3439 56 20 AND
3731 3431 315 29 MANUFACTURER

3713 3477 33 20 OF

3413 3509 60 39 All
3504 3508 252 51 descriptions
3775 3508 41 39 of
3844 3509 197 50 Saddlery,

3463 3564 182 47 Harness,
3666 3563 110 52 Long
3787 3562 75 39 and
3881 3563 115 40 Short

3513 3619 201 50 Leggings,
3786 3619 158 50 Plough,

3560 3673 31 39 &
3611 3671 107 40 Back
3744 3671 152 49 Chains,

3608 3727 157 46 Traces,
3782 3728 65 36 &c.

3415 3821 113 35 Repairs
3540 3820 102 35 Neatly
3655 3820 55 27 and
3730 3820 143 35 Promptly
3894 3820 150 27 Executed.

3415 3897 174 37 Up-country
3602 3896 92 28 orders
3711 3896 140 36 promptly
3864 3895 130 29 attended
4007 3900 38 24 to.

3415 3975 49 26 ON
3485 3975 92 26 SALE
3580 3974 109 26 Steel
3719 3974 137 31 Polished,
3886 3974 55 26 and
3972 3974 76 26 Solid

3484 4011 88 28 Silver
3600 4011 69 33 Bits,
3702 4010 131 38 Stirrups,
3864 4010 54 28 and
3951 4010 96 38 Spurs,

3483 4051 103 36 Riding
3608 4050 123 34 Saddles,
3753 4051 73 27 Pack
3848 4049 123 34 Saddles,
3992 4050 55 29 and

3484 4089 98 35 Whips
3594 4089 30 26 of
3638 4089 36 25 all
3687 4088 188 35 descriptions.

3447 4171 92 53 J.
3602 4171 414 66 COHH,

3627 4282 209 34 IMPORTER,

3758 4375 127 40 WINE,
3913 4375 137 32 SPIKIT

3516 4539 196 38 Provision
3733 4539 215 38 Merchant.

3457 4741 319 38 PALMERSTON
3819 4739 191 45 STREET,

3629 4798 214 25 WESTPORT.

3536 4896 156 36 PETER
3720 4895 212 44 MULVAY,

3695 4956 237 34 TINSMITH,

3441 5007 9 16 s
3590 4995 221 35 GASFITTER,
3825 4995 55 28 and

3497 5059 472 44 COPPERWORKER,

3450 5129 214 37 Palmerston
3692 5127 120 47 Street,
3833 5128 185 46 Westport,

3535 5190 139 37 (Opposite
3688 5190 129 29 Gilmer's
3829 5190 105 36 Hotel.)

3424 5322 89 33 Ererv
3531 5321 180 34 description
3728 5321 31 32 of
3975 5320 51 33 Tin-

3459 5369 115 29 smiths'
3591 5369 35 27 (t<
3640 5368 63 36 ods,
3720 5368 55 29 and
3797 5367 212 38 Ironmongery

3618 5412 70 39 kept
3711 5411 28 32 in
3761 5411 93 31 stock.

3549 5532 25 27 A
3586 5532 88 33 Large
3688 5531 199 34 Consignment
3899 5530 31 27 of

3465 5595 185 42 STOVES
3677 5593 102 41 AND
3814 5591 197 43 RANGES

3628 5684 61 19 NOW
3708 5683 33 20 TO
3760 5683 85 19 HAND.

3607 5807 41 28 All
3669 5805 85 30 Work
3767 5804 182 31 Guaranteed.
