2529 4020
602 496 216 37 PUBLISHED
864 496 131 37 EVERY
1039 494 259 39 WEDNESDAY
1341 492 91 40 AMD
1476 494 227 39 SATURDAY
1749 496 204 37 MORNING.

1253 50 99 30 THE

71 107 455 127 NEW
637 107 874 130 ZEALAND
1618 105 231 137 GA
1882 110 594 134 ZETTE

1248 265 102 35 AND

64 300 1149 164 WELLINGTON
1328 300 1149 164 SPECTATOR.

606 584 14 4 rz
639 584 3 3 ;
680 584 5 3 r
1184 584 2 3 i
1208 584 4 8 ,
1236 584 72 9 '',■;!
1458 584 23 8 )■'»
1549 584 9 8 I'
1595 584 2 9 '.
1611 584 4 6 I
1627 583 2 2 '
1702 587 2 5 ,
1716 584 1 1 '
1973 584 3 4 I
1994 584 2 3 '
2018 585 2 3 -

529 608 127 35 PORT
679 611 283 37 NICHOLSON,
985 609 309 33 WEDNESDAY
1317 608 240 40 MORNING,
1580 610 264 38 FEBRUARY
1868 617 28 33 8,
1921 618 89 28 1843.

2269 616 101 41 [Vol:
2389 616 66 32 111.

91 616 61 33 No.
171 616 87 38 218.]

134 701 4 21 ;
191 717 7 5 -
205 719 6 2 -
260 709 54 20 For
317 707 125 24 JSTelson.

66 739 104 31 x<gs*L
188 752 5 3 -
211 741 92 29 rpHE
314 740 50 28 ship
381 740 89 21 Thomas
487 738 87 25 Sparks,
586 736 20 21 A
623 737 19 20 1>

80 760 105 39 JjiNgk
218 760 29 30 JL
271 769 42 20 450
334 770 57 23 tons,
409 766 28 21 R.
459 764 98 22 Glaister
575 763 68 25 Sharp

59 788 146 37 >«jJs™j|gjkW
225 794 150 24 commander,
386 792 46 22 will
449 791 40 22 sail
506 797 35 18 on.
546 790 38 21 the
594 788 50 23 llth

58 815 150 38 w/NgSßS&jm
223 821 62 26 ipst.,
303 821 37 21 for
359 820 37 21 the
416 818 71 23 above
505 820 57 25 port.
602 816 43 21 For

58 840 146 37 qJKfiSflßr
225 847 82 28 freight
322 854 25 14 or
362 846 104 28 passage,'
480 844 68 27 apply
567 847 23 18 to
607 843 37 22 the

192 883 3 7 ■
223 874 145 24 commander
378 879 29 15 on
416 871 77 27 board,
504 877 25 16 or
537 873 24 19 to

284 907 138 24 Rbdgways,
435 903 105 26 Guyton,
553 902 44 22 and
606 903 38 21 Co.

60 943 147 26 Wellington;
219 940 114 28 February
342 940 20 26 7,
374 940 61 21 1843.

212 987 54 21 For
280 985 105 22 Nelson
400 984 94 21 direct.

219 1025 93 32 nfIHE
326 1025 46 21 fine
387 1025 44 21 fast
446 1024 80 27 sailing
540 1023 106 22 schooner

92 1046 98 36 *r^ft«
226 1046 30 27 J-
294 1052 118 25 Elizabeth,
428 1053 28 19 60
472 1054 57 22 tons,
541 1053 23 18 to
574 1049 38 23 sail
622 1050 23 21 in

63 1071 149 35 >KBJklpM^
232 1086 15 14 a
256 1078 12 21 f
266 1085 33 15 ew
306 1078 43 32 day
350 1085 10 13 s
362 1094 5 9 >
376 1077 38 22 she
421 1077 85 26 having
518 1077 37 21 the
561 1079 85 24 greater

61 1099 153 37 a3f£J9B9Si
232 1112 14 17 P
248 1112 25 14 ar
275 1108 8 18 t
298 1103 24 23 °f
351 1111 24 14 er
388 1110 68 20 cargo
466 1103 109 28 engaged.
603 1103 44 21 For

231 1131 86 27 freight
333 1138 25 14 or
372 1136 101 21 passage,
481 1138 4 12 ;
491 1129 67 28 apply
573 1133 22 17 to
607 1129 38 21 the

73 1158 45 8 "'""
127 1158 13 8 "'
156 1158 2 8 '
169 1158 1 7 '
233 1158 106 22 Captain
348 1164 30 14 on
388 1156 80 23 board.

87 1191 101 27 January
197 1191 34 26 24,
245 1191 61 21 1843.

240 1241 56 21 For
309 1241 157 24 Auckland,

146 1277 30 20 To
185 1276 41 20 sail
229 1276 112 26 positively
352 1281 26 15 on
390 1274 108 26 Saturday
506 1276 58 24 next,

101 1307 72 38 ■wJgfis!
228 1313 102 22 nriHE
353 1312 44 22 fast
419 1310 81 28 sailing
522 1310 124 28 brigantine

91 1334 114 39 jggrjl^v
235 1334 30 27 J-
289 1339 123 25 Lowestoft,
432 1339 92 27 Captain
543 1338 102 26 Cowtan;

89 1361 133 38 XjjujjrSE^
241 1366 41 22 has
309 1366 99 28 superior
439 1365 207 24 accommodations.
654 1368 2 15 '■

66 1387 159 40 Lilrw^'-
261 1401 26 14 or
294 1394 23 21 fr
317 1401 11 14 e
331 1394 47 26 'Sht
392 1401 26 14 or
432 1399 99 21 passage,
550 1391 64 29 apply
624 1395 22 18 to

66 1415 159 32 f^tSSSSv
242 1420 37 22 the
292 1420 88 28 captain
390 1427 30 15 on
519 1427 24 14 or
553 1422 23 19 to

415 1452 91 23 Willis
521 1458 46 15 and
582 1451 38 21 Co.

64 1486 187 28 Lambton-quay,
262 1485 115 25 February
386 1484 21 26 7,
419 1484 61 21 1843.

240 1531 119 19 Thomas

91 1559 73 39 sjfe
190 1566 222 32 CONSIGNEES
428 1565 26 22 of
471 1564 75 23 Goods
562 1564 29 26 by
606 1563 42 22 this

84 1587 95 38 JJPLltft
190 1596 41 20 V>
261 1593 72 22 vessel
348 1600 38 14 are
401 1591 120 29 requested
529 1595 23 18 to
570 1590 43 22 call
625 1594 24 18 at

70 1613 111 38 <SmgjL
202 1620 37 23 the
256 1620 71 21 Office
343 1620 26 21 of
381 1619 38 22 the
432 1617 158 28 undersigned,
604 1617 44 22 and

202 1650 94 19 execute
312 1654 12 15 a
339 1646 61 22 bond
415 1646 36 21 for
459 1645 38 22 the
508 1648 105 24 payment
626 1644 26 21 of

199 1674 37 21 the
247 1673 92 28 general
347 1679 102 19 average,
459 1672 65 21 when
536 1670 97 28 adjusted
640 1679 6 19 ;

64 1701 114 22 otherwise
196 1700 95 28 Captain
305 1700 72 27 Sharp
392 1695 45 26 will
452 1699 55 22 land
522 1698 44 22 and
583 1705 65 15 ware-

64 1728 69 21 house
143 1728 37 21 the
192 1735 65 19 cargo
267 1731 24 18 at
299 1726 58 23 their
367 1733 96 21 expense
477 1725 45 22 and
530 1725 45 22 risk
583 1733 5 18 ;
604 1724 43 22 and

63 1761 122 20 moreover,
196 1754 20 21 if
228 1761 124 19 necessary,
363 1753 18 22 it
395 1753 46 22 will
450 1753 29 21 be
489 1752 47 23 sold
546 1756 23 17 to
584 1752 64 27 liqui-

66 1782 51 21 date
127 1781 37 22 the
175 1788 102 20 average.

286 1813 133 25 Ridgways,
437 1811 99 22 Guyton
551 1811 44 22 and
609 1811 37 21 Co.

90 1844 143 28 Wellington,
245 1844 113 27 February
367 1844 19 25 7,
396 1844 62 21 1843.
654 1855 1 3 -

65 1889 200 23 TO-MORROW.
279 1900 29 5 —
322 1888 178 23 DESIRABLE
525 1886 121 23 INVEST-

306 1916 97 22 MENT.

67 1949 58 20 Sale
137 1948 29 21 of
174 1949 133 21 Freehold
317 1948 133 26 Property
456 1952 37 16 on
501 1946 146 21 Lambton-

317 1980 81 21 quay.

66 2007 159 47 MESSRS.
250 2006 150 23 BETHUNE
424 2005 68 22 AND
518 2004 129 22 HUNTER

143 2033 56 22 have
208 2032 175 22 instructiona..to
392 2032 41 20 sell
445 2031 96 20 •without
554 2037 92 18 reserve,

64 2057 24 21 in
99 2057 37 21 the
146 2057 65 26 Long
223 2057 79 26 Room,
314 2057 109 21 Barrett's
432 2055 82 25 :Hotel,
524 2062 29 14 on
567 2055 81 21 Thurs-

65 2083 43 28 day
122 2086 61 23 next,
200 2090 147 20 to-morrow,
366 2081 38 23 tHe
420 2081 38 23 9th
474 2078 114 30 February
601 2088 48 14 cur-

63 2112 54 23 rent,
129 2113 23 18 at
162 2112 11 19 1
185 2110 85 22 o'clock
277 2118 5 14 :
285 2121 28 4 —

91 2137 59 21 That
158 2144 54 19 very
223 2137 102 21 valuable
338 2135 116 22 allotment
464 2135 27 21 of
501 2133 87 28 ground
597 2134 52 22 with

65 2163 27 22 all
103 2163 37 21 the
150 2163 112 27 buildings
279 2163 44 21 and
338 2162 108 22 erections
461 2161 99 26 thereon,
571 2161 77 21 situate

66 2197 28 14 on
110 2190 189 27 Lambton-quay,
310 2189 46 22 and
371 2188 111 27 presently
498 2187 107 22 tenanted
619 2187 30 28 by

65 2217 90 22 Messrs.
167 2217 89 21 Samuel
266 2216 46 22 and
321 2215 90 28 Joseph,
422 2215 133 21 merchants.

92 2243 47 22 The
149 2247 105 24 property
263 2243 113 21 embraces
386 2242 60 27 forty
455 2241 46 22 feet
510 2241 98 26 frontage
620 2248 27 14 on

65 2270 187 27 Lambton-quay,
260 2270 30 27 by
296 2270 68 21 about
373 2269 78 26 ninety
460 2268 46 22 feet
513 2267 63 27 deep,
586 2268 63 27 being

64 2300 50 24 part
124 2297 25 21 of
155 2296 143 22 sub-divided
306 2296 70 21 Town
385 2296 61 22 Acre
455 2295 44 21 No.
510 2296 47 25 488,
565 2295 84 21 bound-

65 2324 29 21 ed
112 2331 29 14 on
158 2327 42 18 two
216 2323 57 22 sides
291 2323 29 26 by
334 2322 87 28 private
442 2321 82 28 sireets,
542 2321 107 28 affording

65 2350 85 22 further
158 2351 110 26 frontage.
296 2349 49 22 The
355 2352 72 19 stores
437 2348 45 22 and
491 2348 111 27 buildings
612 2356 36 14 are

65 2377 137 26 substantial,
220 2377 45 21 and
280 2376 58 22 their
353 2383 54 20 very
422 2375 105 22 centrical
545 2375 102 22 situation

67 2404 76 27 adapts
158 2404 61 22 them
234 2404 36 21 for
286 2410 43 21 any
338 2403 46 21 line
402 2402 26 22 of
438 2403 107 21 business.
574 2401 75 22 About

65 2434 83 23 twenty
160 2431 46 21 feet
222 2431 25 21 of
263 2430 38 22 the
319 2430 180 27 Lambton-quay
517 2429 97 26 frontage
630 2429 19 21 is

57 2459 1 4 '
68 2457 44 22 still
122 2457 143 28 unoccupied,
277 2464 29 15 on
316 2457 72 22 which
399 2457 38 21 the
447 2456 105 27 premises
563 2462 49 20 may
620 2455 28 23 be

68 2485 114 21 extended.

94 2511 46 21 The
151 2511 69 21 whole
228 2511 70 22 forms
308 2518 43 14 one
361 2510 25 22 of
393 2510 39 22 the
442 2513 59 19 most
509 2509 86 26 eligible
604 2509 45 22 and

68 2538 99 21 valuable
177 2538 121 27 properties
306 2537 23 22 in
347 2537 146 27 Wellington.
521 2536 48 22 The
583 2539 66 19 stores

68 2568 23 18 at
99 2568 87 23 present
196 2565 59 26 yield
265 2572 29 14 an
305 2564 81 22 annual
397 2567 52 19 rent
459 2564 26 21 of
496 2563 68 23 £150.

93 2591 93 22 Further
193 2592 132 27 particulars
331 2598 51 21 may
388 2591 30 22 be
425 2590 46 22 had
479 2597 28 15 on
519 2589 129 28 application

65 2621 22 19 to
96 2618 38 22 the
144 2619 153 21 Auctioneers.

268 2653 73 14 AFTER
360 2652 86 19 WHICH,

65 2677 86 22 LAND
176 2677 35 22 IN
234 2677 65 22 THE
324 2676 142 22 VILLAGE
496 2676 39 21 OF
562 2675 87 22 RICH-

185 2704 94 22 MOND
295 2704 68 21 AND
378 2702 149 23 PORIRUA.

65 2735 186 28 Lambton-quay,
262 2735 114 26 February
386 2735 23 26 7,
420 2735 61 21 1842.

235 2780 44 20 Ex

66 2812 72 48 ON
162 2811 85 25 SALE,
268 2811 63 21 Bass'
350 2813 79 24 strong
448 2810 83 21 Burton
557 2809 47 27 Ale,
625 2810 24 21 in

142 2838 65 22 hhds.
218 2838 45 21 and
272 2837 92 22 barrels.

254 2869 132 26 Ridgways,
404 2869 107 26 Guyton,
527 2868 44 22 and
585 2869 36 21 Co.

66 2916 86 21 Room
176 2916 87 24 Paper
274 2914 5 21 !
308 2915 91 20 Room
422 2915 87 25 Paper
517 2914 5 21 !
532 2914 5 21 !
562 2914 87 21 Room

290 2941 87 26 Paper
386 2940 6 21 !
402 2940 6 21 !
417 2941 6 20 !

66 2968 91 31 npHE
171 2967 158 27 Undersigned,
340 2968 83 27 having
433 2967 124 27 purchased
567 2975 13 14 a
588 2967 59 27 large

73 2989 29 28 JL
140 2994 44 23 and
193 2994 77 22 varied
277 2997 133 19 assortment
419 2994 27 22 of
449 2994 37 22 the
495 2994 48 22 best
553 2997 95 25 patterns

65 3021 25 22 of
95 3029 60 15 room
165 3028 70 21 paper
244 3022 35 21 for
285 3021 107 27 hanging,
399 3022 55 26 begs
461 3021 65 22 leave
536 3024 23 19 to
567 3021 80 22 inform

63 3048 38 23 the
117 3048 75 28 public
205 3048 50 22 that
268 3048 30 22 he
313 3048 19 22 is
346 3055 51 16 now
413 3048 96 22 enabled
523 3051 23 18 to
557 3048 39 22 sell
610 3048 37 22 the

64 3083 60 14 same
134 3079 23 18 at
167 3083 54 20 very
230 3074 100 23 reduced
339 3076 79 26 prices.

145 3109 97 21 George
256 3109 97 26 Briggs,
365 3108 92 22 Painter
466 3108 46 22 and
524 3108 94 27 Glazier,

62 3142 121 23 Thorndon
194 3141 73 28 Quay,
273 3149 54 15 near
336 3142 155 28 Couper's,the
501 3142 85 23 Thistle
596 3143 50 22 Inn.

89 3175 101 27 January
199 3174 34 27 27,
246 3175 60 21 1843.

247 3219 36 21 W.
299 3219 34 22 M.
349 3218 109 27 SMITH,

63 3260 55 15 LATE
129 3259 238 16 SURVEYOR-GENERAL
378 3259 29 15 TO
418 3259 47 15 THE
480 3258 50 15 NEW
545 3259 102 15 ZEALAND

298 3286 115 19 COMPANY,

89 3312 141 26 Surveyor,
245 3311 214 27 Draughtsman,
475 3311 55 21 and
543 3310 77 22 Land

305 3339 102 26 Agent.

64 3369 172 28 Tinakori-road,
249 3370 101 27 January
362 3371 22 25 4,
397 3370 61 21 1843.

251 3416 28 20 J.
294 3416 38 20 M.
345 3415 113 27 Taylor,

78 3449 148 25 LICENSED
250 3449 243 22 CUSTOM-HOUSE
518 3448 113 28 AGENT,

308 3484 28 14 TE
350 3483 53 15 ARO.

283 3523 55 21 For
351 3522 71 21 Sale.

69 3556 44 49 A
139 3556 292 24 DWELLING-HOUSE
458 3563 29 15 on
512 3555 134 28 Wellington

139 3584 101 28 Terrace,
252 3582 97 29 adapted
358 3582 38 23 for
404 3590 13 14 a
426 3583 66 22 small
500 3582 86 27 family.

92 3609 40 23 For
140 3611 138 27 particulars,
287 3609 93 29 enquire
390 3612 24 19 at
424 3610 37 21 the
472 3611 62 22 Store
544 3616 27 16 or
604 3617 3 4 •

205 3645 32 22 H.
254 3645 98 22 Taylor
366 3644 20 22 &
401 3643 48 28 Co.,
459 3643 159 23 Willis-street.

92 3668 106 31 February
207 3673 20 26 3,
239 3673 61 21 1843.
564 3692 3 5 ,

279 3718 54 20 For
348 3716 70 23 Sale.

72 3745 80 49 THE
167 3748 75 30 eighth
258 3754 51 25 part
318 3751 27 22 of
350 3751 70 22 Town
431 3750 67 27 Acre,
511 3750 44 22 No.
566 3751 41 21 400
616 3756 28 15 on

137 3776 35 22 the
195 3778 111 28 Surveyor
325 3777 120 23 General's
467 3777 63 27 Plan,
557 3777 18 23 is
596 3776 50 22 well

71 3800 70 23 fenced
149 3803 22 22 in
181 3804 43 24 and
230 3812 63 15 sown
298 3804 55 23 with
363 3808 55 23 oats,
427 3803 72 23 which
507 3811 37 15 are
553 3804 92 27 l6oking

71 3827 42 20 well
121 3835 5 19 ;
139 3829 17 21 it
169 3830 19 22 is
202 3831 123 28 pleasantly
340 3831 104 28 situated,
460 3831 48 22 and
525 3831 68 23 about
606 3834 37 22 ten

71 3857 84 20 mmuteß
163 3854 126 27 walk^fVorA
297 3859 37 23 the
344 3859 133 25 Exchange,

95 3888 39 15 ror
142 3886 63 20 terms
215 3891 24 17 ot
247 3886 138 28 particulars,
396 3885 71 28 apply;
472 3889 25 19 to
545 3903 5 3 .
567 3903 4 3 .

94 3939 16 9 _
186 3918 22 22 J.
224 3920 133 28 Shepherd,
373 3923 24 20 at
406 3919 48 23 Col.
465 3918 151 24 Wakefield'i.

95 3941 131 30 Februarys,
238 3948 61 21 1843.

676 701 102 22 Notice-
788 701 32 21 of
832 700 124 27 Hearing
970 700 69 21 New
1052 700 122 21 Zealand
1187 700 78 21 Land

900 726 110 21 Claims.

832 760 66 22 Land
908 759 84 22 Claims
1000 759 79 26 Office,
1090 759 145 27 Wellington,
1257 779 3 4 .

1046 785 115 28 February
1169 788 21 25 6,
1202 787 61 21 1843.

676 823 25 47 I
734 820 147 22 WILLIAM
896 818 101 27 SPAIN,
1014 826 14 15 a
1042 818 169 23 Commissioner
1221 826 42 19 ap-

705 858 11 21 f
733 846 92 29 pointed
834 846 35 22 for
882 845 158 28 investigating
1054 846 44 21 and
1112 845 152 27 determining

676 879 65 22 Titles
751 877 44 23 and
807 877 82 23 Claims
899 881 22 17 to
931 876 54 22 land
995 877 25 21 in
1030 877 37 22 the
1077 876 87 28 Colony
1174 877 25 21 of
1207 877 56 21 New

677 904 105 27 Zealand,
793 904 29 22 do
833 904 82 27 hereby
924 903 50 27 give
984 903 75 23 notice
1065 903 49 22 that
1124 905 11 20 1
1146 903 56 22 shall
1212 910 51 21 pro-

678 933 51 22 ceed
739 936 23 18 to
770 931 133 26 investigate
916 931 39 21 the
969 930 200 22 undermentioned
1181 929 82 23 Claims

677 963 20 18 at
705 967 38 19 my
753 959 71 26 office,
838 958 26 21 in
874 957 141 27 Wellington,
1032 957 53 22 Port
1094 957 131 26 Nicholson,
1237 964 24 14 or

677 990 21 18 at
705 986 100 25 Porirua,
823 983 132 28 Waikainai,
973 984 73 27 Otaki,
1063 984 137 27 Manawatu,
1218 983 45 21 and

679 1012 130 27 Wanganui,
825 1011 54 21 alias
896 1011 73 26 Petre,
987 1010 47 26 (the
1051 1011 62 21 times
1129 1010 25 22 of
1169 1010 94 27 holding

677 1047 34 20 my
723 1040 72 25 Court,
808 1041 22 19 at
840 1037 55 25 each
905 1037 26 22 of
937 1037 38 22 the
986 1037 108 22 aforesaid
1103 1037 82 28 places,
1195 1036 68 27 beiilg

677 1066 131 22 hereinafter
821 1064 79 27 stated,
917 1071 25 15 as
952 1065 33 21 far
1004 1072 24 14 as
1043 1065 159 21 circumstance
1216 1063 47 22 will

676 1093 94 27 permit,)
786 1099 29 14 on
832 1091 80 26 Friday
923 1091 38 22 the
974 1091 54 22 24th
1042 1091 43 27 day
1101 1091 25 21 of
1138 1090 122 27 February,

678 1119 42 21 and
735 1119 112 26 following*
862 1118 61 26 days,
939 1121 23 17 at
979 1119 26 20 10
1014 1117 86 22 o'clock
1114 1117 24 21 in
1155 1117 38 21 the
1203 1117 58 21 fore-

681 1152 64 15 noon.

677 1173 52 21 Case
740 1172 43 21 No.
794 1172 27 20 99
833 1171 30 26 (b)
865 1182 28 4 —
894 1170 71 22 John>
970 1169 91 27 Guard,
1076 1170 25 21 of
1108 1169 87 28 Cloudy
1205 1169 56 27 Bay,

912 1197 114 21 claimant.

701 1225 22 21 A
733 1225 62 26 piece
806 1223 25 22 of
841 1223 61 27 land,
913 1226 102 19 contents
1025 1226 40 18 not
1073 1223 77 27 stated,
1167 1222 96 23 situated

677 1254 21 18 at
710 1251 54 22 Port
778 1250 131 26 Nicholson,
926 1249 104 22 bounded
1046 1250 30 27 by
1087 1250 37 22 the
1139 1249 122 27 Korokoro,

677 1277 42 22 and
724 1278 57 21 from
791 1277 81 21 thence
880 1276 99 27 running
985 1279 23 18 to
1019 1276 139 28 Heretanga,
1169 1284 25 15 or
1202 1276 60 22 fresh

678 1309 65 17 water
752 1303 68 23 river.

701 1330 96 27 Alleged
807 1335 22 16 to
835 1329 58 23 have
903 1330 57 21 been
967 1329 67 27 given
1042 1333 23 18 to
1072 1329 106 23 claimant
1187 1330 29 27 by
1225 1329 38 21 the

729 1357 82 22 Native
822 1356 76 22 Chiefs
912 1356 60 22 Ahie
985 1356 46 22 and
1046 1356 124 28 Wononga,
1186 1364 30 14 on
1225 1356 38 22 the

729 1383 52 23 19th
790 1383 137 28 September,
939 1384 60 21 1839.

702 1410 169 22 Consideration
872 1422 28 3 —
901 1410 86 21 various
997 1410 94 21 services
1100 1410 116 22 rendered.

702 1437 85 22 Nature
797 1438 27 20 of
830 1443 142 21 conveyance
973 1448 27 3 —
1002 1439 39 19 not
1050 1437 79 21 stated.

679 1465 52 21 Case
736 1465 43 21 No.
786 1466 9 20 1
800 1465 25 21 91
826 1475 28 4 —
856 1464 134 22 Frederick
995 1463 128 27 Peterson,
1131 1463 26 21 of
1162 1463 98 28 Sydney,

821 1506 3 3 ■
838 1491 128 26 Merchant,
984 1490 115 22 claimant.

702 1519 78 26 23,040
794 1524 62 15 acres
866 1524 61 15 more
938 1524 24 14 or
971 1517 50 26 less,
1032 1516 61 27 lying
1103 1517 30 21 all
1143 1516 48 22 that
1199 1517 62 27 piece

679 1552 22 14 or
708 1544 75 28 parcel
793 1545 27 21 of
830 1544 55 22 land
891 1544 80 22 situate
981 1551 29 14 on
1020 1543 37 22 the
1068 1543 75 22 North
1153 1543 77 23 Island
1240 1543 27 21 of

679 1571 52 21 New
741 1571 108 27 Zealand,
860 1571 24 21 in
902 1571 80 21 Cook's
999 1570 83 27 Straits,
1099 1570 67 27 being
1181 1570 79 22 E.S.E.

679 1598 54 22 from
749 1597 38 23 the
806 1597 105 23 southern
931 1597 64 28 point
1011 1597 25 21 of
1054 1596 77 29 Kapiti
1150 1605 24 14 or
1189 1597 70 27 Entry
1259 1600 3 9 1

679 1625 80 26 Island,
770 1625 45 21 and
824 1625 83 21 known
914 1624 31 27 by
954 1624 38 22 the
1002 1630 66 15 name
1084 1624 26 22 of
1122 1624 108 26 Wainuri,
1248 1631 13 14 a

679 1651 62 22 small
750 1652 60 21 river
819 1651 25 25 of
855 1651 59 22 fresh
924 1655 68 17 water
1006 1651 97 26 running
1117 1651 49 21 into
1181 1651 80 21 Cook's

680 1679 80 26 Straits,
772 1677 38 23 the
825 1678 49 22 said
887 1677 76 28 parcel
978 1677 26 22 of
1014 1677 53 21 land
1083 1677 122 27 extending
1220 1685 41 14 one

679 1705 49 22 mile
738 1705 101 27 frontage
848 1707 24 19 to
882 1707 37 19 the
929 1705 67 21 north
1006 1704 26 21 of
1043 1704 37 21 the
1090 1704 78 22 mouth
1179 1704 25 22 of
1212 1704 49 22 said

678 1733 60 26 rivef,
749 1731 43 23 and
802 1731 97 27 running
908 1733 47 20 east
969 1731 78 22 twelve
1060 1731 73 26 miles,
1152 1731 45 21 and
1214 1731 47 21 also

679 1762 39 19 two
729 1759 63 21 miles
802 1759 101 26 frontage
913 1763 24 17 to
947 1757 38 22 the
995 1757 65 22 south
1070 1758 25 21 of
1103 1757 35 22 the
1150 1758 77 21 mouth
1239 1758 26 21 of

680 1785 34 23 the
725 1786 48 22 said
781 1785 66 27 river,
865 1785 43 22 and
922 1785 101 26 running
1037 1787 46 19 east
1100 1784 79 22 twelve
1199 1784 63 22 miles

679 1813 54 22 from
743 1813 37 21 the
790 1812 73 22 beach
871 1812 27 21 of
908 1811 80 22 Cook's
999 1811 83 21 Straits.

703 1839 95 27 Alleged
804 1842 23 18 to
833 1839 57 21 have
897 1838 57 22 been
961 1837 124 28 purchased
1093 1837 22 22 in
1124 1837 136 27 November,

730 1868 59 24 1839,
800 1866 58 21 from
870 1865 37 22 the
922 1865 84 21 Native
1021 1864 74 22 Chiefs
1109 1865 152 22 Houlomouth

717 1906 3 3 •
729 1893 45 21 and
783 1893 66 26 Apie.

701 1920 167 22 Consideration
868 1930 28 5 —
897 1918 86 23 various
995 1918 91 22 articles
1101 1919 26 21 of
1141 1918 120 22 merchan-

679 1946 50 27 dise,
741 1947 65 21 value
816 1949 38 19 not
865 1945 79 23 stated.

701 1973 87 22 Nature
804 1973 25 21 of
845 1980 142 20 conveyance
988 1983 28 4 —
1016 1972 75 22 Deeds
1105 1972 26 22 of
1147 1972 121 22 feoffment-

679 2003 19 19 to
706 2000 108 22 claimant
823 1999 68 23 dated
901 2001 33 20 Ist
944 1999 135 26 November,
1091 2001 61 20 1839.

679 2033 52 20 Case
741 2033 43 20 No.
794 2034 41 19 356
836 2043 28 3 —
864 2032 48 21 The
926 2032 183 26 representatives
1126 2032 26 20 of
1159 2032 42 21 the
1217 2032 50 21 late'

789 2058 98 21 Thomas
901 2058 110 25 Ellison,
1023 2057 122 21 claimants.

703 2086 54 20 2000
775 2091 69 19 acres,
863 2090 61 15 more
941 2090 25 15 or
979 2083 50 27 less,
1046 2083 79 21 situate
1141 2084 23 20 in
1180 2083 81 21 Cook's

680 2112 80 25 Straits,
780 2110 83 22 known
880 2110 30 27 by
925 2110 37 22 the
979 2117 66 15 name
1060 2110 26 21 of
1101 2110 36 21 the
1154 2109 106 23 Kowiwa.

680 2138 135 22 Boundaries
825 2139 40 19 not
874 2137 79 21 stated.

704 2164 96 27 Alleged
811 2168 21 17 to
842 2164 58 21 have
910 2164 56 21 been
978 2163 122 28 purchased
1114 2163 57 22 from
1180 2163 82 22 Native

731 2191 68 22 Chief
814 2190 131 27 Rangaieta,
967 2191 28 26 by
1010 2190 97 22 Thomas
1124 2190 93 27 Eilison,
1232 2198 29 14 on

731 2218 37 21 the
778 2218 54 21 26th
841 2218 133 25 December,
984 2216 60 23 1837.

703 2245 169 22 Consideration
872 2255 28 4 —
901 2252 13 13 a
924 2244 102 27 quantity
1035 2243 25 22 of
1071 2243 157 22 merchandize
1239 2248 22 17 to

680 2272 33 21 the
724 2272 64 21 value
799 2272 23 21 of
832 2272 53 21 £50.

703 2299 85 21 Nature
805 2299 24 20 of
845 2305 143 20 conveyance
989 2308 28 4 —
1018 2297 65 22 Deed
1101 2297 23 22 in
1143 2297 78 22 favour
1241 2298 26 21 of

679 2326 94 22 Thomas
782 2325 92 27 Ellison,
888 2324 66 21 dated
963 2324 53 21 26th
1027 2325 130 26 December,
1169 2326 60 21 1837.

680 2359 53 23 Case
752 2359 44 21 No.
807 2360 40 20 356
865 2358 30 27 (a)
898 2370 26 3 —
925 2358 48 22 The
991 2358 180 28 representatives
1188 2359 26 21 of
1225 2359 37 23 the

757 2386 45 21 late
816 2386 96 21 Thomas
928 2386 109 26 Ellison,
1056 2386 125 21 claimants.

703 2413 54 21 Two
772 2413 63 21 miles
851 2419 86 21 square,
949 2412 80 22 situate
1041 2412 24 21 in
1081 2412 80 22 Cook's
1176 2413 85 28 Straits,

679 2439 67 22 inside
756 2440 25 21 of
788 2439 38 22 the
836 2439 75 22 Island
922 2439 26 21 of
954 2439 78 27 Mana,
1044 2439 44 21 and
1097 2439 81 22 known
1189 2440 29 27 by
1225 2441 37 21 the

679 2474 62 14 name
752 2467 26 21 of
783 2467 70 26 Teeti,
860 2466 107 22 bounded
978 2473 28 14 on
1017 2466 37 21 the
1064 2466 67 21 N.W.
1143 2466 29 27 by
1180 2467 81 22 Cook's

680 2494 81 26 Straits,
773 2501 30 14 on
813 2493 38 22 the
861 2493 58 21 N.E.
931 2493 32 26 by
971 2500 13 14 a
992 2492 139 22 remarkable
1140 2493 41 22 hill
1191 2494 72 22 called

683 2522 84 25 Witara,
780 2528 30 14 on
820 2520 38 22 the
875 2520 49 22 S.E.
934 2521 39 20 the
990 2519 92 23 Porirua
1096 2521 65 26 river,
1175 2521 43 21 and
1232 2528 30 14 on

680 2548 34 22 the
734 2547 59 23 S.W.
810 2547 29 28 by
856 2554 14 14 a
887 2547 84 21 barrier
984 2546 69 27 ridge,
1071 2547 121 27 extending
1205 2547 58 23 from

680 2575 77 22 Cook's
767 2575 79 22 Straits
856 2577 22 18 to
888 2573 38 23 the
935 2573 93 23 Porirua
1035 2575 66 21 river.

704 2601 96 28 Alleged
819 2604 22 19 to
861 2600 56 22 have
936 2601 58 21 been
1013 2600 124 27 purchased
1153 2601 57 22 from
1226 2601 37 22 the

732 2629 82 21 Native
838 2625 74 25 Chiefs
936 2627 96 22 Bookari
1055 2627 44 22 and
1129 2628 79 27 Ewari,
1232 2628 31 27 by

731 2656 97 21 Thomas
839 2654 92 27 Ellison,
943 2662 28 14 on
982 2654 38 22 the
1031 2655 51 21 llth
1092 2655 101 27 October,
1202 2657 59 20 1839.

704 2681 166 23 Consideration
872 2692 28 5 —
900 2688 12 14 a
922 2681 101 28 quantity
1034 2681 26 22 of
1068 2682 157 22 merchandize
1240 2686 22 18 to

680 2709 33 22 the
724 2710 64 21 value
799 2710 26 20 of
832 2709 69 22 £100.

703 2736 85 22 Nature
809 2735 25 23 of
849 2742 143 20 conveyance
994 2746 27 5 —
1021 2735 65 23 Deed
1100 2735 24 22 in
1142 2735 79 23 favour
1240 2736 27 22 of

680 2763 94 21 Thomas
783 2762 93 27 Ellison,
889 2762 65 22 dated
965 2762 50 22 llth
1027 2762 104 28 October,
1143 2765 59 21 1839.

682 2798 51 21 Case
757 2797 43 21 No.
820 2798 41 21 383
882 2796 30 26 (a)
921 2807 30 5 —
960 2795 113 23 William
1097 2797 117 27 Mayiiew,
1240 2797 27 22 of

754 2821 109 29 Wahapu,
875 2823 47 27 Bay
933 2823 25 21 of
965 2823 95 27 Islands,
1071 2822 113 24 claimant.

704 2851 22 21 A
736 2851 63 27 piece
810 2852 25 20 of
844 2850 55 21 land
910 2851 110 25 (contents
1035 2854 41 18 not
1089 2851 82 27 stated)
1182 2850 79 24 situate

681 2885 25 14 on
711 2878 84 27 Kapiti,
803 2877 123 27 beginning
933 2879 22 19 at
961 2883 13 15 a
980 2876 64 28 point
1052 2877 71 23 called
1131 2878 129 27 Warikohu,

680 2904 77 23 thence
767 2905 29 27 by
807 2911 14 15 a
829 2904 67 27 given
905 2904 46 21 line
960 2906 23 19 to
994 2904 178 28 Paraparaunne,
1181 2905 80 22 thence

680 2935 20 18 to
713 2932 170 25 Taiereniango,
899 2930 45 21 and
963 2930 79 22 thence
1059 2934 22 17 to
1094 2931 39 22 the
1148 2939 38 14 sea
1197 2932 64 22 shore

679 2958 69 23 which
758 2958 84 23 bounds
853 2957 38 22 the
900 2956 54 23 land
962 2960 23 18 to
993 2957 136 22 Warekohu.

703 2985 96 28 Alleged
815 2989 23 18 to
857 2984 57 22 have
934 2984 57 21 been
1010 2984 123 27 purchased
1150 2986 59 21 from
1223 2986 38 21 the

729 3013 84 21 Native
823 3011 75 23 Chiefs
912 3011 78 22 Twiwi
1005 3010 46 22 and
1060 3012 101 27 Tupeora
1173 3012 30 28 by
1211 3020 50 21 pre-

729 3045 51 17 sent
790 3040 113 26 claimant,
912 3039 24 21 in
947 3038 204 27 December,lß39.

703 3067 169 22 Consideration
872 3076 26 5 —
901 3065 155 22 merchandize
1071 3070 23 17 to
1110 3066 38 22 the
1159 3067 65 22 value
1239 3066 25 23 of

679 3095 58 23 £150
746 3093 99 28 sterling.

693 3121 94 22 -Nature
797 3122 26 20 of
828 3127 141 20 conveyance
969 3130 28 5 —
999 3122 40 19 not
1047 3120 80 21 stated.

679 3149 52 21 Case
755 3148 44 22 No.
823 3149 41 21 LB3
889 3148 30 26 (*)
930 3158 28 5 —
969 3147 111 21 William
1104 3147 118 28 Mayhew,
1239 3148 25 21 of

752 3175 110 28 Wahapu,
874 3175 47 27 Bay
926 3175 31 21 .of
964 3174 94 27 Islands,
1069 3174 114 22 claimant.

703 3202 54 22 Five
766 3209 69 19 acres,
846 3208 62 15 more
918 3208 26 14 or
952 3201 51 27 less,
1014 3200 72 23 called
1095 3199 164 30 Tauramaorie,

678 3229 65 28 being
761 3236 27 15 an
807 3228 73 22 island
898 3229 80 21 situate
996 3235 31 14 on
1049 3228 36 22 the
1105 3233 48 17 east
1170 3228 49 24 side
1239 3229 25 21 of

679 3256 80 27 Kapiti.

702 3283 97 27 Alleged
813 3285 23 19 to
850 3283 58 21 have
922 3281 58 23 been
990 3281 124 27 purchased
1127 3282 33 27 by
1172 3286 89 24 present

729 3310 113 27 claimant,
860 3309 63 22 from,
933 3308 38 22 the
986 3308 82 23 Native
1080 3309 75 22 Chiefs
1171 3310 90 27 Kanga-

729 3337 61 22 hieta
799 3338 43 21 and
852 3336 96 28 Ropera,
959 3335 24 22 in
992 3335 138 28 September,
1145 3338 61 21 1838.

669 3372 3 3 ■
703 3364 168 22 Consideration
878 3374 29 4 —
911 3362 156 23 merchandize
1087 3367 23 18 to
1133 3363 38 23 the
1194 3364 66 22 value

679 3390 22 22 of
710 3391 56 24 £65.

703 3417 85 23 Nature
797 3418 26 22 of
829 3424 142 21 conveyance
973 3428 28 5 —
1001 3419 40 19 not
1051 3417 79 22 stated.

703 3452 56 22 Case
777 3452 44 22 No.
837 3454 42 21 383
898 3440 179 38 (^—William
1100 3452 118 27 Mayhew,
1238 3451 27 22 of

744 3479 110 28 Wahapu,
875 3479 49 28 Bay
933 3479 26 22 of
969 3478 97 28 Islands,
1081 3478 111 23 claimant.

702 3506 55 22 Five
766 3513 69 20 acres,
846 3511 62 17 more
917 3513 26 15 or
951 3506 50 26 less,
1012 3504 69 28 being
1097 3513 30 14 an
1143 3506 78 23 Island
1235 3506 25 21 in

679 3533 77 22 Cook's
766 3533 83 27 Straits,
861 3536 23 19 at
893 3532 38 23 the
941 3536 47 19 east
997 3532 44 22 end
1051 3534 26 20 of
1088 3532 85 28 Kapiti,
1189 3532 71 23 called

679 3559 164 28 Mohengurara
853 3567 26 14 or
888 3558 72 24 Lewis
971 3559 84 22 Island;

701 3587 112 27 Alledged
822 3590 22 19 to
854 3586 58 23 have
929 3587 58 22 been
1002 3586 126 28 purchased
1146 3586 58 22 from
1221 3586 38 22 the

720 3614 92 22 -Native
820 3613 75 23 Chiefs
905 3613 71 27 Echo,
985 3613 136 27 Rangihero,
1132 3614 44 21 and
1186 3613 74 29 Epuni

727 3641 30 27 by
767 3641 108 21 claimant
883 3640 24 22 in
916 3642 62 20 1839.

701 3668 196 26 Consideratipn—
898 3667 78 22 Goods
985 3670 23 20 to
1018 3667 37 22 the
1063 3666 66 23 value
1138 3667 27 25 pf
1175 3668 54 23 £60.

700 3694 85 23 Nature
795 3695 26 21 of
831 3700 143 22 conveyance
974 3705 27 4 —
1004 3697 40 19 not
1056 3694 78 22 stated.

677 3727 50 21 Case
739 3727 42 22 No.
797 3729 42 20 390
860 3727 60 26 (ej—
921 3726 64 22 John
1000 3725 122 28 Whitely,
1139 3733 29 15 on
1182 3725 80 23 behalf

689 3754 23 21 of
719 3754 38 22 the
766 3754 121 27 Wesleyan
894 3753 135 27 Missionary
1034 3753 89 27 Society
1131 3752 112 22 claimant.

700 3783 22 20 A
735 3781 63 27 piece
813 3781 26 22 of
1018 3782 23 20 at
1056 3779 52 23 Port
1126 3779 134 27 Nicholson,,

675 3807 132 23 boundaries
816 3808 44 22 and
870 3810 99 21 contents
978 3809 39 20 not
1025 3805 78 23 stated.
1138 3827 2 4 ,

700 3834 95 28 Alleged
805 3838 22 18 to
837 3835 59 23 have
905 3835 57 21 been
971 3830 124 31 purchased
1104 3833 63 24 from,
1172 3832 86 23 certain

727 3862 81 21 Native
819 3861 75 23 Chiefs
904 3864 40 21 npt
952 3859 90 26 named,
1053 3858 29 28 by
1091 3858 38 22 the
1133 3856 127 31 'Reyerend

726 3888 23 22 J.
769 3888 31 22 H.
821 3888 105 27 Bumby;-
934 3886 47 22 and
994 3886 52 22 Rev
1061 3885 44 21 Mr.
1121 3885 87 27 Hobbs,
1228 3893 30 15 on

727 3915 79 22 behalf
811 3915 26 21 of
853 3914 48 22 the.
907 3911 107 28 Society^
1018 3918 31 15 on
1063 3911 44 22 the.
1121 3911 50 22 13th
1190 3911 67 28 June,

726 3943 61 20 1839.

1323 699 168 22 Consideration
1491 710 26 5 —
1519 703 40 18 not
1566 700 79 22 stated.
1735 718 3 3 .
1886 704 2 7 '

1322 725 86 23 Nature
1418 726 26 22 of
1454 733 142 21 conveyance
1597 736 27 6 —
1625 726 37 22 the
1671 724 54 24 land
1740 727 96 22 tabooed
1849 726 32 29 by

1295 750 38 23 the
1343 752 101 23 Natives.

1295 783 55 24 Case
1361 785 44 23 No.
1418 784 133 32 397-t-John
1561 786 137 28 Bradshaw,
1710 787 23 22 of
1733 781 3 12 1
1747 785 132 30 Wanganui,

1529 813 113 24 claimant.

1281 847 2 17 I
1321 838 22 22 A
1352 839 63 27 piece
1425 837 25 24 of
1461 838 53 26 land
1519 839 83 26 situate,
1610 844 24 18 at
1641 838 100 29 Porirua,
1751 840 129 28 containing

1293 867 44 19 two
1347 873 70 20 acres,
1427 873 62 15 more
1500 873 24 15 or
1532 865 51 28 less,
1594 867 133 22 boundaries
1738 871 38 18 not
1786 867 79 23 stated.

1282 900 1 10 >
1321 891 113 28 Alledged
1442 895 25 20 to
1480 889 58 25 have
1554 893 57 22 been
1624 894 123 27 purchased
1765 895 58 21 from
1841 894 38 22 the

1348 918 82 22 Native
1454 919 75 23 Chiefs
1553 920 114 23 Merimeri
1690 921 47 22 and
1759 921 72 27 Pioti,.

1348 945 112 26 claimant,
1472 953 28 15 on
1511 946 37 22 the
1558 946 51 22 26th
1620 947 132 28 December,
1764 946 59 24 1839.

1321 971 186 23 Consideration—
1507 975 8 13 :
1517 975 42 20 ohe
1569 973 89 29 fowling
1674 975 70 26 piece,
1761 978 42 18 two
1818 975 60 27 pairs

1292 997 110 28 blankets,
1414 998 45 22 and
1468 999 63 23 other
1540 1000 69 26 goods
1620 1002 23 20 to
1654 1001 36 22 the
1701 1004 92 19 amount
1803 1003 25 26 pf
1836 1001 41 24 £%.

1320 1024 86 24 Nature
1425 1025 26 21 of
1472 1033 140 22 conveyance
1613 1038 28 4 —
1641 1028 37 21 An
1698 1030 136 25 agreement,
1854 1029 23 20 in

1291 1051 96 27 writing,
1407 1051 23 22 in
1449 1052 78 22 favour
1545 1053 26 21 of
1584 1053 112 28 claimant,
1715 1055 25 20 of
1752 1055 38 20 the
1808 1055 71 21 above

1293 1077 61 22 date.

1293 1110 56 23 Case
1366 1111 43 22 No.
1428 1112 40 21 411
1486 1112 31 26 (a)
1521 1123 27 5 —
1549 1112 89 22 Joseph
1653 1114 71 26 Toms,
1743 1114 26 21 of
1782 1114 97 24 Queen's

1411 1138 131 23 Charlotte's
1553 1139 83 27 Sound,
1648 1139 113 23 claimant.

1319 1163 74 24 Three
1398 1171 69 21 acres,
1478 1172 61 15 more
1546 1173 25 14 or
1575 1166 52 28 less,
1638 1166 79 22 situate
1724 1169 23 19 at
1754 1166 38 23 the
1801 1166 78 23 mouth

1293 1190 26 22 of
1330 1190 37 23 the
1378 1190 92 23 Porirua
1479 1192 66 27 river,
1562 1199 25 14 or
1596 1192 135 28 Paramatta,
1746 1194 133 21 boundaries

1291 1217 41 22 not
1341 1218 78 23 stated.

1321 1244 95 28 Alleged
1435 1248 23 19 to
1476 1244 57 23 have
1550 1245 60 22 been
1628 1244 124 29 purchased
1766 1247 56 22 from
1842 1246 37 23 the

1348 1272 82 22 Native
1441 1272 66 22 Chief
1514 1272 53 28 Aki,
1585 1272 30 28 by
1624 1272 114 28 claimant,
1752 1281 30 14 on
1793 1274 37 21 the
1846 1276 35 19 Ist

1348 1298 63 28 May,
1422 1300 60 21 1838.

1321 1325 168 22 Consideration
1491 1336 28 4 —
1519 1328 40 19 not
1569 1326 79 27 stated,

1322 1351 86 23 Nature
1428 1352 25 22 of
1469 1359 141 20 conveyance
1611 1364 27 4 —
1639 1353 64 22 Deed
1721 1354 23 21 in
1759 1353 80 23 favour
1858 1354 25 21 of

1293 1377 111 29 claimant,
1416 1378 66 23 dated
1491 1387 23 14 as
1524 1380 77 21 above.

1293 1412 55 22 Case
1359 1413 43 21 No.
1410 1415 48 19 411.
1469 1413 60 26 (*)—
1529 1413 89 22 Joseph
1623 1413 71 28 Toms,
1702 1413 26 22 of
1731 1414 85 27 Cloudy
1822 1414 56 27 Bay,

1529 1440 113 27 claimant,

1319 1468 69 25 2,000,
1399 1467 52 22 Two
1462 1466 110 23 thousand
1581 1474 69 19 acres,
1661 1474 61 15 more
1732 1475 24 14 or
1767 1467 50 27 less,
1827 1474 52 15 con-

1291 1492 79 28 sisting
1380 1493 26 22 of
1417 1494 41 22 500
1468 1501 68 18 acres,
1552 1493 71 22 called
1640 1494 96 25 Warike,
1752 1494 80 22 situate
1849 1502 28 14 on

1292 1519 39 21 the
1340 1520 71 22 island
1422 1521 26 21 of
1458 1521 77 27 Kapiti
1542 1528 6 19 ;
1566 1522 28 20 40
1609 1528 69 20 acres,-
1692 1521 72 21 called
1770 1521 65 22 'Tete
1849 1529 30 14 on

1291 1545 38 23 the
1338 1546 72 22 island
1420 1547 26 21 of
1452 1547 82 27 Mana;
1549 1549 41 19 400
1599 1555 68 20 acres,
1677 1548 73 22 called
1759 1548 118 27 Auerewa,

1292 1572 80 23 situate
1387 1574 24 22 in
1422 1574 79 24 Queen
1515 1573 133 23 Charlotte's
1662 1575 76 22 Sound
1745 1583 6 19 ;
1768 1576 28 20 20
1809 1582 68 20 acres,

1292 1599 71 22 called
1383 1601 119 27 Oneebua;
1526 1601 45 21 and
1592 1602 42 20 300
1652 1609 67 20 acres,
1743 1602 103 22 whereon
1865 1610 14 14 a

1292 1625 184 30 dwelling-house
1496 1628 83 27 stands,
1599 1627 47 23 also
1665 1628 79 22 situate
1758 1629 24 21 in
1799 1629 78 24 Queen

1293 1652 132 24 Charlotte's
1435 1654 81 22 Sound.

1319 1681 96 28 Alleged
1425 1685 22 17 to
1458 1681 55 22 have
1523 1681 57 22 been
1585 1681 66 26 given
1660 1684 21 19 to
1690 1682 106 22 claimant
1805 1683 30 27 by
1840 1683 37 21 the

1347 1708 81 22 Native
1439 1706 68 24 Chief
1518 1708 84 27 Noroa,
1618 1709 35 21 his
1667 1709 168 28 father-in-law,
1849 1717 28 14 on

1347 1734 36 22 the
1394 1733 51 24 20th
1455 1735 134 28 September,
1601 1737 60 20 1838.

1321 1761 85 23 Nature
1416 1762 26 21 of
1448 1767 142 22 conveyance
1591 1773 27 4 —
1618 1762 64 22 Deed
1689 1762 66 22 dated
1765 1770 24 14 as
1799 1763 78 22 above.

1293 1795 55 22 Case
1359 1796 42 21 No.
1408 1796 48 21 424.
1458 1806 27 4 —
1486 1796 139 22 Archibald
1633 1794 102 28 Wilson,
1747 1796 25 21 of
1778 1796 98 28 Sydney,

1529 1822 113 22 claimant.

1319 1850 69 25 2,002,
1399 1849 53 22 Two
1453 1870 7 7 x
1463 1849 109 22 thousand
1586 1850 44 21 and
1648 1852 41 19 two
1700 1857 68 19 acres,
1783 1857 61 14 more
1854 1857 25 14 or

1291 1875 51 27 less,
1353 1876 79 21 situate
1442 1879 24 18 at
1475 1876 74 26 Otaki,
1561 1876 44 23 and
1611 1876 132 22 boundaries
1752 1880 40 17 not
1798 1877 78 21 stated.

1320 1902 96 28 Alleged
1430 1905 22 18 to
1471 1902 57 21 have
1548 1902 57 22 been
1625 1902 124 28 purchased
1765 1903 56 21 from
1839 1903 39 22 the

1345 1929 81 22 Native
1437 1929 67 22 Chief
1515 1928 133 28 Walpruavi,
1660 1930 25 22 of
1689 1930 44 22 .the
1746 1930 56 22 tribe
1813 1930 63 27 Nag-

1347 1956 128 26 tiraukawa,
1493 1956 28 27 by
1537 1956 99 22 William
1655 1956 52 27 Hay
1722 1956 43 22 and
1779 1956 99 22 William

1348 1983 93 26 Wright,
1451 1982 52 32 yrhd
1512 1982 49 22 sold
1571 1986 22 19 to
1603 1983 112 22 claimant.

1320 2009 168 22 Consideration
1488 2020 27 5 —
1515 2013 41 18 not
1565 2010 79 22 stated.
1667 2015 5 3 ~

1320 2036 100 21 Nature^
1427 2035 26 20 of
1469 2042 142 20 conveyance
1611 2046 29 5 —
1640 2036 64 21 Deed
1724 2036 26 21 of
1764 2036 115 22 feoffment

1291 2061 24 22 in
1324 2062 80 21 favour
1418 2062 24 20 of
1455 2061 98 22 William
1570 2062 59 27 Hay,
1645 2062 66 22 dated
1728 2063 28 22 2d
1772 2063 104 27 October,

1293 2090 61 19 1839.

1294 2122 54 21 Case
1367 2121 44 22 No.
1430 2123 42 20 438
1474 2133 28 4 —
1503 2122 111 22 William
1634 2123 86 27 Perry,
1738 2124 26 20 of
1780 2123 99 28 George-

1429 2152 74 24 street,
1519 2149 98 27 Sydney,
1629 2149 113 23 claimant.

1321 2177 46 24 600,
1380 2175 39 21 Six
1428 2175 103 22 hundred
1545 2183 68 20 acres,
1628 2184 61 14 more
1703 2184 26 14 or
1738 2177 49 26 less,
1799 2177 78 22 situate

1295 2208 28 15 on
1343 2201 37 22 the
1397 2202 125 22 north-east
1540 2203 46 21 side
1606 2203 26 21 of
1648 2203 36 21 the
1699 2210 69 20 peace
1783 2205 26 20 of
1824 2204 55 21 land

1293 2229 81 21 known
1385 2229 30 27 by
1427 2229 35 21 the
1474 2236 65 14 name
1549 2229 26 21 of
1587 2229 78 28 Otaki;
1677 2230 104 22 bounded
1796 2238 29 14 on
1841 2231 37 21 the

1295 2255 67 22 N.W.
1370 2255 31 27 by
1411 2255 36 22 the
1458 2255 57 23 N.E.
1526 2263 49 14 arm
1588 2256 26 21 of
1625 2255 37 23 the
1676 2257 60 21 river
1750 2257 68 21 Otaki
1824 2265 5 18 ;
1850 2265 29 14 on

1294 2282 37 22 the
1343 2283 28 21 N.
1384 2283 29 26 by
1424 2282 36 22 the
1470 2282 52 22 land
1538 2283 96 21 claimed
1649 2283 30 26 by
1696 2283 98 22 William
1811 2285 54 30 Hay
1871 2292 6 19 ;

1294 2309 44 21 and
1350 2316 28 15 on
1389 2309 38 21 the
1437 2309 26 22 E.
1470 2309 51 22 -also
1529 2309 30 27 by
1570 2309 52 22 land
1632 2310 96 22 claimed
1736 2311 30 25 by
1776 2310 39 22 the
1830 2311 49 22 said

1296 2336 97 22 William
1405 2336 60 27 Hay.

1322 2363 97 26 Alleged
1435 2366 24 18 to
1476 2363 58 21 have
1552 2363 58 21 been
1625 2363 121 27 purchased
1758 2364 26 21 of
1796 2365 82 21 certain

1348 2390 83 22 Native
1442 2390 73 22 Chiefs
1524 2393 40 19 not
1574 2391 88 26 named,
1674 2391 29 26 by
1711 2391 97 22 William
1816 2391 61 28 Hay,

1349 2424 29 14 on
1389 2417 37 21 the
1436 2417 38 21 Bth
1483 2417 102 27 January
1595 2418 60 21 1840.

1322 2444 167 22 Consideration
1491 2455 27 4 —
1520 2447 39 18 not
1569 2443 79 23 stated.

1322 2471 86 22 Nature
1417 2471 25 21 of
1453 2478 143 20 conveyance
1598 2482 25 4 —
1625 2474 38 18 not
1673 2471 78 22 stated.

1296 2505 56 21 Case
1362 2505 44 21 No.
1416 2507 41 20 439
1458 2516 27 4 —
1486 2506 76 21 David
1571 2506 78 26 Scott,
1660 2506 26 20 of
1692 2506 50 27 Bay
1750 2506 27 21 of
1784 2506 93 27 Islands,

1533 2532 110 21 claimant.

1323 2559 33 26 Is,
1368 2558 50 22 One
1429 2566 51 14 acre
1490 2558 42 22 and
1543 2566 14 14 a
1566 2559 54 27 half,
1632 2566 61 14 more
1703 2566 26 14 or
1736 2558 51 27 less,
1798 2560 80 22 situate

1293 2586 24 21 in
1326 2586 37 21 the
1373 2586 98 22 harbour
1481 2587 26 21 of
1513 2586 54 22 Port
1576 2586 129 26 Nichojson,
1717 2589 23 18 at
1747 2586 38 22 the
1792 2587 87 22 Kumu-

1295 2615 46 19 toto
1352 2613 55 27 Pah,
1418 2613 105 21 bounded
1533 2620 24 14 as
1573 2613 122 21 follows:—
1700 2614 37 20 On
1754 2612 37 22 the
1806 2613 26 22 E.
1849 2615 30 26 by

1293 2639 38 22 the
1340 2639 97 22 harbour
1447 2640 27 21 of
1486 2640 52 22 Port
1547 2639 129 28 Nicholson,
1689 2640 56 21 from
1754 2640 124 23 Kumutoto

1295 2666 70 22 Creek
1375 2667 68 21 about
1450 2668 41 20 400
1507 2667 47 21 feet
1568 2666 137 22 northwards
1723 2670 22 17 to
1764 2666 37 22 the
1815 2672 62 23 next,

1293 2693 65 22 small
1367 2693 72 26 creek,
1451 2693 79 27 falling
1536 2693 47 21 into
1594 2693 37 22 the
1639 2693 97 22 harbour
1743 2701 5 19 ;
1761 2700 28 14 on
1800 2693 37 22 the
1848 2695 29 21 N.

1293 2720 30 27 by
1339 2720 37 22 the
1392 2720 48 22 said
1455 2720 63 22 small
1533 2720 66 22 creek
1619 2720 67 22 about
1703 2722 40 20 100
1757 2720 46 22 feet
1820 2720 59 22 back

1281 2756 2 20 ;
1293 2747 58 22 from
1361 2747 38 22 the
1409 2747 70 22 beach
1487 2756 6 18 ;
1504 2754 27 15 on
1542 2747 38 21 the
1589 2747 36 21 W.
1635 2747 58 21 from
1709 2747 38 21 the
1757 2747 47 22 said
1814 2749 65 21 small

1281 2777 2 25 |
1294 2774 66 22 creek
1369 2774 66 27 along
1451 2775 37 21 the
1503 2775 61 21 brow
1579 2774 24 22 of
1620 2773 38 23 the
1674 2774 40 22 hill
1729 2777 22 19 at
1768 2774 37 22 the
1820 2775 59 22 back

1293 2800 69 23 about
1369 2803 42 20 400
1425 2801 47 23 feet
1484 2804 23 18 to
1524 2801 125 22 Kumutoto
1666 2801 67 21 creek
1747 2803 23 19 at
1786 2801 29 21 its
1829 2801 50 22 first

1293 2831 50 18 turn
1350 2835 6 19 ;
1372 2827 44 23 and
1431 2835 29 15 on
1476 2828 37 22 the
1529 2829 21 21 S.
1567 2828 29 27 by
1612 2827 37 22 the
1665 2828 48 22 said
1728 2827 66 23 creek
1806 2831 23 18 to
1839 2828 38 22 the

1292 2854 96 23 harbour
1397 2855 70 22 about
1475 2857 40 20 200
1524 2855 52 21 feet.

1321 2881 95 28 Alleged
1424 2885 22 19 to
1456 2882 56 22 have
1521 2882 59 22 been
1588 2881 125 32 purchased
1726 2882 31 27 by
1770 2880 108 24 claimant

1345 2909 59 22 from
1415 2909 36 21 the
1462 2909 81 21 Native
1554 2908 67 22 Chief
1632 2909 19 21 E
1663 2909 72 27 Mare,
1747 2916 28 14 on
1783 2908 37 22 the
1829 2910 48 20 31st

1347 2936 88 27 March,
1447 2937 60 21 1831.

1320 2962 166 23 Consideration
1505 2962 66 27 given
1595 2965 23 18 to
1641 2961 37 22 the
1702 2962 95 22 Natives
1798 2974 26 3 —
1826 2963 51 21 One

1291 2987 103 25 hundred
1415 2989 77 26 pound
1515 2989 53 22 cask
1591 2990 24 20 of
1641 2989 142 26 gunpowder,
1811 2989 65 22 value

1291 3015 34 24 £8
1340 3017 43 21 15s.

1318 3048 86 23 Nature
1427 3048 26 22 of
1471 3054 152 20 .conveyance
1626 3058 27 5 —
1654 3047 170 22 Memorandum
1853 3048 28 21 of

1291 3074 45 23 sale
1345 3075 23 22 in
1380 3076 89 27 writing
1477 3075 25 22 in
1511 3075 78 22 favour
1599 3074 26 22 of
1636 3074 111 27 claimant,
1768 3074 26 22 of
1805 3075 71 22 above

1291 3102 57 22 date.

1318 3134 12 22 I
1340 3134 46 22 also
1402 3135 50 27 give
1468 3133 86 23 further
1569 3133 120 27 NOTICE,
1701 3132 54 28 that,
1768 3141 29 14 on
1808 3133 69 22 Wed-

1290 3160 85 29 nesday
1383 3161 39 23 the
1432 3161 38 23 Bth
1481 3160 26 22 of
1513 3160 114 28 February
1634 3160 90 28 instant,
1732 3160 11 22 I
1751 3160 58 22 shall
1818 3168 58 20 open

1290 3194 39 21 my
1339 3189 69 21 Court
1417 3191 23 19 at
1449 3187 138 27 Wellington
1596 3188 116 26 aforesaid,
1724 3187 44 21 and
1779 3188 97 27 proceed

1291 3217 22 19 to
1331 3214 55 23 hear
1403 3222 45 26 any
1463 3214 86 22 further
1567 3214 106 22 evidence
1687 3214 23 22 in
1726 3214 53 22 such
1797 3214 25 21 of
1837 3214 39 22 the

1290 3248 62 16 cases
1367 3242 92 27 already
1474 3241 125 22 advertised
1617 3241 23 21 in
1660 3241 36 22 the
1712 3242 54 20 New
1783 3242 94 20 Zealand

1292 3270 136 20 Government
1440 3270 95 20 Gazettes
1545 3268 26 24 of
1585 3268 37 22 the
1631 3268 38 22 9th
1684 3268 80 22 March
1779 3268 43 22 and
1836 3269 40 21 6th

1291 3296 71 27 April,
1375 3298 60 26 1842,
1451 3295 47 23 and
1515 3295 25 22 in
1560 3294 37 22 the
1613 3295 52 21 New
1679 3295 95 21 Zealand
1790 3297 86 19 Gazette

1290 3323 43 21 and
1352 3323 127 27 Wellington
1498 3323 111 25 Spectator
1627 3322 26 21 of
1672 3321 38 22 the
1729 3322 53 24 27th
1801 3323 72 28 April,

1291 3351 61 27 1842,
1362 3351 46 22 and
1416 3351 51 22 four
1475 3349 112 27 following
1594 3349 106 21 numbers
1710 3349 26 21 of
1742 3349 49 22 that
1799 3357 75 20 paper,

1291 3384 24 15 as
1322 3377 60 23 have
1391 3378 90 27 already
1491 3377 58 22 been
1559 3375 150 27 commenced,
1718 3376 41 22 but
1766 3380 40 18 not
1815 3383 61 15 com-

1291 3404 89 29 pleted;
1406 3405 44 22 and
1469 3404 47 22 also
1535 3405 24 20 to
1577 3401 131 28 investigate
1728 3410 44 20 any
1792 3403 26 22 of
1836 3403 39 23 the

1289 3431 127 23 remainder
1430 3431 26 22 of
1468 3430 54 23 such
1538 3436 61 16 cases
1614 3436 23 15 as
1652 3428 57 23 have
1719 3434 40 17 not
1771 3433 39 24 yet
1818 3430 58 22 been

1291 3458 91 22 entered
1391 3465 68 21 upon.
1488 3457 27 22 In
1521 3456 66 22 order
1595 3459 23 18 to
1626 3456 50 27 give
1684 3455 117 23 claimants
1808 3464 67 21 every

1291 3485 141 28 opportunity
1442 3485 26 21 of
1480 3483 105 28 bringing
1595 3483 58 21 their
1667 3482 82 23 Native
1764 3483 112 23 witnesses

1290 3511 75 24 before
1375 3519 43 20 me,
1430 3512 12 23 I
1457 3511 57 22 have
1524 3510 65 23 made
1603 3509 39 22 the
1651 3509 110 28 following
1771 3518 105 20 arrange-

1290 3542 74 19 ments
1381 3539 36 22 for
1430 3538 92 27 holding
1540 3544 50 25 my,
1598 3536 79 22 Courts
1691 3537 24 21 in
1732 3537 43 22 this
1790 3537 86 23 district

1289 3565 103 28 previous
1402 3569 22 18 to
1434 3565 83 27 closing
1526 3570 44 21 my.
1574 3563 87 27 sittings
1662 3574 27 5 —

1317 3591 65 23 After
1395 3592 127 27 remaining
1538 3594 24 18 at
1576 3588 135 29 Wellington
1728 3594 22 18 to
1771 3591 104 23 examine

1289 3618 55 22 such
1362 3619 113 22 witnesses
1494 3622 23 18 as
1533 3624 53 20 may
1601 3617 28 22 be
1642 3617 97 28 brought
1752 3618 75 22 before
1837 3626 38 15 me

1289 3645 70 27 there,
1375 3645 12 23 I
1403 3645 59 23 shall
1474 3644 98 29 proceed
1585 3647 24 19 to
1623 3643 100 29 Porirua,
1740 3645 134 28 Waikainai,

1290 3671 74 28 Otaki,
1385 3673 136 26 Manawatu,
1539 3670 44 24 and
1602 3670 133 29 Wanganui,
1754 3671 118 30 aforesaid,

1289 3698 46 22 and
1348 3698 54 23 hold
1416 3707 14 14 a
1444 3699 70 22 Court
1527 3701 24 18 at
1563 3697 56 23 each
1633 3697 70 29 place.
1733 3698 36 22 On
1785 3699 91 28 leaving

1289 3723 134 31 Wanganui,
1444 3726 12 22 I
1475 3724 56 23 shall
1549 3727 75 19 return
1642 3725 58 21 back
1714 3725 31 28 by
1759 3725 38 22 the
1813 3732 61 16 same

1288 3755 70 24 route,
1369 3753 46 21 and
1430 3751 67 28 again
1508 3759 57 20 open
1576 3758 13 16 a
1604 3752 70 22 Court
1688 3755 23 19 at
1728 3751 54 23 each
1799 3753 25 21 of
1835 3753 39 21 the

1289 3779 48 22 said
1346 3779 81 30 places.

1316 3805 12 22 I
1338 3806 57 23 shall
1404 3806 54 22 then
1467 3805 52 23 hold
1528 3805 118 28 my.Court
1659 3808 22 18 at
1697 3804 143 29 Wellington,
1851 3808 23 20 to

1289 3832 54 23 hear
1355 3830 31 25 all
1400 3831 55 25 such
1469 3832 27 25 of
1505 3832 38 22 the
1559 3831 110 24 aforesaid
1685 3830 78 22 claims
1776 3839 33 18 as,
1815 3831 59 23 have

1289 3862 40 20 not
1343 3859 57 23 been
1415 3858 124 30 previously
1538 3859 3 11 1
1556 3857 99 28 brought
1670 3857 77 21 before
1766 3864 47 21 me;
1828 3858 46 22 and

1289 3886 47 22 also
1349 3889 24 19 to
1390 3885 104 23 exatmine
1507 3890 46 21 any
1566 3884 88 21 further
1665 3883 114 23 witnesses
1792 3884 24 21 in
1829 3891 44 20 any

1289 3913 25 22 of
1321 3911 63 23 thote
1394 3918 66 16 cases-
1465 3911 49 21 that
1519 3915 61 17 nave
1588 3913 41 19 not
1635 3911 62 21 .been,
1702 3910 132 27 completed.

1317 3939 38 23 All
1368 3938 83 28 parties
1467 3944 37 16 are
1516 3936 85 27 hereby
1615 3936 132 22 summoned
1764 3939 24 19 to
1807 3937 28 21 be
1849 3937 23 22 in

1911 702 130 22 attendance
2050 703 53 22 with
2119 703 59 23 their
2192 705 118 29 witnesses,
2321 708 45 22 and
2382 709 54 27 they
2443 708 46 24 will

1910 728 28 21 be
1952 729 101 27 required
2068 733 23 18 to
2106 731 97 26 produce
2217 732 75 23 before
2302 741 36 15 me
2353 735 29 22 all
2396 736 92 26 original

1910 755 73 26 deeds,
2003 755 45 22 and
2068 757 142 23 translations
2232 759 92 29 thereof,
2347 762 94 27 relating
2464 764 22 19 to

1910 780 57 23 their
1975 781 83 29 claims,
2070 783 51 22 with
2134 785 96 22 attested
2246 787 73 27 copies
2332 788 27 21 of
2369 788 39 22 the
2419 795 68 20 same,

1909 807 38 23 the
1957 808 65 22 latter
2030 811 23 19 to
2062 809 29 22 be
2100 810 41 22 left
2150 811 53 22 with
2211 819 45 15 me.
2399 818 22 3 ~
2440 815 41 6 —

1936 834 120 23 Claimants
2072 842 38 16 are
2124 837 118 23 reminded
2256 839 47 23 that
2317 841 37 22 the
2368 841 36 22 fee
2417 841 25 22 of
2453 841 33 24 £5

1910 864 58 19 must
1976 861 29 23 be
2013 862 54 27 paid
2076 865 22 19 to
2109 870 35 16 me
2153 863 77 24 before
2245 866 36 22 the
2296 867 156 28 investigation
2466 867 25 22 of

1909 895 44 20 aijy
1964 888 72 26 claim,
2046 896 25 14 or
2081 889 26 23 of
2114 898 45 20 any
2169 893 123 26 opposition
2303 894 92 22 thereto.

2204 925 110 25 William
2328 928 78 26 Spain,

2284 953 176 23 Commissioner.

2123 994 57 26 New
2199 995 126 28 Plymouth,
2345 997 115 28 Taranaki,

2172 1022 127 22 November
2310 1023 33 28 15,
2354 1025 60 21 1842.

1910 1051 91 48 THE
2025 1052 157 23 RESIDENT
2203 1055 108 23 AGENT
2329 1058 25 21 of
2373 1058 38 22 the
2431 1058 57 23 New

1983 1078 100 22 Zealand
2097 1080 114 29 Company
2225 1083 33 21 for
2272 1083 39 22 the
2326 1084 131 23 Settlement
2466 1085 25 21 of

1909 1107 56 19 New
1982 1107 127 26 Plymouth,
2119 1107 19 21 is
2154 1115 49 15 now
2213 1109 67 27 ready
2290 1114 22 17 to
2322 1111 86 22 receive
2419 1111 70 29 appli-

1910 1134 71 18 cation
1992 1131 35 22 for
2037 1132 37 22 the
2084 1133 114 28 purchase,
2216 1135 30 27 by
2254 1136 85 27 private
2349 1142 106 23 contract,
2464 1138 27 21 of

1909 1159 75 25 lown,
2001 1159 122 28 Suburban,
2142 1161 45 21 and
2202 1162 69 22 Rural
2288 1164 99 22 Sections
2402 1165 23 22 in
2441 1166 49 21 that

1910 1184 137 23 Settlement.
2090 1187 66 21 Some
2185 1189 27 20 of
2236 1189 36 22 the
2296 1194 57 18 most
2380 1190 108 23 desirable

1910 1211 99 23 Sections
2017 1211 24 22 in
2051 1211 37 23 the
2098 1213 92 23 District
2199 1222 36 15 are
2246 1216 82 23 offered
2338 1217 33 22 for
2378 1218 53 22 sale.

1936 1244 110 29 February
2056 1246 20 27 7,
2088 1248 59 21 1843.

2070 1291 171 28 Wellington
2255 1295 77 21 Goal.

2001 1322 50 21 TO
2080 1323 319 26 CONTRACTORS.

1910 1354 162 49 PERSONS
2092 1356 98 23 desirous
2208 1358 24 21 of
2248 1359 128 28 submitting
2391 1361 97 23 Tenders

1981 1382 37 21 the
2029 1382 95 22 erection
2135 1383 27 22 of
2168 1391 14 14 a
2199 1385 58 23 Gaol
2266 1390 23 18 at
2305 1387 79 22 Cook's
2398 1388 89 27 Mount,

1910 1408 143 27 Wellington,
2063 1416 52 21 may
2123 1410 87 28 inspect
2219 1412 37 22 the
2267 1413 66 22 Plans
2342 1414 43 22 and
2398 1414 91 28 Specifi-

1910 1436 84 20 cations
2003 1439 23 17 at
2036 1436 36 21 the
2083 1436 74 23 Police
2169 1438 77 28 Office,
2258 1439 97 23 between
2371 1441 36 22 the
2422 1442 67 22 hours

1910 1462 26 21 of
1943 1463 25 20 12
1978 1461 46 22 and
2038 1464 13 20 2
2067 1463 92 23 o'clock.
2189 1465 98 23 Tenders
2302 1467 44 22 will
2363 1468 26 22 be
2404 1467 86 28 opened

1910 1495 28 14 on
1948 1488 121 28 Thursday,
2080 1490 38 21 9th
2133 1490 120 30 February,
2264 1497 22 17 at
2294 1495 14 20 2
2324 1494 90 27 o'clock,
2425 1495 65 21 when

1910 1521 89 21 persons
2014 1516 130 28 submitting
2162 1518 99 23 Tenders
2279 1527 37 15 are
2336 1521 115 27 requested
2465 1524 23 18 to

1910 1542 82 21 attend.
2022 1542 95 23 Further
2131 1545 129 26 particulars
2274 1554 52 21 may
2341 1547 28 23 be
2384 1547 106 23 obtained

1910 1575 29 14 on
1951 1568 131 28 application
2098 1574 21 18 to
2137 1571 38 21 the
2194 1572 123 28 Architect,
2338 1573 44 23 Mr.
2393 1575 97 21 Thomas

1909 1594 130 29 Fitzgerald,
2051 1597 202 27 Mulgrave-street.

1936 1627 112 28 February
2057 1628 19 27 7,
2088 1630 61 20 1843.

1922 1672 197 22 Horticultural
2133 1676 56 19 and
2203 1676 143 22 Botanical
2360 1679 115 27 Society.

1910 1707 43 32 rp
1957 1705 42 22 HE
2010 1709 55 18 next
2078 1706 130 24 Exhibition
2217 1709 44 22 will
2277 1710 50 23 take
2343 1711 62 28 place
2415 1716 22 18 at
2451 1713 39 22 the

1916 1730 29 24 A
1958 1759 13 8 „
1982 1732 129 28 Exchange,
2127 1741 28 15 on
2164 1735 109 29 Tuesday,
2288 1738 38 21 the
2338 1738 50 22 14th
2399 1739 90 22 instant.

1935 1759 38 22 All
1987 1759 87 22 articles
2090 1764 59 19 must
2163 1761 27 23 be
2204 1768 49 17 sent
2267 1765 73 22 before
2356 1767 24 20 10
2395 1766 91 26 o'clock,

1908 1792 49 16 A.M.

1935 1813 45 21 The
1992 1813 85 23 Alfalfa
2086 1813 58 23 Seed
2151 1815 45 22 will
2205 1817 27 21 be
2243 1817 130 24 distributed
2382 1822 24 19 to
2416 1820 74 22 Mem-

1908 1839 56 28 bers,
1975 1843 23 18 at
2008 1841 29 21 Is.
2052 1848 39 19 per
2099 1841 38 28 lb.,
2153 1849 29 15 on
2192 1843 44 22 and
2246 1844 56 23 after
2316 1845 37 22 the
2364 1846 25 21 15
2398 1846 90 26 instant,

1910 1873 28 15 on
1962 1866 56 22 their
2041 1867 104 28 applying
2168 1873 23 18 to
2212 1871 90 22 Messrs.
2327 1872 100 23 Johnson
2446 1873 44 22 and

1908 1894 86 22 Moore.
2131 1912 2 14 (

2131 1932 1 12 i
2215 1924 22 21 J.
2249 1924 25 22 E.
2284 1925 176 29 Featherston,

1936 1973 18 4 _
1967 1973 6 7 ,
2370 1954 120 25 Secretary.

1936 1973 112 29 February
2057 1976 20 27 7,
2089 1978 60 20 1843.

1910 2018 90 35 rpHE
2032 2017 158 31 CA^f^JC
2218 2022 141 23 Inhabitants
2387 2024 26 21 of
2435 2025 53 21 Port

1916 2045 30 21 JL
1992 2045 134 26 Nicholson',
2137 2053 36 16 are
2196 2049 116 27 requested
2335 2053 22 18 to
2379 2050 77 22 attend
2474 2057 14 14 a

1909 2071 102 27 Meeting
2033 2075 22 18 at
2083 2072 107 24 Barrett's
2213 2076 74 27 Hotel,
2314 2083 30 15 on
2371 2077 118 26 Thursday

1909 2098 108 28 Evening,
2027 2103 24 17 at
2060 2101 14 20 6
2082 2099 92 26 o'clock.
2185 2117 3 6 ,

1936 2129 112 28 February
2057 2130 19 28 7,
2088 2132 60 21 1843.

1936 2175 38 20 To
1990 2175 46 21 the
2050 2165 174 34 Inhabitants
2239 2178 30 21 of
2282 2180 178 28 Wellington.

1910 2208 91 48 THE
2023 2209 173 27 undersigned^
2201 2211 82 28 having
2298 2213 49 26 just
2365 2214 124 27 completed

1982 2234 34 22 his
2032 2243 49 14 new
2095 2237 62 22 Store
2172 2245 30 14 on
2221 2238 110 23 Lambton
2349 2240 71 27 Quay,
2436 2248 54 15 near

1910 2262 44 21 Mr.
1971 2261 31 22 H.
2022 2262 116 27 Robson'Sj
2158 2264 54 26 begs
2230 2265 63 23 lfave
2312 2270 23 18 to
2352 2267 80 22 inform
2450 2267 38 23 the

1910 2288 72 28 public
1994 2289 23 21 in
2026 2290 97 28 general,
2135 2290 49 22 that
2192 2293 28 20 he
2229 2292 40 22 has
2279 2300 28 14 on
2317 2294 58 22 hand
2387 2302 14 14 a
2413 2295 76 21 choice

1909 2315 116 22 collection
2041 2316 26 22 of
2078 2318 115 27 groceries,
2205 2319 119 28 consisting
2335 2320 25 22 of
2370 2321 65 21 black
2444 2321 46 22 and

1909 2349 66 20 green
1992 2346 43 24 tea,
2052 2351 72 20 sugar,
2142 2345 77 27 coffee,
2234 2347 52 26 rice,
2303 2347 85 27 raisins,
2407 2348 80 26 butter,

1910 2370 70 21 bacon
1997 2370 45 21 and
2057 2370 71 28 hams,
2145 2379 60 21 soap,
2223 2374 96 27 candles,
2332 2374 47 27 salt,
2397 2375 90 27 pickles,

1910 2397 105 27 mustard,
2027 2398 86 26 biscuit,
2124 2398 40 22 &c.

1937 2424 37 21 An
1994 2427 131 19 assortment
2144 2426 26 21 of
2185 2426 75 22 Maori
2277 2427 111 27 blankets,
2405 2428 52 22 with
2475 2434 14 15 a

1909 2450 84 28 variety
2003 2451 26 21 of
2037 2451 63 21 other
2109 2452 87 22 articles
2207 2453 25 21 of
2239 2460 65 22 every
2315 2454 140 29 description.

1990 2493 27 14 TO
2033 2493 44 15 THE
2093 2494 137 16 GENTLBMEN
2247 2496 26 15 OP
2290 2497 58 14 PORT
2363 2497 45 15 NIC.

1937 2513 32 21 M.
1985 2513 29 21 A.
2030 2513 40 21 has
2089 2521 29 14 on
2135 2514 61 23 hand
2217 2522 12 14 a
2248 2515 89 24 choice.
2342 2517 106 22 selection
2467 2516 24 21 of

1910 2539 75 27 cigars,
2004 2540 134 27 unequalled
2154 2542 24 21 in
2196 2541 37 22 the
2250 2542 89 29 Colony,
2356 2544 52 21 with
2422 2544 68 26 fancy

1909 2566 66 23 snuffs
1985 2566 45 22 and
2039 2567 99 22 tobacco.

1936 2593 102 27 Captains
2053 2593 45 22 and
2112 2598 96 19 coasters
2224 2596 101 28 supplied
2342 2604 27 15 on
2380 2597 37 22 the
2432 2600 58 19 most

1909 2620 127 22 reasonable
2046 2624 73 19 terms.

1936 2647 108 22 Observe!
2061 2648 70 27 cheap
2142 2648 45 22 and
2196 2648 104 24 first-rate
2317 2650 86 23 articles
2412 2654 24 19 at

2146 2683 33 21 M.
2195 2683 102 23 Asher's
2312 2685 68 27 Store,

2263 2711 110 22 Lambton
2389 2711 72 28 Quay,

1987 2735 51 22 And
2047 2739 23 19 at
2079 2738 33 25 99,
2123 2736 88 28 George
2224 2738 79 27 Street,
2314 2737 99 29 Sydney.

1936 2767 56 22 N.B.
1998 2779 27 3 —
2032 2768 98 22 Colonial
2148 2769 98 27 produce
2268 2770 93 27 bought,
2386 2770 53 27 sold,
2465 2776 25 15 or

1909 2794 136 28 exchanged.

1962 2840 65 20 Port
2040 2841 153 21 Nicholson
2208 2842 55 20 and
2272 2841 162 28 Wanganui.

1909 2873 165 50 SEVERAL
2088 2873 68 23 Town
2171 2874 45 22 and
2232 2875 100 27 Country
2351 2876 97 22 Sections
2465 2874 24 23 in

1973 2900 61 23 these
2044 2901 94 22 districts
2148 2905 23 18 to
2181 2902 28 21 be
2219 2901 48 22 sold
2277 2909 24 14 or
2316 2896 38 29 let.
2382 2902 44 23 For
2438 2909 50 21 par-

1907 2928 89 21 ticulars
2005 2928 46 21 and
2060 2931 74 24 terms,
2145 2928 66 28 apply
2221 2931 23 19 to

2210 2963 94 22 Robert
2318 2963 29 23 R.
2362 2964 98 22 Strang.

1934 2988 89 27 August
2030 2989 20 26 4,
2062 2990 60 21 1842.

1907 3034 86 21 Town
2017 3035 54 21 and
2095 3035 122 26 Country
2236 3036 76 20 Land
2333 3037 29 20 to
2383 3036 49 21 Let
2452 3041 36 16 on

2093 3062 80 27 Long
2192 3063 107 21 Leases.

1907 3096 97 50 NOS.
2021 3095 26 23 of
2062 3095 38 23 the
2118 3099 60 19 town
2197 3104 62 15 acres
2267 3101 4 3 '
2277 3104 29 16 on
2323 3097 38 23 the
2380 3098 110 27 Surveyor

2104 3123 116 23 General's
2231 3124 62 27 Plan,

2012 3151 41 21 224
2178 3151 42 21 510
2341 3153 39 21 263

1907 3176 43 22 For
1959 3176 138 28 particulars,
2108 3177 66 28 apply
2184 3181 22 18 to

2067 3211 125 28 Wallace,
2202 3212 93 27 White,
2307 3212 45 23 and
2365 3212 123 23 Wallace.

1933 3237 56 28 May
1997 3239 34 25 31,
2043 3238 60 22 1842.

1908 3283 65 50 TO
1992 3283 40 23 BE
2051 3283 86 26 SOLD,
2153 3283 24 23 in
2191 3283 43 23 ldts
2249 3287 23 19 to
2290 3285 45 22 suit
2352 3284 136 28 purchasers,

1971 3310 38 22 the
2024 3310 71 22 whole
2112 3311 26 21 of
2148 3313 61 20 town
2224 3319 49 15 acre
2289 3311 44 23 No.
2345 3313 46 24 134,
2408 3318 28 15 on
2450 3310 38 23 th*e

1905 3337 52 28 plan
1968 3337 26 22 of
1997 3337 46 23 the
2043 3337 62 23 Town
2112 3337 25 22 of
2140 3337 143 29 Wellington,
2289 3339 83 26 having
2377 3339 113 27 frontages

1906 3368 22 18 to
1937 3364 189 24 Taranaki-street
2135 3364 47 22 and
2191 3365 194 28 Ingestrie-street.
2413 3367 76 21 Terms

1903 3391 85 23 liberal.
2017 3391 75 29 Apply
2102 3395 22 18 to

2241 3419 35 23 W.
2288 3419 28 23 V.
2328 3419 105 28 Brewer,

2297 3447 191 22 Manners-street.

1933 3473 57 22 J:me
2001 3473 33 26 17,
2044 3474 61 21 1842.

1906 3518 170 28 Wellington
2097 3519 55 20 and
2170 3518 184 28 Wanganui—
2353 3518 90 21 Lands
2457 3518 29 20 to

2143 3546 35 20 be
2189 3546 61 22 Let.

1907 3579 120 31 rpOWN
2051 3578 211 23 ALLOTMENTS
2283 3578 25 22 in
2331 3577 30 23 all
2382 3581 59 23 parts
2464 3576 27 22 of

1912 3601 31 27 JL
1979 3605 137 27 Wellington
2133 3604 45 23 and
2187 3605 131 27 Wanganui,
2330 3603 44 23 and
2389 3604 99 27 Country

1906 3633 97 23 Sections
2016 3633 24 21 in
2056 3632 55 22 both
2125 3631 104 28 districts,
2245 3635 23 18 to
2283 3631 26 21 be
2323 3631 31 21 let
2363 3637 29 15 on
2408 3631 79 21 leases;

1906 3660 43 22 For
1959 3659 61 28 plans
2030 3659 46 22 and
2084 3659 138 28 particutars,
2233 3657 65 28 apply
2308 3660 23 18 to

2233 3692 87 21 Henry
2336 3691 35 22 St.
2388 3690 70 24 Hill.

1932 3720 54 27 July
1996 3722 18 24 1,
2027 3720 59 21 1842.

1905 3767 120 24 Country
2039 3763 124 21 Sections
2182 3762 43 21 for
2244 3761 60 23 Sale
2325 3768 36 16 on
2379 3763 109 22 Liberal

2145 3789 103 21 Terms.

1905 3822 163 53 SEVERAL
2102 3821 102 22 Sections
2229 3820 28 22 of
2286 3820 101 30 Country
2413 3821 74 28 Land,

1967 3849 90 27 already
2067 3847 82 23 chosen
2157 3847 27 21 in
2192 3846 38 23 the
2243 3846 94 25 Porirua
2351 3849 92 28 district,
2453 3850 37 22 for

1903 3876 58 27 Sale,
1971 3883 75 14 terms
2056 3874 105 25 liberal,;
2190 3873 77 29 Apply
2276 3878 22 19 to
2321 3900 4 5 i
2332 3873 25 31 i\
2367 3873 11 31 \
2390 3872 47 25 ■','.

1998 3909 24 21 F.
2037 3908 28 22 A.
2079 3908 173 26 Molesworth,
2268 3908 185 29 Murphy-street,
2464 3915 27 16 or

1998 3935 34 21 W.
2047 3934 29 22 V.
2090 3934 107 25 Brewer,
2209 3934 194 24 Manners-street.
