2529 4020
115 2648 171 24 SHIPPING
303 2649 275 26 INTELLIGENCE.

275 2707 144 19 ARRIVED.

83 2735 106 28 February
206 2738 21 24 5,
246 2736 117 26 brigantine
381 2738 119 28 Lowestoft,
524 2740 38 21 114
581 2742 57 24 tons,

58 2761 88 23 Cowtan
155 2764 54 20 from
219 2763 52 22 New
285 2765 117 26 Plymouth.

85 2790 61 21 Same
165 2791 46 26 day,
236 2792 103 21 schooner
363 2793 144 28 Shepherdess,
531 2795 26 20 41
584 2798 54 25 tons,

57 2816 96 26 Browne,
163 2818 55 21 from
227 2819 92 21 Akaroa.

85 2844 106 28 February
204 2846 19 24 6,
234 2846 104 21 schooner
352 2847 122 28 Richmond,
484 2849 26 20 30
526 2851 55 26 tons,
593 2849 45 21 Sin-

57 2872 56 27 clair,
124 2872 56 21 from
190 2873 35 20 the
235 2875 66 19 coast.
488 2871 3 9 '

291 2922 118 18 SAILED.

82 2951 51 22 Feb.
143 2954 21 23 5,
175 2953 119 27 brigantine
307 2954 63 20 Ariel
379 2955 38 21 104
429 2957 58 24 tons,
494 2955 144 28 Cruikshank,

62 2978 32 22 for
102 2979 53 22 New
164 2980 119 24 Plymouth.

279 3028 34 20 IN
329 3028 84 22 PORT.

78 3054 86 27 Barque
171 3056 131 25 Indemnity,
310 3056 42 20 450
369 3060 61 22 tons,
437 3058 87 25 Adams,
537 3060 101 26 refitting.

53 3082 91 26 Agents,
154 3084 68 20 Waitt
232 3084 43 20 and
286 3084 78 26 Tyser.

79 3110 111 21 Schooner
211 3112 57 26 Ann,
294 3114 28 19 22
341 3115 60 23 tons,
427 3113 84 27 Brown,
535 3115 45 21 laid
604 3122 34 21 up.

53 3138 80 26 Agent,
143 3139 68 20 Waitt
220 3140 43 20 and
274 3140 77 27 Tyser.

81 3166 112 21 Schooner
202 3168 82 23 Maori,
297 3169 25 19 15
335 3173 57 16 tons.

81 3194 111 21 Schooner
204 3197 106 19 Governor
320 3197 92 26 Hobson,
421 3198 29 20 40
461 3199 56 27 tons,
527 3199 111 29 Crumner,

53 3222 91 26 Agents,
157 3223 56 20 Hort
222 3223 43 20 and
277 3223 40 21 Co.

82 3249 108 22 Schooner
199 3251 120 25 Elizabeth,
331 3251 26 21 70
367 3255 57 23 tons,
436 3253 76 21 Smith.
543 3255 95 27 Captain,

54 3277 79 26 Agent.

80 3307 84 26 Barque
179 3307 128 27 Brougham,
325 3308 49 25 237,
393 3308 127 23 Robertson.
562 3311 76 27 Agent,

54 3335 110 20 Boulcott.

82 3362 108 21 Schooner
209 3362 74 25 Ocean,
294 3362 27 20 30
336 3364 57 24 tons,
409 3363 115 27 Ferguson.
552 3365 86 27 Agents,

53 3390 94 21 Wallace
157 3389 41 20 and
208 3389 48 24 Co.,
266 3389 88 26 Agents.

81 3418 84 26 Barque
183 3417 106 24 Glenarm,
308 3418 40 20 297
364 3420 56 24 tons,
437 3418 56 28 Guy.
524 3421 80 26 Agent,
615 3422 23 22 C.

54 3445 32 21 M.
98 3444 81 26 Penny.

81 3472 53 27 Ship
148 3472 87 21 Thomas
247 3472 85 27 Sparks,
343 3473 41 20 498
401 3475 57 23 tons,
469 3474 74 28 Sharp.
573 3476 65 27 Ridg-

53 3506 55 20 ways
119 3500 41 21 and
171 3500 47 23 Co.,
229 3499 88 26 Agents.

72 3525 61 29 'Brig
148 3528 118 24 Margaret,
285 3528 41 20 186
343 3529 56 25 tons,
411 3528 110 23 Tomkins.
550 3530 88 27 Agents,

53 3554 69 22 Waitt
130 3556 43 20 and
181 3555 73 27 Tyser.

82 3577 124 31 B'rigantine
214 3582 123 27 Lowestoft,
348 3583 39 21 114
397 3585 57 24 tons,
465 3585 94 21 Cowtan.
585 3586 53 22 Wil-

53 3610 27 21 lis
90 3611 42 20 and
142 3610 47 24 Co.,
200 3610 87 26 Agents.

83 3637 107 21 Schooner
207 3637 145 26 Shepherdess,
370 3639 27 20 41
416 3640 49 19 tons
480 3639 96 23 Browne.
613 3641 24 22 C.

54 3664 106 26 Schultze,
169 3666 78 25 Agent.

82 3692 107 22 Schooner
204 3692 123 25 Richmond,
347 3693 27 21 30
394 3695 56 24 tons,
468 3694 96 22 Sinclair.
602 3696 35 21 W.

53 3718 136 27 Fitzherbert,
202 3721 77 24 Agent.

145 3779 172 23 IMPORTANT
329 3780 40 21 TO
383 3781 160 22 MARINERS.

55 3810 118 22 SAILING
187 3812 179 22 DIRECTIONS
380 3813 59 21 FOR
447 3813 123 23 VESSELS
585 3815 52 22 EN-

112 3839 113 21 TERING
233 3840 61 21 THE
304 3840 226 22 TIDE-HARBOUR
538 3842 39 21 OF

272 3868 142 22 WAITERA.

80 3898 59 21 High
155 3898 63 17 water
227 3898 22 16 at
265 3898 13 18 9
294 3898 91 23 o'clock,
402 3898 63 19 water
474 3903 27 14 on
515 3898 37 21 the
561 3898 39 22 bar
615 3902 21 19 at

55 3920 76 27 Spring
141 3921 52 21 tide*
203 3921 41 24 13}
252 3922 25 21 ft;
292 3926 22 17 at
323 3930 53 20 neap
385 3923 54 22 tides
449 3923 92 23 between
551 3926 27 21 10
594 3927 42 21 and

55 3947 23 21 11
88 3948 51 23 fwt.

712 1616 95 19 Latest
821 1614 81 21 Dates
917 1614 32 21 of
964 1614 98 26 Papers
1077 1615 128 21 received.

876 1885 166 21 FREIGHTS.

695 2068 90 21 Notice
810 2075 27 14 to
860 2068 162 21 Subscribers.
1024 2068 76 21 —The
1115 2070 97 21 -settlers
1230 2073 26 18 at

668 2094 126 28 Wanganui
805 2094 109 27 complain
923 2094 50 21 that
990 2094 52 27 they
1060 2094 28 21 do
1105 2098 41 18 not
1161 2099 38 23 get
1214 2103 41 14 our

668 2128 77 20 papers
754 2121 112 27 regularly
867 2120 73 22 —and
949 2120 64 28 plead
1024 2121 54 27 that,
1091 2129 23 14 as
1129 2129 29 14 an
1173 2129 81 15 excuse

668 2148 33 22 for
711 2151 39 18 not
759 2148 83 28 paying
858 2148 57 21 their
931 2152 113 18 accounts.
1084 2148 42 21 We
1142 2156 41 14 can
1201 2150 53 26 only

667 2178 40 25 put
726 2174 57 22 their
801 2181 77 21 papers
893 2175 24 21 in
934 2174 37 21 the
986 2178 56 24 post,
1060 2175 44 22 and
1124 2179 84 19 cannot
1226 2176 27 22 be

668 2201 137 28 responsible
815 2202 34 21 for
863 2200 58 23 their
938 2200 46 23 safe
1000 2202 88 21 arrival.
1129 2202 63 23 From
1209 2203 45 22 this

668 2228 50 22 date
727 2235 32 14 we
769 2233 49 22 stop
828 2228 37 22 the
874 2235 80 21 papers
964 2228 26 21 of
1006 2228 29 21 all
1048 2235 94 21 persons
1156 2229 98 28 residing

668 2258 24 19 at
700 2268 2 4 •
712 2255 126 26 Wanganui
857 2255 54 22 with
930 2262 43 14 one
992 2255 125 27 exception.
1160 2256 25 22 If
1201 2256 53 28 they

668 2281 57 23 need
733 2289 79 20 papers
823 2281 52 28 they
884 2289 42 14 can
936 2281 58 22 have
1002 2282 60 21 them
1073 2289 60 20 upon
1144 2283 75 27 giving
1227 2291 28 15 us

670 2309 36 22 the
715 2312 107 23 gurantee
834 2308 24 22 of
869 2315 62 15 some
940 2308 135 28 respectable
1091 2317 80 19 person
1184 2311 71 21 resid-

668 2336 38 26 ing
714 2336 61 26 here,
785 2335 49 22 that
842 2339 107 23 payment
957 2334 58 23 shall
1020 2336 28 21 be
1053 2336 67 22 made
1131 2336 62 23 when
1203 2337 50 23 due.

669 2357 40 27 We
721 2366 88 24 suspect
817 2369 32 15 we
859 2362 58 22 shall
926 2369 53 20 very
989 2369 52 15 soon
1051 2362 48 23 find
1107 2363 19 22 it
1137 2371 117 21 necessary

669 2392 23 18 to
702 2389 67 27 adopt
779 2390 37 21 the
827 2397 59 14 same
898 2396 77 15 course
985 2389 22 22 in
1018 2389 94 22 relation
1122 2393 23 19 to
1157 2390 30 23 all
1202 2392 53 22 sub-

669 2416 93 22 scribers
771 2419 40 18 not
819 2416 99 27 residing
926 2416 24 22 in
961 2416 144 28 Wellington.

696 2447 143 28 Wellington,
850 2448 101 27 January
961 2449 21 26 1,
994 2449 59 21 1842.

664 2508 93 65 New
788 2508 218 65 Zealand
1037 2508 217 65 Gazette

710 2574 66 23 AND
791 2573 215 23 WELLINGTON
1025 2573 187 26 SPECTATOR.

755 2627 155 26 Wednesday,
926 2628 125 23 February
1066 2630 20 25 8,
1104 2630 60 21 1843.

1275 137 121 28 whichsjthe
1403 136 167 24 Governments
1577 135 150 32 respectively
1735 135 25 23 6f
1771 135 88 28 Maine,

1276 177 25 16 or
1312 169 96 24 of/New
1420 168 143 29 Brunswick,
1575 176 52 23 may
1643 168 68 24 make
1730 168 130 30 respecting

1276 202 38 23 tha
1333 203 127 30 navigation
1473 201 23 23 of
1512 201 38 23 the
1570 201 47 23 said
1636 201 67 28 river,
1722 200 65 24 when
1805 200 56 23 both

1276 233 74 25 banks
1363 234 88 23 thereof
1462 233 57 24 shall
1532 234 83 30 belong
1627 239 23 18 to
1662 234 48 26 the..
1712 240 63 16 same
1786 238 72 26 party.

1287 278 8 7 »
1309 267 88 23 Article
1419 269 60 21 4.—
1479 266 110 24 Provides
1612 267 57 27 that,
1686 266 31 23 all
1737 271 79 25 grants
1839 266 22 22 of

1277 299 59 29 land,
1355 299 126 24 heretofore
1491 299 65 24 made
1575 300 31 30 by
1616 299 72 23 either
1705 303 66 27 party
1783 298 77 23 within

1278 332 38 23 the
1328 332 69 23 limits
1407 332 26 23 of
1443 333 36 22 the
1487 332 112 31 territory,
1610 332 73 23 which
1695 332 30 29 by
1733 332 46 22 this
1789 335 72 26 treaty

1277 365 51 24 falls
1340 365 76 23 within
1429 365 37 23 the
1484 365 115 23 dominion
1611 365 26 22 of
1652 364 38 23 the
1703 365 65 22 other
1785 368 74 27 party,

1277 397 57 24 shall
1347 396 26 25 be
1390 397 54 24 held
1454 397 66 30 valid,
1533 397 96 29 ratified,
1648 396 45 25 and
1704 396 122 26 confirmed
1839 401 22 18 to

1274 430 42 24 •file
1324 438 84 23 .person
1420 431 25 22 in
1454 431 138 30 possession.

1311 462 87 25 Article
1414 466 22 21 5'
1436 476 28 4 —
1465 463 108 24 Provides
1592 462 35 24 for
1639 462 38 24 the
1696 468 70 18 terms
1779 461 26 24 of
1822 461 38 24 the

1279 495 103 32 disputed
1390 497 103 30 territory
1500 496 64 29 fund,
1575 495 88 24 formed
1670 495 35 24 for
1715 496 37 22 the
1761 502 99 24 purpose

1279 529 24 23 of
1320 530 145 30 prosecuting
1483 529 158 31 depredations
1655 536 28 15 on
1705 528 39 23 the
1757 528 71 23 forest
1840 527 23 23 of

1279 561 38 23 the
1328 561 97 24 hitherto
1444 561 103 32 disputed
1558 562 114 29 territory,
1694 561 69 30 being
1776 560 86 23 carried

1279 598 40 19 out
1327 603 6 20 ;
1346 594 43 23 and
1401 595 49 23 that
1462 603 13 15 a
1485 598 86 20 correct
1581 598 96 19 account
1688 594 25 23 of
1724 593 29 24 all
1764 594 97 30 receipts

1279 626 45 24 and
1334 633 119 25 payments
1465 636 27 15 on
1510 628 39 23 the
1560 627 50 23 said
1620 627 78 28 funds,
1711 626 60 24 shall
1783 627 27 22 be
1822 626 39 23 de-

1278 658 83 25 livered
1385 664 32 19 to'
1430 661 37 22 the
1490 659 157 24 Government
1667 660 25 23 of
1714 660 37 22 the
1775 659 87 24 United

1279 692 84 30 States,
1376 692 77 24 within
1461 694 35 22 six
1507 693 92 23 months
1610 693 57 23 after
1677 692 40 24 the
1728 692 134 24 ratification

1316 725 43 23 this
1371 729 80 27 treaty,
1470 726 43 23 and
1531 726 39 23 the
1582 726 109 30 proceeds
1710 730 23 18 to
1744 725 29 23 be
1785 725 77 24 distri-

1279 758 68 23 buted
1364 758 119 31 according
1494 763 22 19 to
1528 759 38 23 the
1584 760 128 29 provisions
1728 758 88 24 therein
1828 762 35 19 set

1279 790 69 24 forth.

1280 831 3 4 1
1311 824 86 24 Article
1418 826 15 23 6
1435 837 32 4 —
1468 824 109 24 Provides
1597 824 36 23 for
1652 824 37 24 the
1707 824 155 31 appointment

1279 856 26 24 of
1325 861 42 19 two
1388 857 197 29 Commissioners,
1604 865 44 16 one
1667 858 30 30 by
1714 857 56 23 each
1789 861 72 27 party,

1279 889 33 23 for
1324 889 37 24 the
1372 897 97 24 purpose
1489 890 25 23 of
1527 891 102 30 running
1641 890 45 23 and
1697 890 90 31 tracing
1798 890 64 23 those

1278 926 62 27 parts
1352 923 24 23 of
1390 922 39 24 the
1443 923 45 23 line
1509 923 102 23 between
1632 923 39 23 the
1684 930 79 16 source
1784 923 26 23 of
1824 922 38 24 the

1278 955 72 24 River
1361 956 35 23 St.
1411 956 68 23 Croix
1491 956 45 23 and
1548 956 38 23 the
1599 956 37 24 St.
1650 956 119 23 Laurence
1782 956 79 28 River,

1279 988 44 23 and
1333 988 34 23 for
1377 988 104 31 marking
1499 989 38 22 the
1557 989 90 23 residue
1666 989 25 23 of
1705 989 39 23 the
1758 989 47 23 said
1817 989 45 23 line

1278 1021 30 31 by
1326 1029 81 23 proper
1424 1026 143 19 monuments
1588 1029 30 16 on
1636 1022 38 23 the
1693 1021 61 29 land,
1775 1022 43 23 and
1840 1026 22 19 to

1278 1053 67 24 make
1368 1054 58 23 their
1454 1058 74 27 report
1557 1055 102 27 thereon,
1683 1055 179 30 accompanying

1279 1087 54 23 such
1342 1092 78 26 report
1432 1095 24 15 or
1463 1087 136 24 declaration
1611 1087 55 24 with
1674 1095 75 23 maps,
1763 1087 99 24 certified

1278 1120 31 31 by
1319 1120 62 24 them
1392 1124 24 19 to
1436 1120 29 23 be
1483 1124 49 19 true
1552 1128 66 24 maps
1631 1120 24 23 of
1670 1120 39 23 the
1728 1128 50 16 new
1789 1121 72 23 boun-

1279 1153 63 30 dary.

1310 1186 88 26 Article
1410 1188 15 24 7
1426 1199 34 4 —
1460 1186 120 30 Provides,
1592 1187 50 23 that
1662 1186 108 24 channels
1789 1188 22 22 in
1824 1187 37 23 the

1279 1218 70 24 River
1368 1219 36 23 St.
1427 1219 122 24 Lawrence
1568 1228 30 15 on
1617 1220 54 23 both
1693 1220 61 23 sides
1775 1221 25 22 of
1824 1220 37 23 the

1279 1252 66 30 Long
1356 1252 67 24 Sault
1434 1252 100 30 Islands,
1547 1254 44 22 and
1606 1254 26 23 of
1647 1253 115 23 Baruhart
1773 1254 86 28 Island,

1278 1285 38 23 the
1336 1285 106 24 channels
1462 1286 22 23 in
1503 1286 39 24 the
1561 1286 72 24 River
1646 1286 91 24 Detroit
1758 1294 29 16 on
1808 1287 53 23 both

1279 1317 59 24 sides
1353 1318 38 24 the
1411 1318 72 24 island
1495 1320 25 22 of
1536 1320 54 23 Bois
1611 1319 80 29 Blanc,
1705 1319 44 24 and
1762 1320 98 23 between

1278 1351 48 23 that
1336 1351 74 23 island
1422 1351 41 24 and
1475 1352 55 23 both
1541 1352 39 24 the
1591 1353 126 23 American
1729 1352 45 24 and
1786 1353 74 23 Cana-

1278 1384 52 23 dian
1342 1384 86 30 shores,
1441 1386 42 22 and
1502 1385 30 23 all
1548 1386 38 23 the
1598 1386 88 23 several
1698 1384 108 25 channels
1818 1385 42 24 and

1277 1425 106 24 passages
1404 1417 98 24 between
1524 1419 38 23 the
1582 1419 91 23 various
1691 1417 87 24 islands
1799 1418 63 31 lying

1278 1458 53 15 near
1343 1450 37 24 the
1387 1450 106 32 junction
1504 1451 25 23 of
1545 1451 38 24 the
1599 1452 73 23 River
1684 1452 37 23 St.
1734 1450 62 25 Clair
1808 1451 54 24 with

1278 1484 38 22 the
1328 1483 65 24 Lake
1405 1485 25 22 of
1445 1484 48 24 that
1503 1492 75 21 name,
1590 1484 61 24 shall
1668 1485 29 23 be
1714 1484 89 31 equally
1816 1484 46 24 free

1278 1517 44 23 and
1334 1525 56 23 open
1404 1521 21 19 to
1443 1517 37 24 the
1498 1517 73 31 ships,
1582 1517 96 29 vessels,
1691 1517 45 24 and
1754 1518 66 23 boats
1839 1518 24 23 of

1278 1550 54 24 both
1344 1551 91 28 parties.

1311 1583 88 23 Article
1411 1585 14 22 B—Provides8
1428 1596 32 4 —
1460 1583 111 24 Provides
1592 1583 37 24 for
1648 1584 38 23 the
1705 1585 158 23 maintenance

1279 1616 24 23 of
1312 1624 14 15 a
1336 1616 122 31 stipulated
1464 1616 69 30 force,
1547 1621 23 19 to
1580 1617 31 23 be
1618 1617 139 23 maintained
1766 1617 30 32 by
1807 1617 55 24 both

1279 1650 89 30 parties,
1381 1649 37 24 for
1429 1650 36 23 the
1476 1651 148 30 suppression
1636 1651 26 22 of
1676 1651 39 22 the
1727 1650 62 24 slave
1800 1651 62 23 trade

1280 1690 27 15 on
1321 1683 36 23 the
1369 1687 63 19 coast
1447 1682 24 24 of
1484 1683 89 29 Africa,
1573 1696 36 3 —
1610 1684 37 22 the
1668 1684 49 23 said
1735 1684 127 31 squadrons

1281 1720 21 19 to
1314 1716 27 23 be
1352 1715 150 32 independent
1513 1717 26 22 of
1555 1716 56 24 each
1620 1717 73 24 other.
1733 1717 129 24 Neverthe-

1279 1748 52 30 less,
1342 1749 36 23 the
1397 1750 87 22 officers
1505 1750 26 22 of
1554 1750 56 23 each
1626 1755 24 18 to
1671 1754 36 19 act
1729 1750 25 24 in
1773 1755 90 19 concert

1280 1782 45 23 and
1347 1783 153 31 co-operation
1520 1790 61 24 upon
1599 1783 89 24 mutual
1704 1783 158 30 consultation,

1280 1823 24 15 as
1316 1817 151 29 emergencies
1478 1824 52 23 may
1542 1817 68 28 arise,
1622 1816 35 24 for
1669 1817 38 23 the
1778 1818 84 22 attain-

1280 1853 61 19 ment
1353 1849 25 22 of
1393 1849 37 23 the
1443 1849 72 31 object
1527 1849 25 24 of
1568 1849 45 23 this
1624 1850 87 23 article.

1311 1882 88 23 Article
1423 1884 16 21 9
1441 1894 29 5 —
1474 1882 99 31 Pledges
1597 1882 38 24 the
1658 1887 44 19 two
1726 1884 86 30 parties
1840 1889 22 18 to

1281 1915 61 23 unite
1363 1915 25 23 in
1412 1915 30 24 all
1462 1915 122 31 becoming
1606 1918 190 29 representations
1819 1916 45 25 and

1280 1953 177 19 remonstrances
1469 1949 54 23 with
1534 1957 44 23 any
1590 1950 45 22 and
1646 1949 31 23 all
1689 1957 87 24 powers
1785 1950 79 24 within

1281 1981 73 23 whose
1366 1981 126 24 dominions
1504 1990 45 26 any
1563 1982 91 23 market
1671 1983 35 22 for
1725 1983 46 23 this
1789 1984 73 23 traffic

1274 2020 43 25 ;are
1328 2014 92 24 allowed
1433 2020 20 18 to
1467 2016 66 28 exist,
1546 2015 45 23 and
1604 2015 49 24 that
1668 2015 53 32 they
1743 2016 46 24 will
1806 2025 56 22 urge

1274 2054 65 23 'Upon
1351 2047 29 23 all
1393 2048 55 22 such
1460 2056 86 22 powers
1559 2049 43 23 the
1609 2050 117 28 propriety
1745 2049 44 23 and
1809 2050 55 29 duty

1274 2079 34 36 jof
1314 2078 87 31 closing
1413 2079 54 24 such
1476 2080 102 23 markets
1590 2085 25 18 at
1627 2087 56 16 once
1694 2080 45 23 and
1751 2080 34 23 for
1797 2082 65 23 ever!

1274 2110 3 22 I
1289 2131 5 3 .
1314 2112 87 23 Article
1424 2114 28 22 10
1455 2125 31 4 —
1488 2112 112 24 Provides
1613 2113 49 23 that
1673 2113 39 23 the
1723 2117 44 19 two
1778 2115 86 29 parties

1273 2146 3 13 ;
1281 2144 57 23 shall
1359 2153 61 22 upon
1439 2145 86 24 mutual
1543 2146 143 30 requisition,
1707 2147 30 30 by
1756 2146 61 24 them
1839 2155 25 16 or

1274 2177 65 24 ■their
1348 2179 122 28 ministers,
1479 2179 53 29 &c,
1540 2179 151 31 respectively
1698 2179 73 30 made,
1780 2179 85 25 deliver

1322 2215 21 18 to
1352 2211 85 31 justice
1449 2212 30 23 all
1490 2220 104 24 persons,
1607 2212 50 24 who
1677 2213 69 31 being
1766 2214 99 30 charged

1282 2244 51 23 with
1345 2244 40 24 the
1403 2246 67 22 crime
1489 2246 25 22 of
1537 2246 100 28 murder,
1655 2254 26 15 or
1703 2247 86 23 assault
1810 2247 55 23 with

1281 2278 71 23 intent
1364 2282 22 19 to
1396 2279 92 22 commit
1500 2279 101 29 murder,
1614 2286 25 16 or
1650 2279 87 31 piracy,
1750 2287 25 16 or
1787 2288 77 22 arson,

1282 2318 24 16 or
1323 2310 104 32 robbing,
1444 2319 25 15 or
1485 2311 100 32 forgery,
1606 2319 25 16 or
1649 2312 39 24 the
1706 2317 116 19 utterance
1843 2315 25 22 of

1272 2365 3 4 .
1281 2344 76 31 forged
1369 2352 81 24 papers
1462 2345 132 24 committed
1606 2345 79 24 within
1702 2346 38 23 the
1756 2346 108 32 jurisdic-

1281 2378 48 22 tion
1341 2378 25 22 of
1382 2378 78 29 either,
1470 2377 50 25 that
1531 2378 57 24 seek
1604 2386 30 16 an
1652 2379 90 31 asylum
1760 2379 58 24 shall
1836 2381 29 23 be

1282 2410 68 24 found
1361 2411 78 23 within
1450 2411 38 23 the
1501 2412 107 30 territory
1620 2411 26 24 of
1661 2411 39 24 the
1719 2413 73 29 other,
1811 2421 53 23 pro-

1281 2444 64 24 vided
1359 2444 49 23 that
1418 2444 45 23 this
1476 2444 56 24 shall
1545 2444 56 32 only
1612 2446 28 22 be
1651 2445 60 24 done
1728 2453 62 24 upon
1808 2447 57 24 such

1281 2477 104 24 evidence
1397 2477 25 23 of
1437 2478 137 31 criminality
1587 2486 33 21 as,
1639 2479 124 31 according
1783 2484 22 19 to
1825 2481 43 23 the,

1271 2531 3 11 ,
1281 2510 54 24 laws
1348 2511 25 23 of
1387 2510 38 24 the
1436 2510 62 33 place
1510 2511 75 23 where
1598 2512 38 23 the
1656 2512 96 31 fugitive
1769 2521 25 15 or
1811 2521 53 24 per-

1281 2552 41 15 son
1337 2552 25 15 so
1374 2543 96 31 charged
1482 2544 58 23 shall
1553 2545 27 23 be
1596 2545 78 29 found,
1693 2546 75 24 would
1783 2546 81 32 justify

1281 2577 162 32 apprehension
1455 2578 42 22 and
1511 2578 126 24 committal
1648 2579 35 23 for
1695 2580 60 29 trial,
1764 2588 25 16 as
1800 2580 20 24 if
1827 2581 37 23 the

1281 2611 68 23 crime
1361 2619 26 15 or
1404 2611 83 23 offence
1504 2611 46 24 had
1567 2611 65 24 there
1650 2612 59 24 been
1728 2614 136 29 committed,

1281 2644 43 24 and
1343 2644 38 23 the
1392 2645 124 30 respective
1533 2644 88 33 Judges
1632 2645 46 24 and
1690 2646 64 24 other
1774 2647 90 31 Magis-

1282 2682 68 19 trates
1379 2678 24 23 of
1421 2677 36 24 the
1476 2682 44 19 two
1544 2678 168 25 Governments
1731 2680 59 23 shall
1808 2680 57 24 have

1280 2718 81 24 power,
1371 2710 152 33 jurisdiction,
1536 2711 46 24 and
1594 2712 123 31 authority,
1730 2720 59 25 upon
1803 2722 62 15 com-

1281 2744 70 32 plaint
1363 2744 68 30 being
1440 2743 65 25 made
1517 2745 73 24 under
1601 2745 60 29 oath,
1675 2751 23 18 to
1709 2747 62 23 issue
1782 2755 14 16 a
1807 2754 58 17 war-

1281 2782 50 19 rant
1341 2778 36 23 for
1395 2778 37 23 the
1448 2778 167 31 apprehension
1627 2779 25 23 of
1670 2780 38 23 the
1726 2780 95 31 fugitive
1841 2788 25 17 or

1281 2819 80 23 person
1373 2818 25 16 so
1417 2811 104 31 charged,
1540 2811 50 24 that
1606 2812 30 23 he
1653 2820 53 24 may
1717 2813 29 24 be
1766 2814 101 32 brought

1281 2845 75 23 before
1374 2844 55 24 such
1448 2844 75 32 Judge
1535 2853 25 16 or
1579 2845 65 25 other
1662 2846 149 32 Magistrates
1829 2855 36 16 re-

1281 2877 127 32 spectfully,
1427 2882 23 19 to
1468 2877 38 25 the
1526 2878 45 24 end
1590 2879 49 24 that
1659 2880 39 23 the
1720 2881 105 24 evidence
1843 2882 25 23 of

1280 2911 135 31 criminality
1423 2919 51 23 may
1483 2911 29 25 be
1523 2912 71 24 heard
1606 2909 45 27 and
1662 2914 132 24 considered
1801 2924 6 19 ;
1822 2915 43 23 and

1280 2944 20 24 if
1308 2952 62 23 upon
1388 2945 60 28 such,
1453 2945 96 31 hearing
1560 2945 39 24 the
1612 2947 106 24 evidence
1733 2948 28 23 be
1773 2948 93 23 deemed

1280 2978 113 23 sufficient
1403 2983 23 18 to
1436 2979 88 23 sustain
1537 2980 39 22 the
1589 2979 91 32 charge,
1693 2981 18 23 it
1719 2981 58 23 shall
1789 2981 26 23 be
1828 2981 37 23 the

1280 3011 53 31 duty
1345 3011 26 23 of
1385 3011 39 24 the
1439 3013 133 31 examining
1591 3013 75 31 Judge
1678 3021 25 16 or
1723 3014 38 23 the
1774 3014 91 31 Magis-

1269 3058 2 7 ;
1281 3049 56 19 trate
1348 3049 23 19 to
1391 3044 78 33 certify
1481 3046 38 23 the
1531 3053 63 17 same
1607 3050 22 19 to
1642 3046 38 24 the
1698 3054 83 24 proper
1801 3047 64 23 Exe-

1279 3078 73 23 cutive
1370 3078 131 31 Authority,
1523 3079 50 23 that
1590 3087 16 14 a
1616 3084 98 18 warrant
1733 3088 54 23 may
1803 3081 62 23 issue

1278 3111 35 24 for
1332 3111 39 24 the
1390 3111 119 24 surrender
1521 3112 26 23 of
1562 3112 59 23 such
1638 3113 97 30 fugitive
1745 3121 7 20 ;
1774 3113 38 23 the
1824 3122 41 15 ex-

1278 3152 69 24 pense
1359 3144 26 24 of
1394 3145 54 23 such
1461 3144 166 32 apprehension
1639 3145 45 24 and
1695 3145 100 33 delivery
1806 3147 59 24 shall

1279 3179 26 27 be
1322 3178 74 26 .borne
1419 3178 43 23 and
1484 3178 109 31 defrayed
1615 3178 31 32 by
1669 3179 38 23 the
1728 3185 67 26 party
1815 3180 49 24 who

1269 3219 2 18 ;
1277 3211 80 24 makes
1368 3211 38 24 the
1423 3211 134 31 requisition
1568 3211 46 24 and
1629 3213 101 23 receives
1751 3213 38 24 the
1801 3213 63 32 fugi-

1279 3246 53 22 tive.

1310 3278 89 24 Article
1412 3279 28 23 11
1442 3290 32 5 —
1477 3277 112 25 Provides
1610 3279 56 29 that,
1679 3279 39 24 the
1737 3280 78 32 eighth
1827 3288 37 16 ar-

1279 3312 50 27 tjcle
1340 3312 26 23 of
1380 3312 45 23 this
1436 3315 81 27 treaty,
1530 3312 59 24 shall
1607 3312 29 24 be
1654 3313 25 23 in
1695 3313 63 23 force
1773 3314 35 23 for
1819 3314 45 24 five

1278 3352 65 25 years
1354 3345 59 23 from
1424 3345 38 24 the
1481 3345 43 31 day
1544 3345 26 24 of
1584 3345 39 24 the
1644 3345 51 24 date
1711 3347 23 23 of
1750 3347 38 23 the
1808 3349 56 22 rati-

1278 3379 98 29 fication,
1389 3378 43 24 and
1444 3378 133 24 afterwards
1596 3379 60 23 until
1674 3387 43 16 one
1730 3387 24 16 or
1766 3380 65 24 other
1843 3382 23 23 of

1278 3412 37 23 the
1326 3412 86 31 parties
1423 3411 60 24 shall
1500 3412 87 31 signify
1599 3420 13 15 a
1631 3412 58 24 wish
1711 3417 22 20 to
1746 3415 119 24 terminate

1277 3448 25 23 it.
1333 3444 63 30 And,
1410 3445 48 24 that
1468 3445 40 24 the
1520 3446 74 24 tenth.
1598 3445 78 24 article
1688 3446 59 24 shall
1760 3448 105 24 continue

1277 3480 23 23 in
1310 3479 62 23 force
1384 3478 55 24 until
1451 3486 43 16 one
1512 3486 26 16 or
1557 3478 39 24 the
1615 3479 65 23 other
1701 3479 59 24 shall
1779 3482 86 32 signify

1276 3513 29 23 its
1318 3512 56 23 wish
1385 3516 23 19 to
1419 3512 119 23 terminate
1549 3512 26 29 it,
1588 3511 46 25 and
1644 3520 31 16 no
1686 3512 88 31 longer.

1309 3545 90 24 Article
1420 3547 30 22 12
1451 3557 34 5 —
1485 3545 114 24 Provides
1617 3546 36 23 for
1671 3546 38 23 the
1730 3547 134 26 ratification

1277 3579 25 24 of
1316 3579 38 24 the
1366 3583 73 27 treaty
1451 3578 45 24 and
1507 3578 39 25 the
1559 3579 90 24 mutual
1660 3579 117 33 exchange
1789 3581 75 25 there-

1277 3613 25 24 of
1324 3618 24 18 to
1373 3611 52 25 take
1447 3611 65 32 place
1535 3612 26 24 in
1590 3611 107 31 London,
1720 3614 79 24 within
1829 3614 35 25 six

1276 3646 90 24 months
1378 3645 57 24 from
1444 3645 39 24 the
1495 3644 44 32 day
1550 3645 87 31 hereof,
1651 3654 25 16 or
1688 3647 81 24 earlier
1780 3648 21 23 if
1809 3656 55 24 pos-

1276 3679 64 24 sible.
1378 3679 85 30 Signed
1474 3678 31 32 by

1381 3719 121 24 Daniell
1513 3718 140 30 Webster,
1655 3733 33 4 —
1688 3720 176 27 Ashburton.

2021 1748 74 25 THE
2113 1749 79 23 NEW
2210 1748 135 25 TARIFF.

2032 1781 129 26 [Concluded
2163 1781 60 26 from
2233 1787 39 14 our
2281 1781 61 26 last.]

1927 3883 51 24 The
2013 3884 112 25 schooner
2154 3884 117 25 Governor
2299 3880 105 34 Hobton,
2432 3887 40 18 was

1892 3917 114 25 launched
2027 3917 60 25 from
2107 3918 38 24 the
2168 3917 51 32 slip,
2241 3924 30 17 on
2293 3917 115 32 Saturday
2426 3916 46 26 l**t,

1893 3950 58 25 after
1968 3950 85 32 having
2070 3950 132 32 undergone
2224 3959 14 15 a
2259 3950 113 32 thorough
2394 3947 78 33 repair.

703 2681 36 31 By
750 2681 38 24 the
800 2680 91 32 Sydney
909 2687 82 25 papers
1011 2687 32 16 we
1062 2680 59 23 have
1138 2689 12 15 a
1163 2689 55 24 copy
1231 2683 24 24 of

670 2714 38 24 the
719 2719 73 26 treaty
798 2714 104 25 .between
924 2713 106 32 England
1046 2714 45 24 and
1102 2714 115 29 America,
1231 2720 22 20 to

670 2747 65 24 settle
747 2748 44 23 and
802 2747 73 24 define
895 2747 40 23 the
952 2746 136 24 boundaries
1102 2747 100 25 between
1213 2749 39 24 the

670 2781 123 24 territories
804 2781 26 23 of
844 2780 37 24 the
902 2780 88 24 United
1002 2780 77 24 States
1091 2781 45 23 and
1147 2781 37 24 the
1199 2790 54 23 pos-

670 2815 99 24 sessions
782 2814 24 24 of
820 2814 40 23 her
878 2814 119 23 Britannic
1017 2813 103 32 Majesty
1136 2814 24 24 in
1178 2815 75 25 North

670 2845 121 31 America;
818 2847 33 23 for
869 2847 39 23 the
927 2847 55 24 final
1001 2848 147 30 suppression
1166 2849 24 23 of
1215 2849 38 25 the

670 2881 95 24 African
777 2881 66 24 Slave
863 2879 79 25 Trade
950 2889 7 19 ;
976 2881 44 22 and
1030 2881 36 23 for
1077 2881 79 31 giving
1166 2889 30 24 up
1208 2884 45 22 cri-

670 2914 82 24 minals
762 2915 26 23 in
797 2914 87 24 certain
896 2921 72 17 cases.
1004 2913 50 25 The
1066 2918 74 27 treaty
1152 2917 101 23 contains

670 2948 78 23 twelve
761 2948 97 23 articles.

701 2981 90 24 Article
804 2983 12 22 1
829 2980 118 32 including
958 2980 77 24 article
1053 2983 16 21 2
1069 2993 35 4 —
1105 2980 52 24 Sets
1169 2987 39 19 out
1222 2983 30 31 by

670 3015 97 31 reciting
778 3014 37 23 the
832 3014 44 24 five
895 3014 91 23 articles
1004 3014 23 23 of
1042 3022 14 15 a
1077 3018 74 28 treaty
1163 3017 89 23 entered

670 3048 45 23 into
726 3048 31 31 by
771 3048 37 23 the
827 3053 42 17 two
888 3047 168 24 Governments
1077 3048 25 22 in
1125 3049 71 29 1794,
1208 3050 44 24 and

670 3081 99 24 declares
787 3081 36 23 the
842 3081 118 30 boundary
971 3081 58 23 shall
1049 3081 28 23 be
1097 3081 121 33 according
1230 3088 22 19 to

670 3114 37 24 the
718 3115 46 23 line
776 3114 44 23 laid
832 3114 65 23 down
909 3115 23 22 in
948 3114 49 23 that
1009 3119 80 26 treaty,
1103 3114 44 24 and
1159 3116 93 24 marked

670 3152 38 19 out
719 3148 30 30 by
762 3147 37 24 the
812 3148 126 30 Surveyors
950 3147 26 24 of
984 3147 37 24 the
1029 3152 43 19 two
1086 3147 166 27 Governments

669 3181 22 23 in
705 3181 37 23 the
754 3188 64 23 years
833 3182 63 24 1817
910 3180 44 24 and
976 3182 71 27 1818,
1060 3180 73 24 under
1152 3181 38 25 the
1201 3183 51 25 fifth

670 3215 77 22 article
766 3214 25 23 of
813 3214 37 23 the
869 3213 86 31 Treaty
974 3213 25 24 of
1022 3213 87 29 Ghent,
1130 3215 26 23 of
1176 3218 74 23 1814.

670 3247 23 24 It
701 3248 70 30 being
781 3247 137 23 understood
926 3247 50 23 that
987 3246 29 24 all
1027 3246 38 24 the
1074 3252 69 19 water
1151 3256 100 18 commu-

668 3282 119 27 nications,
800 3280 44 24 and
855 3280 30 23 all
897 3280 38 23 the
945 3280 67 23 usual
1022 3284 107 27 portages
1138 3282 67 32 along
1213 3283 38 24 the

668 3314 45 23 line
724 3314 59 23 from
795 3313 65 24 Lake
879 3314 110 31 Superior
1008 3317 22 19 to
1042 3314 39 22 the
1096 3314 67 24 Lake
1174 3316 25 23 of
1215 3317 37 24 the

669 3347 93 29 Woods,
785 3347 43 24 and
847 3347 48 23 also
917 3346 79 25 Grand
1013 3346 101 32 Portage
1134 3348 58 25 from
1213 3350 39 24 the

668 3380 66 24 shore
745 3380 27 24 of
787 3380 65 24 Lake
863 3380 110 31 Superior
985 3384 23 20 to
1018 3380 40 23 the
1070 3380 89 31 Pigeon
1169 3382 81 31 River,

668 3422 25 15 as
705 3422 50 15 now
775 3414 97 30 actually
884 3413 63 29 used,
961 3413 57 24 shall
1036 3413 29 24 be
1079 3414 49 23 free
1138 3415 44 24 and
1193 3424 58 24 open

668 3451 22 19 to
702 3446 38 24 the
752 3455 40 15 use
804 3447 25 23 of
837 3446 38 24 the
888 3447 94 23 citizens
994 3446 43 24 and
1049 3446 101 33 subjects
1161 3449 26 23 of
1196 3449 55 25 both

668 3481 121 23 countries.

700 3514 89 23 Article
813 3516 14 22 3
829 3526 33 5 —
863 3513 112 24 Provides
1006 3512 57 30 that,
1084 3513 105 34 whereby
1210 3516 40 24 the

667 3548 126 30 provisions
804 3547 26 24 of
840 3546 39 25 the
890 3551 92 27 present
993 3551 80 27 treaty,
1091 3546 39 25 the
1142 3548 59 24 river
1213 3550 36 24 St.

667 3580 67 29 John,
747 3581 21 23 is
779 3580 102 24 declared
894 3585 23 18 to
928 3580 28 24 be
968 3580 38 24 the
1017 3580 118 31 boundary
1145 3581 54 31 line,
1211 3583 40 25 the

666 3613 129 31 navigation
808 3613 23 24 of
849 3613 38 23 the
900 3613 49 24 said
959 3615 59 22 river
1029 3613 59 24 shall
1107 3613 29 24 be
1149 3615 45 24 free
1206 3617 45 24 and

667 3654 57 23 open
735 3651 24 19 to
769 3646 55 24 both
840 3647 93 30 parties,
952 3647 44 23 and
1007 3646 60 24 shall
1083 3648 26 22 in
1119 3655 30 16 no
1159 3656 49 25 way
1220 3649 30 25 be

667 3680 130 23 obstructed
806 3680 30 30 by
849 3680 80 29 either,
948 3680 44 24 and
1003 3679 38 24 the
1052 3679 49 25 like
1113 3683 141 24 reservation,

665 3713 21 23 is
696 3712 67 24 made
769 3713 35 23 for
816 3712 37 24 the
860 3713 101 31 produce
971 3714 25 22 of
1004 3712 38 24 the
1052 3714 67 24 State
1126 3714 26 24 of
1159 3715 89 32 Maine,

666 3745 96 25 watered
773 3747 29 30 by
814 3745 37 25 the
862 3747 60 23 river
934 3747 37 24 St.
982 3746 69 29 John,
1064 3754 25 17 or
1100 3747 31 31 by
1137 3748 31 23 its
1176 3750 74 24 tribu-

665 3780 75 28 taries,
753 3787 60 24 upon
824 3779 69 32 proof
897 3780 21 23 if
926 3780 103 31 required
1036 3780 26 23 of
1070 3780 39 24 the
1120 3780 53 26 fact.
1197 3783 55 25 The

663 3812 47 24 like
722 3814 138 23 reservation
871 3813 21 23 is
904 3812 65 25 made
980 3813 35 24 for
1025 3813 40 24 the
1075 3813 140 27 inhabitants
1225 3816 27 25 of

663 3846 38 24 the
718 3846 105 31 territory
841 3846 26 24 of
886 3846 82 32 Upper
987 3846 35 26 St.
1039 3846 71 31 John,
1129 3848 121 35 providing

661 3879 51 28 .that
733 3879 47 25 this
799 3883 130 28 agreement
949 3879 58 25 shall
1025 3881 52 32 give
1097 3888 30 17 no
1146 3881 63 33 right
1223 3887 26 20 to

663 3913 71 25 either
752 3917 64 28 party
828 3917 22 20 to
869 3913 107 25 interfere
987 3914 54 24 with
1053 3921 44 24 any
1109 3915 140 31 regulations

661 3952 40 19 not
711 3948 149 23 inconsistent
870 3947 55 24 with
942 3946 40 25 the
992 3951 71 20 terms
1075 3947 25 24 of
1115 3947 37 25 the
1164 3952 82 28 treaty,

1308 3780 51 25 The
1370 3779 78 32 length
1459 3780 27 24 of
1500 3780 38 23 the
1559 3784 82 27 treaty,
1654 3788 57 16 even
1729 3782 25 23 in
1764 3782 30 24 its
1807 3791 57 17 con-

1275 3813 84 25 densed
1370 3814 65 29 form,
1447 3812 122 33 precludes
1580 3820 42 17 our
1636 3814 97 32 making
1743 3823 46 24 any
1799 3824 65 18 com-

1274 3853 75 19 ments
1360 3855 59 24 upon
1431 3846 39 24 the
1490 3846 92 25 various
1593 3848 129 30 provisions
1733 3849 44 24 and
1789 3851 75 32 stipu-

1274 3882 82 28 lations
1369 3880 119 25 contained
1507 3881 24 23 in
1549 3880 28 25 it.
1612 3880 91 25 Article
1719 3882 54 29 /our
1789 3891 75 18 seems

1273 3914 88 26 formed
1372 3914 53 24 with
1441 3923 13 15 a
1465 3914 59 32 deep
1542 3913 83 32 regard
1644 3919 22 19 to
1683 3914 39 25 the
1733 3916 82 32 rights.
1818 3918 46 24 and

1274 3949 109 24 interest?
1392 3947 23 25 of
1430 3947 68 24 those
1507 3947 140 26 individuals
1657 3947 78 26 whose
1745 3956 108 26 property

562 54 99 47 Vst
684 53 118 42 W*to
828 34 209 59 fStuiavib
1061 50 190 47 ©alette
1275 49 91 42 anti
1390 48 302 45 mtfittigtmr
1716 43 256 50 &ptrtatot\

700 141 87 25 Coming
800 140 54 21 from
864 140 36 20 the
909 139 130 24 Southward,
1053 139 40 20 and
1103 138 79 24 having
1190 137 60 20 made

672 168 35 20 the
717 168 59 19 outer
785 173 63 20 sugar
855 167 50 24 loaf,
915 173 40 14 run
964 167 64 19 from-
1034 165 114 27 that'place
1157 164 40 20 NE
1206 163 16 24 i
1230 163 18 21 E

672 195 33 20 for
715 195 26 20 12
754 194 67 24 miles,
831 194 65 21 which
908 194 42 20 will
960 193 53 26 keep
1027 199 42 20 you
1078 192 72 26 nearly
1163 191 86 25 parallel

672 222 50 19 with
731 221 35 20 the
773 215 72 29 shore,'
852 221 40 20 and
901 220 79 21 distant
988 220 54 20 from
1052 220 17 20 it
1075 219 65 20 about
1150 214 27 27 lj
1182 219 66 23 miles,

672 249 59 19 when
741 254 41 19 you
788 248 44 19 will
839 250 35 23 get
882 250 40 18 two
928 247 62 20 black
999 247 90 20 beacons
1094 247 23 19 in
1126 245 50 24 line,
1182 245 68 21 which

671 282 36 13 are
716 275 72 26 placed
797 276 56 19 close
863 277 22 18 to
895 276 34 19 the
940 275 61 19 shore
1011 280 49 14 near
1069 273 36 20 the
1119 274 99 18 entrance
1227 273 24 19 of

672 302 35 20 the
717 302 54 20 river
780 302 89 25 bearing,
874 302 14 19 S
897 302 28 25 by
934 302 26 22 E,
973 301 67 20 which
1049 302 55 18 steer
1117 299 35 21 for
1161 300 35 20 till
1208 304 42 21 you

672 335 59 14 come
747 332 21 17 to
778 323 12 27 i
806 328 57 26 buoy
872 328 65 21 which
954 328 19 20 is
983 327 71 26 placed
1069 327 24 20 in
1101 327 37 20 the
1154 325 95 24 channel,

673 356 58 20 when
742 362 40 20 you
792 362 35 14 are
836 356 65 26 safely
910 362 50 13 over
969 355 35 20 the
1020 354 44 20 bar.
1093 353 60 21 Steer
1164 353 59 21 then.
1227 356 23 17 to

673 383 35 20 the
717 384 98 19 eastward
898 384 12 24 \
919 383 50 20 mile
978 382 33 20 till
1020 387 42 21 you
1071 387 59 14 come
1142 383 24 17 to
1175 387 12 13 a
1195 381 56 26 buojr

672 410 72 26 placed
749 410 22 20 in
780 410 147 24 mid-channel,
934 410 41 20 and
981 408 166 27 frqm.thence,to
1153 414 13 12 a
1172 407 79 20 befioon

790 431 37 29 £'G
837 436 33 21 till
875 443 42 20 you
926 442 60 15 come
993 439 22 18 to
1022 435 86 20 another
1115 434 136 26 buoyjn-libe

673 465 49 20 with
731 462 37 23 itl'
785 462 23 22 If
813 470 43 20 you
871 464 51 20 wish
934 462 27 22 to
976 470 26 19 go
1011 463 80 20 further
1105 468 30 20 up
1145 462 37 19 the
1197 462 54 19 riw

672 491 52 27 keep
735 492 55 20 close
798 492 37 19 the
845 491 69 20 Island
924 497 29 14 on
963 491 34 20 the
1007 488 95 22 larboard
1112 488 139 23 hand.'whicH

672 519 42 20 will
724 519 52 26 keep
792 524 43 20 you
844 518 54 21 clear
912 518 25 20 of
955 518 28 19 all
992 523 61 19 snags
1060 524 6 17 ;
1093 521 43 20 you
1145 521 40 15 can
1202 516 50 20 then-

672 546 61 26 bring
741 551 28 23 up
778 548 23 20 in
809 548 27 20 17
842 551 24 14 or
874 546 24 20 18
908 544 25 23 ft,
943 546 64 19 water
1013 543 66 21 under
1086 543 37 21 the
1130 543 46 20 diff
1174 553 8 14 }
1189 542 63 21 about

672 576 14 20 2
695 575 67 21 cables
771 574 73 27 length
853 572 63 22 ahead
926 572 24 21 of
963 572 34 20 the
1009 570 79 22 Island.

698 608 67 20 There
774 607 18 21 is
802 612 28 15 no
838 605 95 21 occasion
942 604 35 21 for
982 610 42 19 any
1032 603 66 21 vessel
1104 604 24 19 to
1137 608 27 21 go
1169 601 82 27 beyond

672 635 36 20 the
722 635 77 20 second
806 634 71 25 -buoy,
886 639 23 13 as
918 631 33 21 far
960 638 23 14 as
992 631 82 26 regards
1085 631 74 25 safety,
1171 637 23 13 as
1203 630 48 25 they

672 669 38 14 can
726 662 35 25 lay
776 662 59 19 there
849 660 23 20 in
889 666 62 19 every
966 658 56 20 wind
1040 664 24 15 or
1077 657 98 21 weather.
1203 656 49 20 Just

672 689 82 24 beyond
761 688 38 20 the
808 687 77 21 second
893 686 57 26 buoy
959 686 58 20 there
1024 685 18 20 is
1052 692 12 13 a
1072 684 54 20 kind
1171 683 81 21 natural

743 714 137 21 wheresmall
889 714 53 20 craft
952 719 38 15 can
999 713 34 26 lay
1045 711 93 27 aground
1147 710 60 21 when
1216 711 36 20 the

672 744 42 19 tide
724 743 18 19 is
752 745 36 18 out
799 748 28 14 on
837 741 42 21 soft
887 741 52 20 sand
949 740 41 20 and
999 740 53 25 clay.

699 775 145 20 Dangerous
855 774 85 20 Shoal.
942 783 27 5 —
970 772 87 21 Extract
1069 772 57 20 from
1135 772 37 19 the
1181 771 35 26 log
1230 771 22 21 of

671 803 36 20 the
715 803 78 25 barque
803 802 76 20 Planet
887 800 81 21 arrived
978 802 22 18 at
1015 799 120 23 Mauritius,
1147 798 48 21 Oct.
1206 798 45 24 Bth,

670 830 54 20 from
750 829 102 20 Calcutta.
853 838 28 5 —
1067 826 37 21 7th
1131 825 120 26 September

673 857 60 21 1842.
735 867 26 4 —
762 856 28 20 At
814 857 10 18 1
844 861 51 21 p.m.
915 854 100 20 observed
1034 854 35 19 the
1086 855 65 18 water
1169 859 28 13 on
1208 852 43 23 .the

671 883 107 21 starboard
787 883 46 20 bow
848 882 62 20 much
929 881 138 23 discoloured,
1083 880 53 26 kept
1152 880 36 20 the
1204 880 47 26 ship

670 917 63 20 away,
751 911 41 19 and
807 912 48 18 sent
870 916 12 14 a
891 909 56 20 hand
963 908 62 20 a-loft
1042 910 21 18 to
1077 908 52 19 look
1143 909 44 24 out,
1206 907 45 20 who

670 938 100 20 observed
785 937 37 20 the
837 942 55 15 same
909 936 21 20 in
942 936 86 26 patches
1043 941 22 14 as
1081 935 33 20 far
1131 940 22 14 as
1162 934 36 19 the
1214 940 38 20 eye

670 965 62 21 could
742 965 68 23 reach,
822 964 88 25 rnnning
919 963 65 19 about
998 962 93 22 W.S.W.
1102 962 43 19 and
1154 961 82 21 E.N.E.
1244 968 6 16 ;

670 992 74 26 passed
753 998 49 14 over
811 992 38 19 tail
858 991 24 20 of
893 996 40 14 one
943 990 70 26 patch,
1030 989 41 20 and
1080 989 42 20 had
1131 995 23 13 as
1163 995 50 14 near
1229 995 22 14 as

670 1026 30 14 we
710 1019 60 21 could
787 1024 89 21 suppose
886 1019 12 19 9
915 1017 91 20 fathoms
1016 1023 28 13 on
1058 1022 13 14 a
1081 1016 66 26 sandy
1162 1015 89 25 bottom,

670 1053 12 14 a
691 1047 96 26 quantity
804 1046 23 20 of
839 1045 50 20 sand
898 1045 42 19 fast
956 1046 23 18 to
988 1045 36 19 the
1040 1043 46 21 lead
1099 1043 62 20 when
1176 1043 76 20 hauled

669 1074 31 21 in.
728 1074 43 20 The
781 1075 72 19 extent
862 1072 23 20 of
896 1072 36 20 the
942 1071 59 21 shoal
1010 1070 102 27 appeared
1122 1072 22 18 to
1154 1069 26 21 be
1187 1070 65 20 about

670 1101 12 20 3
692 1101 66 21 miles.
788 1100 96 21 Latitude
896 1099 25 20 16
932 1099 27 20 23
969 1099 28 19 N.
1008 1099 56 25 long.
1077 1099 27 19 84
1116 1098 26 19 10
1152 1097 44 21 E.»

698 1133 89 26 Captain
802 1133 121 25 Thompson
937 1130 82 21 further
1036 1132 62 18 states
1114 1130 47 19 that
1177 1130 23 19 in
1215 1130 36 20 the

670 1163 70 18 centre
747 1160 24 20 of
781 1160 43 20 this
834 1160 58 20 shoal
900 1159 60 19 there
969 1163 53 14 were
1028 1158 67 25 heavy
1103 1156 105 25 breakers,
1216 1158 35 19 the

669 1188 88 20 weather
768 1188 41 21 had
818 1187 52 20 been
879 1186 81 26 squally
971 1185 21 20 in
1004 1185 35 19 the
1045 1184 111 23 forenoon,
1166 1184 38 20 but
1210 1191 41 14 was

670 1216 50 19 then
730 1221 57 14 more
797 1215 110 23 moderate,
919 1212 80 26 though
1008 1212 35 20 the
1052 1212 74 19 breeze
1136 1217 44 14 was
1195 1212 56 20 fresh

670 1242 40 20 and
717 1249 11 13 a
736 1242 56 20 swell
797 1242 23 19 in
827 1246 149 21 consequence.
1004 1239 58 26 They
1067 1239 40 20 had
1116 1245 27 14 no
1151 1239 100 20 meridian

670 1269 139 25 observation,
819 1269 37 20 but
863 1269 35 19 the
907 1267 109 25 longitude
1025 1273 40 13 was
1075 1266 129 21 determined
1210 1266 42 20 and

669 1297 43 19 laid
721 1297 59 19 down
788 1296 30 26 by
826 1296 54 26 good
889 1295 67 25 sights
973 1294 63 19 taken
1044 1294 46 20 that
1098 1294 99 25 morning
1210 1294 42 20 and

660 1322 2 21 I
670 1330 27 13 an
706 1323 102 20 excellent
818 1324 151 19 chronometer.
973 1332 25 4 —
998 1321 53 22 Ibid.

1887 135 31 30 by
1930 134 39 23 the
1981 139 69 18 terms
2062 134 26 23 of
2096 134 38 24 the
2146 138 80 27 treaty,
2238 133 47 24 will
2295 133 28 24 be
2334 133 139 25 transferred

1886 167 59 24 from
1959 167 37 22 the
2009 166 100 31 English
2126 167 40 24 law
2185 168 26 23 of
2224 170 106 28 property
2342 171 23 18 to
2384 166 49 24 that
2449 167 27 23 of

1888 200 38 23 the
1938 200 133 28 American,
2084 199 44 24 and
2138 200 50 23 vice
2206 207 73 16 versa.
2317 199 42 23 We
2379 207 39 16 are
2433 204 41 19 not

1888 237 23 19 at
1923 232 47 23 this
1982 238 100 17 moment
2102 240 70 16 aware
2185 233 25 23 of
2224 232 38 24 the
2274 235 78 20 extent
2363 236 23 19 to
2398 231 74 24 which

1890 265 44 23 this
1955 264 116 31 exchange
2090 273 53 23 may
2163 265 90 30 extend,
2273 273 24 15 or
2316 264 101 24 whether
2434 265 39 24 the

1890 297 133 24 translation
2034 305 52 23 may
2098 298 66 23 effect
2175 299 99 30 existing
2284 305 25 16 or
2321 297 153 32 re-visionary

1889 332 114 26 interests,
2023 330 121 32 according
2163 335 23 19 to
2204 331 38 23 the
2262 330 110 24 variation
2391 330 26 24 in
2434 331 39 23 the

1889 363 55 23 laws
1964 363 24 23 of
2011 363 46 23 real
2075 368 107 26 property
2193 364 71 23 which
2283 372 52 22 may
2354 363 60 24 exist
2432 363 41 23 be-

1890 401 72 18 tween
1989 395 65 24 those
2072 396 26 23 of
2123 396 38 23 the
2180 402 42 18 two
2238 398 120 28 conntries,
2386 396 88 31 though

1889 436 33 16 we
1940 429 67 30 fancy
2027 429 48 23 that
2098 428 48 24 that
2167 431 88 28 portion
2273 430 26 23 of
2319 429 39 24 the
2380 429 94 25 French

1891 462 130 23 Canadians
2032 461 32 31 (if
2079 461 55 24 such
2147 461 63 24 there
2223 462 39 30 be)
2281 462 73 24 which
2373 470 53 23 may
2444 462 32 24 be

1890 494 125 24 translated
2033 499 22 18 to
2075 494 38 23 the
2125 494 123 24 American
2267 497 113 30 territory,
2399 495 76 24 would

1890 527 98 31 perhaps
1999 528 133 30 experience
2152 527 152 24 considerable
2322 528 112 32 difficulty
2448 529 25 23 in

1891 561 134 30 conformity
2038 565 22 18 to
2072 560 39 23 the
2123 560 122 24 American
2263 560 42 24 law
2316 561 26 23 of
2352 561 48 25 real
2419 568 54 25 pro-

1890 597 74 27 perty,
1975 593 38 23 the
2024 593 41 23 law
2085 593 27 23 of
2136 592 76 29 entail,
2229 593 45 22 and
2291 594 140 25 subdivision
2450 594 26 24 of

1891 626 91 24 French
1992 630 107 27 property
2112 626 68 30 being
2191 633 61 16 more
2265 626 63 23 strict
2347 627 44 23 and
2412 628 62 23 arbi-

1891 664 62 26 trary
1965 659 53 23 than
2031 659 49 23 that
2092 659 25 22 of
2131 666 44 23 any
2188 659 63 23 other
2264 663 102 27 country,
2384 660 90 31 though

1891 692 38 23 the
1939 699 62 16 same
2014 692 154 23 observations
2185 700 58 22 may,
2263 691 54 24 with
2325 692 68 31 equal
2404 693 70 29 force,

1891 725 27 23 be
1928 725 90 31 applied
2031 730 21 18 to
2064 725 50 23 that
2125 725 89 31 portion
2231 725 26 23 of
2272 725 37 24 the
2328 725 146 30 Americans,

1886 758 63 29 'who,
1963 766 28 15 on
2005 758 37 23 the
2053 758 65 23 other
2128 758 68 29 hand,
2213 758 46 23 will
2275 758 93 24 become
2386 758 90 32 subject

1892 795 22 19 to
1927 791 39 23 the
1977 791 90 23 French
2081 790 116 24 Canadian
2208 791 75 23 Laws.

1924 823 90 24 Article
2039 826 31 21 10
2090 831 55 23 very
2163 824 74 31 justly
2255 824 104 31 provides
2377 824 36 25 for
2435 824 42 25 the

1891 857 162 30 surrendering
2075 856 107 31 fugitives
2205 865 30 24 up
2254 863 22 18 to
2298 858 88 32 justice
2402 858 25 24 in
2445 858 32 24 all

1891 897 65 16 cases
1977 890 26 23 of
2018 890 136 30 aggravated
2172 890 104 30 offences,
2288 890 63 30 with,
2364 891 112 29 however,

1891 922 46 24 this
1954 927 109 27 apparent
2079 923 174 31 inconsistency,
2267 923 96 31 namely,
2377 923 54 27 that'
2437 923 39 25 the

1891 955 105 24 criminal
2006 960 62 19 must
2078 955 28 24 be
2123 955 92 24 deemed
2234 956 72 31 prima
2318 956 57 23 facie
2393 956 83 32 guilty,

1892 993 39 19 not
1952 989 30 31 by
2001 989 38 23 the
2063 989 55 23 laws
2142 989 30 30 by
2198 988 74 24 which
2300 989 36 23 his
2363 989 60 31 guilt
2450 998 28 15 or

1891 1022 123 23 innocence
2053 1022 73 23 would
2161 1022 29 23 be
2227 1021 92 24 decided
2347 1022 21 24 if
2393 1030 83 24 appre-

1890 1054 89 24 hended
2012 1056 23 22 in
2071 1054 38 24 the
2147 1059 94 26 country
2275 1056 24 22 in
2330 1055 75 24 which
2436 1056 39 23 the

1891 1089 70 22 crime
1990 1096 46 15 was
2067 1088 136 28 committed,
2235 1088 41 23 but
2304 1089 121 29 according
2452 1094 24 17 to

1891 1121 39 23 the
1952 1122 159 23 classification
2132 1122 24 22 of
2175 1122 80 22 crimes
2272 1122 25 22 in
2314 1122 39 22 the
2372 1121 105 31 Country

1891 1155 23 22 in
1928 1154 74 24 which
2012 1155 29 23 he
2058 1163 54 23 may
2122 1155 57 23 have
2196 1155 83 29 sought
2290 1153 88 31 refuge.
2415 1153 63 24 How

1890 1187 35 23 far
1937 1188 45 23 this
2000 1193 159 26 arrangement
2177 1195 52 22 may
2241 1186 54 24 tend
2312 1191 23 19 to
2347 1186 75 24 defeat
2438 1186 40 24 the

1890 1220 57 24 ends
1959 1221 26 23 of
1992 1221 91 31 justice,
2097 1220 99 30 depends
2212 1227 61 23 upon
2291 1219 38 24 the
2340 1220 138 32 simuilarity

1890 1254 101 24 between
2012 1254 37 22 the
2061 1253 53 23 civil
2133 1252 45 24 and
2198 1252 102 24 criminal
2318 1253 68 23 codes
2398 1253 24 23 of
2438 1253 40 24 the

1890 1287 55 23 laws
1958 1287 24 23 of
1992 1287 38 23 the
2041 1290 44 19 two
2097 1286 122 24 countries.
2242 1285 107 33 Viewing
2355 1287 39 23 the
2403 1291 75 27 treaty

1890 1327 25 16 as
1928 1328 14 15 a
1954 1320 78 27 whole,
2053 1320 19 22 it
2084 1318 108 32 certainly
2204 1327 94 23 appears
2310 1323 23 20 to
2352 1319 57 24 have
2418 1319 59 25 been

1889 1352 88 24 framed
1988 1352 53 24 with
2059 1357 64 27 great
2141 1353 118 28 attention,
2276 1352 45 24 and
2333 1360 52 24 may
2402 1353 74 31 justly

1890 1386 28 23 be
1930 1386 131 23 considered
2073 1393 25 16 as
2110 1394 14 15 a
2135 1386 67 30 proof
2210 1386 26 23 of
2250 1386 38 23 the
2300 1392 90 17 earnest
2401 1386 74 24 desire

1890 1419 25 23 of
1924 1419 56 23 both
1991 1419 38 23 the
2039 1418 58 31 high
2114 1419 138 23 contraction
2269 1419 84 31 parties
2374 1424 23 18 to
2410 1426 66 24 carry

1890 1456 40 19 out
1947 1452 38 23 the
1998 1452 74 32 object
2083 1452 25 23 of
2123 1452 38 24 the
2173 1457 80 26 treaty,
2265 1453 54 23 with
2339 1452 60 32 good
2409 1452 67 29 faith,

1890 1492 25 16 as
1927 1485 39 24 the
1984 1485 50 24 best
2044 1493 79 16 means
2135 1485 25 23 of
2175 1487 106 30 securing
2298 1486 51 24 that
2359 1485 60 32 good
2429 1493 45 16 un-

1890 1518 148 32 derstanding
2050 1519 100 24 between
2161 1519 38 23 the
2211 1524 43 19 two
2266 1519 121 29 countries,
2400 1518 74 24 which

1890 1552 21 23 is
1922 1559 26 16 so
1959 1552 108 24 essential
2078 1557 24 18 to
2113 1552 38 24 the
2163 1553 141 23 commercial
2314 1553 128 30 prosperity
2452 1551 27 24 of

1890 1584 64 25 both.
1989 1585 54 24 And
2057 1593 32 16 we
2107 1590 60 19 trust
2179 1586 36 23 the
2227 1590 70 19 terms
2309 1586 24 23 of
2351 1586 39 23 the
2402 1590 74 26 treaty

1890 1618 47 23 will
1958 1622 27 20 be
2005 1619 121 31 preserved
2137 1619 44 23 and
2199 1619 146 29 maintained,
2365 1618 55 24 with
2438 1618 40 24 the

1890 1659 64 16 same
1968 1652 80 23 liberal
2066 1652 66 31 spirit
2143 1652 53 23 with
2208 1651 72 24 which
2298 1657 23 18 to
2332 1651 31 24 all
2380 1659 97 25 appear-

1890 1693 68 15 ances
1970 1685 55 31 they
2034 1685 59 23 have
2103 1685 57 24 been
2173 1685 91 24 framed.

670 1651 95 20 London

670 1675 83 22 Nelson

670 1702 119 21 Auckland

670 1729 47 26 Bay
728 1729 22 21 of
761 1728 86 23 Islands

670 1756 89 25 Sydney

674 1790 47 13 van
731 1782 114 21 Dieman's
855 1783 64 21 Land

670 1809 52 21 Port
731 1808 81 29 Phillip

669 1835 108 22 Adelaide

1076 1651 130 25 September
1237 1651 14 20 5

1076 1676 104 27 January
1225 1679 26 20 21

1076 1703 127 22 December
1225 1706 28 20 29

1076 1730 98 21 October
1239 1733 14 20 6

1076 1756 101 28 January
1239 1758 14 22 7

1073 1783 126 22 December
1225 1786 28 20 20

1072 1810 126 23 December
1225 1812 28 21 28

1070 1837 127 22 December
1224 1840 27 21 28

669 1915 96 19 London
1160 1916 13 20 6
1198 1916 14 20 0
1239 1916 14 21 0

668 1939 58 21 New
739 1939 78 22 South
831 1939 85 22 Wales
932 1947 45 14 and
988 1939 28 22 V.
1028 1940 28 21 D.
1068 1940 26 22 L.
1122 1956 6 5 .
1136 1956 5 6 .
1159 1944 13 19 2
1198 1943 14 20 0
1238 1944 16 19 0

668 1966 111 21 Neison.'
970 1980 7 7 .
1158 1970 14 20 2
1199 1970 14 19 0
1240 1971 14 19 0

668 1993 123 22 Taranaki
803 2000 44 14 and
854 1993 74 21 Coast
1159 1996 13 20 2
1199 1997 15 19 0
1239 1998 15 19 0

668 2020 130 21 Auckland
1185 2023 40 19 nil.

2208 1831 54 17 NEW
2269 1831 63 17 TARi:

2340 1831 4 10 F
2345 1831 14 16 F
2370 1831 94 17 DUTIES.

1982 1873 121 18 ARTICLES.

2206 1873 25 17 Of
2243 1878 20 11 or
2274 1873 47 17 from

2226 1893 77 21 Foreign

2217 1915 100 16 Countries.

2348 1872 25 18 Of
2382 1873 36 17 and
2424 1873 49 17 from

2373 1893 70 18 British

2348 1914 123 17 Possessions.

2219 1956 17 18 £
2262 1961 15 12 a.
2304 1956 18 17 d.

2196 1988 1 18 i

2363 1956 17 17 £
2407 1961 15 12 s.
2450 1956 18 17 d.

1892 1978 92 27 Copper,
1997 1985 37 14 ore
2045 1978 29 26 of,
2085 1978 35 22 viz
2129 1985 6 14 :—:
2137 1989 27 5 —

1905 2005 138 27 Containing
2067 2009 40 18 not
2130 2012 59 15 more

1918 2031 55 22 than
1984 2033 26 20 15
2020 2034 60 24 parts
2097 2031 26 22 of
2140 2039 49 20 cop-

1918 2064 47 19 per,
1976 2065 40 18 per
2024 2060 40 19 ton
2081 2058 26 21 of
2124 2058 65 21 metal

1905 2082 49 22 Not
1963 2090 62 14 more
2041 2083 54 21 than
2111 2086 80 23 twenty

1918 2112 62 24 parts
1990 2109 29 21 do

1907 2135 136 27 Containing
2063 2143 60 15 more
2140 2135 51 23 than

1919 2164 28 20 20
1965 2165 67 24 parts,
2053 2170 40 20 per
2111 2166 40 19 ton
2171 2163 23 21 of

1921 2189 68 23 metal

1893 2215 45 28 Oil,
1949 2216 66 26 train,
2029 2217 103 26 blubber,
2149 2217 44 21 and

1920 2244 137 27 spermaceti,
2084 2244 37 22 the
2142 2250 51 21 pro-

1921 2270 56 22 duce
1992 2271 27 21 of
2034 2270 44 22 fish
2093 2278 26 14 or
2133 2278 60 15 crea-

1922 2297 139 27 tures-living
2071 2297 23 22 in
2105 2297 37 22 the
2149 2305 42 19 sea,

1920 2323 67 23 taken
2003 2325 46 21 and
2064 2324 84 28 caught
2165 2324 27 25 by

1921 2351 37 22 the
1977 2358 69 15 crews
2062 2351 25 22 of
2115 2351 78 22 British

1921 2378 88 26 vessels,
2024 2377 47 23 and
2087 2378 106 27 imported

1921 2404 71 22 direct
2001 2405 58 22 from
2067 2405 37 22 the
2112 2406 81 32 fishery

1921 2438 24 15 or
1963 2431 57 22 from
2045 2439 43 20 any
2112 2432 82 22 British

1919 2459 133 27 possession,
2059 2459 23 22 in
2089 2466 13 15 a
2112 2459 81 22 British

1920 2485 71 22 vessel

1895 2513 144 26 Spermaceti,
2062 2513 27 22 of
2107 2513 85 27 foreign

1921 2539 82 27 fishing
2009 2539 69 26 (from
2084 2539 44 22 and
2135 2540 59 21 after

1921 2566 39 22 sth
1979 2566 62 28 July,
2062 2567 72 27 1843,)
2155 2574 38 20 per

1921 2596 40 19 tun

1895 2620 68 27 Bark,
1992 2620 35 22 for
2050 2620 96 23 tanners'
2170 2629 23 14 or

1922 2647 72 26 dyers'
2003 2654 47 20 use,
2061 2655 40 19 per
2111 2650 48 20 cwt.
2172 2664 5 5 .
2184 2663 5 6 .

1895 2674 50 22 Seal
1968 2674 24 22 in
2013 2674 39 22 the
2073 2674 55 28 hair,
2156 2679 37 18 not

1921 2700 89 28 tanned,
2031 2701 78 27 tawed,
2130 2709 25 14 or
2168 2703 24 21 in

1921 2735 46 19 any
1980 2735 50 21 way
2045 2728 97 28 dressed,
2156 2729 37 22 the

1923 2754 50 23 skin

1949 2782 26 22 of
1982 2782 82 22 British
2071 2782 78 28 taking
2153 2783 41 22 im-

1922 2809 78 27 ported
2010 2809 71 22 direct
2090 2810 59 22 from
2158 2810 37 22 the

1921 2836 84 28 fishery
2029 2843 24 16 or
2077 2844 14 15 a
2114 2837 81 23 British

1921 2864 132 27 possession,
2071 2864 38 22 the
2125 2864 71 23 dozen

1922 2889 62 24 skins

1895 2916 57 23 Flax
1963 2917 44 22 and
2013 2920 53 24 tow,
2080 2925 26 15 or
2116 2918 78 22 codilla

1923 2944 26 21 of
1961 2943 67 29 hemp
2038 2951 26 14 or
2072 2944 53 27 flax,
2137 2944 57 23 whe-

1922 2970 51 22 ther
1991 2970 90 23 dressed
2106 2978 25 14 or
2153 2978 41 15 un-

1922 2996 95 28 dressed,
2029 2998 38 21 the
2077 3000 48 19 cwt.
2144 3012 46 7 ....

1894 3023 57 22 Bass
1959 3030 71 21 ropes,
2048 3024 85 28 twines,
2150 3025 43 22 and

1922 3051 94 27 strands,
2028 3051 38 22 the
2077 3055 42 18 cwt
2146 3066 44 7 ....

1894 3076 80 23 Cables
1994 3078 51 26 (not
2062 3078 68 28 being
2146 3078 47 23 iron

1922 3104 83 27 cables)
2024 3105 75 22 tarred
2114 3113 25 14 or
2153 3113 40 15 un-

1921 3131 81 27 tarred,
2012 3139 41 21 per
2062 3135 44 19 cwt

1949 3161 40 19 not
2032 3159 67 27 being
2144 3159 47 23 iron

1921 3185 80 27 cables,
2022 3186 24 21 in
2063 3186 74 22 actual
2155 3194 38 16 use

1921 3212 26 22 of
1957 3220 13 14 a
1980 3213 83 22 British
2077 3213 57 28 ship,
2150 3215 43 21 and

1919 3239 70 28 being
1997 3240 25 22 fit
2027 3240 45 22 and
2078 3248 115 21 necessary

1920 3266 36 22 for
1965 3267 55 22 snch
2030 3267 55 28 ship,
2097 3268 44 22 and
2147 3272 45 23 not,

1921 3301 25 15 or
1954 3294 64 27 until,
2029 3294 115 22 otherwise
2150 3295 42 21 dis-

1920 3321 70 28 posed
1998 3321 27 21 of

1948 3348 24 27 if,
1984 3348 43 22 and
2037 3348 65 22 when
2118 3348 73 22 other-

1921 3375 52 22 wise
1994 3375 104 28 disposed
2112 3375 30 27 of,
2158 3375 33 23 for

1920 3409 68 21 every
1998 3402 62 24 £100
2069 3402 65 22 value
2142 3416 46 8 ....

1893 3429 54 21 Coir
1968 3436 60 21 rope,
2054 3428 73 28 twine,
2147 3429 43 22 and

1921 3455 93 28 strands,
2026 3455 38 22 the
2074 3459 49 19 cwt.
2142 3470 45 7 ....

1894 3482 107 28 Cordage,
2021 3482 75 22 tarred
2109 3490 26 14 or
2152 3490 41 15 un-

1920 3509 81 27 tarred,
2033 3509 113 28 (standing
2169 3518 24 14 or

1920 3537 98 26 running
2026 3536 88 27 rigging
2120 3537 24 22 in
2153 3544 40 16 use

1920 3562 126 29 excepted,)
2058 3563 37 22 the
2107 3567 49 21 cwt.
2171 3580 18 6 ..

1895 3590 78 22 Whale
1983 3589 51 28 fins,
2048 3590 82 23 British
2143 3591 50 23 tak-

1919 3617 47 27 ing,
2005 3617 46 22 and
2082 3617 109 28 imported

1921 3644 70 22 direct
1999 3644 59 22 from
2067 3643 38 24 the
2111 3645 82 30 fishery

1920 3678 26 15 or
1965 3671 58 22 from
2047 3678 46 21 any
2110 3672 81 23 British

1919 3698 125 27 possession
2052 3697 24 23 in
2087 3706 14 15 a
2110 3699 82 23 British

1921 3724 56 28 ship,
1987 3725 39 22 the
2036 3729 38 19 ton

1977 3751 116 24 otherwise
2128 3754 65 22 taken

1921 3779 68 26 (from
2013 3779 44 22 and
2080 3780 58 22 after
2154 3779 39 23 sth

1920 3805 62 28 July,
1992 3807 73 27 1843,)
2075 3806 37 23 for
2127 3814 66 21 every

1919 3832 62 23 £100
1991 3832 68 24 value

2225 2060 13 18 3
2266 2059 14 19 0
2306 2058 14 20 0

2226 2110 14 20 4
2254 2109 27 21 10
2307 2109 14 20 0

2227 2191 14 20 6
2266 2191 14 19 0
2307 2190 14 20 0

2215 2593 25 22 15
2267 2594 15 21 0
2309 2594 14 21 0

2227 2649 14 20 0
2268 2648 14 20 0
2307 2648 15 21 3

2229 2757 14 20 0
2269 2757 14 20 0
2309 2756 16 21 4

2369 2058 22 28 1,
2408 2059 16 20 O
2450 2058 14 20 0

2369 2107 55 23 10
2451 2108 15 20 0

2370 2188 54 22 10
2451 2189 14 21 0

2369 2486 16 21 0
2412 2486 10 22 1
2451 2486 15 20 0

2370 2648 15 21 0
2411 2648 15 20 0
2454 2647 11 21 1

2372 2756 14 21 0
2413 2756 14 21 0
2453 2753 15 22 4

2372 2891 14 21 0
2413 2891 14 20 0
2455 2888 11 22 1

2229 2999 14 20 0
2269 2999 14 20 0
2311 2999 10 21 1

2372 2997 14 20 0
2413 2998 23 24 0.
2455 2996 9 21 1

2227 3053 15 20 0
2268 3052 13 21 5
2309 3054 14 20 0

2372 3052 14 19 0
2412 3051 16 22 2
2454 3050 14 21 6

2228 3135 14 20 0
2269 3134 14 21 6
2309 3135 15 20 0

2372 3133 14 20 0
2412 3132 15 21 3
2454 3131 13 20 0

2385 3321 58 24 Free

2240 3321 55 23 Free

2213 3404 27 21 10
2266 3404 15 20 0
2308 3405 15 21 0

2370 3404 13 21 5
2411 3405 16 21 0
2452 3403 14 21 0

2226 3459 15 19 0
2266 3459 15 21 2
2308 3459 14 21 6

2371 3459 14 21 0
2412 3456 52 23 13

2227 3567 14 20 0
2267 3567 16 21 6
2309 3567 14 21 0

2370 3567 14 21 0
2410 3566 15 20 3
2450 3563 14 21 0

2372 3727 54 21 10
2450 3725 16 21 0

2213 3835 29 21 20
2267 3835 15 21 0
2307 3836 16 20 0

2356 3834 28 22 20
2410 3835 15 20 0
2449 3832 14 20 0

267 146 40 20 To
322 146 33 20 be
371 144 73 21 Sold.
456 156 5 8 «
509 151 20 17 ;-

68 180 96 49 TWO
183 177 137 23 WOODEN
342 177 126 26 HOUSES,
486 174 50 22 well
550 174 93 22 situated

141 214 28 13 on
181 205 186 26 Lambton-quay,
378 203 98 23 between
492 201 98 22 Wallace
600 201 43 22 and

66 233 58 22 Cos.
135 233 61 21 Store
206 230 103 28 and>Mr.
321 226 146 30 McGregor's,
478 227 164 25 Watchmaker,

66 266 41 15 one
117 258 79 26 letting
209 254 38 25 for
247 254 89 25 Sixteen
353 257 102 26 shillings
468 262 39 21 per
520 254 68 27 week,
600 254 43 21 and

66 285 37 22 the
114 284 62 22 other
187 283 140 28 unoccupied.

93 311 43 21 For
145 309 135 28 particulars,
293 309 66 28 apply
368 312 22 19 to

395 335 47 21 Tim
456 334 160 22 O'Louchlin.

93 363 113 26 February
215 365 20 23 3,
246 364 52 20 1843
298 365 3 5 1
300 378 6 5 .
394 366 7 28 \

291 407 52 20 For
357 405 70 24 Sale,
576 400 7 10 f

68 440 90 48 THE
173 436 142 26 COTTAGE
329 434 94 27 situated
433 438 22 23 in
472 438 99 22 Oriental
587 437 55 25 Bay,

119 466 8 7 '
140 467 45 21 and
199 466 67 27 lately
275 465 105 27 occupied
394 465 30 27 by
434 466 36 21 the
486 463 157 27 undersigned.

66 493 21 21 A
101 492 54 28 long
171 494 59 20 lease
247 492 26 22 of
289 491 37 22 the
341 492 84 21 section
439 497 57 22 upon
515 490 71 22 which
606 489 37 22 the

64 518 70 24 house
143 519 76 22 stands
227 519 44 21 will
280 518 28 22 be
316 518 102 28 granted.
617 535 8 7 v

91 545 69 22 Town
168 545 55 22 land
232 544 43 23 will
284 545 28 22 be
320 544 68 23 taken
397 545 23 21 in
430 544 120 26 exchange.

91 572 43 22 For
143 571 84 22 further
234 571 135 28 particulars,
381 570 65 28 apply
454 574 22 18 to

248 607 5 4 '
275 605 4 4 '
381 602 96 22 George
490 601 89 26 Dufpa,
593 607 25 15 or

381 628 35 21 W.
432 628 28 21 V.
474 628 100 21 Brewer

163 669 180 30 Preliminary
357 673 78 20 Land
446 672 93 21 Order:

64 706 67 52 TQ
145 705 40 22 BE
199 705 97 25 SOLD,.
303 711 28 16 an
351 703 72 23 Order
437 704 33 21 for
488 702 38 23 the
543 703 100 27 Country

137 731 70 27 Land,
217 734 37 24 yet
262 731 129 23 unselected
392 742 28 5 —
421 735 65 18 terms
494 730 84 22 liberal.
601 730 42 21 For

61 758 139 28 particulars,
212 758 65 28 apply
287 761 23 18 to

181 789 91 23 Messrs.
287 790 101 22 Brewer
402 789 45 23 and
461 789 154 23 Blathwayt.

89 822 101 28 January
200 824 32 26 11,
245 824 60 21 1843.

228 869 88 20 Beach
333 869 144 25 Frontage.

66 902 64 47 TO
145 901 38 22 BE
199 901 62 26 LET,
278 901 69 21 beach
358 901 99 26 frontage
472 901 42 21 lots
524 901 22 21 in
557 903 85 19 section

134 929 43 20 490
187 935 27 14 on
231 927 37 22 the
279 927 53 22 Plan
345 928 25 21 of
378 927 36 22 the
423 927 67 22 Town
505 927 26 21 of
536 927 107 26 Welling-

61 957 46 24 ton,
119 954 113 27 adjoining
242 954 42 22 Mr.
293 954 88 22 Taine's
389 957 66 23 store;
472 953 43 22 and
525 954 22 21 in
558 953 83 23 section

62 982 46 25 616,
117 981 99 21 between
225 981 74 26 Major
306 981 91 21 Baker's
406 981 44 21 and
458 981 43 21 Mr.
510 980 132 22 Swainson's

61 1006 87 23 houses.

84 1034 59 22 Also
153 1033 38 22 the
199 1033 112 28 following
320 1033 97 23 sections
425 1041 29 14 on
463 1033 37 23 the
509 1033 55 23 Plan
571 1034 28 21 of
604 1033 38 23 the

61 1059 77 28 Town,
148 1061 36 21 viz
190 1068 5 14 :
197 1071 26 5 —

163 1087 27 21 55
325 1089 42 19 319
512 1088 41 20 922

101 1133 4 5 .
150 1114 42 21 240
326 1115 41 20 718
501 1115 52 21 1079

86 1139 75 28 Apply
178 1143 22 18 to

237 1166 25 22 E.
278 1166 22 22 J.
314 1166 148 27 Wakefield,
479 1174 25 14 or

234 1193 36 20 W.
285 1193 28 21 V.
329 1193 105 26 Brewer,
450 1194 190 21 Manners-street.

274 1238 39 21 To
327 1238 35 20 be
376 1238 57 25 Let,

62 1271 173 49 SUITABLE
248 1271 57 28 plots
322 1272 26 21 of
359 1271 87 26 ground
454 1271 35 21 for
498 1271 105 28 Building
613 1279 30 17 on.

126 1297 132 27 Wellington
279 1298 100 27 Terrace,
399 1298 76 21 within
490 1304 39 16 one
543 1299 98 21 minutes

60 1324 56 22 walk
124 1324 24 21 of
155 1324 37 22 the
200 1325 80 21 Beach.
310 1324 55 22 Also
371 1332 13 14 a
389 1324 58 27 good
453 1332 188 15 wooden-house.

61 1350 44 22 For
114 1355 74 22 terms,
202 1351 63 28 apply
276 1355 22 17 to
314 1351 44 22 Mr.
369 1351 104 22 Brandon
484 1358 24 14 or
519 1351 43 23 Mr.
574 1351 67 23 Park.

88 1384 128 22 November
227 1386 31 24 11,
271 1386 59 20 1842.

209 1428 38 20 To
261 1428 33 21 be
310 1428 64 21 Sold
394 1434 30 15 or
437 1429 56 20 Let.

59 1459 10 13 r
75 1459 77 22 PWO
166 1460 99 22 Wooden
276 1460 95 26 Houses,
381 1468 30 14 on
417 1460 36 22 the
460 1459 181 29 Tinakore-road,

69 1481 24 25 M.
137 1485 37 23 the
194 1486 82 22 second
294 1494 51 15 acre
364 1488 56 21 from
441 1487 92 28 Captain
550 1486 92 24 Smith's

104 1513 130 26 containing
247 1513 49 22 four
305 1521 74 15 rooms
388 1513 44 23 and
447 1522 13 14 a
473 1521 98 20 passage,
587 1515 55 21 each

61 1539 51 22 with
131 1539 50 23 zinc
199 1539 66 26 roofs,
290 1541 46 21 and
359 1541 22 21 in
406 1548 66 20 every
489 1545 87 23 respect
593 1541 49 23 well

60 1565 102 23 finished.
189 1566 105 22 Terms—
295 1567 24 21 lf
326 1567 55 26 sold,
392 1567 58 23 jflso
461 1568 34 21 for
501 1568 54 21 each
560 1568 69 22 house
635 1576 6 19 ;

58 1591 21 23 if
89 1592 40 27 let,
139 1593 31 22 £1
181 1600 40 20 per
230 1593 62 22 week
300 1593 36 22 for
345 1593 54 23 each
408 1595 78 21 house.
514 1594 74 28 Apply
597 1598 23 19 to

447 1628 75 22 James
536 1627 79 24 Watt.

71 1652 144 28 Wellington,
223 1654 59 21 Nov.
291 1654 34 26 27,
335 1656 59 20 1841.

252 1699 28 21 R.
295 1699 152 28 BARNETT,

160 1731 174 22 Whitesmith
357 1734 54 20 and
434 1734 113 26 Faxrier,

247 1774 125 15 THORNDON
388 1775 62 20 FLAT,

58 1800 108 49 BEGS
180 1803 23 19 to
217 1800 82 22 inform
309 1800 39 23 the
358 1801 84 27 Public,
453 1802 48 22 that
512 1802 27 22 he
549 1802 51 27 will,
612 1810 29 14 on

126 1826 105 28 Monday,
243 1827 113 27 February
367 1830 32 24 13,
407 1835 126 16 commence
540 1828 101 23 business

59 1860 25 15 as
93 1853 69 22 above
171 1853 24 22 in
204 1854 28 21 all
242 1854 27 21 its
279 1854 114 27 branches,
405 1854 44 23 and
458 1855 75 28 hopes,
544 1855 31 28 by
580 1856 62 22 strict

58 1880 108 21 attention
187 1880 43 21 and
249 1880 112 23 moderate
380 1881 97 29 charges,
498 1885 21 19 to
544 1883 66 22 merit
628 1891 13 14 a

57 1906 65 22 share
132 1906 26 22 of
164 1906 58 23 their
229 1911 129 23 patronage.
371 1920 4 2 -

86 1932 90 28 Having
185 1933 45 22 had
241 1934 113 23 extensive
367 1932 130 31 experience
510 1935 24 22 in
549 1936 93 27 shoeing

57 1960 24 21 in
101 1967 42 14 one
162 1959 26 22 of
204 1960 36 22 the
259 1961 108 27 principal
383 1962 98 28 sporting
500 1963 100 22 counties
619 1964 24 21 of

55 1986 115 28 England,
187 1987 27 22 he
225 1991 66 18 trusts
306 1992 22 17 to
343 1989 50 27 give
407 1989 136 22 satisfaction
558 1991 23 21 iv
593 1990 48 22 that

57 2012 85 23 branch
152 2014 25 21 of
185 2014 35 21 the
227 2014 109 23 business.
413 2016 8 19 ',«

86 2040 52 22 Iron
145 2040 61 22 work
211 2040 26 22 of
243 2048 66 19 every
315 2041 133 28 description
456 2043 33 23 for
498 2042 143 28 agricultural

56 2065 148 29 implements,
214 2074 101 15 common
326 2068 45 21 and
380 2065 146 35 spjfhjg^carts,
538 2069 40 22 &c.
590 2070 49 26 &c,

56 2092 66 23 made
132 2096 23 18 to
164 2089 64 26 order
237 2101 28 14 on
277 2093 37 22 the
325 2098 56 19 most
391 2096 110 26 approved
511 2095 126 29 principles,

112 2126 28 15 on
151 2120 127 22 reasonable
289 2124 74 19 terms.

83 2145 99 28 Engines
200 2146 43 23 and
260 2147 99 28 printing
378 2154 84 22 presses
486 2149 87 22 erected
597 2149 44 23 and

56 2172 108 28 repaired.
396 2179 10 9 •'

84 2200 28 21 R.
126 2200 96 27 Barnett,
237 2200 86 28 having
337 2200 51 27 als.o,
397 2202 87 23 worked
500 2202 34 23 for
556 2210 14 15 a
587 2210 53 15 con-

56 2225 110 23 siderable
181 2227 76 27 period
274 2228 23 21 in
306 2228 39 21 the
351 2225 113 26 Chatham
479 2229 127 29 Dockyard,
621 2231 20 20 is

55 2252 109 28 perfectly
181 2257 132 19 conversant
332 2252 52 24 wifth
402 2255 30 22 all
447 2256 82 28 species
548 2257 27 21 of
591 2257 50 27 ship

57 2279 114 27 smithing.

228 2314 54 15 BELL
299 2315 112 21 HANGING,
428 2309 40 22 &C.

84 2339 120 24 Thorndon
216 2339 56 29 Flat,
284 2341 53 22 Port

167 2367 112 28 February
286 2369 21 26 4,
320 2370 60 21 1843.

284 2414 54 21 For
352 2414 68 21 Sale.

73 2447 18 21 A
122 2447 132 22 SECTION
265 2454 28 15 on
303 2447 38 22 the
350 2447 68 23 lower
427 2452 50 24 part
486 2449 25 22 of
523 2449 38 22 tbe
573 2449 65 24 Hutt,

56 2473 52 23 XJL
135 2473 45 23 No.
191 2474 25 22 75
227 2481 29 15 on
273 2474 37 22 the
326 2475 113 28 Surveyor-
446 2476 116 22 General's
576 2477 64 27 Plan,

54 2501 127 26 possessing
191 2508 51 20 very
253 2501 99 28 superior
362 2502 141 28 advantages.

84 2527 43 22 For
139 2527 54 22 Plan
202 2528 45 22 and
256 2531 76 24 terms,
343 2526 64 31 afply
417 2533 22 19 at
451 2529 97 24 Medical
559 2531 61 22 Hall.

447 2561 49 22 Mr.
513 2563 100 22 Sutton.

83 2586 116 25 February
208 2588 20 23 3,
240 2588 61 21 1843.

693 1389 129 24 NOTICE
839 1388 44 24 TO
903 1388 332 26 CORRESPONDENTS.

671 1445 35 21 W.
708 1455 27 5 —
735 1446 21 19 It
771 1445 19 20 is
806 1447 74 18 untrue
895 1445 47 20 that
959 1445 34 20 the
1010 1445 60 19 hired
1091 1444 117 20 watchman
1226 1450 26 14 on

698 1473 165 26 Lambton-quay
874 1473 38 19 has
921 1472 121 25 evaporated
1051 1472 21 20 in
1085 1477 134 20 co;isequence
1229 1472 28 25 of

698 1501 35 19 the
741 1499 15 12 {<
762 1501 40 19 utu
831 1502 36 18 not
875 1500 60 25 being
938 1499 150 26 forthcoming.
1123 1501 63 19 What
1192 1501 10 19 I
1216 1501 37 19 the

698 1527 100 20 residents
817 1533 25 15 on
859 1527 174 26 Lambton-quay,
1051 1527 70 25 refust
1133 1529 22 19 to
1161 1534 43 19 pay
1216 1528 37 20 the

695 1555 62 25 piper
763 1555 12 20 ?
805 1555 42 20 The
854 1555 46 20 idea
909 1555 19 20 is
933 1557 151 24 preposterous.
