2529 4020
1288 128 67 25 abqut
1369 130 42 20 300
1424 130 86 26 gallons
1525 131 27 21 of
1561 131 72 27 spirits
1792 140 29 14 on

1288 154 114 22 occasion.
1458 160 14 10 '•

1315 180 47 22 The
1372 182 51 21 Earl
1433 182 25 22 of
1464 183 119 22 Aberdeen
1592 182 40 28 ha?
1640 187 40 18 not
1690 192 23 14 at
1722 189 38 22 yet
1771 184 59 22 filled
1841 192 30 21 up

1288 206 37 22 the
1335 208 121 29 consulship
1503 209 113 28 Bayonne,
1628 217 23 13 so
1661 210 52 27 long
1729 215 85 17 vacant.

1314 232 48 23 The
1377 234 98 25 political
1489 236 90 21 mission
1596 236 25 21 of
1632 236 34 22 M.
1677 236 28 22 de
1721 237 100 26 Barante,
1833 238 39 21 the

1288 259 85 22 French
1383 260 102 24 Minister
1494 265 23 19 at
1522 262 38 22 the
1567 262 68 22 Court
1641 262 27 22 of
1673 263 33 21 St.
1714 263 149 28 Petersburgh
1867 281 5 9 ,

1287 289 23 18 to
1318 285 44 22 this
1371 291 98 25 country,
1481 289 46 26 has,
1538 290 19 20 it
1569 289 20 21 is
1602 290 121 21 rumoured
1738 290 24 22 in
1778 290 94 22 well-m-

1285 312 87 22 formed
1381 314 83 27 circles,
1476 315 57 21 been
1548 315 123 27 eminently
1680 316 126 22 successful.
1838 317 33 21 Its

1287 338 64 22 fruits
1360 339 44 22 will
1413 344 46 24 not,
1470 341 108 26 however,
1590 341 18 22 it
1617 342 19 21 is
1650 349 62 14 more
1725 342 54 22 than
1792 343 80 27 proba-

1287 364 42 27 ble,
1339 365 29 21 be
1378 366 130 23 discernible
1522 368 57 21 until
1595 368 37 21 the
1645 368 140 22 termination
1796 369 26 21 of
1834 370 38 21 the

1287 390 91 23 French
1388 392 113 22 elections.

1313 417 73 23 More
1402 418 115 24 Expence.
1517 430 29 5 —
1546 419 56 23 New
1622 420 102 22 barracks
1744 428 36 15 are
1800 425 23 18 to
1843 422 29 22 be

1287 443 89 22 erected
1385 448 24 19 at
1423 446 129 27 Woolwich,
1563 446 46 23 and
1623 446 120 28 particular
1756 447 81 29 regard
1855 448 19 23 is

1286 474 24 17 to
1318 470 30 21 be
1356 470 45 23 had
1410 472 34 22 for
1453 472 38 23 the
1507 472 95 23 comfort
1616 473 26 22 of
1652 472 39 23 the
1701 477 136 24 apartments
1849 476 26 21 of

1289 496 38 22 the
1336 498 85 25 officers.

1313 523 129 24 Brighton.
1443 536 28 5 —
1472 526 31 21 At
1521 533 30 15 an
1567 526 109 23 immense
1699 526 105 28 meeting,
1825 527 47 22 this

1287 553 58 18 town
1356 550 40 23 has
1409 551 77 28 loudly
1496 552 132 23 denounced
1643 553 39 22 the
1697 561 54 19 poor
1760 553 48 22 law.
1838 554 33 23 To

1285 576 80 23 collect
1376 577 36 23 the
1421 585 54 21 poor
1484 582 57 19 rates
1551 580 44 21 will
1604 581 28 20 be
1642 587 14 14 a
1667 579 55 23 hard
1729 580 48 27 job.

1313 603 114 23 Another
1438 605 70 22 Peer.
1510 617 28 4 —
1538 606 22 21 A
1569 606 66 22 claim
1645 606 20 21 is
1670 614 49 14 now
1726 606 66 28 being
1799 607 70 27 urged

1285 629 40 24 for.
1329 629 36 22 the
1375 631 100 22 removal
1484 632 26 21 of
1520 631 38 23 the
1573 632 38 22 old
1628 632 49 23 title
1687 633 24 22 of
1722 633 74 22 Baron
1808 634 61 21 Fitz-

1286 655 82 28 walter,
1531 658 27 22 of
1571 658 38 22 the
1628 666 64 19 army
1710 658 25 23 of
1756 660 49 21 God
1826 660 47 22 and

1288 681 63 27 Holy

1315 714 118 24 Singular
1449 716 131 22 Discovery
1592 724 26 14 of
1633 724 14 14 a
1663 717 87 23 Shark.
1750 728 29 5 —
1780 718 92 27 Captain

1287 739 116 29 Rowland,
1414 742 119 28 belonging
1548 747 22 18 to
1589 743 49 27 brig
1647 744 106 27 Anglesea,
1764 744 57 22 from
1832 745 42 21 Rio

1287 766 91 24 Janeiro
1386 768 35 22 for
1436 770 114 27 Antwerp,
1567 769 73 22 which
1656 771 88 21 arrived
1752 771 33 21 off
1797 771 76 22 Dover

1284 801 30 14 on
1325 792 141 30 Wednesday
1477 796 49 26 last,
1543 796 98 26 (August
1650 797 58 27 3rd,)
1722 801 86 24 reports
1822 798 50 21 that

1285 827 29 14 on
1324 820 37 22 the
1370 822 52 21 24th
1431 823 26 20 of
1466 822 43 22 last
1523 822 84 27 month,
1623 822 25 23 in
1658 823 38 22 lat.
1706 824 39 21 50°
1755 824 38 26 47',
1808 824 60 28 long,

1286 848 38 20 10»
1334 848 33 20 10'
1378 848 34 21 W.
1423 848 28 22 he
1461 856 63 15 came
1534 856 30 20 up
1574 849 52 22 with
1635 850 39 22 the
1685 851 72 21 wreck
1765 851 25 21 of
1797 858 14 14 a
1822 858 50 15 ves-

1285 873 33 22 sel
1334 875 127 26 apparently
1473 876 67 21 about
1554 876 41 22 500
1611 879 48 19 tons
1674 877 101 27 burthen,
1793 878 45 21 and
1850 878 25 22 of

1286 900 119 23 American
1412 901 69 22 build.
1505 902 48 22 The
1558 902 97 23 weather
1661 903 67 27 being
1733 904 138 27 favourable,

1285 926 35 27 he,
1332 928 101 25 together
1442 928 52 22 with
1510 929 86 22 several
1605 930 25 21 of
1642 930 37 21 the
1691 938 62 18 crew,
1772 931 98 23 boarded

1285 952 47 25 her,
1342 954 35 21 f»r
1388 954 35 21 the
1438 961 94 21 purpose
1543 956 26 21 of
1581 957 150 27 ascertaining
1745 958 38 21 her
1797 965 73 16 name.

1287 980 35 21 On
1332 980 106 27 reaching
1456 981 40 22 her
1506 982 63 28 deck,
1581 982 54 28 they
1645 991 57 14 were
1718 984 91 22 startled
1818 985 30 27 by
1859 994 13 13 a

1283 1006 54 21 loud
1345 1007 111 27 splashing
1471 1008 21 21 in
1505 1008 37 23 the
1552 1009 59 27 hold,
1628 1010 71 27 when>
1717 1017 59 21 upju
1795 1012 78 27 taking

1284 1032 34 22 off
1329 1032 36 23 the
1377 1033 120 29 hatchway,
1513 1036 52 26 they
1576 1036 127 23 discovered
1713 1045 28 14 an
1752 1045 120 15 enormous

1284 1059 66 22 shark
1361 1060 117 27 entangled
1491 1069 83 20 among
1590 1062 36 23 the
1636 1063 76 22 beams
1722 1064 26 21 of
1759 1064 35 22 the
1805 1064 68 28 ship's

1284 1086 92 26 bottom,
1383 1087 72 22 which
1465 1087 45 22 had
1520 1088 55 22 been
1583 1090 85 21 carried
1674 1097 72 21 away;
1759 1097 27 15 on
1796 1093 76 25 seeing

1285 1112 61 22 them
1363 1118 27 17 he
1405 1114 65 21 made
1487 1121 13 14 a
1516 1114 114 32 desperate
1641 1116 50 21 dart
1708 1121 23 16 at
1745 1125 42 14 one
1796 1118 26 21 of
1836 1118 37 22 the

1285 1146 63 20 crew,
1362 1140 49 21 who
1427 1140 84 28 luckily
1525 1136 39 27 fell
1579 1142 56 21 back
1655 1149 29 14 on
1701 1143 37 21 the
1754 1143 57 22 deck
1827 1145 45 21 and

1285 1166 103 27 escaped.
1426 1167 65 22 After
1516 1168 152 21 considerable
1693 1168 106 29 difficulty
1820 1171 53 28 they

1284 1193 112 27 managed
1406 1198 22 17 to
1438 1194 41 21 kill
1493 1194 37 21 the
1539 1199 98 18 monster
1647 1195 46 22 and
1710 1196 52 21 haul
1777 1196 18 22 it
1804 1201 38 18 out
1853 1198 23 21 of

1284 1219 38 22 the
1334 1220 71 21 wreck
1416 1227 28 14 on
1459 1220 71 23 board
1545 1221 58 22 their
1614 1222 77 21 vessel.
1720 1222 23 22 It
1757 1224 115 22 measured

1284 1247 27 20 20
1317 1245 45 22 feet
1369 1246 22 22 in
1401 1246 84 28 length,
1496 1248 46 21 and
1550 1255 43 15 was
1601 1248 25 22 of
1632 1256 14 14 a
1652 1256 54 20 very
1713 1253 61 23 great
1783 1250 88 27 weight.

1284 1272 48 22 The
1341 1279 65 16 name
1418 1274 24 21 of
1456 1274 37 21 the
1505 1275 73 22 wreck
1593 1283 43 14 was
1653 1280 40 16 not
1702 1276 124 27 learnt,_on
1837 1285 36 14 ac-

1284 1302 67 19 count
1362 1300 26 21 of
1392 1300 39 21 the
1438 1304 59 18 stern
1508 1301 65 27 being
1579 1309 65 19 gone.
1645 1313 28 5 —
1673 1303 99 25 Morning
1779 1305 93 23 Herald,

1284 1327 57 25 Aug.
1352 1328 21 24 5,
1386 1328 61 20 1842.

1312 1358 161 23 Waterproof
1489 1360 166 23 Composition.
1657 1373 28 4 —
1687 1363 20 21 A
1723 1363 48 26 pint
1790 1363 26 22 of
1832 1363 41 23 lin-

1284 1385 53 21 seed
1347 1386 36 26 oil,
1401 1389 42 19 two
1453 1393 92 15 ouncess
1556 1388 25 20 of
1592 1387 59 23 bees'
1663 1396 54 19 wax,
1734 1394 42 17 two
1791 1398 82 14 ounces

1284 1412 26 21 of
1317 1413 132 27 turpentine,
1466 1417 43 17 two
1520 1420 81 15 ounces
1611 1415 26 21 of
1643 1416 59 26 good
1713 1420 40 22 tar,
1764 1416 42 22 and
1816 1417 57 21 half-

1284 1445 113 15 an-ounce
1407 1440 26 20 of
1444 1440 120 27 Burgundy
1578 1441 67 27 pitch,
1663 1442 76 27 slowly
1748 1443 83 22 melted
1841 1448 32 18 to-

1284 1465 84 27 gether,
1386 1466 43 21 and
1446 1466 88 27 applied
1551 1470 21 18 to
1589 1474 48 16 new
1651 1469 70 26 boats,
1741 1469 43 21 will
1793 1471 80 21 render

1284 1492 62 21 them
1353 1493 134 27 waterproof,
1494 1493 99 28 durable,
1600 1495 46 22 and
1653 1495 97 28 pliant—
1750 1497 123 26 Edinburgh

1290 1520 86 24 Weekly
1383 1521 97 20 Journal.

1313 1553 55 21 Ship
1393 1553 141 22 Foundered
1556 1562 28 14 at
1604 1556 53 26 Sea,
1678 1564 46 15 and
1750 1565 122 15 shameful

1285 1586 103 15 CONDUCT
1402 1588 27 13 OF
1443 1587 45 15 THE
1504 1581 103 22 CAPTAIN
1623 1590 26 13 OF
1669 1591 44 14 TUG
1734 1591 53 14 BRIG
1828 1586 44 21 SeA

1400 1607 125 27 Plymouth,
1543 1608 129 27 September
1687 1612 31 24 12,
1734 1612 59 21 1342.
1823 1612 48 22 The

1284 1633 106 22 schooner
1408 1634 82 26 George,
1503 1634 26 22 of
1543 1635 101 26 London,
1660 1634 97 25 Thomas
1773 1638 97 28 Bowser,

1284 1662 88 25 master,
1384 1660 75 23 bound
1469 1662 57 21 from
1538 1662 131 28 Marseilles,
1681 1664 54 21 with
1746 1664 77 28 wheat,
1835 1666 35 21 for

1275 1696 2 3 ■
1285 1686 112 27 Glasgow,
1413 1687 91 23 became
1520 1695 23 14 so
1558 1688 66 28 leaky
1638 1690 66 21 when
1718 1692 99 27 crossing
1833 1692 38 22 the

1284 1713 49 26 Bay
1342 1713 26 22 of
1376 1714 85 28 Biscay,
1473 1714 49 23 that
1532 1722 28 14 on
1571 1715 37 22 the
1619 1716 38 22 Bth
1667 1717 90 27 instant,
1770 1718 67 28 being
1847 1719 23 21 in

1285 1746 14 14 a
1309 1739 86 28 sinking
1414 1744 63 24 state,
1495 1741 39 22 she
1550 1749 44 15 was
1614 1743 89 27 obliged
1722 1748 23 18 to
1759 1745 57 22 hoist
1835 1746 36 21 the

1284 1767 66 21 usual
1369 1768 71 26 signal
1459 1768 26 21 of
1501 1768 117 22 distress—
1619 1769 38 22 the
1677 1770 57 22 Jack
1755 1772 51 21 with
1832 1772 38 21 the

1284 1793 67 21 union
1371 1794 73 23 down.
1473 1795 28 22 In
1518 1795 37 21 the
1571 1796 99 28 evening
1687 1797 52 27 they
1755 1805 56 15 were
1832 1800 39 20 ob-

1285 1820 79 21 served
1379 1821 31 27 by
1423 1829 14 14 a
1449 1822 57 27 brig,
1521 1822 50 22 who
1588 1824 65 21 made
1668 1824 41 21 sail
1723 1825 95 22 towards
1833 1826 38 21 the

1287 1847 84 27 George,
1391 1848 40 21 but
1449 1848 106 23 darkness
1579 1850 157 28 approaching,
1757 1851 52 27 they
1828 1852 45 22 lost

1285 1873 59 28 sight
1353 1874 27 21 of
1386 1874 46 23 her.
1461 1876 94 27 Captain
1565 1876 98 27 Bowser,
1673 1877 108 27 however,
1793 1878 53 28 kept
1859 1887 13 14 a

1284 1900 58 28 light
1358 1901 97 28 burning
1470 1909 29 14 on
1516 1902 56 21 deck
1590 1903 29 21 all
1638 1904 71 26 night,
1730 1904 44 22 and
1793 1905 23 22 in
1833 1906 38 21 the

1275 1934 2 27 |
1285 1928 103 27 morning
1397 1928 24 22 of
1430 1929 38 21 the
1482 1928 38 22 9th
1534 1928 37 22 the
1581 1929 63 22 north
1663 1935 94 23 country
1766 1932 49 27 brig
1830 1934 42 19 Sea

1285 1955 60 26 Bird,
1369 1955 76 22 bound
1464 1959 22 17 to
1507 1955 119 22 Falmouth
1645 1956 34 22 for
1703 1958 81 27 orders,
1804 1967 67 15 came

1285 1981 77 22 within
1372 1982 54 21 hail.
1454 1982 47 21 The
1519 1983 88 26 captain
1624 1984 27 20 of
1666 1984 39 21 the
1720 1984 50 28 brig
1778 1993 43 15 was
1836 1987 36 21 in-

1285 2008 88 24 formed
1383 2009 48 21 that
1440 2008 38 21 the
1491 2009 78 26 George
1579 2017 44 14 was
1633 2010 89 28 sinking
1729 2012 32 26 (in
1772 2012 52 28 fact,
1833 2013 40 22 her

1276 2031 44 29 !,iee
1329 2034 102 27 gunwale
1442 2041 43 15 was
1494 2036 73 22 under
1577 2040 68 18 water
1655 2040 22 18 at
1690 2037 37 22 the
1745 2038 69 28 time),
1826 2040 45 21 and

1276 2061 176 34 jwas-ako-.^old.
1464 2061 49 22 that
1526 2062 39 22 the
1575 2070 57 15 crew
1640 2063 93 25 wished,
1733 2068 23 18 to
1771 2073 63 15 earns
1843 2074 29 14 on

1278 2086 84 22 'board.
1391 2086 37 22 He
1438 2087 103 28 inquired
1551 2088 38 23 the
1598 2089 120 28 longitude,
1730 2091 45 22 and
1785 2092 85 28 having

1284 2113 75 22 shewn
1369 2112 35 22 his
1414 2120 49 14 own
1479 2114 122 27 longitude,
1612 2123 14 14 a
1638 2116 119 23 difference
1769 2118 24 22 of
1804 2118 64 24 three

1285 2139 92 27 degrees
1387 2146 43 15 was
1437 2140 114 23 observed.
1580 2142 38 22 He
1626 2143 112 27 promised
1750 2148 21 17 to
1781 2148 47 24 stay
1839 2146 29 27 by

1285 2165 39 23 the
1339 2165 89 28 sinking
1442 2167 79 28 vessel,
1532 2168 40 22 but
1588 2176 24 15 as
1626 2176 54 15 soon
1698 2177 23 14 as
1736 2170 29 22 he
1781 2175 38 23 got
1833 2172 37 23 the

1284 2193 122 28 longitude,
1418 2193 28 22 he
1463 2195 63 21 made
1542 2195 41 22 sail
1593 2196 43 21 and
1651 2196 132 24 abandoned
1798 2198 41 23 her
1847 2200 23 21 in

1284 2219 41 22 her
1335 2219 95 23 distress.
1459 2221 53 21 This
1521 2222 86 27 cruelty
1623 2230 44 14 was
1677 2223 36 22 the
1725 2231 59 15 more
1793 2224 65 23 heart
1863 2238 8 5 -

1284 2246 103 27 rending,
1406 2246 58 23 from
1484 2248 37 21 the
1539 2249 46 21 fact
1605 2249 25 22 of
1646 2250 94 27 Captain
1764 2252 106 23 Bowser's

1286 2273 69 26 sister,
1374 2273 40 22 her
1430 2273 108 28 husband,
1556 2275 46 22 and
1617 2278 42 19 two
1673 2277 74 22 infant
1762 2278 107 28 children,

1285 2298 102 29 together
1397 2300 51 22 with
1458 2308 13 14 a
1483 2301 100 22 disabled
1592 2309 98 21 seaman,
1704 2304 67 26 being
1779 2313 91 19 passen-

1285 2334 50 19 gers
1345 2334 29 14 on
1383 2327 69 22 board
1469 2327 38 22 the
1524 2330 84 25 George.
1638 2329 152 29 Fortunately,
1800 2332 70 23 about
1872 2341 2 3 •

1285 2353 62 22 three
1365 2353 66 22 hours
1451 2354 62 27 after,
1534 2356 36 21 the
1586 2356 122 23 American
1722 2357 56 22 bark
1791 2360 78 27 Byron,

1285 2380 147 22 Commander
1442 2381 56 22 Rob.
1510 2382 31 23 H.
1553 2382 100 27 Pierson,
1665 2384 55 22 from
1732 2384 136 30 Havannah,

1284 2407 78 22 bound
1371 2410 22 18 to
1404 2407 101 28 London,
1515 2409 56 22 hove
1581 2410 24 21 in
1616 2410 66 28 sight,
1694 2411 71 22 under
1778 2412 91 24 double-

1283 2434 77 22 reefed
1369 2434 95 27 topsails,
1476 2436 44 21 and
1531 2436 82 28 having
1623 2438 136 22 ascertained
1768 2439 37 22 the
1812 2443 56 19 state

1284 2460 28 22 of
1322 2461 37 21 the
1380 2461 84 26 George,
1483 2462 37 22 the
1536 2466 61 19 mate
1612 2464 26 21 of
1649 2464 38 22 the
1701 2466 77 26 Byron,
1790 2467 81 29 Henry

1285 2487 87 26 Waldo,
1384 2489 43 21 and
1438 2494 42 16 two
1490 2489 66 26 bla,ck
1565 2497 60 20 men,
1643 2495 51 23 part
1709 2492 26 22 of
1750 2492 39 23 her
1805 2501 63 21 crew,

1282 2514 68 28 nobly
1358 2515 142 22 volunteered
1507 2520 21 18 to
1534 2524 75 15 rescue
1616 2518 254 25 theirfellow-creatures

1283 2541 64 32 from^
1360 2541 58 22 their
1434 2543 115 26 desperate
1567 2544 113 23 situation.
1708 2546 49 22 The
1775 2554 37 15 sea
1826 2555 44 15 was

1282 2568 99 27 running
1390 2576 54 20 very
1452 2569 62 27 high,
1525 2570 45 23 and
1583 2574 24 18 at
1624 2571 39 22 the
1677 2579 193 17 commencement

1283 2594 38 22 the
1339 2596 91 25 Byron's
1448 2596 51 23 boat
1518 2597 50 22 half
1583 2597 61 23 filled
1663 2599 52 22 with
1729 2605 73 18 water.
1833 2602 33 28 By

1283 2628 166 22 perseverance,
1460 2623 110 28 however,
1581 2624 24 22 in
1619 2625 63 22 three
1698 2626 59 28 trips,
1770 2628 52 28 they
1833 2636 37 14 ac-

1284 2649 137 27 complished
1438 2650 57 22 their
1511 2651 103 22 laudable
1625 2659 100 21 purpose,
1737 2654 49 27 and,
1797 2656 73 22 under

1282 2675 82 23 Divine
1389 2676 145 28 Providence,
1555 2679 113 27 conveyed
1692 2680 30 21 all
1746 2681 69 29 safely
1840 2690 28 14 on

1284 2701 37 22 the
1331 2704 79 26 Byron,
1421 2704 71 22 which
1504 2704 70 23 vessel
1584 2706 87 22 arrived
1686 2707 23 21 in
1720 2706 37 23 the
1768 2708 101 24 Channel

1283 2736 30 14 on
1324 2729 37 23 the
1371 2730 58 27 11th,
1440 2731 44 22 and
1495 2731 65 22 when
1570 2732 68 22 about
1647 2732 44 23 five
1701 2733 89 29 leagues
1802 2736 67 22 south

1284 2756 26 21 of
1322 2757 38 21 the
1376 2757 137 28 Eddystone,
1523 2758 79 28 passed
1618 2760 95 28 Captain
1725 2761 89 23 Bowser
1824 2763 46 21 and

1283 2782 35 22 his
1336 2784 144 23 unfortunate
1496 2785 146 28 companions
1659 2788 47 21 into
1723 2788 83 27 Long's
1814 2790 57 27 pilot

1283 2809 54 22 boat
1353 2812 80 26 Pallas,
1449 2812 28 21 of
1489 2812 81 27 Cowes,
1587 2813 57 22 from
1659 2814 72 22 which
1746 2815 51 28 they
1811 2823 59 15 were

1283 2837 70 27 safely
1363 2837 83 24 landed
1463 2843 24 18 at
1501 2839 121 27 Plymouth
1637 2848 29 14 on
1677 2841 36 22 the
1731 2842 103 28 morning
1848 2844 25 21 of

1284 2863 38 22 the
1334 2864 57 28 l?th,
1403 2865 92 23 without
1505 2866 34 21 fee
1551 2873 25 14 or
1591 2867 92 23 reward.
1712 2868 62 27 They
1784 2877 44 19 are,
1847 2871 26 21 of

1283 2897 84 20 course,
1378 2892 24 22 in
1418 2900 14 14 a
1440 2899 54 20 very
1510 2892 120 23 distressed
1646 2894 120 26 condition,
1778 2896 39 22 but
1832 2897 36 23 the

1283 2917 87 22 officers
1380 2919 25 22 of
1411 2919 38 22 the
1468 2919 120 28 Plymouth
1606 2920 85 23 branch
1708 2922 26 21 of
1750 2922 36 22 the
1805 2923 65 28 Ship-

1282 2944 104 24 wrecked
1400 2946 118 22 Mariners'
1531 2947 87 32 Society
1628 2947 57 22 have
1700 2948 76 28 kindly
1785 2950 83 22 under-

1283 2971 66 22 taken
1365 2975 23 18 to
1401 2973 90 27 provide
1511 2972 61 23 them
1590 2974 55 22 with
1663 2982 66 20 every
1745 2983 123 22 necessary,

1283 2997 46 22 and
1346 2997 58 24 have
1422 3000 62 22 them
1500 3000 116 28 conveyed
1634 3004 24 19 to
1673 3002 58 21 their
1747 3005 121 25 respective

1282 3023 84 24 homes.
1395 3026 93 28 Captain
1503 3027 90 22 Bowser
1602 3028 83 22 desires
1695 3032 22 18 to
1732 3036 89 21 express
1832 3031 34 22 his

1282 3050 105 25 heartfelt
1396 3053 82 22 thanks
1492 3057 23 18 to
1531 3053 36 22 the
1585 3055 95 27 captain,
1691 3058 66 24 mate,
1769 3056 45 22 and
1830 3057 38 23 the

1282 3085 59 15 crew
1351 3079 27 21 of
1384 3080 36 22 the
1430 3080 55 23 bark
1494 3082 78 26 Byron,
1584 3088 29 15 on
1628 3081 70 22 hoard
1715 3082 71 22 which
1797 3085 71 21 vessel

1282 3104 38 22 the
1331 3106 95 23 relieved
1436 3110 63 25 party
1508 3115 57 14 were
1574 3108 87 22 treated
1671 3116 53 20 very
1734 3110 131 29 hospitably,

1282 3131 42 22 and
1336 3135 22 19 to
1369 3133 36 22 the
1416 3133 71 23 hands
1503 3134 27 22 of
1542 3134 37 22 the
1595 3134 119 28 pilot-boat
1729 3138 76 26 Pallas,
1818 3138 50 22 who

1282 3157 57 24 have
1348 3159 45 23 lost
1406 3164 43 19 two
1463 3161 55 28 days
1534 3162 30 26 by
1580 3162 105 28 bringing
1701 3163 36 22 the
1752 3171 57 15 crew
1823 3165 46 23 and

1281 3192 129 21 passengers
1424 3188 85 23 ashore.
1510 3199 28 5 —
1538 3190 81 19 Dublin
1637 3191 118 20 Freeman's
1772 3192 89 22 Journal

1283 3213 120 25 September
1413 3216 36 21 17.

1308 3245 183 28 Philadelphia,
1510 3249 50 21 Sep.
1578 3250 19 21 1.
1598 3260 29 5 —
1627 3249 51 22 You
1695 3250 46 22 will
1760 3251 107 27 probably

1280 3273 124 22 remember
1414 3273 48 23 that
1471 3275 68 21 about
1545 3278 38 19 ten
1593 3275 55 28 days
1654 3276 60 22 since
1723 3277 44 22 Mr.
1774 3277 92 28 Adams,

1281 3305 25 15 as
1323 3298 113 24 chairman
1448 3301 26 21 of
1485 3309 14 14 a
1673 3303 26 22 of
1843 3305 24 21 in

1281 3325 40 22 the
1330 3325 77 23 House
1416 3327 27 22 of
1454 3328 200 28 Representatives,
1670 3331 102 26 reported
1781 3331 88 26 against

1281 3352 37 22 the
1329 3355 50 19 veto
1389 3353 27 23 of
1421 3354 37 22 the
1470 3355 118 22 President
1597 3358 24 19 to
1631 3356 37 22 the
1678 3356 47 22 first
1732 3358 73 21 Tariff
1814 3358 52 28 Bill,

1282 3385 29 15 on
1320 3378 38 23 the
1372 3381 89 26 ground
1470 3381 48 23 that
1533 3382 18 22 it
1560 3389 44 15 was
1615 3390 14 15 a
1642 3383 125 28 dangerous
1781 3385 87 28 display

1281 3404 27 23 of
1312 3405 123 25 individual
1448 3415 81 21 power,
1545 3409 43 22 and
1598 3409 85 28 though
1697 3411 131 22 sanctioned
1838 3412 30 28 by

1281 3432 37 22 the
1333 3434 144 24 constitution
1494 3435 70 28 ought
1582 3439 23 19 to
1621 3436 27 22 be
1664 3444 25 14 so
1705 3437 82 22 altered
1804 3445 24 15 as
1844 3442 24 19 to

1280 3459 91 28 abridge
1389 3461 37 22 the
1443 3464 51 19 veto
1508 3463 146 26 prerogative.
1683 3463 47 22 The
1746 3465 121 22 resolution

1279 3485 132 25 introduced
1420 3488 30 29 by
1457 3489 46 22 Mr.
1515 3489 92 25 Adams,
1618 3489 85 29 having
1712 3491 34 21 for
1755 3491 28 22 its
1793 3492 74 27 object

1279 3512 57 22 such
1344 3520 30 15 an
1384 3514 117 24 alteration
1508 3515 24 22 in
1541 3516 37 22 the
1586 3516 84 22 United
1679 3518 76 21 Stated
1762 3520 106 21 constitu-

1280 3539 53 26 tion,
1348 3546 43 16 was
1409 3545 40 19 not
1463 3542 80 28 passed
1558 3543 31 27 by
1598 3543 117 26 Congress.
1743 3545 47 22 The
1805 3545 63 23 affair

1280 3567 90 21 created
1379 3575 60 15 some
1449 3569 69 27 noise,
1531 3569 43 22 and
1584 3577 69 20 many
1661 3571 57 22 calm
1726 3572 46 22 and
1780 3572 88 23 reflect-

1279 3592 39 27 ing
1334 3600 51 16 men
1395 3595 130 23 considered
1536 3596 44 22 Mr.
1600 3597 85 22 Adams
1694 3598 23 21 in
1734 3599 38 22 the
1784 3607 81 20 wrong.

1279 3619 116 28 Although
1413 3622 38 22 the
1467 3623 119 21 resolution
1600 3630 45 16 was
1661 3625 85 22 thrown
1765 3630 45 17 out.
1827 3630 39 24 yet

1279 3646 55 22 such
1343 3654 45 15 was
1403 3648 37 22 the
1453 3649 131 28 impression
1600 3651 73 27 made,
1691 3651 47 22 that
1753 3652 115 23 President

1278 3673 67 28 Tyler
1353 3673 40 23 has
1400 3675 48 28 just
1456 3680 50 18 sent
1514 3676 60 22 forth
1584 3684 14 14 a
1632 3677 86 23 Protest
1732 3679 86 27 against
1828 3680 38 22 the

1279 3700 84 27 Report
1372 3700 26 22 of
1409 3702 38 22 the
1462 3703 108 28 Majorty
1753 3706 24 22 in
1794 3706 72 23 which

1278 3726 30 22 he
1317 3728 106 22 contends
1440 3729 49 22 that
1503 3729 38 22 the
1556 3737 76 16 course
1651 3733 125 22 contended
1786 3733 35 22 for
1836 3733 30 28 by

1278 3753 46 22 Mr.
1339 3753 85 24 Adams
1442 3756 72 22 would
1531 3757 88 29 destroy
1637 3758 66 22 those
1721 3759 81 23 checks
1821 3760 45 23 and

1278 3779 105 23 balances
1391 3781 89 28 against
1493 3783 96 28 popular
1599 3785 123 23 excitment
1730 3786 44 21 and
1783 3786 84 28 feeling

1278 3813 25 15 so
1313 3808 103 22 essential
1423 3809 38 21 for
1473 3809 38 22 the
1521 3814 91 24 support
1622 3811 45 22 and
1680 3812 153 24 maintenance
1844 3814 26 22 of

1278 3833 38 22 the
1325 3839 148 21 government
1486 3836 46 22 and
1541 3837 151 23 constitution.
1722 3839 54 21 This
1812 3840 54 22 Pro-

1278 3863 44 19 test
1336 3860 5 9 '
1351 3860 20 22 is
1385 3861 133 29 immensely
1532 3863 129 28 circulated,
1678 3863 46 23 and
1734 3865 12 21 I
1764 3872 36 15 am
1814 3873 51 16 sure

1277 3886 50 22 that
1334 3886 38 23 the
1381 3892 63 23 great
1456 3887 67 29 body'
1527 3889 28 21 of
1565 3889 38 22 the
1612 3890 79 28 people
1701 3891 103 23 consider
1818 3892 48 22 that

1278 3912 38 23 the
1321 3913 118 24 President
1445 3915 18 22 is
1470 3918 85 19 correct
1559 3915 44 22 and
1611 3917 102 26 patriotic
1720 3917 24 22 in
1750 3917 35 23 his
1789 3918 76 23 views.

1278 3940 23 21 It
1310 3943 71 24 m.URt,.
1391 3941 14 24 X
1414 3941 71 28 think,
1498 3941 132 23 be.obivous
1639 3946 23 18 to
1673 3943 132 27 everybody,
1816 3945 49 22 that

563 36 98 47 Cfle
684 39 121 40 ycto
829 39 211 42 Zfaiano
1063 40 193 48 <ga?tttt
1280 48 91 35 ano
1397 41 299 50 meUtngton
1720 43 70 50 £p
1793 53 43 34 Cr
1837 48 139 40 tafc>r.

62 128 43 22 We
116 128 85 22 believe
212 128 39 21 the
264 128 87 29 barque
367 128 129 29 Indemnity
509 128 20 22 is
540 128 39 22 the
591 131 54 19 next

62 160 70 23 vessel
144 164 23 18 to
179 159 26 23 be
217 158 79 31 placed
309 166 28 16 on
351 159 38 23 the
400 159 52 31 slip.

96 219 50 23 The
158 219 85 29 barque
253 219 110 28 Eleanor,
376 220 50 23 496
436 223 60 25 tons,
507 220 67 31 Capt.
584 219 59 24 Hol-

62 251 99 28 derness,
174 250 75 24 which
261 251 89 23 arrived
360 252 24 22 in
396 251 44 24 this
451 257 52 26 port
511 253 24 23 in
545 253 98 23 Novem-

62 284 39 23 ber
131 285 72 27 1841,
226 283 60 24 from
315 283 102 32 Sydney,
440 285 43 24 and
513 284 70 25 sailed
610 284 33 23 for

62 316 103 31 Bombay
174 325 7 19 ;
199 323 47 16 was
267 316 82 31 totally
366 318 123 24 consumed
506 318 31 31 by
555 317 48 29 fire,
616 325 27 15 on

62 349 39 23 the
113 349 58 26 27th
182 349 135 31 September
327 349 53 29 last,
393 350 75 24 whilst
478 351 64 31 lying
559 351 24 22 in
601 350 42 23 Al-

62 382 63 31 lepee
135 389 41 16 roa
183 382 27 29 is,
222 382 115 31 supposed
349 387 21 19 to
383 383 56 24 have
450 384 56 23 been
518 387 36 19 set
565 390 28 16 on
605 383 38 23 fire

62 415 29 31 by
103 415 38 23 the
153 422 65 17 crew.
255 415 51 23 The
323 415 104 24 Eleanor
443 424 47 15 was
500 415 76 24 bound
586 415 57 24 from

62 448 102 31 Bombay
182 452 23 19 to
226 447 114 32 Calcutta,
359 448 80 24 loaded
457 448 54 24 with
534 448 44 24 salt
601 448 42 24 and

62 481 46 23 coir
120 488 62 20 rope.

94 530 93 24 Birth.
189 543 34 4 —
224 530 39 24 On
275 531 153 32 Wednesday,
440 532 118 31 February
572 534 21 26 1,
606 531 37 25 the

62 563 50 24 wife
130 564 26 23 of
170 564 48 23 Mr.
238 564 62 23 John
321 564 79 30 Duck,
411 566 46 23 late
476 566 25 23 of
515 564 68 28 Bath,
595 572 48 16 now

62 597 23 23 of
101 596 148 28 Wellington,
262 597 25 24 of
302 606 14 15 a
327 606 50 16 son.

60 658 80 1 New
166 658 186 1 UNKNOWN
379 657 265 2 Spectator.

1924 141 81 20 proper
2014 138 80 24 system
2101 135 26 22 of
2133 136 78 23 checks
2217 138 41 21 and
2267 138 103 23 balances
2380 140 22 21 in
2411 140 68 27 legis-

1903 159 75 28 lation,
1997 164 22 18 to
2033 161 91 22 restrain
2140 169 26 14 an
2183 164 151 27 over-popular
2347 166 46 21 and
2406 173 73 16 some-

1903 186 71 22 times-
1983 190 36 18 too
2035 188 62 27 hasty
2106 188 41 22 and
2159 189 111 27 impulsive
2279 199 29 14 an
2317 191 82 27 action,
2407 192 73 23 forms

1902 212 38 22 the
1948 213 49 21 best
2006 213 114 28 safeguard
2130 218 20 18 to
2160 216 122 26 republican
2293 218 142 22 institution!!.

1929 239 109 26 Congress
2059 239 119 28 adjourned
2196 243 119 27 yesterday.
2357 244 49 22 The
2426 245 53 22 Pre-

1903 264 71 23 sident
1983 265 52 32 duly
2044 266 79 27 signed
2137 267 35 22 the
2188 275 45 15 new
2247 265 72 26 Tarfff
2329 270 44 22 Bill
2387 271 46 22 late
2450 279 29 15 on

1903 291 101 28 Monday
2011 292 69 27 night,
2092 293 26 21 of
2124 293 68 23 which
2202 294 11 22 I
2223 296 52 21 send
2287 303 44 19 you
2341 304 13 15 a
2364 298 115 21 corrected

1903 324 62 21 copy,
1977 318 51 22 with
2039 326 65 19 every
2112 321 108 21 reversion
2234 328 27 19 up
2272 325 23 19 to
2312 323 35 21 the
2357 324 56 21 final
2430 331 49 15 mo-

1903 347 60 19 ment
1971 345 26 21 of
2003 345 29 21 all
2042 345 37 23 the
2087 347 77 21 Senate
2171 347 149 23 amendments
2329 349 83 30 having
2418 350 60 23 been

1903 370 80 26 agreed
1992 375 22 17 to
2025 371 29 28 by
2063 371 36 22 the
2109 372 72 23 house.
2211 373 125 24 Merchant*
2344 375 23 22 in
2378 376 29 21 all
2418 381 61 22 parts

1903 397 26 21 of
1942 396 87 28 Europe
2039 404 36 16 are
2084 399 112 28 anxiously
2206 400 99 28 awaiting
2319 400 44 24 this
2371 402 66 27 tariff,
2454 403 25 22 in

1903 422 63 22 order
1974 424 49 22 that
2032 424 53 27 they
2093 432 50 20 may
2152 425 63 23 know
2225 427 48 26 how,
2280 432 23 17 to
2312 434 83 20 govern
2406 428 73 23 them-

1903 448 69 23 selves
1990 450 24 22 in
2028 451 63 21 there
2105 455 86 24 exports
2203 456 24 18 to*
2237 452 38 23 the
2289 452 85 24 United
2391 455 86 28 States;

1903 474 63 24 while
1976 483 30 15 on
2013 476 45 22 this
2064 476 47 23 side
2119 480 35 20 the
2160 481 65 20 water
2230 486 123 17 commerce
2361 481 20 22 is
2386 481 93 29 already

1901 500 136 31 lookingup,
2047 503 44 23 and
2099 504 59 27 large
2166 505 78 28 orders,
2254 505 13 24 I
2276 506 74 28 know,
2360 514 38 15 are
2411 509 69 27 going

1903 531 39 20 out
1950 532 23 19 to
1981 529 106 28 England
2094 530 31 27 by
2133 531 35 21 the
2176 531 75 28 packet
2260 533 73 23 which
2342 534 82 23 carries
2434 535 45 22 this

1902 554 70 28 letter,
1991 556 97 22 founded
2101 564 28 15 on
2143 557 37 22 the
2195 559 118 27 provisions
2320 560 28 22 of
2359 561 38 22 the
2412 561 66 28 tariff,

1903 581 44 22 and
1956 582 115 27 regulated
2084 584 29 26 by
2123 583 34 23 the
2167 584 87 28 bearing
2263 587 26 21 of
2299 586 37 22 the
2346 594 50 15 new
2406 587 73 23 duties

1903 614 28 15 on
1952 608 38 22 the
2014 608 94 24 demand
2129 610 31 22 for
2181 611 106 28 imported
2310 615 167 21 manufnetered

1902 634 77 26 goods.

1931 660 22 22 It
1964 668 45 15 was
2018 662 68 27 urged
2094 663 30 27 by
2134 663 26 22 all
2166 663 37 22 the
2209 664 99 27 speakers
2313 665 24 22 in
2345 665 38 23 the
2390 665 88 28 debate,

1904 686 49 23 that
1964 688 36 21 the
2011 689 124 22 settlement
2141 690 23 21 of
2172 690 35 22 the
2214 691 60 21 tariff
2278 691 45 22 and
2329 695 71 25 treaty
2406 693 74 23 would

1904 712 99 29 improve
2014 715 118 25 American
2141 716 67 22 credit
2218 718 39 21 and
2267 718 36 21 the
2313 719 91 26 general
2418 727 61 20 pros-

1903 744 70 43 Eerty.
2002 741 47 23 The
2060 742 69 22 above
2140 750 34 15 are
2184 743 30 22 all
2223 743 34 22 the
2268 744 105 22 aditional
2383 746 97 26 particu-

1918 773 27 15 irs
1955 767 24 22 in
1988 768 94 22 relation
2091 772 22 19 to
2123 769 33 22 the
2166 770 80 27 closing
2255 777 76 15 scenes
2340 771 26 22 of
2372 772 107 27 Congress

1904 792 46 23 that
1958 794 58 22 have
2033 796 119 27 transpired
2162 796 60 22 since
2230 798 36 20 the
2277 798 52 21 mail
2339 798 42 22 left
2395 803 84 23 yester-

1903 819 42 27 day
1955 820 34 22 for
1998 821 38 22 the
2052 822 80 22 Boston
2145 826 95 20 steamer.
2270 824 11 21 I
2292 827 64 24 must,
2368 825 110 28 however,

1903 846 42 23 add
1960 854 42 15 one
2017 848 93 23 remark.
2140 849 19 22 It
2172 850 26 26 is,
2208 850 44 22 that
2266 850 37 22 the
2315 851 115 22 President
2439 853 40 21 has

1903 874 131 28 completely
2042 875 118 22 succeeded
2169 876 23 21 in
2202 877 99 27 carrying
2316 877 34 22 his
2361 878 63 27 point
2433 879 45 23 and

1903 900 122 28 sustaining
2032 902 33 21 his
2075 905 56 24 veto,
2140 903 82 27 against
2227 904 35 21 the
2270 907 63 25 party
2338 904 24 22 in
2368 905 111 28 Congress

1903 926 47 22 that
1960 928 94 27 opposed
2064 928 34 22 his
2106 929 77 27 policy.

1929 954 79 26 Surely
2019 955 61 21 there
2096 956 42 21 will
2152 956 26 22 be
2192 956 121 28 legislation
2329 958 91 27 enough
2435 958 44 22 this

1901 986 59 20 year.
1991 981 26 22 In
2035 981 61 22 three
2115 982 58 22 short
2190 983 83 22 months
2291 984 59 22 from
2366 984 43 22 tins
2427 984 50 29 day,

1903 1006 106 27 Congress
2019 1008 44 21 will
2072 1009 104 21 assemble
2186 1010 70 26 again.

1913 1059 6 5 m
1930 1033 93 22 Further
2033 1038 104 18 accounts
2145 1035 55 22 from
2211 1036 87 22 Canada
2308 1036 59 23 show
2382 1036 49 23 that
2440 1038 41 22 the

1903 1059 50 22 riots
1963 1067 83 20 among
2059 1060 36 22 the
2110 1061 108 22 labourers
2230 1063 112 22 extended
2357 1064 69 26 along
2440 1064 39 22 the

1903 1085 71 22 whole
1992 1086 46 22 line
2054 1088 27 20 of
2094 1088 37 21 the
2143 1088 69 22 canal.
2237 1088 60 23 Four
2312 1097 60 14 more
2390 1098 89 19 persons

1903 1112 56 22 have
1969 1113 57 22 been
2037 1114 73 27 killed,
2122 1114 42 22 and
2173 1122 74 20 among
2257 1116 38 22 the
2305 1117 117 27 wounded,
2432 1118 20 21 it
2460 1118 19 22 is

1903 1139 54 27 said,
1971 1147 13 14 a
2002 1140 97 22 Catholic
2115 1141 120 27 clergyman
2245 1149 44 16 was
2305 1144 68 22 much
2383 1144 96 26 injured.

1902 1165 47 22 The
1969 1166 97 28 military
2082 1174 36 15 are
2137 1168 89 23 ordered
2237 1173 38 18 out
2290 1170 73 28 again,
2381 1171 46 21 and
2440 1172 38 22 the

1904 1192 108 28 difficulty
2022 1194 43 21 will
2082 1201 52 14 soon
2145 1195 25 22 be
2179 1202 56 15 over.
2264 1196 72 23 When
2355 1198 86 22 several
2456 1198 26 22 of

1904 1219 37 21 the
1950 1216 74 30 public
2035 1220 69 23 works
2116 1228 51 15 were
2177 1222 120 28 suspended
2311 1223 23 22 in
2345 1224 37 22 the
2393 1225 86 21 United

1903 1245 75 28 States,
1997 1252 65 22 great
2080 1248 98 22 numbers
2198 1250 25 20 of
2235 1249 37 22 the
2288 1250 59 22 Irish
2364 1250 115 23 labourers

1901 1271 87 24 flocked
1998 1277 22 18 to
2029 1274 38 21 the
2078 1274 98 23 Welland
2187 1276 71 26 Canal,
2269 1276 45 22 and
2329 1277 65 22 other
2402 1278 76 27 public

1903 1299 70 22 works
1983 1300 23 21 in
2016 1300 89 22 Canada
2106 1313 27 3 —
2134 1305 33 18 ten
2177 1302 60 21 times
2253 1310 24 14 as
2294 1310 69 21 many
2372 1311 25 15 as
2412 1304 69 22 could

1902 1325 27 21 be
1939 1327 124 26 employed.
2093 1328 76 21 Hence
2179 1328 37 21 the
2226 1330 111 26 outbreak,
2349 1330 74 23 which
2434 1339 44 14 was

1903 1352 127 23 afterwards
2046 1354 66 22 much
2129 1354 124 23 embittered
2271 1356 30 27 by
2317 1356 36 22 the
2371 1358 108 28 unhappy

2087 1381 44 21 and
2357 1384 42 22 and
2415 1386 64 21 other

1902 1405 105 23 sectional
2017 1414 24 14 or
2049 1407 101 27 religious
2159 1408 61 21 feuds
2229 1416 78 20 among
2316 1410 141 23 themselves.

1929 1432 60 22 Lord
1999 1433 146 22 Ashburton's
2154 1434 105 28 reception
2268 1436 30 27 by
2307 1436 38 23 the
2354 1438 93 22 citizens
2456 1439 27 22 of

1904 1458 53 23 New
1967 1459 61 22 York
2039 1467 43 15 was
2091 1468 13 15 a
2115 1461 93 22 brilliant
2221 1462 42 21 and
2272 1462 76 29 highly
2357 1465 120 28 gratifying

1903 1485 67 28 affair,
1986 1487 43 21 and
2039 1488 103 21 attended
2155 1488 28 28 by
2193 1488 28 22 all
2230 1489 35 22 the
2275 1490 89 26 British,
2381 1491 96 28 French,

1903 1512 55 27 City,
1975 1513 45 22 and
2031 1514 62 22 other
2110 1514 125 26 authorities.
2266 1516 11 22 I
2293 1516 73 28 forgot
2376 1521 22 18 to
2415 1525 64 15 men-

1901 1538 46 22 tion
1959 1539 48 22 that
2020 1545 24 17 at
2053 1540 81 23 Boston
2148 1542 32 21 his
2196 1542 94 28 lordship
2298 1551 45 14 was
2353 1544 81 22 visited
2447 1546 32 26 by

1903 1572 13 14 a
1928 1565 60 28 large
2003 1567 58 27 body
2072 1567 25 22 of
2110 1568 34 21 the
2161 1568 168 23 Massachusetts
2342 1570 135 29 legislature,

1901 1593 110 26 preceded
2027 1594 31 28 by
2072 1594 55 22 their
2141 1596 218 26 Sergeant-at-Arms,
2378 1598 45 21 and
2439 1605 40 20 ap-

1900 1620 133 28 propriately
2043 1620 114 23 addressed
2171 1622 29 27 by
2209 1622 34 22 the
2258 1622 62 23 Hon.
2332 1623 35 22 W.
2379 1624 21 21 J.
2413 1624 66 23 Hub-

1901 1646 63 27 bard,
1976 1647 26 21 of
2009 1647 36 22 the
2055 1648 86 26 Senate,
2157 1651 23 18 to
2190 1648 68 22 whom
2276 1649 60 22 Lord
2349 1650 128 23 Ashburton

1900 1673 65 21 made
1984 1681 29 14 an
2024 1674 108 22 excellent
2146 1674 69 28 reply.
2240 1676 43 21 His
2298 1676 97 28 lordship
2411 1678 67 22 dined

1901 1699 51 22 with
1963 1700 36 21 the
2011 1700 59 22 Hon.
2079 1701 82 22 Abbott
2170 1702 119 28 Lawrence,
2301 1706 23 19 at
2333 1704 90 28 Boston,
2434 1706 45 21 and

1900 1725 53 22 both
1962 1727 24 21 in
1997 1727 48 22 that
2053 1727 44 27 city
2106 1727 42 22 and
2158 1728 92 27 Albany,
2263 1736 24 15 as
2297 1730 50 21 well
2356 1738 24 13 as
2389 1731 23 22 in
2425 1732 53 21 New

1901 1752 68 29 York,
1985 1753 35 22 hi
2017 1753 20 22 3
2028 1753 114 29 lordship's
2150 1754 99 28 speeches
2266 1756 56 22 have
2337 1756 57 23 been
2411 1758 68 23 much

1901 1779 100 23 admired
2017 1781 34 21 for
2069 1781 36 22 the
2124 1781 46 22 love
2185 1781 26 22 of
2225 1782 91 23 rational
2329 1783 101 24 freedom
2449 1785 29 22 he

1901 1807 125 26 expressed.

2232 1859 3 9 ,
2327 1837 122 24 PUBLICUS.

1927 1867 51 22 The
1989 1868 112 22 Shipping
2112 1876 106 16 interest
2233 1878 23 14 m
2275 1871 82 23 Great
2367 1866 110 29 Britain!

1901 1904 26 5 —
1929 1894 41 22 We
1979 1894 56 23 hear
2043 1895 53 22 loud
2113 1897 124 27 complaints
2253 1897 24 22 of
2290 1898 37 22 the
2342 1899 134 28 depression,

1902 1920 70 22 which
1983 1921 42 23 this
2035 1922 96 27 interest,
2138 1924 115 22 connected
2263 1924 52 22 with
2324 1925 63 22 trade
2395 1925 20 22 is
2426 1934 50 14 now

1900 1947 111 28 suffering.
2040 1949 99 27 Freights
2148 1950 55 22 from
2218 1951 82 27 foreign
2308 1955 68 24 ports,
2388 1953 89 22 besides

1899 1974 68 27 being
1978 1982 80 20 scarce,
2070 1983 35 15 are
2117 1975 61 23 lower
2188 1977 50 22 than
2248 1985 45 20 any
2299 1979 53 26 they
2358 1979 58 21 have
2425 1987 54 14 ever

1899 2000 56 22 been
1971 2001 81 23 known
2066 2002 87 27 before;
2174 2003 66 27 while,
2258 2008 23 18 at
2295 2005 74 27 home,
2385 2006 94 27 freights

1901 2035 37 14 are
1952 2031 40 18 not
2009 2029 52 26 only
2078 2029 48 27 low,
2142 2029 39 23 but
2199 2038 87 19 cargoes
2301 2031 52 22 with
2369 2032 110 28 difficulty

1901 2054 64 22 made
1974 2061 37 21 up.
2035 2056 28 21 So
2073 2063 77 20 scarce,
2161 2057 82 27 indeed,
2254 2057 18 21 is
2283 2059 151 27 employment
2444 2059 34 22 for

1899 2080 108 28 shipping,
2019 2086 55 17 even
2085 2085 22 19 at
2116 2080 55 24 rites
2186 2083 67 22 which
2269 2084 44 22 will
2324 2085 99 27 scarcely
2433 2092 45 21 pay

1899 2106 82 28 freight
1995 2108 45 21 and
2057 2105 95 31 charges,
2163 2109 37 22 the
2215 2111 90 21 number
2320 2111 26 21 of
2357 2111 60 28 ships
2432 2112 47 23 laid

1899 2141 29 19 up
1938 2134 22 21 in
1971 2134 118 28 Liverpool
2100 2135 60 23 alone
2177 2136 19 22 is
2210 2137 83 27 beyond
2308 2137 30 23 all
2352 2142 50 23 past
2411 2146 68 21 expe-

1899 2160 82 22 rience.
2011 2161 28 21 In
2049 2165 57 19 most
2115 2163 23 21 of
2148 2162 37 22 the
2201 2163 64 23 docks
2278 2164 62 22 there
2350 2172 38 14 are
2397 2172 81 15 unem-

1898 2186 81 28 ployed
1997 2189 83 21 vessels
2098 2188 44 23 and
2159 2190 78 22 vessels
2260 2198 28 14 on
2308 2191 53 26 sale,
2381 2191 40 23 but
2440 2192 38 22 the

1899 2214 129 22 Brunswick
2039 2215 63 27 dock,
2115 2215 56 28 large
2186 2224 24 14 as
2225 2217 16 21 it
2249 2217 26 26 is,
2286 2217 47 28 has,
2344 2218 21 21 if
2376 2221 40 19 not
2425 2222 54 18 two-

1899 2240 75 27 thirds,
1985 2242 108 27 certainly
2102 2249 58 15 more
2174 2243 53 22 than
2235 2243 50 22 half
2294 2244 29 22 its
2333 2252 65 20 space
2409 2252 66 16 occu-

1898 2266 52 28 pied
1966 2268 29 27 by
2013 2268 60 27 ships
2089 2268 24 22 of
2125 2268 56 27 large
2198 2273 99 25 tonnage,
2315 2271 54 21 with
2379 2271 96 28 brooms,

1899 2293 37 22 the
1946 2294 49 27 sign
2007 2295 26 21 of
2044 2295 67 28 being
2124 2302 27 16 on
2166 2296 51 27 sale,
2226 2299 21 19 at
2261 2297 58 22 their
2330 2298 146 23 mast-heads.

1898 2320 48 22 The
1955 2324 54 18 west
2018 2322 47 22 side
2075 2322 18 21 is
2102 2322 77 27 wholly
2190 2323 57 22 filled
2261 2324 53 22 with
2329 2325 53 21 tiers
2391 2325 27 21 of
2428 2333 50 16 ves-

1899 2346 42 23 sels
1958 2355 28 14 on
2004 2348 51 27 sale,
2072 2349 45 22 and
2135 2356 26 14 on
2181 2350 37 22 the
2233 2350 117 28 adjoining
2370 2359 58 20 quay
2448 2353 29 21 all

1899 2374 69 22 traffic
1978 2374 40 22 has
2028 2375 85 23 ceased.
2133 2376 39 23 We
2179 2376 54 23 have
2242 2377 73 23 heard,
2320 2379 18 21 it
2347 2379 130 23 mentioned

1899 2400 47 22 that
1953 2409 43 14 one
2008 2402 48 22 firm
2066 2403 63 21 alone
2138 2403 37 22 has
2183 2403 55 23 from
2248 2408 38 18 ten
2292 2407 22 19 to
2325 2405 78 22 twelve
2411 2405 64 23 thou-

1899 2428 54 21 sand
1964 2431 50 19 tons
2029 2429 25 21 of
2065 2429 98 28 shipping
2177 2430 49 23 thus
2240 2431 46 23 laid
2301 2439 36 19 up.
2338 2443 29 4 —
2367 2433 112 25 Liverpool

1898 2456 82 26 Albion,
1993 2457 58 25 Sept.
2063 2457 33 27 17,
2108 2458 60 20 1842.

1925 2487 51 22 The
2001 2488 78 23 Niger
2107 2489 145 24 Expedition.
2254 2503 28 3 —
2284 2491 66 22 H.M.
2377 2492 101 23 Steamer

1898 2515 56 26 Kite,
1966 2516 87 21 arrived
2068 2520 23 17 at
2106 2516 78 23 Lisbon
2201 2525 26 14 on
2246 2518 38 22 the
2300 2518 59 22 22nd
2378 2519 97 28 August,

1898 2541 57 22 from
1967 2542 37 21 the
2015 2546 58 18 coast
2084 2544 26 21 of
2120 2544 80 26 Africa,
2218 2545 78 27 having
2311 2553 28 14 on
2355 2546 70 22 board
2439 2546 39 23 the

1898 2569 127 27 remaining
2032 2577 91 19 persons
2139 2570 46 22 who
2200 2571 84 23 formed
2298 2572 38 22 the
2352 2572 72 28 Niger
2439 2581 39 14 ex-

1898 2595 109 28 pedition.
2035 2596 47 22 The
2093 2596 107 28 following
2209 2598 17 22 is
2235 2607 28 14 an
2273 2602 77 19 exract
2357 2599 26 22 of
2389 2607 13 14 a
2411 2599 67 23 letter

1897 2623 104 21 received
2019 2623 23 22 in
2058 2623 137 22 Portsmouth
2209 2626 52 21 from
2279 2625 38 22 the
2330 2627 58 26 Kite,
2409 2626 69 23 dated

1899 2650 89 26 Lisbon,
2009 2650 88 27 August
2115 2652 25 20 22
2265 2653 53 20 Kite
2341 2653 89 22 arrived
2454 2657 23 18 at

1898 2676 116 23 Fernando
2024 2677 32 22 Po
2068 2683 29 16 on
2106 2677 36 22 the
2153 2678 51 23 30th
2214 2678 62 28 June,
2287 2679 54 22 with
2358 2680 77 22 orders
2450 2683 24 20 to

1898 2704 68 21 desist
1974 2704 58 21 from
2040 2705 99 27 entering
2147 2705 35 22 the
2192 2706 73 27 Niger,
2274 2710 80 24 except
2364 2714 29 14 on
2399 2714 14 14 a
2420 2714 56 20 very

1898 2730 84 22 limited
1992 2731 66 27 scale,
2069 2739 23 14 so
2101 2732 65 21 much
2181 2739 24 15 so
2224 2739 20 16 as
2258 2736 24 19 to
2297 2737 41 24 put
2353 2741 30 14 an
2397 2733 47 23 end
2453 2736 23 19 to

1900 2757 38 22 the
1947 2758 127 26 expedition
2081 2766 5 19 ;
2095 2758 45 22 and
2150 2758 33 23 the
2195 2759 80 23 officers
2286 2760 44 22 and
2340 2767 52 15 men
2406 2768 38 14 are
2455 2765 22 17 to

1899 2784 27 21 be
1936 2788 50 18 sent
1995 2784 66 23 home
2075 2785 24 22 in
2116 2793 13 14 a
2142 2786 144 23 man-of-war.
2324 2788 32 21 As
2371 2787 38 22 the
2427 2788 52 21 Kite

1898 2810 45 23 had
1960 2819 61 14 some
2038 2811 89 29 defects,
2146 2812 36 23 she
2197 2821 41 14 was
2253 2814 104 27 selected,
2378 2814 46 22 and
2440 2814 37 23 the

1898 2838 85 22 officers
1996 2838 44 23 and
2056 2846 50 15 men
2124 2847 33 14 are
2174 2847 48 15 now
2238 2848 28 15 on
2282 2841 70 22 board
2369 2841 47 27 her,
2432 2842 46 22 and

1898 2871 51 21 may
1959 2865 27 22 be
2002 2866 108 27 expected
2123 2866 22 22 in
2159 2866 99 28 England
2276 2868 24 21 in
2319 2874 14 15 a
2351 2868 44 21 few
2414 2868 62 32 days.

1898 2891 46 22 The
1964 2892 85 22 officers
2068 2900 37 14 are
2125 2894 91 26 Captain
2232 2894 73 26 Allen,
2326 2895 152 22 Commander

1898 2918 36 21 W.
1945 2918 62 27 Ellis,
2018 2919 73 22 Lieut.
2101 2920 117 22 Frederick
2230 2920 90 28 Sidney,
2337 2921 88 22 Master
2441 2922 35 22 W.

1898 2945 95 27 Forster,
2006 2946 110 26 Surgeons
2126 2946 26 22 R.
2162 2947 30 22 H.
2203 2947 109 22 Thomson
2330 2948 46 21 and
2393 2948 84 23 Morris

1898 2971 104 27 Prichett,
2014 2972 79 22 Purser
2106 2973 35 22 W.
2156 2973 67 27 Bush,
2238 2974 66 22 Clerk
2304 2985 27 5 —
2332 2974 72 28 Jerry,
2424 2975 53 23 with

1896 3000 28 20 22
1943 3006 90 14 seamen
2055 2999 44 22 and
2124 3000 123 22 marines.--
2251 3002 84 26 Weekly
2357 3002 110 21 Freeman'
2467 3009 12 14 t

1896 3026 96 25 Journal,
2002 3027 59 24 Sept.
2074 3027 33 22 10.

1923 3052 107 23 Nitrate
2049 3061 27 14 of
2094 3054 65 23 Soda.
2159 3065 29 5 —
2189 3054 24 23 If
2224 3063 11 14 a
2249 3056 99 27 person's
2366 3054 70 24 name*
2447 3056 29 22 be

1897 3087 58 14 sown
1967 3087 29 14 on
2006 3080 99 23 meadow
2119 3089 57 19 grass
2186 3082 50 22 with
2250 3082 44 22 this
2311 3082 98 28 singular
2424 3083 52 22 sub-

1897 3110 82 22 stance,
1994 3106 19 23 it
2022 3108 43 21 will
2082 3108 22 21 in
2120 3116 13 14 a
2141 3109 40 22 few
2196 3109 50 27 days
2259 3117 59 19 grow
2327 3117 31 21 up
2368 3117 54 21 very
2432 3110 45 22 dis-

1896 3133 56 22 tinct
1961 3134 70 21 above
2042 3134 38 22 the
2088 3139 50 18 rest.
2166 3136 81 22 Nitrate
2254 3137 26 21 of
2287 3136 54 22 soda
2350 3137 19 21 is
2379 3144 61 15 sown
2449 3137 28 28 by

1896 3160 38 22 the
1944 3160 61 22 hand
2014 3165 23 18 at
2046 3162 37 21 the
2094 3165 47 19 rate
2150 3163 25 21 of
2185 3170 41 14 one
2234 3166 49 20 cwt.
2292 3171 41 20 per
2342 3171 58 15 acre.
2429 3164 47 22 No*

1897 3186 63 28 thing
1969 3188 19 21 is
1994 3195 60 15 more
2061 3189 83 22 certain
2150 3189 51 22 than
2212 3190 44 22 that
2262 3198 53 14 corn
2322 3190 19 22 is
2345 3190 132 29 immensely

1896 3214 117 23 increased
2027 3215 30 28 by
2065 3217 29 20 its
2103 3223 44 15 use.
2176 3217 35 21 On
2221 3218 85 21 natural
2320 3217 46 22 and
2375 3218 102 22 artificial

1895 3248 91 20 grasses,
1997 3242 38 21 the
2042 3249 63 21 crops
2112 3250 35 15 are
2153 3243 103 28 perfectly
2261 3247 133 19 monstrous.
2418 3244 58 23 How

1896 3267 62 22 these
1969 3268 94 23 decided
2073 3270 73 21 effects
2155 3277 36 15 are
2200 3271 115 27 produced,
2326 3271 19 22 is
2354 3278 43 14 one
2407 3272 25 20 of
2439 3271 37 23 the

1895 3294 149 28 inexplicable
2053 3296 121 28 /mysteries
2188 3298 23 20 of
2228 3298 126 27 chymistry.
2384 3298 93 22 Besides

1896 3321 67 27 being
1972 3322 95 28 cheaper
2080 3323 53 22 than
2142 3330 41 21 any
2193 3324 60 22 other
2263 3332 100 19 manure,
2381 3324 37 22 the
2429 3329 48 18 cost

1897 3348 25 21 of
1935 3355 88 20 carrage
2040 3350 20 21 is
2073 3350 46 22 also
2127 3351 48 26 less,
2192 3358 25 14 as
2225 3358 11 14 a
2249 3350 53 24 load
2312 3352 24 22 of
2348 3352 63 22 three
2427 3355 49 19 tons

1897 3375 43 22 will
1950 3375 61 22 dress
2020 3376 59 28 sixty
2087 3383 66 16 acres.

1923 3402 50 22 The
1988 3403 63 22 Coal
2071 3404 75 22 Mines
2166 3412 26 14 of
2212 3405 154 23 Lancashire.
2366 3416 29 5 —
2396 3405 22 22 It
2435 3405 40 22 has

1896 3429 56 22 been
1965 3429 122 23 calculated
2099 3430 47 22 that
2159 3431 38 21 the
2211 3432 104 22 available
2327 3432 116 22 coal-beds
2451 3432 24 22 in

1896 3456 135 23 Lancashire
2046 3461 91 18 amount
2148 3458 23 22 in
2181 3458 78 27 weight
2273 3463 23 17 to
2305 3459 38 22 the
2357 3466 117 15 enormous

1896 3490 48 15 sum
1955 3484 27 21 of
1988 3485 158 27 8,400,000,000
2155 3488 56 19 tons.
2236 3485 48 23 The
2294 3486 54 22 total
2356 3492 119 21 consump-

1896 3510 45 22 tion
1952 3510 26 21 of
1985 3511 44 21 this
2039 3511 55 27 coal,
2104 3512 18 21 it
2131 3512 38 22 has
2177 3512 53 22 been
2237 3513 123 25 estimated,
2371 3515 103 19 amounts

1894 3541 25 19 ?o
1927 3538 112 26 3,400,120
2047 3540 63 25 tons;
2128 3538 68 22 hence
2210 3539 16 21 it
2238 3539 18 21 is
2265 3539 98 22 inferred
2371 3539 49 22 that
2436 3538 38 22 the

1896 3564 123 22 coal-fields
2028 3564 26 22 of
2065 3564 138 28 Lancashire,
2214 3568 20 18 at
2249 3565 38 22 the
2296 3569 89 24 present
2394 3568 47 18 rate
2451 3565 26 21 of

1896 3592 158 26 consumption,
2065 3592 45 22 will
2119 3592 40 22 last
2167 3593 61 25 2,470
2235 3599 70 19 years.

93 727 44 20 We
156 727 106 20 continue
282 730 23 18 to
325 727 87 24 receive
431 727 80 29 highly
531 727 114 22 favorable

62 761 105 19 accounts
185 758 59 22 from
268 757 45 23 this
334 758 136 24 settlement.
515 758 130 25 Numerous

62 790 89 23 settlers
162 789 88 24 arrived
262 791 58 22 from
330 791 108 30 England
447 792 24 22 in
480 791 38 23 the
529 791 116 24 Blenheim

62 822 43 24 and
111 836 4 10 <
127 822 83 29 Essex,
229 822 56 24 with
304 824 153 23 considerable
480 824 90 31 capital,
589 825 56 24 have

62 856 66 30 given
139 863 14 15 a
163 855 63 23 fresh
236 856 100 30 impetus
356 861 23 18 to
399 857 37 22 the
450 857 92 31 already
553 858 92 24 decided

62 888 110 31 tendency
182 888 26 23 of
223 888 39 24 the
280 890 138 30 proprietors
436 890 26 23 of
476 890 53 24 land
548 895 24 19 to
584 893 61 29 agri-

62 921 95 24 cultural
168 922 110 30 pursuits.
315 922 50 23 The
377 923 96 24 absence
482 924 26 23 of
516 932 14 15 a
539 924 105 30 harbour,

62 963 24 15 so
98 954 34 24 far
142 954 59 24 from
212 955 70 30 being
293 963 30 16 an
334 956 78 31 injury
423 961 22 19 to
457 957 38 23 the
507 958 138 29 settlement,

62 987 40 25 has
120 987 58 24 been
194 989 122 30 positively
327 989 175 31 advantageous,
514 991 31 31 by
558 991 87 31 forcing

62 1021 37 23 the
111 1021 89 23 settlers
211 1026 24 19 to
247 1022 38 23 the
304 1022 131 24 cultivation
456 1024 25 22 of
496 1023 59 24 their
573 1025 72 23 fertile

62 1053 59 28 land,
141 1054 88 23 instead
248 1055 27 23 of
298 1055 142 31 speculating
459 1057 24 22 in
499 1062 59 18 town
579 1058 66 23 allot-

62 1091 72 19 ments
146 1086 44 23 and
201 1087 206 31 water-frontages,
420 1097 25 14 or
457 1089 38 23 the
505 1090 140 24 fashionable

62 1119 93 23 colonial
176 1119 60 23 habit
254 1119 26 23 of
294 1120 181 32 store-keeping.
511 1122 51 24 The
579 1125 66 22 roads

62 1152 63 23 made
137 1152 29 31 by
179 1152 36 23 the
227 1152 58 23 New
297 1152 101 24 Zealand
410 1154 125 31 Company,
546 1157 99 29 particu-

62 1186 58 27 larly
136 1186 49 23 that
201 1187 101 29 Tunning
323 1186 38 23 the
380 1186 71 24 whole
469 1187 79 31 length
567 1189 25 23 of
607 1190 38 23 the

62 1219 127 23 settlement
207 1223 22 20 to
247 1219 39 23 the
299 1219 108 29 Waitera,
419 1220 120 24 facilitates
557 1221 38 24 the
607 1231 38 15 oc-

62 1252 104 31 cupation
186 1252 26 23 of
235 1251 39 25 the
290 1252 56 23 land
365 1253 45 23 and
426 1253 38 23 the
486 1258 114 27 transport
623 1256 22 23 of

62 1285 96 31 produce
170 1290 21 18 to
203 1285 38 24 the
254 1290 59 19 town
325 1286 44 23 and
381 1286 133 31 anchorage.

94 1318 50 24 The
164 1323 107 19 entrance
288 1323 24 19 to
335 1319 39 23 the
398 1319 100 24 Waitera
521 1321 58 23 river
603 1322 42 23 has

62 1351 56 24 been
135 1351 109 31 carefully
262 1352 97 31 buoyed,
373 1353 45 23 and
435 1353 97 24 beacons
546 1355 97 24 erected.

62 1384 42 23 We
115 1385 50 30 give
178 1384 36 24 the
226 1385 85 31 sailing
323 1385 120 24 directions
450 1387 35 23 for
492 1387 18 23 it
519 1388 23 22 in
550 1388 95 24 another

62 1417 97 24 column.
194 1417 87 24 Whilst
299 1419 63 30 large
383 1419 86 24 vessels
489 1427 41 16 can
549 1421 54 24 hold
622 1427 23 18 to

63 1450 39 24 the
120 1451 113 30 moorings
248 1452 28 22 in
294 1451 47 25 bad>
357 1452 104 29 weather,
476 1453 92 25 smaller
588 1455 57 23 craft

62 1492 53 22 may
125 1484 47 23 find
184 1492 13 15 a
208 1485 48 22 safe
268 1484 99 23 harbour
379 1485 23 22 in
415 1485 37 24 the
463 1486 109 25 Waitera.

95 1516 51 24 The
156 1517 76 23 Essex
244 1518 112 30 emigrant
375 1518 58 31 ship,
452 1520 45 22 and
516 1525 42 18 two
579 1521 66 23 small

64 1550 126 29 schooners,
203 1558 58 15 were
274 1551 72 31 safely
356 1551 135 31 discharged
510 1553 25 23 of
549 1561 96 23 passen-

62 1591 52 23 gers
126 1583 43 24 and
180 1591 74 24 cargo,
268 1584 22 23 in
303 1589 44 18 two
358 1584 57 31 days
426 1586 43 23 and
480 1593 14 16 a
505 1586 55 24 half.

97 1616 49 24 The
157 1617 57 23 road
222 1621 24 19 to
265 1617 138 31 Wanganui,
417 1619 34 22 for
469 1619 119 24 horsemen
602 1621 43 24 and

62 1650 75 30 cattle,
149 1650 45 23 will
210 1650 30 23 be
259 1651 126 30 completed
403 1651 82 32 during
501 1652 44 24 this
558 1654 86 24 month.

64 1683 57 24 Fine
133 1683 49 23 coal
193 1683 43 23 and
247 1683 120 24 limestone
379 1685 57 23 have
448 1685 56 24 been
516 1686 129 25 discovered

64 1721 23 18 at
105 1716 97 29 Mokau,
219 1716 61 32 forty
299 1717 64 25 miles
383 1718 66 23 north
466 1719 25 23 of
514 1720 45 22 the-
572 1721 73 31 Sugar

63 1749 62 24 Loaf
139 1749 101 25 Islands.
276 1749 51 25 The
345 1751 59 24 river
417 1751 44 23 will
473 1752 70 25 admit
562 1754 83 23 vessels

64 1782 26 23 of
103 1790 42 16 one
156 1782 103 25 hundred
271 1784 44 23 and
326 1784 48 31 fifty
388 1789 50 19 tons
450 1785 105 25 burthen.

99 1815 22 24 It
132 1817 20 22 is
163 1816 77 24 rather
257 1824 15 16 a
289 1817 92 24 curious
398 1819 118 22 statistical
532 1819 46 24 fact
590 1821 55 28 that,

66 1849 24 23 of
106 1849 69 31 thirty
184 1850 74 23 births
271 1850 73 24 which
355 1850 58 25 have
431 1852 106 23 occurred
555 1857 23 19 at
590 1854 55 23 New

67 1881 121 32 Plymouth
199 1883 78 23 within
290 1883 63 24 these
364 1884 43 24 few
426 1885 99 29 months,
537 1894 29 15 no
577 1887 68 23 fewer

66 1914 55 25 than
137 1916 158 31 twenty-eight
316 1925 57 16 were
392 1918 101 24 females.
530 1919 61 31 Only
604 1928 41 15 one

66 1948 65 24 death
142 1948 40 24 has
194 1950 108 23 occurred
321 1951 25 22 in
364 1951 38 23 the
420 1951 128 24 settlement
564 1953 81 31 during

65 1982 43 23 five
120 1982 96 24 months.
255 1982 51 25 The
318 1983 66 24 white
395 1984 131 31 population
537 1986 108 24 numbers

64 2015 77 27 nearly
153 2023 41 15 one
206 2015 113 25 thousand
330 2017 70 24 souls.

346 2054 21 11 ♦

64 2072 29 21 To
102 2073 35 19 the
144 2072 78 21 Editor
229 2073 30 25 cf
268 2073 36 21 the
332 2071 52 23 tfew
397 2076 93 19 Zealand
499 2076 94 25 Gazette,
604 2078 43 19 and

221 2101 127 26 Wellington

92 2134 47 26 Sir,
141 2144 28 5 —
170 2134 11 21 I
191 2134 57 22 have
257 2134 42 22 felt
308 2142 60 14 some
379 2135 101 28 surprise,
499 2137 43 22 and
556 2137 91 24 derived

64 2167 63 15 more
142 2163 143 24 amusement,
306 2162 57 21 from
377 2162 92 27 reading
476 2170 13 14 a
497 2163 65 23 letter
570 2165 23 21 in
603 2165 44 23 this

65 2186 62 28 day's
151 2188 95 26 Colonist,
272 2188 79 27 s'gned
598 2193 49 21 The

64 2214 73 22 writer
146 2215 62 21 takes
217 2222 30 20 up
255 2214 37 22 the
302 2215 91 27 cudgels
403 2215 34 22 for
447 2215 37 22 the
498 2219 148 24 preservation

64 2241 26 21 of
101 2241 74 21 native
189 2248 83 20 names,
289 2241 93 23 without
395 2242 69 27 being
483 2243 49 22 able
551 2252 56 15 even
622 2249 23 19 to

64 2267 56 27 spell
129 2267 59 22 them
198 2268 107 26 correctly
311 2276 5 14 :
339 2276 24 14 so
379 2268 49 22 that
442 2269 29 23 he
486 2277 41 15 can
538 2272 108 28 certainly

64 2297 39 18 not
112 2294 131 22 understand
254 2294 59 22 what
322 2295 53 28 they
391 2303 73 20 mean,
480 2304 24 14 or
518 2299 127 26 appreciate

62 2320 39 22 the
120 2322 141 21 associations
280 2322 125 22 connected
422 2323 53 23 with
490 2323 61 23 them
572 2325 73 23 which

64 2354 37 15 are
120 2348 36 22 the
175 2348 59 22 main
254 2355 92 15 reasons
361 2349 35 22 for
409 2349 58 23 their
480 2352 163 28 preservation;

63 2374 65 22 while
137 2382 33 15 we
179 2382 41 17 can
229 2375 80 28 hardly
319 2379 88 24 suspect
416 2376 46 23 him
473 2378 25 21 of
504 2377 140 30 discovering

63 2401 48 23 that
297 2409 26 15 or
486 2404 72 23 which
574 2405 29 23 he
619 2414 24 14 so

64 2428 76 29 highly
148 2429 69 27 lauds,
228 2428 24 22 in
262 2436 78 15 names
354 2430 27 21 of
391 2429 73 23 which
477 2431 38 23 the
531 2432 113 29 orthogra-

64 2455 45 28 phy
118 2456 17 22 is
144 2456 105 22 invented
258 2456 29 27 by
297 2456 96 22 himself.

92 2483 42 21 Far
142 2483 28 21 be
181 2483 15 21 it
205 2483 57 21 from
272 2490 36 14 me
319 2487 22 17 to
352 2483 81 23 defend
445 2484 37 23 the
497 2485 106 29 principle
621 2487 26 22 of

66 2509 118 28 bestowing
192 2516 76 15 names
277 2516 29 15 on
321 2509 81 23 Rivers
412 2518 24 15 or
449 2512 81 22 Towns
546 2520 24 14 as
583 2521 59 15 mere

66 2536 132 27 unmeaning
216 2536 155 28 compliments
392 2540 23 20 to
435 2538 148 29 individuals;
603 2541 40 22 but

65 2562 61 22 there
135 2570 36 15 are
181 2570 59 15 cases
249 2563 24 23 in
286 2563 73 23 which
372 2564 56 22 such
442 2568 167 22 nomenclature
623 2568 19 22 is

63 2596 14 14 a
87 2593 55 18 most
158 2590 134 28 appropriate
309 2590 66 22 mark
393 2591 26 22 of
433 2593 75 26 public
523 2594 117 27 gratitude.

63 2616 96 28 Perhaps
165 2624 29 14 no
205 2620 42 18 two
256 2617 128 28 gentlemen
394 2618 56 22 have
466 2619 66 23 taken
553 2628 14 14 a
581 2628 60 15 more

62 2643 69 22 active
141 2647 48 24 part
196 2643 24 22 in
230 2643 39 23 the
279 2644 75 28 public
363 2646 112 22 exertions
484 2654 119 19 necessary
619 2652 23 18 to

61 2670 105 27 originate
184 2671 45 21 and
248 2671 68 22 foster
335 2671 44 22 this
397 2673 84 28 Colony
499 2673 24 23 in
537 2674 104 27 England

61 2696 53 23 than
122 2697 44 23 Mr.
177 2697 99 23 William
287 2698 59 22 Hutt
355 2698 43 22 and
409 2699 60 23 Lord
482 2700 65 23 Petre
553 2709 6 19 ;
561 2713 27 4 —
589 2703 18 20 it
622 2702 19 22 is

61 2723 54 23 hard
124 2727 21 19 to
153 2724 84 27 grudge
248 2725 62 22 them
320 2732 24 15 so
354 2725 68 28 slight
429 2733 14 15 a
452 2727 64 22 mark
527 2728 27 22 of
564 2728 75 23 honor.

86 2751 34 22 To
128 2751 37 22 the
175 2751 93 25 original
281 2758 77 16 names
369 2752 62 23 there
446 2761 38 14 are
502 2756 86 21 several
603 2756 39 21 ob-

57 2777 101 28 jections.
199 2778 49 22 The
265 2779 75 21 native
358 2786 67 15 name
443 2780 27 22 of
488 2780 39 22 the
546 2781 59 23 Hutt
621 2783 21 21 is

61 2805 81 23 seldom
151 2805 57 28 spelt
217 2812 27 15 or
252 2805 143 27 pronounced
410 2807 108 27 correctly
532 2807 30 28 by
575 2809 66 22 white

61 2831 87 29 people;
168 2831 46 23 and
438 2832 94 24 himself
541 2835 67 27 spells
624 2836 18 21 it

61 2863 55 18 most
125 2858 140 28 incorrectly.
293 2858 49 22 The
353 2859 81 22 Native
439 2866 65 16 name
513 2861 26 22 of
572 2863 70 21 Wan-

162 2885 19 23 is
195 2885 83 28 always
291 2886 146 27 pronounced
454 2889 141 28 erroneously
610 2889 31 28 by

61 2912 35 22 the
105 2920 53 20 very
167 2912 79 28 people
256 2912 49 22 who
314 2912 44 22 live
369 2920 29 14 on
407 2913 29 22 its
452 2913 71 23 banks
530 2923 5 19 ;
553 2915 48 31 and^
611 2916 29 22 its

61 2939 77 23 misuse
156 2939 40 22 has
214 2939 94 22 become
326 2947 15 14 a
362 2939 115 33 bye-word
497 2948 82 22 among
602 2943 37 22 the

168 2966 26 21 of
212 2967 114 20 Waikanae
341 2968 45 21 and
403 2968 68 27 OtaJci,
487 2968 50 22 who
555 2969 84 24 seldom

59 2992 37 22 fail
108 2996 22 19 to
139 2991 40 23 ask
188 3000 13 15 a
210 2993 105 23 traveller
325 2993 73 23 where
407 2994 28 22 he
452 2995 19 22 is
486 2995 69 28 going
570 3000 28 24 to,
617 2998 22 21 in

60 3019 64 23 order
132 3023 22 18 to
160 3023 37 24 get
206 3028 14 14 a
228 3020 69 28 laugh
306 3024 25 18 at
339 3020 35 22 his
384 3028 92 21 answer,
488 3022 73 23 which
575 3023 30 23 he
621 3025 19 22 is

61 3053 48 16 sure
132 3050 22 18 to
177 3054 129 19 pronounce
325 3054 25 15 as
367 3047 85 28 though
469 3049 20 22 it
506 3057 58 15 were
583 3051 57 27 spelt

62 3074 129 26 Wainganui.
219 3074 127 24 Moreover,
353 3074 43 22 this
404 3082 66 16 name
480 3077 84 27 applies
574 3081 22 18 to
602 3078 36 23 the

59 3100 66 23 River
132 3101 72 26 alone,
214 3101 48 21 and
276 3100 96 28 signifies
408 3101 61 28 large
478 3104 99 28 opening
614 3113 25 14 or

59 3127 86 28 '"bay,"
154 3128 25 22 in
188 3126 74 23 which
271 3135 64 15 sense
353 3127 38 22 the
400 3136 66 14 name
475 3129 40 22 has
524 3131 47 22 also
580 3132 58 22 been

58 3154 109 23 bestowed
184 3154 30 27 by
233 3153 38 23 the
287 3154 94 22 Natives
396 3162 29 14 on
443 3155 39 23 the
500 3157 97 23 harbour
614 3158 23 23 in

61 3181 81 26 Cloudy
151 3181 55 27 Bay,
224 3188 29 14 on
271 3181 92 21 another
381 3183 22 19 to
421 3181 38 23 the
475 3183 125 24 southward
617 3186 25 21 of

60 3208 55 28 Cape
125 3207 111 25 Farewell,
248 3207 47 23 and
304 3210 23 19 to
337 3207 45 22 this
394 3207 98 24 harbour
504 3210 66 28 itself,
586 3212 52 22 with

59 3234 35 23 the
103 3235 99 23 addition
212 3235 28 21 of
248 3234 39 22 the
298 3234 72 22 words
379 3237 87 21 a-te-ra.

83 3262 47 22 The
139 3263 69 21 Town
217 3261 28 23 of
251 3261 65 22 Petre
326 3269 77 15 covers
412 3270 14 14 a
438 3270 65 21 space
513 3263 27 22 of
550 3265 88 26 ground

60 3287 68 24 which
141 3288 101 23 includes
255 3296 70 21 many
339 3293 67 24 spots,
424 3289 92 28 bearing
529 3298 25 14 as
572 3299 66 21 many

60 3314 96 24 different
166 3316 82 22 Native
257 3323 77 15 names
342 3323 7 20 ;
363 3316 19 22 it
391 3317 73 22 would
478 3318 26 21 be
514 3317 94 23 difficult
617 3323 21 18 to

59 3341 29 22 fix
95 3349 59 21 upon
163 3350 45 20 any
217 3350 45 15 one
271 3343 27 21 of
311 3342 63 23 these
388 3343 66 23 latter
469 3352 77 14 names
560 3352 78 20 appro-

59 3368 65 27 priate
137 3372 23 20 to
175 3369 37 23 the
226 3369 99 29 locality,
341 3370 66 22 while
417 3371 48 22 that
478 3372 27 21 of
522 3372 116 26 Wanganui

61 3396 67 22 would
135 3397 49 26 give
194 3397 42 22 rise
247 3399 23 19 to
280 3397 69 22 much
357 3398 121 28 confusion,
486 3405 24 15 as
518 3399 120 29 belonging

60 3423 20 30 tp
88 3429 24 15 so
121 3430 67 22 many
196 3423 104 23 different
307 3424 83 27 places,
399 3425 86 22 besides
494 3426 96 28 robbing
600 3426 37 23 the

59 3447 55 24 river
130 3450 25 22 of
168 3451 61 22 what
274 3458 14 15 a
306 3451 101 23 Colonist
449 3452 54 23 calls
521 3453 28 22 its
592 3454 45 22 fine

61 3476 100 29 sounding
195 3484 75 16 name.

86 3501 10 23 I
105 3505 54 21 need
168 3503 79 29 hardly
257 3504 51 28 add,
320 3505 48 22 that
378 3513 55 15 even
513 3507 123 23 Doctor's"

62 3534 59 18 name
132 3531 71 22 would
216 3532 29 22 be
262 3532 124 25 preferable
402 3536 24 19 to
442 3534 55 22 such
509 3541 15 15 a
538 3534 100 28 cockney

62 3555 99 24 variation
194 3559 27 22 of
250 3559 37 21 the
320 3559 71 27 really
424 3560 110 23 beautiful
570 3569 66 16 name

223 3592 24 15 as
261 3586 94 21 Waivetu
362 3586 83 21 .'//"—
445 3588 45 22 and
504 3588 49 23 that
568 3589 12 22 I
595 3597 41 14 can

62 3612 31 31 1^.
90 3616 12 14 a
102 3616 20 25 ?
124 3618 25 15 ne
160 3619 29 14 no
198 3619 63 16 more
271 3613 116 27 egregious
396 3616 95 26 attempt
499 3618 23 19 to
531 3617 66 21 make
607 3623 28 15 an

64 3635 84 30 offering
156 3642 23 19 at
187 3639 37 23 the
362 3640 27 23 of
525 3642 54 23 than
588 3643 49 22 that

64 3663 23 18 °f
97 3663 112 31 becoming
225 3666 39 22 the
279 3667 120 28 champion
414 3668 26 22 of
451 3668 82 23 Native
549 3677 86 19 names,

63 3690 57 21 wade
136 3691 29 28 by
182 3700 14 15 a
213 3700 82 20 person
314 3694 49 23 who
377 3698 83 19 cannot
478 3696 106 23 translate
598 3696 38 23 the

64 3717 68 25 simple
139 3719 101 27 negative
248 3720 49 23 into
311 3721 39 22 the
359 3722 70 22 maori
445 3722 191 28 language,-with-

64 3743 33 19 out
105 3744 131 30 substituting
245 3748 90 21 kahouri
344 3749 35 22 for
387 3749 84 21 Aahore.

161 3772 12 22 I
182 3780 43 21 am,
236 3775 42 27 Sir,

254 3804 64 21 Your
326 3802 106 24 obedient
440 3803 100 29 Servant,

202 3827 22 23 A
238 3828 101 22 Holder
354 3837 28 13 of
395 3830 67 20 Land
477 3839 29 11 at
521 3832 85 18 Petse.

114 3879 186 34 ENGLISH
329 3889 245 28 EXTRACTS.

86 3926 43 25 The
147 3932 114 25 Hindcttan
276 3938 107 28 Steamer,,
393 3945 51 16 now
452 3938 24 23 in
492 3940 70 22 Table
577 3940 55 27 Bay,

673 123 57 22 built
739 128 24 17 at
774 124 125 27 Liverpool,
911 125 19 22 is
936 126 55 21 2017
1000 130 60 23 tons,'
1067 127 44 22 and
1120 127 43 24 has.
1169 128 91 27 engines

673 150 27 21 of
706 151 41 21 520
756 150 160 28 horse-power,'
923 152 36 21 viz
965 159 6 14 :
974 163 28 6 —
1002 154 116 26 cylinders,
1132 154 29 22 72
1170 154 76 23 inches
1252 164 5 18 ;

673 176 82 27 stroke,
774 177 80 26 lfeet;
871 177 77 24 wheel,
963 180 28 21 32
1006 180 51 21 feet.
1087 181 43 21 She
1144 180 20 22 is
1181 189 78 19 square

673 203 78 26 rigged
761 203 103 27 forward,
875 204 102 27 carrying
986 204 30 23 all
1028 206 33 22 the
1070 206 68 27 yards
1148 207 27 21 of
1181 215 13 14 a
1204 208 55 22 line-

673 229 103 22 of-battle
786 229 54 29 ship-
845 237 28 14 on
885 229 37 23 the
932 230 115 29 foremast;
1062 232 39 23 she
1111 233 19 22 is
1140 232 119 25 schooner-

673 255 78 28 rigged
765 256 68 22 abaft.
863 256 50 22 Her
926 257 77 28 length
1012 258 26 22 of
1049 259 48 22 keel
1111 259 19 22 is
1144 260 42 22 220

673 281 76 28 length
767 282 58 22 from
842 283 74 22 tafrail
933 286 24 19 to
975 284 144 29 figure-head,
1138 287 43 22 250
1197 287 60 29 feet;

673 307 94 23 breadth
777 309 26 21 of
813 309 73 26 beam,
902 311 28 20 39
943 310 52 30 feet,
1013 312 105 23 inclusive
1129 314 26 21 of
1166 313 93 28 paddle-

673 335 69 21 boxes
748 342 6 20 ;
765 335 75 27 depth,
850 337 40 25 20}
899 337 53 22 feet.
981 337 49 22 Her
1036 338 89 27 engines
1130 346 39 15 are
1179 340 80 23 collec-

673 361 69 27 tirely
753 362 26 21 of
789 363 42 21 550
846 362 157 28 horse-power.
1032 364 42 22 She
1091 366 19 21 is
1125 365 91 24 divided
1230 368 29 28 by

672 387 50 22 iron
738 388 125 22 bulkheads
878 390 45 21 into
941 390 42 21 five
999 391 133 27 water-tight
1150 398 109 23 compart-

674 417 79 22 ments,
764 422 14 14 a
786 422 51 14 sure
845 416 122 27 protection
975 415 56 24 from
1037 417 130 29 foundering
1176 419 24 23 in
1208 427 51 16 case

674 441 26 21 of
712 441 99 27 leakage,
822 441 103 23 however
939 444 120 21 extensive.
1088 444 29 23 In
1125 445 101 24 addition
1235 450 24 19 to

673 467 50 21 four
737 467 61 28 large
807 469 163 26 quarter-boats
986 469 46 22 and
1045 477 13 14 a
1074 472 131 28 stern-boat,
1220 472 39 25 the

673 494 120 21 Hindostan
801 495 18 22 is
829 495 63 22 fitted
903 495 53 22 with
965 496 73 28 safety
1043 497 80 27 paddle
1133 498 44 22 box
1186 499 71 28 boats,

673 520 24 22 in
712 521 78 27 which,
795 544 2 8 (
810 521 57 22 such
880 521 19 22 is
915 521 61 23 their'
985 523 52 26 size,
1053 523 46 24 the.
1105 524 70 23 entire
1190 526 68 28 ship's

673 554 111 21 company
793 548 46 22 and
852 554 130 22 passengers
998 549 64 23 could
1075 551 35 27 be,
1126 551 24 22 in
1170 559 51 16 case
1235 553 26 22 of

672 573 64 27 need,
757 575 116 26 conveyed
890 574 25 22 in
931 575 86 27 perfect
1034 578 103 26 security.
1175 578 44 23 She
1237 580 20 22 is

673 600 76 22 bound
760 604 22 18 to
792 601 74 21 India.

706 628 77 24 There
789 629 20 23 is
821 634 66 26 great
897 630 140 25 satisfaction
1047 632 23 23 in
1078 631 109 34 knowing
1198 635 59 23 what

673 662 64 23 other
747 662 81 31 people
836 662 67 24 think
910 663 26 23 of
944 664 63 23 one's
1014 664 90 31 friends,
1111 667 146 31 particularly

673 695 20 23 if
702 694 58 24 their
770 696 106 30 opinions
887 697 101 22 coincide
1000 697 52 24 with
1064 705 41 16 our
1117 707 58 16 own.
1201 700 56 25 Few

672 727 81 32 people
765 735 38 17 are
816 728 80 24 honest
908 729 92 32 enough
1007 734 23 20 to
1041 731 55 24 seek
1107 731 38 25 the
1153 733 104 32 opinions

673 761 26 23 of
705 760 76 24 others
792 762 25 23 in
829 762 65 23 order
913 767 23 18 to
956 768 86 19 correct
1058 772 44 24 any
1113 765 71 24 doubt
1203 767 54 31 they

672 801 54 24 may
737 795 112 23 entertain
861 796 24 22 of
900 795 39 24 the
951 796 124 24 soundness
1093 798 25 23 of
1128 799 58 24 their
1198 808 58 21 own,

673 827 42 23 but
723 827 49 23 that
783 827 53 31 they
849 836 50 23 may
912 828 53 24 take
974 829 50 31 just
1036 838 23 15 so
1071 832 68 23 much
1157 833 25 23 of
1195 833 62 24 them

673 868 25 15 as
711 860 66 29 shall,
790 869 25 15 as
829 860 53 32 they
894 861 75 30 think,
983 864 91 22 confirm
1087 864 61 24 them
1160 866 24 23 in
1198 866 59 23 their

673 901 57 20 own,
744 893 72 25 which
835 895 116 30 generally
962 904 69 22 prove
1043 904 121 17 erroneous
1182 901 74 27 when,

673 934 26 15 as
718 926 52 29 they
787 935 38 15 are
838 935 53 23 very
903 936 71 23 prone
993 933 22 19 to
1034 930 34 29 do,
1082 930 54 31 they
1153 932 66 23 think
1232 941 25 15 as

674 959 53 32 they
738 959 57 25 wish
813 961 77 23 rather
901 961 55 24 than
973 970 25 15 as
1014 963 53 31 they
1078 964 71 31 really
1160 965 95 25 believe.

674 993 63 23 Such
745 998 62 19 must
817 994 59 23 have
885 994 57 24 been
955 995 38 24 the
1005 996 78 31 failing
1098 997 27 23 of
1140 998 38 24 the
1190 999 67 23 noble

673 1025 64 25 Lord
749 1027 75 23 whose
837 1027 97 24 conduct
944 1028 71 24 forms
1028 1029 35 24 the
1078 1030 89 32 subject
1179 1032 25 22 of
1219 1032 37 23 the

673 1059 115 31 following
802 1066 154 25 commentary
956 1074 34 4 —

701 1097 94 23 Canada
796 1110 28 4 —
824 1099 65 22 Lord
904 1100 106 23 Stanley
1026 1109 44 14 and
1089 1102 40 21 Sir
1150 1103 106 22 Charles

674 1124 86 22 Bagot.
761 1136 28 4 —
791 1126 77 25 (From
875 1133 12 14 a
893 1127 187 27 correspondent.)
1083 1140 27 4 —
1111 1129 100 29 Already
1216 1130 41 22 has

674 1150 62 22 Lord
755 1152 111 27 Stanley's
885 1152 73 28 happy
977 1154 143 28 conciliatory
1137 1156 62 27 spirit
1217 1164 40 15 ex-

673 1176 85 23 hibited
772 1179 30 20 its
816 1179 92 21 baneful
923 1179 110 23 influence
1051 1181 22 22 in
1094 1182 101 28 Canada;
1212 1184 45 21 and

673 1203 75 22 unless
763 1205 33 21 his
810 1205 100 28 lordship
919 1206 18 21 is
953 1207 110 27 removed,
1075 1216 25 14 or
1117 1210 34 21 Sir
1165 1210 92 22 Charles

672 1230 105 27 recalled,
788 1231 63 22 there
860 1232 19 21 is
893 1239 68 20 every
977 1238 100 23 prospect
1092 1235 26 22 of
1132 1243 14 14 a
1160 1237 96 22 renewal

673 1257 26 21 of
712 1258 116 21 confusion
837 1258 24 22 in
877 1258 44 22 this
930 1264 60 17 most
998 1260 126 23 invaluable
1132 1264 124 26 possession

673 1283 26 21 of
706 1283 71 23 Great
786 1285 93 27 Britain,
890 1285 46 22 and
945 1290 22 17 at
976 1290 88 24 present
1075 1288 43 22 this
1130 1293 58 18 most
1196 1298 60 20 pros-

674 1317 77 19 perous
760 1311 89 27 colony.
878 1312 21 21 It
910 1319 90 21 appears
1010 1313 47 22 that
1066 1315 61 22 Lord
1137 1316 92 23 Stanley
1238 1318 18 21 is

673 1336 123 27 displeased
807 1339 52 21 with
870 1338 33 22 Sir
919 1339 84 22 Robert
1018 1340 51 23 Peel
1082 1342 47 21 and
1139 1342 37 22 the
1189 1344 67 22 Duke

673 1363 26 21 of
707 1363 133 28 Wellington
850 1365 34 22 for
893 1365 84 29 having
986 1367 73 22 fovced
1068 1368 37 22 the
1116 1370 140 23 nomination

673 1390 27 21 of
711 1391 35 21 Sir
760 1390 92 23 Charles
866 1400 59 20 upon
942 1393 34 21 his
986 1393 103 29 lordship,
1099 1396 50 22 who
1164 1397 93 22 resisted

673 1416 35 22 for
716 1424 61 16 some
787 1418 54 22 time
847 1426 7 19 ;
869 1419 40 22 but
921 1422 23 19 at
953 1420 42 22 last
1005 1421 37 22 the
1051 1422 153 31 appointment
1212 1431 45 15 was

673 1443 66 22 made
759 1452 13 14 a
791 1445 91 22 cabinet
901 1447 108 27 question,
1030 1451 43 19 and
1092 1449 60 23 Lord
1172 1451 23 23 S,
1214 1458 43 15 was

673 1470 89 28 obliged
772 1474 23 19 to
811 1473 135 27 reluctantly
955 1474 66 28 yield,
1033 1483 23 14 or
1065 1478 22 19 to
1097 1477 72 22 retire.
1197 1478 60 23 Ever

673 1504 61 15 since
743 1499 36 21 Sir
788 1499 90 22 Charles
888 1500 72 27 Bagot
976 1500 39 23 has
1025 1502 84 22 arrived
1117 1503 25 22 in
1157 1506 98 26 Canada,

673 1523 35 23 his
724 1525 76 22 liberal
819 1527 157 22 statemanlike
995 1535 110 16 measures
1124 1530 57 23 have
1199 1532 58 22 been

673 1550 108 23 thwarted
791 1553 23 21 in
824 1553 39 22 the
873 1556 57 19 most
941 1556 112 21 vexatious
1063 1563 101 16 manner.
1193 1559 63 22 Even

673 1577 35 23 his
724 1579 119 28 travelling
859 1580 132 23 allowances
1007 1584 83 26 pruned
1106 1584 24 21 in
1144 1584 39 23 the
1199 1589 58 19 most

673 1605 162 26 parsimonious
851 1607 64 27 style,
925 1608 79 25 which,
1015 1609 21 22 if
1045 1610 98 22 adhered
1158 1615 29 23 to,
1198 1617 59 17 must

672 1634 42 24 put
723 1632 35 22 Sir
767 1633 91 23 Charles
875 1638 22 17 to
915 1634 36 22 the
965 1640 96 22 greatest
1073 1637 182 30 inconvenience,

673 1664 25 16 as
707 1658 37 22 the
753 1660 66 22 roads
828 1668 39 15 are
877 1660 50 28 bad,
939 1662 44 21 and
1000 1662 61 23 there
1070 1671 37 15 are
1124 1672 30 15 no
1167 1666 52 22 cab
1220 1666 36 22 3in

674 1685 98 23 Canada.
802 1687 45 22 But
857 1688 59 22 Lord
927 1688 94 29 Stanley
1033 1690 49 22 tells
1090 1690 35 23 his
1135 1692 121 26 particular

673 1711 91 29 friends,
841 1714 20 21 is
868 1718 40 18 not
914 1722 38 20 ray
1125 1718 34 21 Sir
1166 1719 91 22 Charles

674 1739 72 27 Bagot
764 1739 40 22 has
821 1741 59 22 been
899 1744 59 19 most
978 1742 92 23 anxious
1089 1747 21 18 to
1129 1746 71 22 retain
1218 1746 39 22 the

673 1766 96 22 services
779 1767 26 21 of
810 1768 46 21 Mr.
868 1768 109 22 Murdoch
983 1776 24 15 as
1017 1770 60 22 chief
1083 1775 111 25 secretary
1199 1781 6 19 ;
1217 1773 40 22 but

675 1792 60 22 Lord
744 1793 91 28 Stanley
845 1802 51 20 says
905 1802 30 14 no
941 1795 7 22 !
963 1796 45 21 and
1018 1796 38 23 has
1065 1798 92 28 already
1160 1800 97 22 selected

674 1826 14 14 a
697 1819 135 28 gentleman,
843 1828 14 15 a
871 1822 44 21 Mr.
925 1822 102 27 Rawson,
1042 1824 47 22 who
1104 1824 21 23 is
1133 1828 24 19 to
1173 1827 40 21 sail
1227 1827 30 28 by

675 1845 38 23 the
725 1850 55 19 next
791 1848 83 26 packet
887 1848 35 22 for
937 1849 96 23 Canada.
1044 1868 2 4 ,
1060 1850 53 23 This
1127 1852 129 27 gentleman

673 1872 20 22 is
702 1873 122 29 unknown,
835 1874 44 23 and
891 1875 41 22 has
948 1876 57 22 been
1019 1878 96 28 actually
1131 1880 126 26 prohibited

674 1899 57 22 from
749 1902 192 28 communicating
959 1903 53 22 with
1031 1904 43 23 Mr.
1087 1905 106 29 Stephen,
1210 1908 47 22 and

674 1927 63 21 other
751 1928 128 26 gentlemen
894 1929 23 22 in
935 1929 36 22 the
988 1930 99 23 Colonial
1103 1932 77 28 Office,
1195 1941 62 15 com-

673 1956 76 24 petent
764 1958 22 17 to
802 1955 51 27 give
868 1955 46 22 him
927 1956 151 24 information.
1107 1959 46 22 But
1164 1960 28 22 he
1202 1960 55 24 does

673 1982 40 19 not
721 1981 86 27 require
813 1982 25 21 it.
867 1982 54 23 This
927 1991 77 20 young
1009 1988 118 19 statesman
1134 1986 24 22 in
1166 1986 99 31 embryo*

673 2014 19 14 is
701 2014 68 21 going
779 2010 38 20 out
826 2016 24 15 as
860 2016 14 15 a
882 2009 56 22 kind
949 2010 25 22 of
979 2012 164 25 generalissimo
1156 2021 53 15 over
1219 2016 38 21 the
1264 2015 1 13 :

673 2036 212 25 governor-general
902 2036 46 22 and
970 2038 37 21 the
1031 2039 113 22 executive
1161 2041 104 27 council/

730 2062 23 18 to
762 2062 170 25 communicate,
944 2069 66 21 every
1021 2064 84 26 packet,
1116 2065 141 29 privately/tp

675 2086 59 20 Lord
744 2086 96 27 Stanley.
871 2087 49 22 God
927 2088 14 21 h
944 2088 35 27 elp
985 2089 43 22 this
1037 2097 74 20 young
1116 2092 129 26 gentleman
1249 2092 12 23 !'

675 2113 27 19 he
715 2113 55 20 little
782 2113 76 21 knows
868 2113 37 22 the
915 2114 72 22 duties
1002 2115 27 22 he
1038 2117 18 20 is
1065 2116 69 23 jibout
1143 2121 22 18 to
1175 2118 82 23 under-

675 2137 52 22 take
734 2146 5 18 ;
755 2138 41 22 but
805 2139 44 22 this
862 2140 28 22 he
904 2148 52 20 may
972 2142 27 21 be
1014 2143 89 22 assured
1119 2144 29 21 of.
1167 2144 48 23 that
1228 2146 29 22 he

674 2165 46 21 will
730 2165 28 21 be
767 2165 54 28 kept
826 2166 25 22 in
861 2167 38 22 hot
906 2171 67 19 water
978 2168 79 28 during
1066 2170 38 22 the
1114 2171 51 22 cold
1173 2172 83 23 winter.

674 2191 35 22 Sir
719 2191 90 23 Charles
819 2193 79 28 Bagot,
910 2195 60 22 since
979 2195 35 22 his
1024 2196 79 23 arrival
1118 2198 23 21 in
1158 2199 98 29 Canada,

674 2218 41 22 has
723 2219 97 27 adopted
831 2228 14 14 a
859 2225 57 18 most
929 2222 141 28 conciliatory
1080 2231 84 21 course,
1176 2226 45 22 and
1234 2227 23 22 in

674 2252 67 21 every
750 2245 102 24 instance
867 2248 86 22 carried
966 2252 39 19 out
1023 2249 35 22 the
1077 2250 46 23 late
1137 2258 120 20 governor-

672 2273 111 25 general's
798 2275 73 20 views.
899 2275 118 28 Recently,
1035 2276 27 22 he
1078 2276 40 23 has
1137 2280 120 26 appointed

673 2305 43 16 one
727 2300 25 21 of
765 2299 37 23 the
818 2304 60 19 most
887 2301 160 28 distinguished
1060 2303 88 24 French
1164 2311 93 23 lawyers

673 2327 23 19 to
711 2325 37 23 the
763 2327 63 22 chief
838 2328 130 29 justiceship
983 2330 26 21 of
1026 2330 111 23 Montreal
1144 2340 6 17 ;
1176 2333 45 22 and
1234 2337 23 19 to

672 2353 93 22 another
793 2354 37 22 the
859 2355 246 30 solicitor-generalship
1129 2359 26 22 of
1180 2360 77 22 Lower

673 2378 91 24 Canada
783 2380 40 23 has
840 2381 58 22 been
918 2382 89 28 offered,
1027 2383 52 22 with
1095 2392 13 15 a
1120 2388 48 19 seat
1182 2386 23 23 in
1219 2387 38 23 the

672 2407 116 22 executive
812 2409 96 22 council.
951 2409 28 23 In
1003 2417 67 21 every
1092 2419 50 21 way
1164 2412 28 23 he
1216 2413 41 23 has

671 2432 98 29 adopted
783 2441 13 15 a
810 2435 74 28 policy
892 2436 52 22 well
958 2436 122 23 calculated
1099 2442 23 18 to
1137 2440 63 22 unite
1220 2440 37 23 the

670 2459 86 29 people,
767 2461 45 22 and
829 2466 89 18 cement
933 2463 37 22 the
980 2464 70 22 union
1065 2465 26 22 of
1103 2466 38 21 the
1150 2469 44 20 two
1207 2475 50 19 pro-

670 2493 84 16 vinces.
783 2488 44 22 But
837 2489 60 22 Lord
908 2490 92 28 Stanley
1007 2491 21 22 is
1036 2492 94 22 colonial
1141 2494 99 22 minister
1249 2503 6 19 ;

670 2514 46 21 and
725 2514 28 22 he
763 2515 18 21 is
791 2515 38 22 the
840 2516 120 23 nobleman
969 2517 48 22 who
1026 2525 44 16 was
1076 2519 63 22 chieT
1145 2525 111 24 secretary

669 2547 24 15 m
703 2540 96 29 Ireland,
809 2543 45 22 and
865 2543 48 22 who
923 2544 101 23 received
1035 2546 36 21 the
1080 2553 77 16 severe
1164 2548 92 27 casliga-

670 2567 46 22 tion
732 2568 57 22 from
803 2569 36 22 his
854 2570 122 28 colleague,
993 2571 38 22 the
1045 2572 54 23 mild
1117 2574 46 22 and
1181 2575 75 26 gentle

670 2594 62 22 Lord
748 2596 30 21 Al
781 2596 71 35 thorp,
872 2596 34 23 for
923 2598 35 21 his
977 2595 68 26 harsh
1059 2599 45 22 and
1120 2600 136 28 injudicious

669 2621 98 22 conduct
781 2623 24 22 in
821 2621 50 24 that
887 2624 145 23 unfortunate
1038 2622 109 32 'country.
1177 2628 28 22 In
1216 2628 39 23 the

671 2648 118 23 Mauritius
799 2650 64 23 there
878 2650 19 23 is
912 2659 13 14 a
943 2659 67 15 screw
1027 2652 58 23 loose
1101 2654 100 22 between
1218 2656 38 22 the

668 2682 111 19 governor
793 2676 47 23 and
854 2677 38 22 the
908 2682 102 19 autocrat
1025 2680 25 21 of
1059 2680 196 28 Downing-street.

669 2701 53 24 T.S.
723 2713 28 5 —
753 2704 35 21 Sir
804 2704 93 23 Charles
914 2705 72 28 Bagot
1000 2706 19 23 is
1028 2707 96 22 married
1137 2711 23 18 to
1169 2716 15 14 a
1193 2709 63 23 neice

669 2729 27 22 of
702 2729 37 22 the
749 2730 67 23 Duke
834 2731 27 22 of
875 2731 143 29 Wellington,
1035 2734 44 22 and
1093 2734 19 23 is
1129 2734 92 24 brother
1233 2739 23 19 to

669 2756 37 22 the
718 2757 82 28 Bishop
810 2757 28 22 of
844 2758 96 23 Oxford.

696 2783 108 23 Fearful
819 2784 132 24 Explosion
962 2794 27 15 of
1003 2795 14 14 a
1029 2788 73 28 Still,
1118 2796 47 14 and
1175 2789 80 22 Blow-

669 2817 42 15 ing
721 2818 29 14 up
760 2819 27 14 of
801 2819 46 14 the
862 2812 158 24 Temperance
1035 2815 220 23 Printing-Office.

667 2848 29 4 —
697 2838 37 21 On
741 2837 149 29 Wednesday,
901 2840 69 22 about
976 2841 76 23 twelve
1059 2842 94 28 o'clock,
1164 2842 37 23 the
1211 2843 45 23 fre-

668 2868 105 24 quenters
783 2864 26 22 of
819 2865 39 22 the
868 2866 73 27 Royal
951 2867 127 29 Exchange,
1089 2870 47 21 and
1146 2870 37 22 the
1193 2870 64 22 inha-

668 2890 84 23 bitants
760 2891 24 22 in
793 2891 39 23 the
838 2892 93 28 vicinity
939 2894 25 21 of
971 2895 161 29 Queen-street,
1144 2896 111 28 Glasgow,

668 2925 58 14 were
736 2917 85 23 thrown
835 2918 50 23 into
894 2927 15 14 a
918 2924 56 18 state
985 2922 26 21 of
1023 2926 61 22 great
1093 2923 71 23 alarm
1181 2924 28 27 by
1218 2924 38 22 the

668 2945 105 28 report.of
780 2952 13 15 a
803 2946 144 23 tremendous
953 2948 113 26 explosion
1071 2952 24 20 at
1103 2950 38 21 the
1150 2950 108 26 premises

668 2972 109 27 occupied
789 2972 30 28 by
830 2972 39 22 the
880 2974 96 22 Scottish
985 2975 149 27 Temperance
1144 2977 112 27 Printing-

666 2998 72 23 office.
766 2998 48 23 The
830 3000 131 23 concussion
977 3009 45 14 was
1037 3009 22 15 so
1073 3007 65 23 great
1152 3011 25 15 as
1190 3007 22 19 to
1228 3004 27 23 be

668 3026 40 22 felt
722 3026 111 28 distinctly
848 3026 23 23 in
887 3026 37 23 the
939 3028 163 27 reading-room
1119 3030 26 22 of
1157 3030 36 22 the
1210 3031 46 23 Ex-

667 3052 94 28 change,
777 3054 45 21 and
836 3056 23 19 to
869 3053 69 24 shake
952 3054 38 23 the
1003 3056 108 22 furniture
1126 3057 27 21 of
1164 3057 39 23 the
1213 3058 43 22 dif-

667 3079 74 22 ferent
763 3080 199 28 counting-houses
984 3082 24 22 in
1028 3082 35 22 the
1082 3083 99 28 locality.
1219 3085 36 23 On

666 3107 98 27 arriving
783 3111 24 18 at
824 3107 40 23 the
882 3108 167 23 establishment
1064 3110 25 22 in
1105 3111 102 28 question
1222 3111 34 28 (to

665 3133 73 22 which
753 3134 37 22 the
800 3134 144 29 fire-engines
958 3136 45 23 had
1013 3136 55 23 been
1078 3139 138 26 summoned,
1231 3139 23 23 in

666 3160 163 28 apprehension
840 3162 27 21 of
872 3169 14 15 a
894 3162 96 28 burning
1000 3164 131 28 castrophe,)
1143 3172 33 16 we
1184 3165 72 23 found

666 3186 50 23 that
730 3188 78 27 nearly
817 3195 42 16 one
876 3188 50 23 half
938 3190 25 22 of
977 3190 38 22 the
1029 3190 226 29 Temperance-office

666 3213 46 23 had
720 3214 57 23 been
786 3214 75 23 blown
866 3218 23 19 to
894 3216 81 28 pieces,
986 3217 45 22 and
1038 3218 47 22 that
1094 3219 38 22 the
1141 3219 59 22 back
1205 3224 50 23 part

666 3240 27 22 of
703 3241 19 22 it
731 3248 45 15 was
791 3242 24 22 in
829 3242 70 22 ruins.
927 3243 150 30 Fortunately,
1088 3245 54 28 only
1152 3253 43 15 one
1212 3246 43 28 boy

666 3274 45 15 was
720 3268 23 22 in
754 3268 49 22 that
811 3272 50 24 part
869 3269 25 22 of
899 3269 39 22 the
948 3271 105 27 premises
1059 3272 65 22 when
1131 3272 38 23 the
1179 3273 73 28 explo-

666 3294 49 23 sion
726 3295 52 22 took
784 3295 72 27 place,
866 3296 44 22 and
919 3296 29 22 he
955 3297 19 21 is
981 3298 89 27 slightly
1075 3299 97 28 injured,
1183 3307 24 15 or
1216 3300 38 22 the

666 3321 76 22 effects
752 3322 72 27 might
829 3322 60 23 have
896 3323 58 22 been
960 3324 107 23 dreadful.
1096 3325 48 23 The
1153 3327 101 27 blow-up

666 3354 45 15 was
720 3349 133 22 occasioned
867 3350 30 27 by
907 3350 39 22 the
959 3350 100 29 bursting
1067 3352 26 22 of
1103 3360 15 14 a
1127 3353 125 28 spirit-still,

666 3374 73 23 which
748 3376 74 22 would
836 3383 84 21 appear
934 3381 24 18 to
972 3377 59 23 have
1047 3378 54 23 been
1113 3379 102 29 carrying
1223 3388 30 15 on

664 3400 30 23 its
703 3403 125 25 operations
838 3403 74 23 under
922 3404 37 22 the
969 3411 54 21 very
1033 3405 44 23 feet
1086 3406 26 22 of
1122 3406 38 23 the
1172 3407 82 23 enthu-

666 3428 85 23 sisastic
766 3430 145 22 tee-totalers.
941 3431 22 22 It
977 3432 19 22 is
1005 3432 37 22 the
1056 3437 105 24 property
1170 3434 28 22 of
1207 3433 45 23 Mr.

665 3454 135 28 Alexander,
812 3456 193 30 wine-merchant,
1019 3459 48 23 who
1075 3463 62 19 rents
1146 3461 108 27 premises

664 3480 151 31 immediately
831 3484 98 22 beneath
943 3485 63 22 those
1019 3486 26 22 of
1057 3486 37 22 the
1108 3487 144 28 tee-totalsrs,

665 3508 46 22 and
720 3509 19 22 is
752 3510 133 28 principally
892 3512 57 22 used
957 3512 36 22 for
1002 3512 38 23 the
1047 3520 94 21 purpose
1151 3514 26 22 of
1186 3514 67 22 recti-

664 3534 72 29 fying.
763 3536 48 22 The
827 3537 102 23 accident
943 3539 19 21 is
976 3539 49 23 said
1038 3543 22 19 to
1075 3539 58 23 have
1147 3541 105 22 occurred

664 3562 58 23 from
732 3562 37 22 the
779 3567 71 19 steam
855 3564 56 22 used
920 3565 24 22 in
954 3565 38 23 the
1002 3567 111 27 operation
1120 3571 40 19 not
1169 3567 84 28 having

664 3596 80 20 proper
753 3593 81 19 vent—
835 3598 43 14 one
888 3592 27 21 of
922 3592 36 22 the
969 3593 74 22 valves
1050 3594 25 22 of
1082 3593 38 23 the
1130 3594 46 22 still
1184 3594 69 27 being

664 3619 40 18 out
713 3616 26 22 of
751 3616 71 24 order.
852 3618 73 22 When
942 3618 38 23 the
990 3619 111 28 explosion
1116 3621 54 22 took
1181 3621 69 28 place,

664 3649 33 15 we
714 3650 37 15 are
767 3644 120 27 informed,
904 3646 86 22 several
1000 3646 26 22 of
1039 3647 36 22 the
1089 3647 95 28 printers
1193 3655 59 15 were

664 3670 101 28 engaged
774 3671 84 27 setting
871 3679 30 20 up
911 3679 28 15 an
950 3673 76 22 article
1035 3674 128 28 containing
1172 3682 29 14 an
1212 3681 40 16 ex-

663 3703 79 20 posure
753 3698 26 21 of
784 3697 38 23 the
833 3699 87 21 ruinous
928 3699 76 23 effects
1014 3700 25 22 of
1048 3701 95 28 alcohol,
1153 3701 64 23 when
1226 3701 25 23 in

663 3729 15 16 a
686 3727 100 19 moment
795 3727 71 26 types,
877 3733 64 21 copy,
950 3733 67 21 cases,
1028 3727 98 28 printers,
1137 3727 46 23 and
1191 3728 61 28 prin-

662 3750 54 22 ters'
726 3750 70 23 devils
806 3752 66 27 (who,
888 3760 34 15 we
936 3753 94 27 believe,
1043 3761 39 15 are
1096 3754 30 22 all
1140 3754 111 28 thorough

663 3777 163 29 tee-totallers,)
841 3786 57 16 were
906 3779 80 23 driven
991 3779 49 23 into
1049 3781 122 22 confusion.
1200 3779 51 25 One

662 3811 56 20 poor
732 3804 45 28 boy
793 3812 45 16 was
856 3806 132 29 completely
1002 3807 102 23 knocked
1122 3807 73 23 under
1213 3807 38 23 the

661 3837 69 21 press,
744 3831 45 23 and
803 3833 95 23 another
908 3840 45 16 was
968 3833 66 32 fairly
1042 3834 71 22 blown
1127 3834 49 22 into
1214 3834 38 24 the

758 3858 74 22 where
847 3859 29 23 he
889 3860 117 22 remained
1020 3867 24 15 in
1060 3860 71 28 safety
1140 3860 57 23 until
1212 3861 39 21 the

661 3884 68 28 panic
737 3884 46 22 had
791 3886 88 22 ceased.
908 3886 50 22 One
968 3886 43 23 end
1021 3886 26 22 of
1052 3887 40 22 the
1096 3886 106 27 building
1205 3894 46 15 w«i

662 3910 133 29 completely
807 3912 96 23 levelled
919 3912 53 22 with
987 3913 39 21 the
1038 3912 100 28 ground,'
1148 3914 45 21 and

661 3940 50 19 rest,
723 3938 26 21 of
763 3938 18 21 it
798 3939 100 25 severely
901 3938 133 26 shattered.
1056 3939 34 23 .It
1104 3939 21 21 ia
1137 3939 114 25 Baidthfet

2371 109 7 16 s

2446 111 11 16 a

2417 111 4 14 S

2393 112 2 13 9

2335 109 3 15 I

2018 3658 210 26 Postponement
2240 3658 30 21 of
2282 3657 67 22 Sale.

1896 3691 90 48 THE
1997 3691 51 22 Sale
2056 3691 26 21 of
2087 3690 114 22 Suburban
2208 3690 128 22 Allotments
2345 3689 24 21 in
2379 3689 38 23 the
2428 3689 46 23 Kai

1969 3717 78 22 Warra
2056 3717 79 22 Warra
2147 3717 85 25 district,
2246 3713 125 25 advertised
2386 3716 30 28 by
2427 3717 46 23 Mr.

1894 3743 59 23 John
1976 3743 77 28 Wade,
2071 3743 20 23 is
2107 3742 142 29 unavoidably
2266 3743 125 27 postponed
2413 3744 60 22 until

1894 3770 89 29 Friday,
1995 3771 37 21 the
2044 3772 26 20 10
2079 3771 85 21 instant.

1921 3797 67 22 Plans
2004 3797 43 22 and
2060 3796 124 29 particulars
2202 3802 47 21 may
2266 3795 45 23 still
2325 3796 28 23 be
2373 3805 54 15 seen
2442 3804 30 16 on

1894 3823 106 28 applying
2009 3826 23 19 to
2336 3839 5 10 «

2240 3849 28 23 R.
2279 3849 72 29 Pake,
2364 3851 52 28 Esq.

2152 3884 106 27 Surveyor
2268 3884 45 22 and
2324 3884 125 28 Engineer,:
2461 3895 4 5 -

2149 3927 4 5 *
2178 3927 3 9 <
2224 3915 138 30 Wellington-
2367 3919 103 23 Terrace.

1920 3942 112 27 February
2043 3943 19 26 7,
2073 3943 60 22 1843.
