3320 4340
72 160 33 41 IN
115 154 145 43 ANCIENT
271 152 110 40 MAORI
392 152 99 40 LAND.

182 274 29 16 By
219 272 103 17 EESDON
335 272 56 16 BEST

218 365 41 13 NGA
400 364 10 13 0
424 359 57 17 MATA-

243 383 74 17 ATI'A."

136 441 300 25 CHAPTEKin.-(Contiiiued.)

73 483 38 16 Tin.
120 479 124 17 Aboriginal
251 475 74 17 Tribes
334 479 24 12 of
367 479 40 12 the
415 474 44 17 Bay
471 478 24 13 ov

94 504 76 17 Plenty
179 500 95 17 District
283 501 41 14 and
334 497 83 17 Voyage
426 501 69 13 oi-'tjie

96 526 125 17 Aratawitao
226 525 24 13 to
259 521 104 17 Hawaiki.

96 553 39 19 'J'he.
144 549 69 25 length
224 548 21 18 of
254 547 35 19 (ho
308 547 126 21 Aratawliao,
443 547 51 19 from

74 580 29 19 kei
113 582 19 14 to
144 576 40 23 ihu,
195 581 40 12 wns
248 573 93 24 eighteen
353 572 93 24 fathoms,
455 573 39 19 and

73 606 31 19 the
111 601 69 25 length
194 601 21 18 of
224 600 35 18 tlie
269 599 68 17 haurai
349 605 40 12 was
402 599 92 18 fourteen

75 630 86 21 fathoms.
189 625 49 19 This
247 630 42 14 was
297 624 36 19 the
349 624 47 24 only
405 630 62 13 canoe
475 625 20 18 of

73 657 37 18 ihis
119 653 44 21 lnnd
172 653 44 17 that
225 653 52 17 went
286 653 20 15 to
317 650 94 18 Hawaiki
421 653 19 15 to
450 657 33 18 pro-

73 688 42 14 cure
125 679 89 21 Kumara
223 677 39 18 and
273 676 57 18 there
340 682 51 12 were
403 677 35 17 140
449 683 44 12 men

73 712 47 14 %veiit
130 707 18 17 in
160 705 40 21 her,
210 703 56 19 chief
272 702 21 18 of
301 702 64 19 whom
375 709 39 11 was
422 702 73 19 Tama.-.

73 729 141 25 ];i-liikun«]igi.
242 728 48 19 And.
306 734 36 11 one
358 728 23 18 of
386 728 34 18 the
429 731 55 15 stran-

74 765 41 17 gers
123 755 98 21 remained
233 756 20 17 at
264 752 131 21 Whakatane
405 754 40 18 and
460 754 34 18 the

73 785 52 20 other
135 781 62 20 sailed
215 780 20 19 in
254 779 34 19 Ibo
308 779 121 18 Aratawhao
450 786 22 12 as
482 786 13 12 a

73 809 55 28 guide
136 812 19 15 to
165 806 101 19 Hawaiki.

95 836 61 18 These
174 839 32 12 are
226 832 33 18 the
279 837 45 12 men
351 831 21 18 of
396 830 35 19 Toi
449 831 45 19 who

73 861 57 20 sailed
140 861 19 17 in
171 860 32 17 the
214 859 121 18 Aratawliao
344 863 32 12 :

69 882 206 25 T.iiiia-ki-hikurangi
289 882 173 25 Ira-te-wehenga

71 913 94 22 l?akeiora
287 909 93 18 Mawako

119 939 26 18 To
155 936 58 20 Puka

69 966 25 19 To
105 961 142 26 Whatu-pouri
287 959 203 28 Tikitiki-o-te-raugi

69 992 26 19 Te
104 989 173 24 Wliatu-potango
287 986 140 18 Awa-hei-nui

69 1015 112 26 Tata-puku
288 1011 84 25 Ue-apa

70 1040 132 26 Kauae-puku
288 1037 91 20 Awa-hei
389 1044 35 12 roa

71 1067 118 19 Nuku-tnria
287 1063 196 21 Awa-morehurehu

72 1093 150 24 ]'ouranga-hua
287 1090 186 26 Awa-nui-a-rangi

72 1118 135 21 Whatu-kiore

94 1147 30 18 All
135 1145 53 20 these
197 1151 41 11 men
247 1142 94 19 returned
350 1144 21 16 to
378 1142 34 18 the
419 1146 71 21 parent

70 1173 49 20 land,
130 1174 20 16 to
163 1170 103 19 Aotearon.
284 1167 78 26 though
379 1168 16 18 it
413 1168 17 19 is
447 1169 43 18 said

69 1200 41 19 that
120 1196 117 21 Aratawkao
247 1195 33 18 did
287 1196 35 16 not
330 1196 68 16 return
406 1194 38 19 hut
450 1201 40 13 was

68 1222 113 23 nhondoned
191 1222 19 18 in
223 1221 101 19 Hawaii;'".

92 1248 97 27 [Another
212 1247 108 19 informant
348 1246 46 18 tells
417 1252 31 13 me
457 1254 15 10 :-
482 1258 7 3 -

69 1276 71 20 Whata
142 1281 7 7 c
150 1275 55 19 kiore
215 1273 39 19 and
264 1272 177 24 Ira-te-wehenga,
450 1273 39 18 and

234 1299 39 19 and
289 1298 38 23 Up,
344 1298 40 19 and
400 1297 75 21 Whatu-

68 1331 88 23 potnngo,
169 1326 37 19 and
218 1325 228 24 Tamn'ki-hiku'rangi,
457 1331 22 12 re-

70 1354 66 19 turned
148 1353 47 17 from
205 1351 101 19 Ilawaiki.
341 1351 56 24 They
414 1356 61 13 assem-

68 1380 43 20 bled
122 1378 36 20 and
169 1384 52 13 came
238 1384 25 11 on
285 1376 64 19 hoard
368 1377 33 18 the
419 1376 70 20 sacred

67 1412 58 14 canoe
135 1403 60 21 which
207 1404 16 18 is
233 1403 61 19 called
311 1402 99 19 Horouta.
445 1403 43 18 The.

68 1433 47 24 pilot
125 1431 20 18 of
155 1431 42 18 that
212 1436 60 12 canoe
290 1435 40 13 was
348 1428 138 20 Kahukura-i'

66 1456 89 26 le-rangi,
179 1457 42 18 who
243 1455 56 18 stood
320 1454 49 19 with
387 1461 37 12 ono
444 1455 43 18 foot

67 1490 50 19 upon
130 1483 32 18 tho
177 1488 59 12 ocean
252 1481 39 18 and
308 1480 34 19 the
357 1480 57 19 other
433 1487 53 19 upon

67 1511 31 18 the
108 1509 43 19 land
167 1508 38 19 and
221 1508 56 18 when
293 1507 32 18 his
341 1507 43 18 face
402 1513 84 18 appears

66 1537 37 18 like
122 1542 22 12 iin
163 1534 44 19 arch
225 1534 19 18 in
263 1533 34 18 the
313 1533 87 18 heavens
415 1532 45 19 that
470 1533 16 18 is

66 1561 108 21 Kahukura
184 1559 89 25 bending
284 1559 57 18 down
356 1558 38 19 and
411 1558 74 19 behind

66 1588 37 19 him
114 1588 15 18 is
137 1587 30 18 his
172 1586 51 23 wife,
231 1585 28 20 Te
267 1584 206 19 Atua-wharoro-mai-

66 1613 87 18 te-raneri.

89 1640 25 18 To
137 1637 190 20 Uenuku-tawliana
329 1636 67 20 —Tho
414 1637 70 24 saying

64 1667 29 19 for
101 1666 39 17 him
150 1665 15 18 is

89 1692 38 18 Taw
133 1691 51 18 liana
194 1690 39 19 mai
240 1692 19 16 te
268 1690 157 18 Atua-wharoro
435 1689 40 18 niai-

137 1716 84 24 te-rangi

91 1742 107 20 Kahukuia
210 1741 4 24 i
223 1748 62 17 runga
298 1741 89 19 Uenuku
397 1741 5 18 i
411 1747 73 13 rarora

89 1770 14 18 A
108 1769 34 19 win
153 1769 39 18 kau
207 1768 118 20 Eahukura.

89 1795 44 18 Kua
143 1795 38 18 riio
192 1794 89 19 Uenuku

89 1821 26 18 Te
123 1819 320 26 A'ua-wharoro-mai-te-rangi.]

89 1847 51 18 Then
150 1853 53 12 came
215 1846 34 18 tho
257 1852 72 12 canoes
337 1846 111 22 Mataatua,
456 1845 27 19 Te

63 1875 74 21 Arawa,
147 1873 77 23 Tainui,
235 1871 109 20 Takiturou
361 1871 38 19 and
414 1871 56 19 Kura-

64 1900 68 23 liaupo.
170 1899 45 17 And
237 1898 49 18 with
308 1898 35 18 tho
364 1904 120 12 newcomers

64 1926 47 18 from
121 1924 91 20 Hawaiki
232 1930 55 13 came
302 1924 40 19 evil
358 1930 73 18 among
451 1923 33 19 tho

63 1951 86 26 peaceful
160 1951 61 18 tribes
236 1950 20 19 of
268 1951 99 18 Aotearoa
384 1950 20 19 of
419 1950 65 18 whom

64 1977 31 20 the
116 1976 128 19 whakalauki
264 1976 21 19 of
287 1976 7 21 J
306 1976 37 19 Toi

64 2003 129 19 whakawatea
208 2003 40 18 mai
268 2002 18 19 ai
304 2002 7 19 i
327 2005 20 16 to
363 2002 94 26 pakanga
473 2008 11 12 a

63 2030 56 22 Tane,
130 2035 11 12 a
151 2029 36 23 Tu,
199 2035 9 12 a
220 2028 79 26 Bongo,
315 2035 10 12 a
341 2028 143 26 Tangaroa—o

63 2055 66 19 nialiea
139 2057 18 16 to
167 2055 68 24 kapua
245 2061 11 11 o
268 2059 19 14 to

87 2081 10 18 I
109 2081 36 19 will
156 2088 42 11 now
210 2081 45 24 give
265 2087 39 17 you
315 2081 33 18 tho
359 2087 125 12 nwa-moana

63 2107 20 18 of
93 2107 31 18 tho
135 2106 123 23 Aialawhao,
271 2107 43 18 that
324 2107 17 17 is
351 2106 21 18 of
379 2106 91 19 Tama-ki-

64 2132 119 21 liiku-rauui.
211 2133 10 18 'J
228 2132 30 19 his
270 2132 15 19 is
302 2132 35 19 the
353 2134 42 17 tata
410 2132 21 18 of
449 2132 33 18 tho

63 2158 126 21 Aratawhno:

87 2189 50 18 Patu
150 2190 22 17 hi,
190 2189 3 19 i
207 2189 46 19 laku
263 2191 40 16 tata

86 2214 56 19 Kite
153 2216 28 17 iin
195 2221 46 19 tapu
251 2215 34 19 nui
296 2221 9 12 o
315 2214 55 19 Tane

86 2241 34 18 Jiei
132 2241 54 22 kuia,
201 2242 27 19 rei
241 2247 33 13 ora

85 2266 35 19 Kei
131 2273 33 12 ora
174 2270 18 16 to
202 2267 102 19 mahaki-o

88 2292 29 19 Ka
127 2294 109 23 luruturua,
248 2293 26 18 ka
284 2299 94 19 poupoua

87 2318 25 20 Ki
122 2319 73 19 tawhiti
204 2326 10 12 o
224 2322 20 16 te
254 2320 59 24 rangi

87 2344 87 20 Manawa
184 2346 39 18 mai
233 2351 45 13 ao-e

85 2371 28 18 Tu
123 2372 37 18 mai
171 2378 47 17 nwa,
230 2374 21 16 tu
261 2372 40 18 mai
312 2378 43 13 awa

89 2397 28 19 Ko
129 2397 34 19 koe
174 2397 29 19 kei
216 2398 81 18 lakahia
308 2398 67 19 noatia
384 2405 11 12 e
407 2405 26 12 an

87 2422 49 26 Tope
148 2430 23 12 ou
181 2424 61 22 nuku,
254 2426 45 23 tope
308 2430 25 13 ou
343 2424 57 25 rangi

87 2449 64 19 Whati
162 2450 20 18 ki
193 2456 69 18 runga,
274 2451 60 18 whati
344 2451 22 18 ki
376 2458 43 12 raro

86 2475 68 19 Mauru
165 2482 75 13 marara

87 2500 45 20 Pera
141 2501 45 21 hoki
195 2509 22 11 ra

85 2527 37 18 Tak
132 2527 3 21 i
147 2534 56 13 manu
214 2528 33 19 nui
259 2535 26 12 na
295 2529 54 19 Tane

85 2551 29 19 Na
125 2553 59 17 Toroa

86 2579 29 19 Ko
125 2581 52 17 tatau
188 2583 33 16 atu
231 2581 20 18 ki
262 2582 42 18 roto
315 2581 57 19 nuku
383 2588 75 19 ngaore

86 2604 38 19 Mai
134 2606 94 24 whiwhia,
240 2607 37 19 mai
289 2614 11 12 a
310 2614 66 12 rawea

86 2630 37 20 Mai
134 2638 10 12 a
155 2632 136 21 whakatokaia

87 2656 30 19 Ka
127 2658 43 19 taka
178 2662 19 15 te
206 2658 48 20 huki
263 2666 64 12 rawea

88 2682 50 19 Koro
147 2682 4 27 i
162 2691 68 18 rung?,
242 2685 48 19 koro
299 2686 7 18 i
316 2692 45 13 raro

87 2708 50 20 Koro
146 2710 5 18 i
162 2710 151 21 Tawhirimatea

90 2734 22 18 Ki
123 2734 49 21 kona
181 2736 45 20 hoki
238 2737 37 19 koo
286 2741 21 16 tu
317 2739 40 19 mai
368 2739 18 19 ai

87 2760 31 19 Ka
127 2761 71 20 hurato
209 2766 85 17 tamatea
303 2765 63 19 nunui

90 2786 30 19 Ka
130 2788 47 19 hura
188 2792 18 15 te
216 2792 86 17 tamatea
311 2797 58 12 roroa

88 2812 26 19 Te
122 2813 76 20 kanaka
207 2815 61 24 nuku,
281 2819 19 16 te
308 2817 80 20 kanaka
395 2818 59 25 rangi

89 2837 25 21 Te
127 2840 14 18 ai
153 2847 8 11 a
173 2841 58 20 nuku,
244 2844 18 15 to
278 2843 18 18 ai
308 2849 11 12 a
334 2842 68 28 Eangi

89 2863 25 20 Te
127 2865 45 20 kura
180 2868 37 18 mai
228 2867 99 21 hukihuki

89 2890 26 18 Te
125 2891 77 21 kaweau
214 2895 59 18 tetero
284 2895 19 18 ai

90 2941 63 22 Hoatu
162 2945 83 19 wakaki
256 2950 34 16 uta

89 2967 64 26 Ngaru
161 2971 58 24 hi:,ga
227 2975 40 20 atu,
283 2979 65 20 ngaru
364 2974 64 25 hinga
437 2974 40 19 mai

90 2994 11 19 1
110 3002 59 19 runga
181 3002 17 13 te
210 3000 141 19 tania-wahiuo

90 3020 10 18 I
111 3026 39 14 raro
160 3025 17 16 to
193 3025 106 19 tama-tane

91 3046 173 24 llul;i-iiawenaw6

90 3072 56 20 Tenei
154 3079 17 14 te
185 3082 41 12 awa
245 3076 24 19 ka
280 3078 96 20 whakairi

92 3098 115 28 Koirirangi
217 3105 18 15 te
244 3103 55 19 waka

92 3124 30 19 Ko
132 3126 77 26 iiirangi
221 3130 19 16 te
249 3131 88 24 tangata.

96 3155 43 19 Hen
155 3158 15 18 is
180 3160 81 18 another
269 3161 82 20 karakia
360 3163 20 18 of
386 3162 35 19 tho
430 3163 38 20 Ara-

71 3182 79 19 tawhao.
177 3185 39 19 (Ko
228 3189 19 15 te
257 3186 59 25 ingoa
325 3195 12 12 o
353 3192 20 15 to
389 3188 91 24 karakia,

70 3207 22 20 lie
101 3209 63 19 ruruki
174 3211 5 17 i
198 3214 44 16 taua
253 3213 72 26 wnka.)

96 3233 86 23 Rukutia,

94 3262 83 18 Jxukutm
184 3262 4 30 i
196 3265 18 16 te
221 3263 33 20 ihu
262 3267 52 18 mata
322 3266 75 26 pupuni
406 3272 11 13 o
424 3267 55 19 Tanc

95 3285 84 21 Kukutia
186 3288 5 18 i
200 3291 77 19 temata
285 3293 47 23 tnpu
341 3292 35 19 nui
386 3299 11 12 o
413 3293 55 20 Tane

99 3311 78 21 HUkutia
185 3311 4 32 i
200 3316 17 17 to
223 3315 64 20 kohao
297 3320 48 23 lapu
353 3319 33 18 nui
395 3325 9 13 o
412 3319 56 20 Tano

95 3336 83 22 Rukutia
186 3336 4 30 i
198 3344 102 19 terauawa
309 3347 47 19 tnpu
367 3346 34 17 nui
409 3352 10 12 o
427 3345 54 20 Tane

94 3362 34 20 Eei
138 3364 52 25 kura,
201 3367 26 18 rc-i
241 3373 34 14 ora

96 3416 30 18 Ka
133 3419 99 19 turaturua

96 3441 124 27 Kapoupoua
231 3445 18 19 ki
261 3447 80 20 tawhito
351 3452 38 16 ole
398 3450 58 25 raugi

96 3467 15 18 h
121 3474 68 19 manga
199 3471 36 19 mai
246 3478 44 14 ao-e

97 3498 35 19 We
141 3499 56 24 begin
207 3507 56 19 again
271 3511 32 10 :

98 3524 53 19 From
161 3525 51 20 Tane
221 3528 261 29 des-iended—Rongo-nw«

75 3551 48 22 laue,
134 3549 120 28 Whetu-nui,
262 3555 27 18 Te
297 3556 117 26 kura-tupu,
423 3559 48 19 Pani-

76 3576 72 22 tinaku,
158 3577 25 18 Te
198 3577 167 30 Tama-lnpu-nui,
376 3583 106 27 Taputapu

77 3601 52 22 ariki,
139 3601 123 29 Makere-nui,
275 3607 129 22 Makere-roa.
417 3608 55 23 liata-

76 3633 26 11 roi
113 3627 35 19 and
158 3627 84 21 Mataroa

103 3652 57 20 These
168 3660 32 14 are
216 3657 31 19 the
264 3666 49 16 men,
329 3660 95 22 Matn-roi
443 3664 40 17 and

78 3678 99 24 Mata-roa,
189 3681 34 19 aud
234 3683 52 21 these
296 3692 50 15 were
351 3688 35 19 the
391 3688 91 25 kiunera,

78 3702 99 26 Nono-un,
212 3707 112 29 Nono-mea,
358 3714 125 21 Haki-nono.

82 3732 57 16 luese
149 3732 77 21 kumara
235 3740 48 15 were
297 3741 33 17 not
340 3739 86 25 brought
437 3747 48 13 over

78 3760 22 14 on
112 3756 31 18 the
153 3762 70 20 canoes,
233 3760 44 26 they
292 3770 49 14 were
356 3766 36 18 left
402 3766 81 21 behind,

80 3780 51 25 fliey
140 3780 50 34 were;
198 3786 87 21 intended
295 3789 32 20 for
336 3791 33 20 the
377 3792 79 22 Arawa.

106 3808 219 32 larna-ki»hiku>rangi:
336 3827 24 6 -
368 3817 49 21 This
444 3826 41 12 was

87 3832 24 19 he
121 3835 53 21 great
183 3841 43 14 mar,
235 3838 19 19 of
269 3838 91 24 influence
377 3844 77 27 (mana)
463 3845 22 21 of

87 3857 31 19 bis
126 3858 43 20 land
202 3861 20 19 H
222 3868 17 13 lB
247 3870 38 14 was
302 3868 32 19 the
349 3876 57 14 mana
422 3871 21 20 of
450 3871 35 20 the

78 3883 75 25 Pouahu
165 3884 63 23 before
238 3889 31 19 the
283 3894 68 19 arrival
360 3897 21 17 of
395 3897 34 19 the
440 3897 30 19 Ma-

79 3911 174 22 tnatuaand[other
258 3921 72 18 canoes.
357 3921 127 27 Hhtpouahu

78 3935 54 19 stood
142 3938 19 16 at
177 3937 121 25 Whakatnne
314 3946 18 19 in
350 3948 32 19 the
398 3949 47 20 time
464 3950 21 18 of

83 3961 4 33 J
95 3967 11 12 o
122 3961 38 20 and
368 3974 65 20 before
450 3975 35 19 the

77 3988 32 17 An
126 3987 66 21 awhao
199 3993 50 18 went
257 3994 19 19 to
285 3994 89 25 Hawaiki
381 4000 21 20 in
416 4001 67 20 search

84 4012 25 36 1
160 4014 12 41 '/
175 4012 4 43 ,
182 4021 28 26 '.""
212 4023 27 13 lra
242 4012 3 43 -
246 4012 4 43 1
276 4020 45 35 »
338 4030 54 16 Pame
410 4028 21 18 of
450 4028 35 19 the

351 4057 26 19 ng
379 4052 41 21 iwa
421 4059 10 14 B
439 4053 46 20 Ma.

78 4062 52 21 Kaka
165 4066 37 20 The
219 4071 83 21 manuka
323 4078 19 16 at
357 4076 127 25 Whakatane

98 4090 17 18 ul
147 4099 9 11 e
180 4095 304 30 pouulmatWhakatano'wero

75 4116 35 21 iho
132 4116 116 25 hinh.n'of
262 4123 42 21 that
318 4127 65 23 tuahu.
419 4132 65 19 There

520 151 21 18 in
551 151 35 17 the
594 155 67 13 marae
671 148 21 19 of
702 148 131 20 Whakatane
843 150 56 18 stood
916 150 33 19 the

520 175 91 24 tohunga
622 174 100 23 ruanuku,
734 174 35 19 tlio
782 174 93 27 tohunga
894 180 55 19 taua,

520 202 34 18 the
564 201 92 24 toliungn
664 200 102 25 pukenga,
777 200 40 19 and
829 201 34 19 the
876 202 61 18 tohun-

520 234 26 17 ga
558 227 71 17 tauira.
657 227 28 17 At
701 226 33 18 tlio
750 226 64 20 tuahu
830 227 47 24 they
893 228 56 18 stood

520 253 38 18 and
569 252 74 18 recited
656 252 33 18 the
699 251 53 19 haka
760 260 33 10 :

518 286 34 19 Ka
562 287 73 18 tiinata
650 286 27 18 ko
694 287 19 17 to
729 286 55 19 haka
802 293 12 12 a
827 289 20 16 to
864 293 71 19 manga-

656 312 154 22 manga-i-ntua.

546 341 34 20 Ka
589 342 53 19 hnka
654 345 19 16 te
683 342 54 18 haka
747 341 22 20 ki
779 344 35 17 ut'a

545 368 34 19 Ka
591 368 53 19 haka
656 369 19 18 te
685 367 54 20 haka
750 368 22 18 lei
781 369 29 18 tai

544 393 18 18 E
572 395 21 17 tu
603 400 22 13 ra
635 394 5 18 i
652 396 19 16 te
681 393 95 25 huirangi

544 419 18 19 A
572 420 26 17 ha
607 420 26 19 ha

544 444 35 19 Ka
588 444 54 20 haka
652 445 21 18 Id
683 446 28 17 tai
722 445 22 18 ki
753 448 19 15 to
783 446 82 24 pouaku

544 470 35 19 Ka
589 471 34 18 kni
634 471 50 19 taku
696 470 63 20 rakau
770 471 21 18 ki
801 474 36 16 uta

546 497 10 17 J-
567 503 12 11 a
588 496 34 19 kiii
633 496 50 19 (aku
694 497 64 18 rakau
769 496 20 20 ki
799 498 28 17 tai

546 521 96 20 Hikihiki
654 522 28 20 tai
693 528 52 14 aroa
757 529 26 12 no
793 523 29 18 Tu

544 547 73 20 Tihore
628 548 29 19 Tu

544 573 28 19 Te
583 574 50 18 inati
644 581 11 11 o
664 574 37 18 Tu.

544 609 48 19 This
610 609 18 18 is
647 615 12 12 a
679 609 54 20 word
750 609 20 18 of
784 609 129 26 explanation
929 613 20 19 in

517 635 74 25 regard
602 638 18 15 io
640 635 57 18 those
714 635 45 18 who
774 638 53 17 went
844 643 25 12 on
886 638 63 20 board

518 662 35 18 the
565 660 129 19 Aratawliao.
723 660 101 21 Tama-ki-
830 662 119 27 hiku-rangi

517 687 95 18 returned
624 689 19 16 to
653 686 41 19 this
705 685 54 20 land.
788 686 33 20 Ho
831 695 54 14 came
899 697 23 12 as
938 698 11 12 a

518 713 61 25 guide
591 712 32 19 for
632 712 35 18 the
681 712 107 20 Matantua
803 720 61 13 canoe
883 717 66 19 which

518 738 58 19 made
586 738 34 19 the
636 738 49 18 land
703 740 20 16 at
744 738 135 22 Whakatane.
909 742 40 20 But

518 764 33 19 the
562 770 62 13 canoe
634 764 45 18 that
696 764 63 19 sailed
774 765 52 19 from
843 767 40 19 this
901 768 48 19 land

518 797 40 11 was
568 790 34 19 tlio
619 790 129 19 Aratawliao.
786 792 40 19 She
846 795 103 18 remained

516 816 74 18 behind
606 818 21 16 at
639 815 99 19 Hawaiki.

543 842 43 18 The
600 848 47 12 cave
659 841 67 19 where
736 842 163 23 Toi-te-buatnlii
909 847 38 18 and

517 867 228 26 Tama-ki-hiku-rangi
773 869 40 19 and
839 870 108 21 Kakcbora

517 900 51 12 weie
581 893 70 19 buried
660 894 16 17 is
693 896 20 15 at
733 894 66 25 Opihi.
837 897 53 19 'lhat
908 905 39 12 was

516 919 34 19 the
561 919 67 19 burial
638 919 57 24 pjace
705 919 21 19 of
734 926 36 13 our
781 924 107 22 ancestors,
897 930 49 13 even

516 947 49 16 unto
581 945 33 19 the
632 946 48 17 time
700 945 21 18 of
738 947 53 18 their
809 948 137 25 descendants,

515 971 45 18 that
580 977 43 12 was
641 977 48 13 ever
707 971 56 20 there
783 974 164 25 resting-place.*

515 996 24 19 In
551 997 51 18 later
612 997 59 18 times
681 997 103 21 Putauaki
793 999 140 28 (MountPdge-

515 1023 81 23 eumbe)
610 1023 82 18 became
703 1023 34 19 tho
746 1024 142 27 burial-place.
910 1028 25 18 Af-

515 1049 96 18 terwards
639 1049 4 23 t
649 1049 24 18 lie
694 1049 51 20 dead
764 1057 51 13 were
835 1051 72 21 buried
927 1054 20 18 in

515 1081 61 18 many
585 1075 72 25 places,
672 1076 22 17 in
710 1076 64 19 rivers
788 1077 41 19 and
839 1077 57 19 lakes
908 1080 39 18 and

514 1100 77 24 valleys
602 1100 40 19 and
652 1101 53 19 hills.
734 1102 42 19 The
784 1109 59 14 name
850 1105 21 18 of
880 1104 53 20 Puke-

515 1128 48 23 tapu
583 1127 17 18 is
623 1128 51 18 from
695 1127 137 22 Whakatane.
870 1130 20 19 It
906 1137 41 13 was

513 1151 57 20 there
591 1152 44 19 that
659 1153 35 18 tho
716 1154 65 19 tuahu
804 1156 22 17 of
843 1156 104 20 Ira-kewa

513 1178 64 19 stood.
605 1178 58 19 Then
680 1185 36 12 our
733 1183 100 16 ancestors
848 1182 47 19 took
913 1183 34 19 the

513 1204 64 18 tuahu
587 1210 27 19 up
622 1204 34 19 the
663 1204 120 25 Eangitaiki
790 1206 79 26 Valley.
883 1208 64 20 Tama

513 1229 151 26 ki-hiku'i-angi
680 1231 40 19 had
738 1238 12 12 a
765 1232 65 19 tuahu
847 1236 21 16 at
883 1234 52 19 Tara-

513 1262 52 12 wera
576 1257 39 17 and
633 1257 42 18 also
695 1260 20 16 at
735 1258 56 19 other
810 1259 73 25 places.
919 1261 27 18 Te

512 1281 168 21 Wai-wliaknata
690 1283 170 22 q-Hine-te-ariki
884 1286 17 19 is
925 1290 20 15 at

511 1307 28 18 To
553 1307 80 21 Pakira.
663 1309 29 18 Te-

511 1333 53 19 ariki
574 1334 18 18 is
602 1336 21 17 at
631 1334 127 23 Eangitaiki.
795 1337 149 20 Hine-to-ariki

512 1359 101 25 belonged
628 1363 20 15 to
666 1361 103 23 Waitaha,
789 1363 37 19 her
844 1363 102 26 daughter

511 1392 41 11 was
563 1385 94 25 Hahuru,
669 1387 39 18 and
722 1387 36 20 her
766 1387 123 22 descendant
904 1397 42 12 was

510 1411 153 20 Tuwharetoa-i
674 1416 19 15 te
701 1415 96 24 au-pouri
805 1415 44 19 who
857 1416 87 19 married

510 1436 28 20 Te
553 1438 162 20 Atua-rere-tahi
732 1441 40 18 and
788 1441 53 19 lived
860 1445 21 15 at
901 1443 28 18 Ka-

510 1469 67 14 werau
588 1464 20 19 in
620 1465 59 18 order
688 1468 18 16 to
717 1467 66 23 guard
791 1467 33 19 his
832 1467 63 20 lands.

534 1518 8 9 *
543 1518 85 17 Another
637 1518 102 17 informant
753 1520 42 16 tells
810 1527 29 10 nie
854 1522 43 16 that,
912 1522 30 17 Toi

509 1546 39 11 was
555 1541 67 17 buried
630 1541 19 17 in
659 1547 11 11 a
679 1548 71 16 swamp
758 1542 60 18 called
827 1544 103 19 TeHuki-o-

508 1566 18 15 te
536 1565 45 16 tuna
590 1570 45 11 near
644 1565 122 17 Whakatane.

626 1596 35 21 [TO
673 1601 22 10 ])K
710 1602 80 11 CUNTINU7
797 1598 26 20 I).]

565 1660 49 16 THE
628 1659 132 18 ERUPTION
774 1660 100 17 RETOLD.

543 1706 43 17 Thk
607 1706 99 17 Colony's
721 1706 79 17 Noctks
816 1708 89 17 Thiste.s.

530 1735 39 16 The
579 1734 99 24 following
687 1735 14 16 is
711 1735 86 22 Sophia's
809 1737 52 21 story
875 1737 20 17 of
910 1737 30 17 the

508 1758 85 22 eruption
603 1764 20 10 as
632 1757 57 24 given
697 1758 25 22 by
736 1764 35 11 one
785 1759 20 17 of
818 1759 33 17 her
866 1759 74 24 Sydney

507 1781 126 17 interviewers
640 1786 29 12 :

608 1804 33 17 she
649 1810 49 16 says,
725 1810 56 17 many
790 1805 66 23 people
865 1807 47 16 used
922 1808 18 16 to

506 1834 51 11 conn;
567 1829 19 16 to
595 1833 29 11 me
633 1828 19 16 in
661 1828 53 17 those
724 1828 45 22 days
775 1828 37 17 and
819 1828 47 24 long
869 1829 70 21 before,

506 1852 29 16 for
544 1851 9 17 I
562 1857 38 11 was
609 1856 65 17 young
683 1850 51 18 then.
760 1852 9 16 I
783 1852 103 17 remember
899 1854 41 16 well

505 1875 64 16 before
578 1875 31 15 the
618 1874 84 21 burning
710 1874 41 16 rain
759 1875 106 17 swallowed
874 1881 26 18 up
910 1882 30 17 my

506 1897 69 18 Maoris
584 1897 37 16 and
630 1897 33 16 the
671 1897 57 17 white
736 1898 66 21 people
819 1898 42 17 how
875 1899 10 17 I
899 1899 40 17 felt.

506 1920 111 21 Something
625 1920 38 17 had
671 1920 112 22 happened-
845 1922 36 16 and
896 1922 44 18 hero

507 1944 32 17 she
548 1944 68 16 breaks
624 1943 27 18 off
663 1943 90 23 abruptly
764 1944 36 16 and
815 1944 15 16 is
847 1945 93 17 reluctant

507 1969 20 15 to
536 1973 24 15 go
569 1973 29 13 on,
609 1967 64 16 whilst
682 1968 49 16 tears
744 1967 55 17 stand
810 1967 20 17 in
843 1968 34 17 her
891 1974 48 17 eyes.

506 1990 37 15 But
553 1990 31 15 she
597 1990 96 15 continues
701 1990 4 15 :

591 2013 37 17 had
638 2019 42 11 seen
694 2019 11 12 a
719 2014 36 16 few
771 2013 47 23 days
830 2014 64 17 before
909 2016 31 16 the

507 2037 90 21 phantom
607 2042 38 11 war
654 2042 63 11 canoe.
742 2037 70 17 Maoris
822 2037 55 17 know
889 2038 52 17 what

506 2059 42 17 that
557 2059 150 21 means—death,
718 2066 21 11 or
748 2066 44 14 war,
802 2066 21 11 or
832 2066 76 12 sorrow.
921 2062 20 16 It

506 2089 38 10 was
553 2089 35 10 one
597 2083 80 22 evening
686 2089 23 10 on
718 2083 33 17 tho
767 2084 85 21 opposite
866 2084 40 17 side
921 2085 20 17 of

506 2105 32 18 the
546 2106 43 16 laku
597 2106 10 16 I
617 2111 38 11 saw
664 2106 28 16 far
701 2112 54 16 away
760 2106 33 18 the
798 2106 77 18 shadow
882 2108 19 16 of
908 2108 31 17 the

506 2135 64 11 canoe.
595 2130 26 16 At
630 2129 41 17 first
684 2129 15 17 it
713 2129 68 17 looked
794 2136 20 11 so
831 2130 54 17 small
903 2131 37 17 and

504 2152 47 22 tiny,
563 2152 46 17 with
618 2152 45 22 only
672 2158 35 11 one
716 2158 20 11 or
750 2154 37 15 two
799 2153 53 17 small
870 2153 70 23 figures

505 2175 19 16 in
533 2176 13 15 it
559 2175 41 16 (hai.
609 2181 27 11 we
645 2175 84 23 thought
736 2181 49 12 were
792 2176 52 17 foxes
852 2182 21 11 or
885 2182 41 13 mon-

503 2198 91 23 keys—so
612 2198 54 18 small
687 2204 47 11 wero
754 2199 51 22 they.
843 2200 44 16 Two
909 2200 30 17 old

504 2221 63 18 Maori
576 2227 73 11 women
658 2221 42 17 who
708 2227 49 12 were
765 2222 97 22 watching
871 2223 41 17 said
925 2224 14 16 it

505 2251 38 10 was
551 2245 89 21 nothing,
654 2245 34 16 but
702 2245 31 16 the
748 2245 46 17 boat
808 2245 50 17 drew
875 2252 66 11 nearer

504 2268 38 16 and
550 2274 66 11 nearer
625 2268 38 17 and
678 2273 50 18 grew
743 2268 62 23 larger
819 2269 38 16 and
870 2269 68 23 larger,

504 2291 38 17 and
550 2291 33 17 the
591 2291 70 22 figures
670 2297 48 11 were
733 2293 36 15 not
785 2292 47 22 dogs
848 2297 21 13 or
880 2292 58 19 foxes,

504 2314 36 17 but
548 2320 35 11 our
595 2320 43 11 own
651 2314 116 23 people—all
781 2315 64 20 chiefs,
861 2316 36 16 and
915 2316 24 18 all

506 2338 45 16 with
561 2338 50 16 their
618 2343 94 17 weapons.
743 2338 43 17 And
800 2338 45 17 then
859 2344 28 12 we
903 2344 37 12 saw

505 2360 53 18 there
567 2366 49 12 were
626 2362 21 16 1.*5
660 2361 20 17 in
694 2361 32 17 the
739 2361 52 20 boat,
809 2361 37 17 and
861 2362 9 16 I
885 2362 56 17 knew

506 2384 52 16 what
566 2384 15 16 it
590 2390 44 12 was,
649 2384 38 16 and
701 2390 19 11 so
735 2384 32 17 did
780 2385 32 17 the
828 2384 30 17 old
876 2385 62 20 wives,

506 2407 29 17 for
550 2407 47 22 they
605 2413 34 11 ran
654 2413 54 17 away
717 2407 72 23 crying,
805 2407 4 23 '
818 2408 64 22 Taipo,
896 2409 33 16 Tai-

504 2430 38 22 ]>o,'
565 2431 61 16 which
644 2436 64 11 means
724 2431 20 16 in
760 2431 58 16 white
834 2431 41 17 talk
898 2431 42 18 'the

506 2453 61 17 devil.'
593 2454 40 16 The
642 2455 45 16 next
698 2454 30 16 the
738 2454 74 22 ground
821 2454 71 17 heaved
908 2460 33 17 my

505 2477 62 17 whare
577 2483 20 11 as
606 2477 32 16 the
649 2477 33 22 big
691 2483 31 11 sea
730 2477 62 17 tossed
805 2483 35 11 our
852 2478 43 21 ship
908 2478 33 16 the

505 2500 55 17 other
568 2500 62 21 night,
641 2500 38 17 and
687 2500 10 17 J
706 2500 54 17 knew
769 2501 52 16 what
832 2506 34 11 our
879 2501 62 17 Maori

505 2524 65 16 stoi-ies
579 2524 33 16 tell
621 2529 38 11 was
668 2524 21 15 to
698 2529 51 11 come
758 2524 47 17 true.
832 2524 41 16 And
884 2524 57 17 white

504 2546 46 21 folk,
562 2548 36 17 too,
609 2546 38 17 had
656 2552 43 11 seen
707 2546 33 18 the
748 2552 40 12 war
795 2553 63 14 canoe,
869 2553 20 11 so
903 2553 36 16 you

504 2576 43 15 may
557 2569 56 19 know
622 2569 85 19 whether
717 2570 8 16 I
734 2569 24 18 lie
768 2576 21 11 or
796 2571 39 17 not.

609 2593 54 17 when
673 2593 32 16 the
713 2593 45 17 time
768 2598 51 12 came
828 2593 13 17 it
852 2599 39 11 was
908 2594 33 17 the

504 2616 70 17 middle
584 2617 20 16 of
612 2616 32 17 the
655 2616 62 22 night.
743 2616 9 17 I
760 2616 59 17 heard
828 2616 31 17 the
875 2623 31 15 cry
921 2618 20 15 of

504 2639 32 17 the
549 2640 43 16 hills
602 2645 19 11 as
633 2640 33 16 the
679 2639 33 17 fire
725 2640 40 16 tore
782 2640 83 21 through
881 2640 58 18 them,

504 2662 37 17 and
551 2663 10 17 I
569 2668 35 11 ran
613 2664 39 19 out,
662 2663 90 21 thinking
760 2663 32 17 the
800 2663 38 17 last
846 2663 49 17 hour
903 2663 38 17 had

504 2692 58 11 (tome.
588 2686 19 16 It
616 2691 38 11 was
668 2685 24 17 all
706 2682 51 26 pitch
771 2685 55 18 black
840 2686 99 19 overhead,

504 2709 37 16 and
550 2709 45 16 then
605 2715 11 10 a
625 2708 52 18 sheet
685 2709 38 16 like
732 2709 45 21 gold
786 2715 38 10 was
833 2710 67 21 spread
914 2710 26 16 all

504 2732 58 21 along
577 2732 32 17 the
623 2732 40 22 sky.
689 2732 10 17 I
713 2732 83 21 thought
809 2732 20 17 of
845 2738 33 17 my
894 2739 47 16 poor

504 2755 66 23 people
579 2756 19 16 in
607 2755 33 17 the
656 2755 70 23 village
741 2755 39 22 just
794 2755 66 21 below,
876 2755 37 17 and
930 2756 10 16 I

504 2785 34 10 ran
546 2778 84 17 towards
638 2779 26 20 it;
683 2778 35 17 but
731 2779 33 16 the
777 2779 98 18 blackness
889 2785 52 11 came

504 2802 63 22 again,
586 2802 38 16 and
641 2802 10 17 I
665 2802 55 17 could
733 2803 34 16 not
781 2807 35 12 see.
849 2802 64 17 Below
931 2802 10 17 I

504 2825 55 17 could
567 2831 30 11 see
607 2825 31 17 the
648 2825 27 17 air
684 2825 19 17 of
712 2825 59 22 flying
779 2825 56 21 bolts,
846 2825 38 17 and
896 2825 44 17 then

504 2847 53 19 there
566 2854 38 11 was
616 2854 26 11 no
655 2853 51 13 more
721 2846 95 20 darkness.
849 2849 90 21 Through

504 2872 32 17 the
545 2872 55 22 great
609 2872 65 16 funnel
682 2872 19 16 in
711 2872 32 16 the
751 2872 34 20 big
798 2872 100 17 mountain
915 2872 26 16 all

504 2894 32 18 the
544 2895 35 17 fire
587 2894 54 18 burst
648 2894 45 17 with
703 2901 10 10 a
722 2895 60 17 sound
793 2895 20 17 of
821 2901 11 10 a
845 2894 96 19 thousand

504 2924 54 15 guns,
569 2918 38 16 and
615 2918 33 16 the
656 2918 55 16 flame
720 2924 38 10 was
772 2918 20 16 in
805 2918 32 17 the
852 2918 88 16 heavens.

504 2941 34 22 My
546 2946 47 18 poor
602 2941 71 18 Maoris
682 2941 10 17 I
701 2941 59 16 found
769 2941 54 17 down
830 2941 66 20 below,
904 2941 37 17 and

503 2964 47 22 they
558 2969 49 12 were
614 2964 85 23 running
706 2964 44 17 here
759 2964 37 17 and
809 2964 51 17 there
875 2964 67 22 crying

504 2988 32 16 the
544 2988 39 16 last
590 2987 38 22 day
637 2988 20 16 of
665 2987 33 17 the
713 2987 58 17 world
786 2993 38 11 was
838 2993 60 11 come.
931 2985 11 19 I

504 3011 75 22 begged
595 3011 52 17 them
661 3012 20 15 to
696 3016 52 12 come
762 3011 44 17 with
826 3017 29 11 me
873 3013 19 14 to
909 3016 33 16 my

504 3034 69 20 whare,
591 3033 38 18 .and
648 3040 50 11 some
715 3033 94 21 followed,
825 3034 36 17 but
878 3033 64 18 others

504 3058 51 16 went
564 3059 19 15 to
592 3057 33 17 the
641 3057 58 17 house
717 3058 20 16 of
750 3056 33 18 the
796 3057 57 17 white
866 3057 74 22 people,

505 3080 67 22 saying
581 3080 45 23 they
637 3086 47 10 were
701 3081 92 20 stronger,
810 3080 37 17 and
861 3080 33 17 the
908 3080 34 17 fire

505 3103 54 17 could
568 3105 36 15 not
611 3109 52 11 come
672 3103 59 17 there.
757 3104 8 16 I
775 3105 50 15 went
841 3103 50 17 back
904 3103 38 17 and

505 3128 34 20 got
548 3133 50 10 some
607 3127 21 16 of
636 3127 58 19 these,
704 3126 37 17 and
750 3133 50 10 some
814 3127 73 19 whites,
902 3127 39 19 too,

505 3150 38 16 and
552 3152 33 20 got
595 3150 50 17 them
656 3150 25 17 all
691 3150 17 17 in
718 3155 32 16 my
755 3150 43 20 hut;
812 3150 35 17 but
853 3150 25 17 all
885 3150 57 22 night

505 3173 52 22 long,
567 3180 20 10 as
597 3173 32 17 the
637 3173 59 22 liquid
705 3172 33 18 fire
747 3173 31 17 fell
787 3179 24 11 on
819 3173 33 17 the
857 3173 42 17 roof
904 3173 38 16 and.

507 3196 95 18 windows,
612 3197 44 21 they
666 3202 48 11 were
722 3197 30 16 for
761 3195 59 24 going
825 3201 60 17 away.
903 3197 39 16 But

506 3220 9 16 I
525 3220 46 17 said,
588 3219 3 21 '
600 3220 33 16 We
649 3225 33 10 can
698 3219 28 16 die
740 3220 49 20 here,
804 3220 15 16 if
835 3225 28 11 wo
880 3219 61 21 must;

506 3244 42 21 stay
558 3243 51 19 still,'
625 3242 37 18 and
679 3242 45 22 they
741 3242 45 23 kept
802 3242 47 17 with
866 3248 30 12 me
912 3242 30 17 till

506 3265 94 24 morning,
609 3266 55 16 when
673 3272 26 10 we
710 3265 25 17 all
744 3272 51 10 came
805 3267 33 15 out
846 3265 37 18 like
899 3265 43 17 bees

506 3289 49 17 from
564 3296 12 9 a
588 3289 50 19 hive,
654 3290 23 15 00
692 3290 20 15 of
725 3294 21 12 us
759 3289 113 23 altogether.
903 3289 39 17 The

506 3312 92 22 phantom
607 3318 58 11 canoe
678 3318 61 11 comes
753 3312 44 22 only
812 3312 29 17 for
856 3311 86 18 dreadful

506 3335 65 21 things
581 3335 37 19 like
627 3335 48 17 that.
700 3336 39 16 But
747 3335 16 17 it
774 3341 38 11 was
825 3335 57 22 lucky
889 3335 3 22 ;
915 3340 27 12 we

506 3358 63 20 might
578 3359 25 17 all
611 3359 48 16 have

1191 87 59 19 THE
1277 87 57 20 HOT
1361 87 91 20 LAKES
1481 87 171 24 CHRONICLE,
1681 88 188 24 WEDNESDAY,
1898 90 157 19 NOVEMBER
2084 92 29 20 13,
2132 91 47 18 1895

589 3415 52 18 ARE
652 3415 54 20 YOU
715 3415 143 18 AFFLICTED

701 3439 47 16 ■with

554 3461 149 20 DYSPEPSIA,

579 3485 194 19 CONSTIPATION,

600 3508 105 19 KIDNEY
713 3508 126 20 TROUBLE,

625 3531 146 18 BACKACHE,

649 3554 101 18 ACHING
759 3554 86 20 LIMBS,
855 3560 22 11 or

672 3577 81 18 LIVER
778 3577 151 18 COMPLAINT
936 3577 7 19 ?

507 3601 20 18 If
535 3607 26 12 bo.
572 3601 40 17 safe
621 3600 90 19 remedies
719 3606 31 12 are
760 3600 65 17 within
834 3606 49 16 your
887 3601 54 18 reach

508 3628 19 13 nt
536 3631 10 10 h
556 3623 84 19 nominal
650 3624 45 17 cost.
721 3624 137 17 CLEMENTS
865 3624 78 17 TONIC

507 3647 38 18 and
561 3646 157 20 FLETCHER'S
734 3647 75 17 PILLS
825 3647 48 17 have
886 3652 57 12 never

508 3671 32 23 yet
548 3670 58 18 failed
614 3671 21 17 to
644 3676 44 12 cure
693 3669 34 19 the
734 3671 58 17 worst
809 3675 56 12 cases.
892 3671 38 16 Gen-

506 3694 39 18 ernl
555 3693 85 23 debility,
651 3698 127 16 nervousnoss,
793 3693 102 22 weakness,
905 3694 37 17 unci

506 3716 76 24 general
592 3716 112 23 complaints
713 3716 19 18 of
748 3716 32 18 the
797 3716 92 24 digestive
905 3717 38 17 and

508 3746 80 12 nervous
598 3742 79 20 systems
691 3746 31 10 are
738 3740 97 23 promptly
852 3739 56 19 cured
917 3740 26 23 by

507 3763 52 18 these
569 3763 76 18 reliable
653 3762 95 19 remedies.
783 3763 51 23 They
851 3768 31 12 are
898 3768 33 19 pre-

506 3786 58 24 pared
573 3786 25 22 hy
607 3786 89 19 scientific
705 3791 100 17 processes,
823 3786 37 17 and
869 3792 31 11 are
909 3787 33 18 not

508 3810 70 23 merely
594 3807 116 21 mechanical
719 3809 91 19 mixtures
826 3809 55 19 made
898 3810 45 21 only

508 3834 19 16 to
580 3833 41 21 gull
642 3831 31 19 the
814 3832 39 18 The
866 3838 76 12 renown

507 3855 138 20 CLEMENTS
654 3856 77 17 TONIC
739 3855 38 18 and
784 3855 159 18 FLETCHER'S

508 3879 73 18 PILLS
591 3878 48 19 have
647 3885 41 11 won
701 3879 18 16 in
730 3879 116 17 Australasia
855 3879 15 16 is
888 3879 55 22 proof

506 3902 21 18 of
535 3902 33 18 the
576 3902 40 17 fact
625 3901 43 19 that
682 3902 45 22 they
743 3902 56 17 stand
815 3903 128 21 pre-ouunent

506 3926 31 17 for
545 3925 50 18 their
602 3925 70 23 special
680 3925 67 18 classes
764 3925 20 17 of
800 3924 88 19 diseases.
912 3925 31 17 No

506 3949 92 17 remedies
607 3954 43 11 ever
659 3948 40 17 sold
708 3953 47 18 gave
764 3948 45 17 such
818 3949 60 16 entire
887 3948 46 18 satis-

507 3972 71 19 faction
587 3973 20 15 to
616 3971 50 17 their
679 3972 83 24 patrons,
781 3970 37 18 and
830 3970 89 19 evidence
928 3972 15 16 is

508 3995 129 22 forthcoming
645 3995 47 17 from
710 4000 56 16 eveiy
783 3995 44 21 city,
838 3996 57 18 town,
905 3995 38 17 and

506 4018 70 24 village
585 4019 20 16 to
614 4023 58 18 prove
680 4017 50 19 their
742 4017 76 18 virtues.
844 4018 29 17 No
884 4017 60 18 doubt,

507 4048 34 12 can
550 4047 44 14 now
602 4042 50 18 exist
660 4047 20 12 as
689 4042 19 17 to
726 4041 49 17 their
782 4041 61 20 value,
853 4042 36 17 hut
896 4047 35 17 pur-

507 4065 74 18 chasers
591 4066 51 17 must
649 4064 24 19 be
682 4064 70 18 careful
761 4066 20 16 to
790 4064 33 23 get
840 4064 32 19 the
882 4070 48 16 genu-

506 4089 30 17 ine
546 4089 74 17 articles
629 4094 20 12 as
658 4094 57 17 many
724 4087 137 24 unscrupulous
870 4087 73 19 traders

506 4112 39 17 will
553 4111 83 25 attempt
644 4113 20 16 to
673 4111 52 21 palm
741 4111 27 18 off
782 4117 12 12 a
810 4111 108 21 substitute,
929 4111 14 18 if

505 4135 87 22 possible,
603 4135 30 20 for
642 4135 31 18 the
688 4135 44 18 suke
741 4135 19 18 of
769 4135 54 18 extra
831 4134 63 23 profit.

1044 295 29 39 •

1639 295 30 39 •

1078 524 16 19 A
1115 524 117 19 First-class
1247 524 39 19 and
1305 524 45 19 well
1359 524 111 24 appointed
1476 524 71 19 House
1561 524 120 19 convenient
1689 524 21 18 to
1719 524 35 18 the

974 576 94 31 HOT
1084 576 203 31 SPRINGS
1311 576 32 31 &
1361 576 235 31 M.TUBAL
1613 576 235 31 Y/ONDKKS

1000 634 56 19 HOT
1081 634 91 19 BATHS
1195 640 25 13 on
1237 634 34 19 the
1292 639 95 19 premises
1430 634 42 19 The
1484 635 96 23 stopping
1590 634 70 17 House
1671 634 31 18 for

1084 665 66 22 THE
1175 664 62 22 SPA
1260 664 107 22 HOTEL
1392 663 170 23 COACHING
1584 663 164 23 COMPANY.

1000 717 89 19 Conches
1103 716 66 19 arrive
1180 717 51 18 from
1242 715 70 25 Taupo
1323 715 117 25 Thursdays
1449 715 40 18 and
1507 715 99 24 Sundays,
1618 715 38 18 and
1672 715 56 18 leave
1744 715 31 19 for
1792 715 61 24 Tanpi

974 743 86 19 Fridnvs
1068 743 41 18 and
1119 743 106 24 Mondays.

1218 793 21 19 M
1248 793 17 19 0
1273 793 18 18 D
1299 793 16 18 E
1323 793 17 18 II
1347 793 18 18 A
1373 793 14 18 T
1395 793 16 18 E

973 910 162 42 ROTORUA
1159 908 90 41 BOOT
1272 908 24 40 &
1314 906 89 42 SHOE

1124 967 125 42 DEPOT,

969 1299 18 18 A
1007 1299 67 25 Large
1093 1300 61 19 Stock
1174 1301 21 18 of
1213 1301 93 22 Gorman,
1324 1298 77 19 French

1037 1326 40 19 and
1088 1326 91 19 Colonial
1189 1327 62 18 Loots
1262 1326 74 25 always

1131 1352 21 20 in
1170 1353 67 19 Stock.

969 1389 66 20 BEST
1044 1389 151 19 MATERIAL.
1232 1389 31 20 BE
1270 1390 30 19 ST
1309 1388 90 20 WORK.

1047 1426 157 19 AUCKLAND
1215 1426 106 19 TRICES.

969 1475 162 23 Hand-sewn
1142 1475 78 23 Boots
1230 1482 15 16 a
1260 1475 137 30 Specialty.

970 1555 215 45 Rotorua
1204 1555 195 53 Bakery

983 1770 104 31 BAKER
1099 1769 286 33 &CONFECTIOER.

1019 1867 84 23 Bread
1116 1868 132 23 delivered
1265 1868 77 30 daily.

1018 1944 165 22 GROCERIES.

1161 1985 144 21 DRAPERY,

965 2058 123 17 GENERAL
1093 2058 207 19 STOBEKEEPEB'S
1307 2059 88 18 GOODS.

990 2116 114 22 Visitors
1115 2117 27 21 to
1157 2116 45 22 the
1217 2116 54 22 Hot
1278 2116 91 23 Lakes.

994 2194 174 45 Palace
1204 2194 160 54 Hotel,

966 2251 64 19 --itnot
1045 2251 11 19 d
1081 2251 19 18 in
1126 2251 34 19 the
1183 2251 50 19 New
1257 2251 135 20 Government

963 2277 107 25 Township
1086 2277 19 18 in
1123 2284 54 12 dose
1195 2277 106 26 proximity
1323 2281 19 16 lo
1362 2277 33 20 the

964 2303 37 19 Rat
1006 2303 28 24 ho,
1051 2302 135 25 Saoatoiiutn,
1207 2304 49 19 Rust
1279 2304 59 19 Office
1357 2304 37 19 aid

963 2330 90 25 Rai.wny
1063 2331 86 18 Station.

990 2382 41 19 The
1041 2382 62 19 Hotel
1115 2383 16 18 ia
1149 2382 124 26 luxuriously
1291 2382 103 21 furnished

963 2408 39 19 aid
1014 2408 77 24 replote
1101 2409 47 20 with
1156 2416 28 12 evi
1194 2416 16 11 i\
1224 2410 102 19 cnvenie'
1337 2416 21 12 re
1365 2409 30 20 For

964 2435 85 20 tourists
1058 2434 40 21 and
1108 2434 74 21 othern.
1217 2436 13 18 It
1255 2443 15 12 e.
1280 2443 31 12 inn
1320 2436 50 18 ands
1385 2441 10 12 a

964 2460 91 26 splendid
1067 2462 47 18 view
1126 2463 20 18 of
1157 2462 35 19 tli**
1201 2462 55 19 Lake
1267 2463 37 18 and
1315 2462 15 19 is
1340 2462 44 19 wiih-

965 2488 18 17 in
994 2493 45 19 pasy
1051 2495 66 12 access
1130 2488 22 20 of
1168 2488 35 20 the
1220 2490 77 23 Geyt-er
1313 2488 51 25 Sprii
1374 2495 20 16 ;,'•

964 2513 21 19 of
996 2513 186 22 Whakarewarewa
1193 2521 17 13 ai
1221 2515 11 18 d
1244 2514 26 20 all
1283 2515 33 19 the
1334 2514 51 24 si^ht-

976 2540 8 19 f
996 2540 33 19 the
1040 2540 84 20 district.

976 2567 34 18 All
1020 2567 106 25 telegrams
1138 2566 103 27 promptly
1251 2568 95 19 attended
1357 2571 26 15 to.

1030 2604 287 47 JOHN~JOHNSTON
1323 2646 6 11 5

1098 2659 170 16 PROPRIETOR.

1506 905 137 23 SPECIAL
1658 905 125 24 NOTICE,

1549 951 60 20 NOW
1622 953 118 18 OPENING

1426 983 70 22 Siiring:
1505 983 37 16 mid
1552 982 85 18 Summer
1651 983 63 16 Goods
1727 983 20 17 in
1759 989 54 16 every
1827 983 31 18 de-

1496 1051 157 18 INSPECTION
1674 1051 114 18 INVITED.

1503 1098 36 34 S.
1561 1098 217 36 HOWARD,

1459 1136 117 21 DEAFER
1593 1136 60 19 AND
1677 1136 148 25 CLOTHIER,

1565 1168 70 19 Comet
1647 1168 70 17 Stoke.

1474 1228 135 42 HORACE
1631 1230 178 42 STEWART,

1425 1288 108 20 SADDLE,
1548 1287 124 21 HARNESS,
1687 1288 53 17 AND
1757 1288 101 19 COLLAR

1594 1315 99 21 MAKER,

1425 1349 71 17 Wishes
1505 1349 19 17 to
1536 1349 63 22 notify
1612 1348 32 18 the
1657 1348 67 18 Public
1741 1350 19 16 of
1773 1349 85 19 Rotorua

1423 1371 38 18 and
1482 1371 127 24 surrounding
1629 1372 74 16 district
1721 1372 43 17 that
1780 1373 24 17 lie
1824 1373 33 17 has

1423 1395 120 18 commenced
1554 1395 84 17 business
1649 1395 20 16 in
1684 1395 32 17 the
1724 1395 59 18 above
1792 1396 37 17 line
1837 1396 19 18 in

1422 1418 33 17 the
1463 1418 89 23 premises
1560 1418 105 23 belonging
1672 1420 21 15 to
1704 1419 22 16 B.
1741 1419 18 17 S.
1778 1420 77 20 Corlett,

1423 1439 74 20 Fentori
1506 1442 67 19 Street,
1583 1447 24 12 on
1617 1441 31 18 the
1660 1442 85 22 opposite
1759 1448 65 12 corner
1836 1444 20 16 to

1421 1464 33 18 the
1464 1465 65 17 Grand
1538 1465 64 20 Hotel,
1613 1465 37 16 and
1659 1465 69 17 solicits
1737 1472 11 10 a
1757 1465 36 17 fair
1802 1466 54 17 share

1421 1488 20 17 of
1450 1488 110 23 patronage.

1445 1511 72 18 Collars
1527 1510 53 19 made
1594 1512 20 16 to
1627 1516 85 13 measure
1725 1517 24 11 on
1766 1512 32 17 the
1811 1518 33 17 pre-

1421 1534 55 17 mises
1485 1541 11 9 a
1505 1534 102 22 speciality.

1421 1580 94 17 Saddler's
1525 1580 57 17 work.
1607 1580 32 17 All
1647 1580 63 18 orders
1719 1582 97 22 promptly
1824 1582 20 17 at-

1421 1603 68 17 tended
1501 1605 26 15 to.

1448 1928 184 45 Robert
1665 1928 156 46 Wake

1420 2008 97 45 BEGS
1526 2010 20 17 to
1555 2008 92 19 intimate
1655 2011 21 16 to
1683 2009 33 18 the
1725 2009 126 19 inhabitants

1493 2034 21 19 of
1528 2034 92 19 Rotorua
1634 2035 39 18 and
1690 2035 34 18 tho
1743 2035 108 25 travelling

1419 2060 69 25 public
1498 2060 105 24 generally
1617 2060 46 19 that
1678 2061 25 18 ho
1719 2061 37 19 has
1773 2067 12 12 a
1805 2063 45 23 trap

1419 2087 89 25 running
1519 2093 59 17 every
1589 2086 55 19 week
1651 2086 91 20 between
1752 2087 96 23 Rotorua,

1420 2112 84 19 Galatea
1515 2112 40 19 and
1566 2112 28 19 Te
1610 2112 79 19 Whaiti
1705 2114 32 17 for
1752 2113 35 19 tho
1802 2119 49 13 con«

1418 2145 87 17 veyance
1516 2139 21 18 of
1547 2145 127 19 passengers,
1688 2139 83 25 parcels,
1791 2140 32 18 &c.

1444 2169 81 18 Parcels
1535 2168 80 20 recived
1625 2169 39 18 and
1677 2169 27 18 ail
1720 2169 130 20 information

1418 2194 61 24 given
1500 2198 21 15 at
1538 2194 25 19 R.
1584 2195 87 19 Wake's
1689 2195 63 19 Store.
1773 2195 77 19 E'enton

1418 2222 73 17 Street.

1517 2347 242 20 ANNOUNCEMENT.

1419 2427 24 43 I
1459 2427 80 20 HAVE
1551 2428 112 25 purchased
1674 2434 11 13 a
1702 2428 38 19 full
1757 2429 56 18 stock
1832 2429 20 19 of

1472 2453 69 25 drugs,
1557 2454 114 23 chemicals,
1690 2455 38 22 &c,
1747 2455 40 18 and
1800 2455 52 19 have

1418 2480 93 25 engaged
1523 2486 12 12 a
1545 2483 113 21 competent
1669 2487 45 12 man
1727 2483 20 16 to
1758 2481 94 24 disponse

1419 2506 34 18 the
1467 2512 56 12 same
1540 2510 21 14 at
1577 2506 34 18 the
1631 2513 43 12 new
1691 2507 50 24 shop
1761 2507 91 24 opposite

1419 2531 34 19 tho
1465 2531 70 19 Grand
1545 2532 69 19 Hotel.

1603 2568 111 19 ROBERT
1731 2569 94 18 WAKE.

966 2704 241 47 KUSABS
1243 2704 152 46 BROS

1071 2770 219 33 MAXO.KU

963 2808 74 41 SAW
1052 2808 24 41 &
1103 2808 152 42 PLANING
1278 2808 116 41 MILLS,

966 2879 268 23 MOUNTAIN
1259 2880 137 24 RIT^IU,

966 2956 132 20 GENUINE
1112 2956 60 20 DRY
1189 2957 79 19 LAND
1286 2957 110 19 TIMBER

1068 2991 30 18 IN
1110 2992 53 16 THE
1176 2992 115 16 MARKET.

965 3038 127 42 MESSRS
1110 3037 101 18 KUSABS
1227 3038 71 17 BROS,
1313 3038 38 22 beg
1366 3043 20 13 re-

1039 3060 103 23 spectfully
1146 3062 21 17 to
1173 3061 72 18 inform
1253 3061 33 18 the
1298 3062 66 17 Public
1378 3062 20 17 of

966 3084 77 16 lioturua
1052 3084 32 15 and
1095 3085 73 19 \iomity
1176 3085 39 14 ili.it
1224 3086 23 13 It.c
1253 3090 11 14 y
1280 3085 43 15 liuve
1338 3086 48 14 estab-

966 3105 53 16 lished
1029 3111 10 9 ii
1048 3104 43 21 yard
1100 3105 16 15 in
1131 3105 41 16 Hiu<
1178 3109 63 12 woa-st
1253 3104 3 21 ,
1266 3107 32 14 and
1314 3111 30 10 can
1359 3111 38 10 now

965 3128 62 19 supply
1037 3126 28 15 the
1074 3126 51 15 finest,
1133 3126 42 16 class
1190 3128 16 14 it
1224 3126 25 16 Pu
1317 3127 79 15 Material

965 3147 17 16 in
991 3148 29 15 the
1030 3147 73 16 Market.
1121 3148 14 15 It
1147 3148 12 15 is
1168 3148 101 21 i.tuqu.illid
1279 3149 15 15 in
1304 3147 92 22 durability

966 3170 34 14 und
1010 3168 103 22 impervious
1123 3171 16 13 to
1149 3169 28 16 the
1186 3170 67 14 amioks
1269 3170 19 15 of
1300 3170 50 15 borer
1363 3170 34 15 and

965 3190 31 20 dry
1010 3193 31 13 rot.
1064 3190 53 15 Their
1126 3190 82 16 sawmills
1217 3195 28 12 are
1254 3191 48 15 fitted
1312 3191 42 15 with
1369 3191 29 15 the

966 3214 45 13 most
1020 3211 70 16 modern
1099 3211 83 21 nppliai.ei
1190 3217 7 10 m
1207 3212 34 15 and
1250 3212 29 15 the
1287 3213 36 14 firm
1337 3212 15 15 is
1360 3212 38 15 able

966 3236 17 12 to
1000 3232 62 21 supply
1079 3238 33 15 any
1129 3234 81 19 quantity
1226 3233 18 15 of
1260 3233 37 21 Dry
1316 3233 82 20 Building

966 3253 82 16 Material
1057 3259 20 10 on
1087 3254 29 15 the
1124 3256 75 13 shoitest
1206 3255 62 16 m.tice.

967 3297 140 28 Skirtings,
1114 3297 180 28 Architraves,
1300 3297 82 24 Mould-

1003 3327 66 29 ings,
1082 3327 51 22 and
1143 3326 112 25 Dressed
1265 3328 101 23 Timber

1034 3358 27 22 of
1069 3365 80 22 every
1164 3358 166 29 description,

1058 3388 110 31 Always
1178 3395 34 16 on
1221 3388 84 24 Hand.

996 3422 118 23 HENATJ
1125 3421 108 25 HOUSE
1242 3423 129 24 BLOCKS.

989 3470 49 16 Price
1047 3470 47 16 Lists
1102 3475 21 10 on
1132 3470 104 22 application
1245 3472 19 14 to

966 3500 226 34 KUSABS
1229 3501 169 38 BROS,,

1041 3542 118 18 MAMAKU
1171 3547 26 13 on
1211 3542 113 18 OHAUPO.

1095 3571 26 18 Or
1130 3572 20 16 at
1158 3572 32 17 the
1203 3572 68 19 Yards,

989 3598 125 19 HTNEMOA
1127 3598 102 20 STREET,
1250 3598 126 18 ROTORUA.

966 3664 35 19 TO
1014 3664 58 18 THE
1088 3663 105 19 PUBLIC
1208 3663 35 20 OF
1262 3663 136 20 KOTOEUA.

968 3715 93 44 IBEG
1073 3718 20 17 to
1103 3715 64 20 thnnk
1178 3715 34 19 the
1225 3715 73 19 Public
1309 3716 21 18 of
1338 3715 48 19 Roto-

1021 3748 38 13 run
1080 3742 31 19 for
1126 3741 54 20 their
1185 3741 83 20 favours
1281 3742 73 25 during
1366 3741 32 21 the

966 3771 45 22 past
1022 3768 70 18 fifteen
1102 3774 64 18 years,
1179 3767 40 19 and
1234 3770 21 16 to
1271 3768 66 24 notify
1356 3767 42 20 that

966 3795 32 19 for
1008 3794 34 20 the
1055 3794 133 19 convenience
1198 3793 21 19 of
1229 3793 99 19 residents
1337 3794 61 18 intho

968 3822 49 18 JVew
1029 3819 115 26 Township,
1158 3819 39 19 und
1209 3826 31 18 my
1254 3820 57 18 trade
1329 3826 58 19 gener-

966 3847 48 24 ally,
1027 3846 9 19 1
1048 3846 52 18 have
1110 3845 53 19 built

994 3880 50 21 New
1055 3880 104 20 Premises
1166 3886 23 13 rs
1196 3880 84 19 Eenton
1288 3879 84 25 Street,

968 3912 64 19 which
1043 3918 52 12 weie
1105 3911 79 24 opened
1190 3911 33 19 for
1234 3911 92 18 business
1335 3916 26 13 on

1062 3944 153 21 SATURDAY
1228 3945 74 19 LAST.

966 3984 12 19 I
997 3982 42 22 will
1057 3989 45 13 now
1121 3982 26 19 bo
1165 3982 100 26 prepared
1287 3985 21 16 to
1326 3982 72 26 supply

1107 4013 71 20 Prime
1198 4012 62 20 Meat

967 4047 20 19 in
1000 4046 49 19 both
1060 4045 51 20 Now
1123 4045 40 19 and
1173 4045 39 19 Old
1221 4043 126 26 Townships.

1000 4099 42 23 An
1055 4097 153 31 Inspection
1222 4097 23 23 is
1260 4097 107 23 invited.

1175 4128 102 18 HENRY
1292 4128 81 18 KIRK.

1638 2952 35 41 H.
1708 2952 119 49 SIMON,

1616 3005 89 25 (Lateof
1713 3005 138 26 Melbourne.)

1625 3054 113 18 Phacticax
1759 3055 81 18 T.uj.oj:.

1613 3127 106 23 Clothes
1731 3129 76 21 made
1826 3130 26 21 to

1640 3153 75 23 order
1732 3161 33 15 on
1781 3154 45 23 the

1666 3179 135 24 shortest

1685 3206 94 23 notice.

1615 3329 22 18 be
1647 3328 94 25 equalled
1758 3329 20 17 in
1796 3330 54 18 town

1614 3365 111 18 Address:
1742 3365 110 19 ArawaSt.

1686 3390 100 20 llotorua.

1444 3488 165 26 MQMEY
1633 3492 56 23 TO
1715 3493 118 25 LEND

1488 3537 299 31 LOWEST_RATES.

1526 3577 52 17 Apply
1585 3580 17 11 to
1609 3582 30 11 nnv
1645 3580 46 13 office
1697 3581 17 12 of
1720 3580 28 14 tho

1440 3600 124 22 GOVERNMENT
1581 3603 103 21 INSURANCE
1703 3605 129 22 DEPARTMENT.

1579 3650 16 14 J.
1603 3651 19 13 H.
1630 3651 137 18 BICHABDSON,

1558 3716 160 24 ROTORUA.

1444 3890 49 23 (Ono
1500 3890 89 18 minute's
1597 3892 49 17 walk
1655 3893 48 17 from
1711 3894 32 19 the
1749 3895 72 18 Govcrn-

1574 3916 52 16 lnont
1634 3916 75 23 Baths.)

1542 3972 189 24 TeR7VTS:

1449 4005 45 23 35s
1503 4012 45 24 per
1567 4008 87 28 week;
1674 4008 29 23 6s
1718 4015 45 23 per
1772 4010 57 30 day.

1449 4036 62 23 Two
1522 4037 90 23 weeks
1621 4045 27 16 or
1659 4038 98 29 longer,
1775 4040 54 24 30s.

1458 4085 27 31 C.
1519 4074 304 53 HAWKER~WILSON,

1548 4128 186 20 PROPRIETOR.

964 4224 102 41 Ask
1096 4224 73 38 for
1195 4223 265 39 Hancocks
1488 4223 276 41 Celebrated
1795 4224 191 41 XXXX
2010 4226 114 41 Ales
2152 4231 95 36 and
2273 4229 149 38 Stout.

2331 168 327 71 HOTEL

1907 352 40 18 One
1956 351 38 18 and
2003 358 10 11 a
2022 352 41 18 half
2071 354 52 17 miles
2133 355 49 16 from
2191 355 32 16 the
2232 355 45 17 Post
2286 355 63 18 Office.
2374 356 32 18 All
2413 357 82 17 Couches
2502 357 47 17 from
2557 357 96 21 Tokaanu,
2659 358 71 21 Napier
2734 357 38 17 and

1885 374 83 18 Rotorua
1977 381 31 11 are
2018 376 38 17 met
2064 376 26 22 by
2097 377 33 16 the
2224 378 88 20 Coaches,
2322 379 37 16 and
2367 379 75 17 visitors
2451 379 96 22 conveyed
2559 381 19 16 to
2592 379 33 17 the
2733 381 39 16 free

2274 402 21 16 of
2303 402 75 22 charge.

1909 426 43 18 The
1992 426 61 23 SPA
2092 428 18 19 is
2123 428 34 19 the
2168 428 67 19 Home
2245 430 22 17 of
2276 430 35 18 the
2320 430 88 19 Famous
2424 430 93 23 Crow's
2531 430 66 22 Nest
2613 430 106 28 Geyser,
2737 431 35 19 the

1884 451 82 18 Witches
1976 452 100 21 Cauldron,
2091 454 123 22 Champagne
2229 454 75 23 Geyser,
2321 454 62 24 Milky
2397 456 75 21 Geyser.
2491 456 107 22 Flesh-pot,
2614 456 90 23 Porridge
2721 457 50 16 Pots.

1884 475 122 18 Blow-holes,
2018 475 80 18 Hannah
2109 477 75 21 Geyser,
2196 477 32 16 the
2236 477 66 17 Lesser
2316 478 69 17 Crow's
2398 478 54 21 Nest,
2467 479 63 17 Venus
2546 478 57 18 Bath.
2618 478 74 18 Satan's
2708 480 58 21 Glory
2768 474 4 27 i

1884 498 40 15 Salt
1933 498 77 21 Spring,
2020 498 148 22 Paddle-wheel,
2178 499 37 17 and
2224 500 71 17 several
2303 501 54 16 other
2365 501 61 22 sights
2432 501 21 17 of
2460 501 84 17 interest.
2569 501 78 17 Guide's
2656 502 28 16 fee
2693 502 19 16 2s
2728 502 45 16 each

1884 525 73 16 person.

1907 543 39 17 The
1955 543 75 17 lIUKA
2043 544 86 17 FALLS.
2154 545 81 17 Visitors
2244 546 20 17 to
2272 546 33 17 the
2333 546 37 22 Spa
2395 546 95 22 conveyed
2498 547 39 17 free
2545 547 21 17 of
2574 546 76 24 charge

2324 574 11 12 o

1907 588 40 17 The
1953 588 162 19 accommodation
2123 590 21 17 at
2150 590 34 18 the
2276 591 17 18 is
2299 591 27 17 all
2335 591 40 18 that
2391 597 35 11 can
2441 592 24 17 be
2481 592 79 17 desired.
2592 593 64 21 Every
2672 592 102 18 Bed-room

1884 612 108 16 over-looks
2001 612 32 16 the
2042 612 89 17 Gardens.
2157 613 77 17 Private
2244 614 60 17 Suites
2313 614 20 17 of
2341 615 130 21 Apartments.
2499 616 63 22 Large
2577 616 155 22 Drawing-room
2745 616 30 17 for

1884 634 73 17 Ladies.
1984 634 126 19 Comfortable
2121 635 162 23 Smoking-room.

1908 658 53 15 THE
1974 657 84 18 MAORI
2072 658 103 17 CARTED
2188 659 97 18 DINING
2297 659 71 18 nALL
2377 661 48 17 seats
2437 666 35 13 one
2485 661 88 18 hundred
2586 667 78 17 persons
2678 662 38 17 and
2730 668 33 11 con-

1884 680 50 16 tains
1943 680 25 16 all
1978 685 84 16 separate
2072 681 59 17 tables
2141 682 30 16 for
2178 682 74 21 private
2261 683 69 21 parties
2338 689 21 11 or
2371 684 76 17 friends.

1908 703 53 16 THE
1970 703 86 17 LARGE
2065 704 58 19 HOT,
2134 704 67 17 COLD
2211 706 15 16 &
2236 705 77 17 TEPID
2319 706 139 18 SWIMMING
2464 708 70 17 BATH
2542 708 75 22 adjoins
2625 708 32 16 the
2666 707 107 19 Bedrooms.

1908 726 39 15 The
1956 726 123 17 SULPHUR
2088 727 69 18 BATH
2166 727 15 17 is
2191 728 75 22 equally
2274 729 104 17 efficacious
2386 736 20 10 as
2413 731 33 16 the
2452 731 74 17 famous
2532 731 61 17 Priest
2598 731 51 17 Bath
2656 731 20 17 of
2683 731 90 17 Kotorna.

1907 748 40 17 The
1954 749 80 17 TEPID
2046 750 69 17 BLUE
2129 750 70 17 BATH
2206 752 17 15 is
2231 757 45 17 very
2285 752 111 23 refreshing.

2095 774 52 16 ALL
2154 774 85 18 BATHS
2248 774 38 18 free
2295 776 19 16 to
2323 776 80 17 Visitors
2411 778 20 15 to
2440 777 32 16 the

1938 793 44 20 Ihe
1992 793 94 21 Grounds
2095 802 35 14 are
2142 796 43 20 laid
2194 799 36 17 out
2246 798 20 18 in
2284 798 67 20 choice
2371 799 120 24 Rose-beds,
2512 800 141 22 Shrubberies,
2670 800 103 18 Beautiful

1884 820 96 24 Flowers,
1992 821 51 18 Fine
2054 821 135 25 Plantations,
2201 823 50 19 Turf
2261 824 74 19 Tennis
2354 825 69 23 Lawn,
2439 825 126 20 Promenade
2584 826 41 19 and
2645 826 130 19 Ornamental

1884 846 81 19 Lawns.

1938 872 58 19 Good
2008 873 61 20 Grass
2079 873 112 24 Paddocks,
2203 875 102 25 Stabling,
2317 875 69 20 llorstT
2394 877 60 23 Feed,
2465 878 32 18 &c.

2330 908 9 11 o

1886 920 115 25 Visitors
2016 924 134 28 conveyed
2159 924 56 22 free
2225 924 28 22 of
2262 925 94 28 charge
2366 927 28 21 to
2402 927 70 21 meet
2482 926 36 22 all
2535 926 109 23 coaches
2657 927 103 29 proceed-

2169 950 47 28 ing
2229 952 28 21 to
2272 951 120 23 different
2406 953 80 27 parts.

2017 997 126 24 TAEIFF
2154 997 4 24 :
2178 1000 35 18 10s
2226 999 55 19 PEE
2297 1000 64 18 DAY.
2391 1000 29 19 £2
2437 1002 34 18 10s
2481 1001 56 19 PER
2549 1002 94 19 WEEK.

1909 1045 81 25 Special
1997 1047 126 19 concessions
2129 1049 20 17 to
2156 1047 99 20 Families
2261 1049 39 18 and
2309 1049 55 24 large
2373 1050 75 24 parties
2455 1050 85 25 making
2548 1058 11 12 a
2567 1051 125 25 lengthened
2698 1053 51 23 stay.

2318 1080 27 12 -

1886 1093 12 20 A
1898 1094 7 9 r
1906 1094 68 19 isitors
1985 1101 47 19 may
2041 1096 124 25 confidently
2176 1100 61 16 count
2246 1104 54 18 upon
2311 1105 59 18 every
2380 1105 45 12 care
2435 1100 40 18 and
2485 1100 99 19 attention
2596 1103 20 16 to
2625 1100 54 19 their
2685 1101 89 23 comfort,

2189 1123 40 18 and
2239 1124 76 24 civility
2324 1125 51 18 from
2384 1125 35 19 the
2429 1126 54 18 staff.

1989 1147 117 19 First-class
2116 1148 71 19 Table.
2321 1150 127 20 Abundanco
2458 1152 21 18 of
2488 1152 59 19 Fruit
2557 1152 20 19 in
2588 1152 82 19 Season.

1884 1172 40 19 Tea
1935 1173 40 19 and
1987 1173 69 19 Coffee
2067 1174 71 19 served
2149 1174 22 19 in
2187 1175 35 19 the
2239 1176 79 24 Dining
2333 1176 51 19 Hall
2401 1178 106 25 mornings
2527 1178 40 19 and
2584 1178 123 20 afternoons.
2743 1178 32 19 No

2257 1204 57 17 extra
2324 1202 82 26 charge.

2020 1251 104 35 THE
2314 1254 242 35 COACHING
2580 1256 63 33 CO,

2064 1294 43 16 Pun
2117 1294 82 18 Coaches
2209 1296 20 16 to
2239 1296 31 16 the
2278 1296 98 23 following
2384 1297 63 22 places
2456 1298 20 16 of
2484 1294 88 25 interest:
2574 1308 24 2 —

1886 1324 134 26 Tokaanu,
2031 1324 118 26 Thursdays
2159 1326 40 19 and
2214 1327 99 25 Sundays.
2342 1328 52 19 Fare
2403 1330 29 18 ss.

2037 1350 121 30 Geysers,
2170 1353 62 24 daily,
2244 1353 93 25 Sundays
2347 1354 101 20 included.
2477 1355 51 19 Faro
2539 1357 21 17 2s
2572 1356 31 18 (id.

1885 1381 34 17 AR
1921 1382 48 17 ATE
1971 1383 49 16 ATE
2022 1383 15 16 A
2046 1383 100 21 RAPIDS,
2157 1383 58 24 daily.
2241 1385 47 17 Fare
2300 1387 19 15 3s
2328 1385 30 19 6d.

1885 1404 145 19 ROTOKAAVA
2043 1406 123 18 SULPHUR
2178 1407 77 18 LAKE.
2281 1408 47 18 Fare
2337 1410 19 16 7s
2364 1409 30 20 (3d,
2404 1416 38 13 any
2451 1410 51 17 time.

2134 1509 112 21 BEFORE
2260 1511 144 20 ORDERING
2417 1512 64 19 ELSE-

2097 1568 109 20 WHERE
2217 1569 58 20 THE
2294 1570 104 21 PUBLIC
2413 1571 56 19 ARE
2488 1572 29 19 IN-

2135 1627 87 21 VITED
2239 1629 33 19 TO
2285 1629 71 20 CALL
2369 1630 59 19 AND
2441 1631 50 19 SEE

2176 1688 68 19 NEW
2258 1689 146 20 MATERIAL
2421 1690 34 20 IN

2097 1747 163 29 SUITINGS,

2176 1797 170 30 COATINGS,

2243 1848 170 29 VESTINGS,

2293 1958 236 29 TROUSERINGS,

2121 2075 31 39 H.
2187 2075 40 39 W,
2263 2073 241 44 NEIGHBOUR'S,

2839 155 29 38 A.
2897 157 68 40 AND
2991 159 30 40 G,
3049 158 127 46 BROOK,

2794 204 80 24 BOOT
2888 207 69 23 AND
2973 210 81 23 SHOE
3074 210 148 27 MAKERS,

2853 236 86 21 Pen-ion
2954 239 87 27 Street,
3064 243 106 19 Uotobua.

2794 267 47 20 And
2864 270 21 17 at
2914 269 80 21 Parnell
3018 273 39 20 atd
3085 273 139 21 Newmarket.

2821 320 66 24 Large
2897 321 38 18 and
2947 323 65 19 vaiied
3028 325 61 20 Stock
3101 327 21 18 of
3132 326 91 25 English,

2795 345 88 25 Foreign
2894 347 39 18 and
2944 348 89 22 Colonial
3043 352 61 20 Boots
3115 354 38 18 and
3161 353 64 19 Shoes

2857 372 22 19 to
2890 372 70 20 choose
2972 376 48 19 from
3031 379 23 17 at
3064 378 33 19 the
3108 381 52 17 most

2831 403 212 37 REASONABLE
3064 410 125 32 PRICES.

2863 443 94 22 GREAT
2971 446 187 26 RBDTJCTKXNS;

2822 473 95 27 Clearing
2936 481 36 14 out
2991 478 59 21 Stock
3069 481 32 20 for
3124 482 74 26 Spring

2949 503 32 19 Shi
2987 503 3 25 |
3000 509 69 17 merits,

2798 530 34 19 All
2847 532 69 20 ciders
2933 534 37 19 and
2989 536 73 26 repairs
3078 540 147 25 expeditiously

2959 563 100 20 executed.

2840 614 31 42 1
2896 615 37 42 1.
2967 616 215 56 pstfies,

2927 684 168 24 FRUITERER.

2825 733 56 20 Next
2891 733 98 22 Saddler's
3002 738 55 25 shop,
3067 739 133 21 Obinemufu.

2801 764 44 20 Has
2855 765 75 25 alnays
2945 774 9 11 a
2970 769 50 24 geed
3035 771 72 24 supply
3122 772 23 19 of
3163 773 63 20 Fresh

2874 791 64 25 Fruit,
2949 793 47 19 both
3012 795 48 19 local
3069 798 38 18 and
3118 798 23 19 im-

2926 819 68 25 ported
3006 825 24 14 On
3041 821 58 21 Land.

2853 896 56 19 stock
2920 896 20 19 of
2952 896 84 26 Biscuit,
3049 900 126 20 Confection.

2800 927 34 19 ery
2845 922 39 19 and
2895 925 91 16 Summer
3000 924 75 20 Drinks
3087 928 21 17 at
3125 928 103 20 Moderate

2977 950 75 20 Prices.

3014 1002 6 17 I
3041 1002 17 17 O
3074 1002 18 17 It
3109 1003 18 17 L
3142 1004 16 17 E
3176 1005 16 17 I
3208 1005 20 19 T.

2801 997 52 45 B.
2895 1000 43 43 S.
2987 1000 33 44 C

2906 1073 221 25 ARCHITECT,

2880 1107 97 26 Building
2991 1110 108 24 Surveyor,
3118 1111 34 18 &c.

2893 1144 32 20 for
2944 1145 33 20 the
3000 1146 99 20 National
3123 1147 47 20 Fire
3193 1149 38 18 and

2892 1171 80 20 Marine
2979 1172 113 21 Insurance
3104 1174 37 19 Co.

2910 1225 23 19 a
2952 1221 166 50 M°A*
3128 1228 74 19 t,T
3202 1242 5 38 :

2803 1293 122 24 Plumber
2942 1296 22 21 &
2974 1296 111 23 General
3096 1298 135 24 Mechanic

2894 1345 131 19 TUTAXEKAI
3044 1346 91 24 S'TBEET,

2803 1458 137 24 BARBER
2954 1461 21 21 &
2991 1461 240 25 HAIRDRESSER.

2827 1638 56 20 HAS
2896 1638 112 21 OPENED
3028 1640 48 20 HIS
3090 1641 114 24 SALOON,

2801 1695 79 19 NEXT
2895 1696 75 19 DOOR
2984 1696 34 20 TO
3031 1697 40 18 MK
3088 1698 143 20 SAMSON'S.

2841 1799 87 20 Setting
2941 1800 83 20 Razors
3036 1808 12 13 a
3063 1802 122 20 Specialty.

2824 1854 146 41 JECKLIN
3004 1856 24 40 &
3060 1856 147 48 COTTER,

2875 1924 114 20 FAMILY
3005 1925 155 25 BUTCHERS,

2852 1974 80 19 Abawa
2956 1974 91 24 Street,
3070 1976 107 19 Rotokua.

2825 2023 60 19 Have
2894 2025 21 17 to
2926 2023 63 20 thank
3001 2024 35 20 the
3046 2024 74 20 Public
3137 2025 21 19 of
3168 2025 50 20 Roto-

2799 2056 35 12 rua
2850 2049 33 19 for
2892 2053 45 21 past
2946 2049 84 21 favours
3041 2051 37 19 and
3092 2051 38 24 beg
3140 2054 21 16 to
3177 2054 54 17 state

2799 2076 48 25 they
2860 2075 39 19 will
2916 2078 96 18 continue
3032 2080 20 16 to
3069 2078 60 18 merit
3146 2081 85 22 support

2798 2102 24 25 by
2835 2102 107 26 providing
2953 2103 34 19 the
2998 2104 44 18 best
3049 2104 79 25 quality
3139 2104 21 19 of
3178 2108 53 16 meat

2869 2152 37 19 AT
2920 2152 118 19 LOWEST
3052 2153 105 20 PRICES.

2862 2207 147 21 OKOH

3080 2209 48 46 y
3142 2210 43 19 ie
3201 2209 27 20 w

2797 2301 431 34 BOABLINGHOtTSK

2798 2361 110 27 Opposite
2923 2361 38 20 the
2977 2362 54 19 Post
3043 2362 45 19 and
3099 2364 129 25 Telegraph

2972 2387 78 21 Office.

2796 2418 45 19 And
2862 2425 48 12 near
2930 2419 33 20 the
2983 2420 118 19 Celebrated
3128 2420 100 21 PRIEST

2836 2445 115 19 RACHEL
2968 2447 39 18 and
3020 2446 56 20 other
3087 2446 98 25 BATHS,

2939 2472 142 20 ROTORUA.

2829 2522 113 41 MRS
2984 2524 207 49 YOUNG,

2927 2572 171 22 PIIOPBIETRESS.

2874 2604 93 21 TERMS
2982 2606 164 19 M('DERATE.

2854 2663 39 42 W.
2921 2665 31 39 A,
2981 2665 188 42 WILLIAMS'

2799 2737 219 24 PIONEER
3062 2740 166 27 STORE,

2875 2776 99 24 Opposite
2991 2776 71 20 Palace
3081 2777 25 18 Hi
3114 2778 33 19 tel.

2795 2826 137 27 GROCERY,

2836 2859 136 19 OILMEN'S
2987 2858 111 26 STORFS,

2876 2889 218 24 IRONMONGERY,

2927 2919 74 22 CROC
3005 2919 108 22 KERYW
3116 2921 38 20 AR

2980 2956 143 24 DRAPERY,
3141 2958 40 22 &c,
3193 2958 33 20 &c.

2824 2989 14 15 A
2857 2985 147 21 w<l!-assorted
3021 2987 57 19 st;-ck
3098 2987 19 19 in
3135 2988 26 18 all
3178 2988 51 20 lines

2796 3012 21 19 of
2827 3012 33 19 the
2869 3012 62 19 above
2942 3015 19 17 at
2972 3013 71 19 lowest
3054 3020 71 16 prices.

2796 3047 49 19 New
2857 3046 85 19 Zealand
2951 3048 65 25 Dairy
3025 3047 146 20 Association's
3179 3049 37 20 Fac-

2832 3075 44 22 tory
2888 3073 73 19 Butter
2972 3074 55 19 fresh
3038 3074 57 19 ti\icc
3106 3075 82 25 weekly.

2871 3108 49 19 New
2930 3109 49 18 Laid
2991 3109 60 24 Bugs,
3062 3110 42 23 &c,
3117 3110 34 19 <6e.

2813 3244 46 32 H.
2871 3243 57 33 W,
2945 3244 267 39 MITCHELL,

2895 3303 117 22 Sutljousco
3022 3303 110 24 j&urbCDor,

2944 3361 141 24 ROTORUA.

2826 3422 174 23 WYNYARD
3013 3422 190 29 &PURCHAS,

2859 3457 128 19 Baiikisters
2994 3462 42 12 and
3048 3457 123 24 Solicitors,

2797 3495 83 25 Temple
2887 3495 118 23 Chambers,
3014 3495 59 26 High
3080 3496 27 25 St,
3117 3497 107 20 Auckland

2798 3556 81 31 "W/'R
2893 3563 51 12 lmvo
2953 3564 73 18 money
3036 3561 19 16 to
3066 3558 47 19 lend
3125 3566 25 12 on
3168 3559 49 19 Mort-

2810 3577 13 11 *
2833 3589 7 9 »
2887 3589 53 19 gage
2950 3584 21 18 of
2987 3584 99 19 Freehold
3102 3585 41 19 and
3158 3585 60 19 Lease-

2797 3608 48 19 hold
2854 3613 95 21 property
2960 3612 21 16 at
2991 3615 82 14 current
3082 3614 61 16 rates.

2892 3662 28 41 F.
2964 3663 171 49 GOODSOM,

2939 3721 151 32 ROTORUA

2799 3764 82 31 COAL
2899 3765 25 31 &
2944 3765 168 33 FIREWOOD
3131 3766 94 35 YARD,

2883 3810 143 19 PUKTJATUA
3038 3811 100 21 STREET,

2822 3890 61 18 Gfoods
2893 3890 91 19 delivered
2994 3892 49 17 after
3055 3892 67 17 amvul
3137 3892 19 17 of
3168 3891 57 18 trains

2798 3914 19 17 to
2826 3914 23 16 till
2860 3915 51 21 parts
2921 3914 19 18 of
2949 3914 31 19 the
2991 3917 49 15 town
3050 3914 44 18 with
3102 3915 120 22 promptness.

2797 3944 61 24 Large
2867 3946 56 17 Stuck
2937 3946 21 17 of
2974 3947 44 17 Coal
3034 3947 37 17 and
3088 3945 93 19 Firewood
3195 3945 18 16 al-

2867 3975 51 16 ways
2927 3974 24 12 on
2959 3969 50 17 hand
3020 3970 36 17 and
3066 3968 90 19 delivered

2935 3994 21 15 at
2964 3992 32 17 the
3008 3992 81 18 .shortest

2978 4015 66 18 notice.

2820 4043 67 17 RATA
2891 4048 42 13 and
2938 4043 70 19 TAWA
3018 4049 25 11 at
3049 4047 76 13 lowest
3133 4046 65 13 hates.

2877 4114 80 25 printed
2969 4114 88 25 heading
3069 4116 19 16 at
3098 4113 62 26 cheap
3167 4114 55 19 rates

1997 2194 268 76 LAKE
2319 2194 334 79 HOUSE

1907 2286 344 57 Hydropathic
2295 2285 161 52 Hotel,
2506 2286 233 47 Rotorua.

2164 2342 225 33 ESTABLISHED
2411 2343 76 32 1881.

1876 2383 73 19 Under
1963 2382 36 20 the
2010 2383 111 25 ;atrnrage
2132 2381 22 20 of
2163 2382 34 19 SSir
2264 2381 86 24 JervoiH,
2367 2382 48 19 Farl
2434 2384 37 17 and
2490 2381 102 21 Counters
2612 2383 22 19 of
2653 2382 117 27 HopctouD,

2048 2409 35 19 the
2095 2409 55 19 lion.
2163 2408 88 20 Premier
2262 2407 37 20 and
2317 2408 28 19 Mi
2355 2408 63 19 nibcrß
2435 2408 22 19 of
2469 2409 129 19 Parliament.

1902 2461 43 20 Tlie
1956 2461 64 19 Hotel
2035 2461 13 18 is
2060 2461 89 19 situated
2160 2467 25 12 on
2196 2467 25 12 an
2232 2460 91 19 elevated
2336 2460 87 26 position
2434 2468 24 12 ou
2471 2461 34 20 tlie
2516 2461 69 20 shores
2601 2462 21 19 of
2638 2462 55 19 Lake
2708 2462 50 19 Soto-

1876 2495 44 17 rua,
1931 2488 122 19 convenient
2065 2491 20 16 to
2095 2488 25 19 all
2132 2487 34 18 ih-
2179 2487 64 23 sights
2254 2486 19 20 in
2286 2487 33 18 tlie
2330 2487 87 20 district.

1952 2514 115 30 Sulphur
2080 2514 51 23 and
2143 2513 114 23 Mineral
2270 2513 84 23 .Baths
2399 2514 35 18 the
2446 2514 97 19 Grounds
2554 2514 21 19 of
2586 2514 34 20 the
2631 2514 69 21 Hotel.

1903 2568 28 17 To
1943 2569 53 16 meet
2007 2566 35 19 the
2061 2566 82 19 dulness
2156 2566 21 18 of
2187 2566 35 18 the
2233 2566 57 18 tirais
2301 2572 11 12 a
2322 2565 71 27 cha'ge
2403 2566 22 19 of
2436 2567 29 18 £2
2476 2568 22 17 2s
2510 2573 35 19 per
2557 2567 54 19 we<k
2623 2567 38 18 will
2673 2567 23 20 be
2714 2567 56 19 made

1876 2593 33 19 for
1920 2599 11 13 a
1943 2592 122 24 lengthened
2077 2596 50 22 stay.
2157 2593 72 19 Ur.der
2240 2599 37 11 one
2288 2599 12 11 m
2307 2592 35 19 etk
2354 2597 21 14 hi-
2387 2599 35 18 per
2432 2592 46 26 day.

1878 2645 129 20 N.B.—Mrs
2018 2644 87 20 Graham
2117 2646 39 18 will
2168 2645 42 18 also
2221 2645 96 19 continue
2328 2647 20 17 to
2359 2645 104 22 supervise
2474 2645 34 19 the

2000 2677 131 23 GEYSER
2153 2677 109 23 HOUSE
2283 2677 241 24 HYDROPATHIC
2537 2677 116 28 HOTEL,

2389 2703 38 24 El,

1877 2729 62 20 which
1957 2730 35 19 has
2011 2730 80 19 become
2108 2737 10 12 a
2141 2729 87 27 pojular
2245 2731 38 18 and
2302 2729 99 21 favouiitt
2421 2733 65 16 risort
2502 2733 92 23 fmorgft
2610 2730 104 19 travellers
2731 2731 39 19 and

2277 2756 92 20 invalids

2011 2783 18 19 A
2046 2782 107 20 reduction
2170 2782 16 19 is
2205 2783 59 19 made
2281 2785 21 16 to
2313 2783 75 24 weekly
2400 2789 22 12 or
2432 2783 91 25 monthly
2535 2783 19 18 b(
2561 2783 77 19 an'ere.

1878 2809 69 20 Gui.ie
1957 2809 68 20 Books
2037 2809 38 20 and
2084 2809 134 20 information
2230 2809 62 24 giatis
2306 2812 21 17 at
2338 2808 54 20 Cook
2409 2809 39 20 and
2467 2809 57 20 Sols'
2541 2810 52 24 (sole
2609 2810 79 24 ageLt<)
2705 2809 65 20 offices

2191 2835 126 26 throughout
2330 2836 33 19 the
2374 2836 84 25 Colcny.

1880 2884 100 45 Mrs
1998 2884 56 47 R.
2074 2884 275 56 GRAHAM,
2375 2909 18 9 -
2415 2884 353 57 Proprietress.

1877 3003 498 79 ATIAMURI
2443 3004 329 79 HOTEL

2109 3102 31 19 On
2151 3102 34 18 the
2197 3101 67 19 banks
2277 3102 21 18 of
2310 3102 34 18 the
2354 3101 98 21 Waikato
2465 3101 68 19 River.

1877 3149 159 24 Patronised
2049 3150 36 30 hy
2095 3150 47 23 the
2155 3150 62 23 Earl
2229 3150 51 23 and
2288 3150 127 23 Countess
2430 3150 28 22 of
2476 3149 111 28 Onslow,
2605 3149 126 23 Countess
2746 3148 28 23 of

1946 3180 122 30 Glasgow
2081 3180 52 23 and
2150 3180 81 24 Suite.
2244 3180 40 23 Sir
2297 3180 76 23 Thoe.
2389 3180 52 23 and
2451 3180 74 30 Lady
2540 3177 171 26 Mcllwraith.

1904 3301 93 20 Situated
2009 3301 90 22 halfway
2109 3302 93 19 between
2216 3301 98 23 Eotorua,
2332 3300 71 25 Taupo
2424 3300 41 19 and
2483 3300 105 19 Lhhfield.
2627 3300 43 19 The
2686 3301 79 24 starting-

1879 3328 57 25 place
1947 3328 33 18 for
1992 3328 34 18 the
2036 3328 158 19 Aniwhaniwba
2205 3327 62 20 Falls,
2279 3327 34 18 the
2324 3326 171 19 Orakei-Korako
2505 3326 35 19 red
2551 3326 40 20 and
2603 3326 59 20 white
2671 3326 101 24 Terraces,

1879 3354 94 24 Geysers,
1985 3354 61 18 Alum
2056 3354 72 23 Caves,
2142 3355 40 22 &c,
2193 3356 20 17 to
2224 3352 65 21 which
2299 3359 12 12 a
2321 3359 43 12 new
2375 3352 40 19 and
2426 3359 47 18 easy
2488 3352 57 19 traiik
2560 3353 18 18 is
2594 3359 44 12 now
2654 3352 118 25 completed.

1878 3380 98 19 Distance
1987 3380 47 19 nine
2043 3380 64 23 miles,
2122 3380 48 19 four
2178 3380 22 19 of
2211 3379 66 19 which
2287 3385 37 13 can
2337 3378 26 19 be
2373 3378 71 19 driven
2453 3385 48 13 over
2513 3379 17 18 ii
2540 3378 85 19 desired.
2654 3378 43 19 Hot
2713 3379 60 18 baths

1878 3406 41 19 and
1930 3406 48 19 falls
1989 3406 70 19 within
2071 3408 24 17 10
2102 3407 90 18 minutes
2201 3406 64 19 drive.

2011 3454 57 20 Good
2079 3456 55 18 trout
2145 3454 77 25 fishing
2232 3453 40 20 and
2283 3453 95 25 shooting
2389 3453 21 19 in
2420 3453 35 19 the
2465 3453 176 25 neighbourhood.

1879 3502 78 19 Guides
1966 3502 41 19 and
2015 3502 75 20 Saddle
2100 3503 79 19 Horses
2187 3502 101 26 supplied.
2302 3502 50 19 Post
2359 3502 40 18 and
2407 3501 116 26 Telegraph
2532 3502 61 19 ofl.ee
2601 3507 25 13 on
2635 3501 34 18 the
2676 3502 98 24 premises

1907 3598 40 19 For
1957 3598 81 20 further
2048 3599 135 19 information,
2194 3598 62 26 apply
2265 3598 77 20 Messrs
2352 3598 54 19 Cook
2418 3598 39 19 and
2468 3598 46 24 Son,
2531 3598 85 26 Agenth.

2020 3702 69 55 C.
2159 3702 472 64 CROWTHER,

2173 3785 308 33 PROPRIETOR

2116 3867 160 23 TTAMLYN,

1882 3921 163 24 Pai'eriianger,
2070 3923 118 23 Painter,
2217 3923 94 19 Glazier

1948 3947 133 19 Signwriter
2095 3955 42 12 and
2152 3949 101 19 General

2032 3973 131 20 Decorator.

1921 4007 139 25 Twenty-five
2070 4008 66 24 years'
2151 4009 125 25 experience.

2001 4051 116 20 Estimates
2127 4059 70 13 given.

1909 4133 69 25 Apply
1988 4133 60 20 Office
2058 4133 21 19 of
2090 4133 40 20 this
2141 4140 69 18 paper.

2406 3876 165 23 COTTAGES
2585 3876 39 23 TO
2638 3876 67 23 LET.

2340 4001 18 25 V
2365 4006 19 20 J
2413 4006 71 20 Creek.

2340 4032 44 19 One
2393 4032 139 20 Two-roomed
2544 4033 19 18 in
2575 4031 123 21 Ohinemutu
2710 4035 50 17 town-

2340 4058 52 25 ship.

2368 4084 40 19 For
2417 4084 122 26 particulars
2550 4085 67 26 apply,

2525 4111 33 21 W.
2577 4111 115 23 KOGERS,

2566 4137 19 19 11
2589 4137 19 19 in
2612 4144 56 12 onion
2682 4138 63 18 Store.
