3278 4225
2832 126 80 20 FROM
2922 126 187 20 PLOUGH-BOY
3120 127 34 19 TO

2927 153 132 18 PROVOST.

2812 205 43 19 The
2879 204 103 26 following
3012 206 91 26 clipping
3131 206 51 20 from
3209 215 9 12 a

2789 231 88 25 monthly
2888 232 61 19 called
2965 232 44 19 Life
3015 234 39 18 and
3066 233 65 20 Work
3141 240 43 18 may
3196 234 22 19 be

2788 258 45 19 read
2846 258 45 19 with
3100 260 119 19 ex-Provo°t

2788 284 21 19 of
2817 290 38 13 ono
2864 284 21 18 of
2896 291 36 12 our
2944 286 96 18 northern
3055 288 72 20 towns,
3144 293 37 12 one
3200 287 19 18 of

2788 311 34 18 the
2833 312 54 17 most
2901 310 113 20 influential
3024 319 44 12 men
3077 312 19 19 in
3106 312 34 19 the
3160 313 59 19 north

2788 337 22 18 of
2820 336 103 24 Scotland,
2931 343 43 12 now
2985 344 11 12 a
3007 338 80 25 leading
3097 338 75 20 farmer
3181 340 38 18 and

2789 363 35 19 the
2833 364 112 24 proprietor
2954 364 21 18 of
2985 363 30 20 his
3026 371 45 13 own
3087 365 57 23 farm,
3163 366 56 19 acted

2791 390 44 19 first
2844 396 21 12 as
2876 389 98 25 herd-boy
2983 390 39 19 and
3035 391 47 19 then
3101 397 22 13 as
3138 391 72 25 plough-

2791 416 64 19 man's
2862 416 30 18 lad
2904 423 25 12 on
2941 416 30 22 his
2982 416 85 21 father's
3078 418 54 19 little
3143 418 78 19 hillside

2791 442 52 19 farm
2855 442 21 19 of
2886 442 44 20 £3o
2941 444 45 17 rent
2996 443 30 19 till
3038 443 24 19 he
3082 450 39 13 was
3132 446 77 23 twenty-

2792 468 55 19 three
2857 474 58 19 years
2925 468 19 19 of
2955 475 42 19 age,
3016 469 56 20 when
3092 470 24 19 he
3134 473 54 17 went
3205 472 18 19 to

2791 501 12 13 a
2814 501 116 19 newspaper
2941 495 55 19 office
3013 496 37 19 and
3071 503 44 12 rose
3135 500 46 21 step
3198 496 24 26 by

2793 523 43 23 step
2846 524 21 16 to
2883 521 23 19 be
2927 522 113 24 proprietor
3059 522 22 19 of
3099 523 35 18 the
3153 529 69 19 paper,

2793 548 85 25 retiring
2886 548 51 18 from
2949 548 45 18 that
3004 555 11 12 a
3025 548 39 20 few
3073 556 59 18 years
3138 556 38 18 ago
3183 549 38 19 full

2793 574 21 18 of
2832 574 95 23 honours,
2948 576 20 17 to
2988 574 43 25 give
3049 575 81 20 himself
3149 580 21 15 to
3190 575 33 20 the

2793 600 87 26 firming
2888 600 23 20 of
2928 601 29 19 bis
2973 604 103 22 property.
3106 602 69 19 While
3195 602 28 19 his

2794 627 100 24 nephews,
2905 627 51 19 after
2967 634 10 11 a
2989 627 74 19 similar
3078 628 90 25 training
3183 630 20 16 to
3212 635 10 12 a

2795 652 138 26 ploughman's
2951 653 60 24 work,
3040 656 52 18 went
3120 655 42 19 also
3179 654 42 19 into

2793 679 127 26 journalism,
2947 680 37 18 and
3008 687 35 12 are
3072 688 44 12 now
3143 681 80 24 loading

2793 705 121 19 authorities
2923 713 25 11 on
2958 707 131 23 agriculture,
3110 714 37 13 one
3167 707 56 24 beiufj

2793 732 66 19 editor
2869 732 21 18 of
2901 739 52 12 some
2960 733 22 17 of
2988 740 36 12 our
3033 733 54 20 chief
3092 733 131 26 agricultural

2793 758 97 25 journals,
2903 759 57 18 while
2971 758 34 20 llie
3015 759 58 20 other
3088 759 17 21 is
3122 762 99 24 eeeietary

2794 787 40 17 t)a
2845 785 78 19 fanmus
2934 785 129 24 agricultural

2835 836 16 19 THE
2946 837 63 19 HYPNOTIC
3027 836 196 20 EXPERIMENTS

2929 863 31 19 IN
2972 863 122 20 SYDNEY.

2832 916 24 19 I).
2883 916 117 26 Kennedy's
3043 917 127 25 experiment
3206 919 17 19 in

2796 942 113 26 hypnotisir
2934 949 38 13 waa
2993 943 75 21 tarriel
3097 947 35 16 out
3156 948 20 16 tj
3194 947 32 19 the

2796 969 66 19 letter.
2892 968 68 20 When
2972 969 23 19 he
3005 976 52 13 rouu
3066 970 12 20 d
3094 970 33 20 the
3147 978 44 12 man
3202 972 24 25 by

2798 995 79 25 placing
2888 995 30 19 liis
2930 995 51 20 hand
2989 1002 24 13 on
3025 996 30 19 his
3068 997 102 23 foreluad,
3193 998 33 20 the

2797 1023 60 18 latter
2867 1021 63 20 would
2941 1025 34 16 not
2985 1022 76 20 beliove
3080 1023 24 19 he
3123 1024 38 19 had
3178 1025 48 19 been

2796 1048 68 24 asleep
2874 1048 32 19 for
2915 1053 11 14 a
2936 1048 61 19 week.
3026 1048 34 20 Ho
3070 1056 40 12 was
3120 1056 22 13 as
3158 1053 68 23 strong

2796 1074 41 19 and
2847 1074 83 24 healthy
2938 1081 21 11 as
2970 1074 56 19 when
3038 1077 37 23 put
3085 1075 20 19 in
3109 1075 35 20 the
3154 1079 72 17 trance.

2796 1100 31 19 Dr
2835 1100 116 24 McCarthy,
2970 1100 100 26 speaking
3082 1108 26 13 on
3129 1102 71 19 behalf
3210 1104 19 18 of

2797 1126 36 19 the
2847 1126 112 19 committee
2987 1127 22 18 of
3031 1127 79 19 doctors
3129 1128 44 20 who
3189 1129 39 20 had

2798 1152 73 24 closely
2882 1152 90 19 watched
2988 1152 34 19 the
3040 1154 129 25 experiment,
3190 1155 39 20 and

2798 1178 104 25 subjected
2913 1178 15 19 it
2942 1180 20 17 to
2981 1178 34 20 the
3032 1182 52 17 most
3098 1187 69 13 severe
3184 1183 44 23 test,

2798 1204 44 19 said
2852 1204 48 25 they
2909 1204 115 19 considered
3035 1206 15 18 it
3058 1212 37 13 one
3106 1207 21 18 of
3136 1207 34 19 the
3177 1213 51 14 most

2798 1230 127 19 remarkable
2935 1237 25 12 on
2971 1232 74 18 record.
3073 1232 42 19 The
3131 1239 47 13 man
3193 1240 24 12 un-

2798 1256 111 25 doubtedly
2919 1256 39 19 had
2974 1257 50 19 been
3043 1258 21 19 in
3079 1265 11 12 a
3110 1258 119 26 hypnotised

2799 1283 109 19 condition.
2935 1283 42 19 The
2988 1284 47 25 only
3041 1284 139 21 nourishment
3197 1286 31 19 the

2798 1316 48 12 man
2853 1309 40 19 had
2903 1309 90 19 received
3003 1317 40 12 was
3054 1310 56 19 throe
3120 1314 70 22 quarts
3209 1313 19 18 of

2799 1337 77 17 extract
2885 1335 21 19 of
2919 1338 53 16 meat
2990 1336 39 19 and
3049 1343 12 13 a
3075 1337 52 19 little
3145 1338 84 25 whisky.

2800 1361 68 20 When
2883 1361 115 26 hypnotism
3017 1369 40 13 was
3071 1363 67 20 better
3156 1364 60 19 under-

2798 1388 64 23 stood,
2880 1388 15 19 it
2912 1388 66 19 would
2996 1389 81 19 become
3095 1390 21 19 of
3134 1390 95 26 practical

2799 1414 75 19 service
2883 1416 21 17 to
2913 1415 102 18 mankind,

2903 1474 118 20 CANNED
3031 1474 98 22 HORSE.

2830 1528 15 19 A
2858 1527 94 26 despatch
2963 1527 58 21 dated
3032 1528 103 26 Portland,
3147 1528 83 30 Oregon,

2802 1553 49 27 July
2863 1555 31 20 l'J.
2907 1555 121 25 siy*;-—The
3040 1556 96 21 Western
3145 1557 85 27 Packiug

2802 1580 119 28 Company's
2934 1581 121 22 horse-meat
3066 1583 86 28 canning
3162 1584 60 21 estab-

2802 1608 96 21 lishment
2905 1607 19 21 in
2934 1608 80 25 Linton,
3023 1610 33 20 the
3065 1610 46 26 only
3119 1617 38 14 ore
3168 1612 21 19 uf
3199 1612 31 19 the

2802 1634 47 21 kind
2860 1634 20 21 in
2887 1638 101 18 existence
2995 1636 19 20 in
3025 1635 40 22 this
3070 1640 92 26 country,
3167 1638 62 28 began

2803 1664 114 24 uperations
2941 1662 75 27 to-day.
3068 1664 40 19 The
3133 1666 58 25 plant
3214 1666 14 21 is

2802 1690 100 26 equipped
2914 1690 46 19 with
2973 1690 62 20 about
3045 1690 106 25 10,000dol
3166 1693 64 20 worth

2802 1717 21 20 of
2833 1715 112 27 machinery
2953 1717 30 20 for
2990 1718 146 26 slaughtering,
3146 1719 84 27 packing

2802 1744 39 19 and
2853 1744 95 25 shipping
2961 1747 59 17 meat.
3049 1745 41 19 The
3110 1745 44 20 first
3173 1746 57 21 batch

2802 1770 21 20 of
2835 1772 67 18 horses
2913 1777 39 13 was
2962 1771 86 25 shipped
3063 1771 47 20 here
3124 1772 53 20 from
3188 1775 29 18 Ar-

2801 1796 79 26 lington
2891 1804 11 12 a
2910 1797 38 20 few
2967 1798 49 25 days
3035 1805 44 19 ago.
3108 1799 69 20 About
3198 1804 32 16 tea

2800 1830 53 14 ■were
2863 1823 62 20 killed
2933 1824 77 26 to-day.
3039 1825 41 19 The
3089 1826 85 19 railroad
3181 1833 39 14 com-

2802 1850 68 25 panies
2883 1850 49 20 havo
2943 1851 49 19 been
3000 1850 61 21 asked
3071 1854 20 17 to
3099 1852 58 20 make
3166 1859 12 13 a
3188 1855 42 18 rate

2800 1883 25 13 on
2837 1878 75 19 canned
2925 1876 56 21 horsi
2993 1880 52 17 meat
3055 1878 20 19 in
3091 1879 79 19 carload
3192 1880 38 19 lots

2800 1906 20 16 to
2832 1903 35 20 the
2882 1904 50 19 East
2942 1906 20 17 at
2974 1904 44 19 Idol
3030 1911 36 18 per
3083 1906 43 19 100.
3153 1906 78 24 Special

2800 1931 54 18 rates
2865 1930 49 20 have
2926 1930 48 19 been
2985 1931 75 24 quoted
3071 1938 26 12 on
3113 1931 39 20 live
3160 1932 68 20 horses

2800 1956 51 19 from
2862 1956 64 20 Idaho
2936 1956 40 20 and
2995 1957 89 20 Arizona
3093 1960 20 17 to
3124 1958 103 24 Portland,

2799 1984 45 21 am),
2854 1983 108 25 according
2973 1988 20 15 to
3008 1984 47 24 this,
3075 1987 106 23 prospects
3199 1986 31 19 for

2799 2008 34 21 the
2844 2009 78 20 market
2933 2016 50 13 seem
2995 2010 58 23 good.

2851 2062 140 20 MOLASSES
3002 2063 170 19 PAVEMENTS.

3016 2116 127 23 American.)

2822 2140 93 28 Perhaps
2934 2142 34 19 tlio
2978 2142 71 19 oddest
3062 2145 108 23 pavement
3185 2150 44 13 ever

2796 2166 42 19 laid
2857 2167 15 19 is
2883 2174 38 13 one
2936 2168 42 26 just
2994 2169 112 25 completed
3123 2171 20 18 at
3158 2170 69 24 Chino,

2796 2192 117 21 California.
2952 2194 20 19 It
2994 2194 17 19 is
3035 2195 59 19 made
3112 2196 74 25 mostly
3209 2197 20 19 of

2796 2219 101 25 molasses,
2918 2220 40 19 and
2973 2220 18 19 if
3004 2221 16 18 it
3033 2227 72 19 proves
3115 2222 27 19 all
3161 2223 21 19 of
3196 2223 32 19 the

2796 2251 76 14 success
2883 2246 85 20 claimed
2985 2247 33 18 for
3027 2247 22 23 it,
3060 2248 16 19 it
3086 2254 47 19 may
3151 2249 57 25 point
3219 2256 10 12 a

2796 2278 43 19 way
2847 2272 32 19 for
2885 2272 34 19 the
2928 2279 61 19 sugar
2995 2273 90 25 planters
3092 2274 21 19 of
3120 2274 34 19 the
3165 2275 63 20 South

2795 2300 20 16 to
2824 2298 110 26 profitably
2945 2300 79 24 dispose
3036 2300 21 18 of
3067 2300 33 19 the
3111 2301 88 19 millions
3209 2302 19 19 of

2795 2324 79 25 gallons
2884 2325 21 18 of
2915 2325 75 20 useless
2999 2326 96 19 molasses
3105 2327 67 19 which
3181 2328 47 25 they

2795 2356 32 13 are
2839 2350 44 20 said
2897 2353 20 17 to
2931 2352 53 19 havo
2994 2358 26 13 on
3030 2352 61 19 hand.
3119 2353 43 19 The
3177 2353 52 20 head

2794 2376 84 20 chemist
2897 2378 22 18 of
2928 2384 12 13 a
2956 2384 62 19 sugar
3032 2378 78 26 factory
3119 2382 21 16 at
3158 2380 69 19 Chino.

2794 2402 33 19 Mr
2845 2403 24 19 E.
2880 2403 74 24 Turke,
2965 2411 40 12 was
3020 2404 45 19 lead
3080 2407 20 17 to
3111 2406 59 19 make
3188 2413 30 12 cer-

2794 2428 44 19 tain
2857 2430 139 25 experiments,
3017 2430 22 20 of
3053 2431 65 19 which
3137 2432 35 19 the
3185 2439 43 12 now

2794 2454 113 25 side-walk,
2918 2462 13 14 a
2945 2457 101 19 thousand
3056 2457 41 19 feet
3112 2458 54 26 long,
3177 2459 50 18 from

2794 2480 34 19 the
2839 2481 78 26 factory
2935 2484 20 17 to
2965 2483 34 18 the
3013 2489 56 13 mam
3085 2486 67 22 street,
3167 2485 17 19 is
3194 2485 33 19 the

2794 2507 69 19 result.
2891 2508 43 19 The
2944 2509 95 19 molasses
3049 2510 50 18 used
3113 2510 17 18 is
3140 2517 11 12 a
3161 2511 66 19 refuse

2794 2532 91 26 product,
2896 2533 88 21 hitherto
3000 2535 92 19 believed
3101 2538 20 17 to
3136 2537 25 19 be
3172 2538 20 18 of
3202 2544 24 12 no

2794 2559 66 19 value.
2888 2559 21 21 It
2912 2560 18 20 is
2933 2560 74 26 simply
3011 2561 68 20 mixed
3083 2561 50 21 with
3136 2568 13 14 a
3152 2563 74 20 certain

2794 2585 49 19 kind
2850 2586 21 18 of
2878 2587 50 18 sand
2935 2589 19 16 to
2961 2587 62 19 about
3032 2587 35 19 the
3076 2589 125 25 consistency
3207 2589 20 20 of

2794 2611 81 25 asphalt
2886 2613 39 18 and
2935 2613 40 19 laid
2985 2613 41 19 like
3036 2620 26 12 an
3078 2615 80 24 asphalt
3168 2622 47 19 pave-

2794 2639 61 18 ment.
2885 2638 42 19 The
2937 2639 130 26 composition
3083 2640 53 20 dries
3145 2641 82 25 quickly

2794 2664 40 18 and
2844 2664 91 20 becomes
2945 2666 55 24 quite
3018 2665 51 20 hard
3087 2667 40 18 and
3141 2667 86 19 remains

2794 2696 27 12 so.
2850 2690 43 19 The
2909 2691 89 25 peculiar
3012 2692 57 24 point
3087 2693 22 18 of
3118 2693 15 19 it
3147 2693 18 19 is
3184 2693 43 19 that

2795 2715 33 19 the
2839 2722 38 13 sun
2885 2717 48 25 only
2941 2718 69 18 makes
3017 2718 15 19 it
3039 2718 53 19 drier
3099 2719 41 19 and
3147 2719 78 19 harder,

2795 2742 78 19 instead
2888 2744 21 18 of
2928 2744 101 24 softening
3043 2744 21 24 it,
3081 2751 22 12 as
3122 2745 66 25 might
3203 2745 23 20 be

2795 2768 102 25 expected.
2926 2770 18 18 A
2966 2770 59 19 block
3045 2770 20 19 of
3083 2770 35 19 the
3132 2772 83 24 composi-

2795 2794 48 23 tion,
2863 2796 38 18 two
2920 2796 40 18 feet
2970 2796 54 25 long,
3045 2803 11 12 a
3071 2797 42 18 foot
3123 2798 50 18 wide
3187 2798 40 19 and

2795 2827 37 12 one
2856 2820 46 20 inch
2925 2822 60 23 thick,
2999 2820 4 25 .
3011 2828 41 13 was
3074 2823 111 20 submitted
3207 2825 20 18 to

2795 2852 68 13 severe
2886 2849 49 18 tests
2957 2848 40 19 and
3020 2848 56 19 stood
3097 2849 55 19 thorn
3175 2850 51 20 well.

2795 2872 51 19 Laid
2865 2873 49 19 with
2925 2880 25 13 an
2968 2874 45 19 inch
3032 2881 23 12 or
3064 2881 21 13 so
3100 2876 21 18 of
3130 2876 26 19 its
3166 2876 60 25 edges

2795 2898 77 26 resting
2902 2906 25 13 on
2959 2903 100 23 supports,
3083 2901 16 19 it
3121 2902 106 19 withstood

2795 2925 95 24 repeated
2899 2926 62 20 blows
2972 2927 20 18 of
3010 2933 13 12 a
3036 2927 92 20 machine
3138 2928 89 19 hammer

2796 2951 85 19 without
2898 2952 93 26 showing
3003 2959 40 19 any
3052 2954 68 19 effects
3131 2954 21 19 of
3161 2955 55 18 crack-

2795 2978 36 24 ing
2840 2984 22 12 or
2869 2978 96 24 bending.

1188 64 59 20 THE
1260 65 60 20 HOT
1335 66 93 20 LAKES
1444 65 175 25 CHRONICLE,
1636 65 192 25 WEDNESDAY,
1853 65 163 21 NOVEMBER
2033 67 30 23 13,
2076 65 56 24 1*95,

2791 4070 74 17 Printed
2876 4070 34 15 and
2921 4069 91 21 published
3031 4070 27 16 for
3075 4071 29 16 the
3120 4071 102 21 proprietor,

2815 4095 18 13 lit,
2849 4092 27 15 his
2897 4090 93 21 registered
2996 4091 80 22 printing
3080 4092 48 16 office
3142 4092 78 17 Rotorua

2816 4113 22 21 by
2847 4113 58 16 PESOS
2917 4111 56 17 Jamks
2983 4113 100 19 Uamkond,
3096 4113 19 16 of
3122 4113 77 17 Rotorua

2802 4137 167 22 WEDNESDAY,
2983 4137 136 19 NOVEMBER
3128 4139 26 22 19,
3164 4139 49 22 1895,

371 157 95 37 ros.

89 230 193 41 MARAEROA
339 230 173 41 SAWMILL.

87 289 134 49 DESIRE
230 292 21 18 to
261 289 62 21 thauk
345 289 34 19 the
398 288 66 26 public
484 287 32 19 for

166 320 46 22 past
221 317 67 19 favors
296 315 37 21 and
343 316 36 23 beg
386 317 19 16 to
412 320 105 13 announce

87 343 45 21 that
148 343 75 25 having
242 350 10 12 a
275 343 56 24 large
349 341 56 19 sttck
425 340 22 19 of
464 340 42 19 well-

88 370 94 20 seasoned
204 372 10 16 ii
219 369 89 19 rat-class
327 367 73 19 timber
418 372 24 13 on
461 365 56 20 band

88 395 48 27 they
147 404 32 12 are
190 395 96 26 prepared
306 399 19 13 to
343 393 51 19 fulfil
412 392 69 20 orders
493 395 21 16 at

89 423 85 19 reduced
184 425 59 16 rates.

89 483 38 14 MM
169 481 50 30 jl/r
265 481 38 18 Tf
315 481 131 20 AKKI.SON,
459 481 58 20 8.A.,

101 538 160 22 BARRISTER
278 537 59 19 AND
348 535 156 25 SOLICITOR,

101 573 42 22 lIS,
158 571 105 19 Victoria
276 571 91 22 Akcade,
383 569 121 20 Auckland.

274 605 57 18 Also

89 636 100 20 Barrister
200 635 38 20 and
250 635 92 20 Solicitor
353 635 21 19 of
381 638 33 15 the
422 636 96 23 Supreme

165 663 69 22 Court,
247 662 92 23 Ontario,
350 661 87 20 Canada.

91 732 270 45 PHOENIX
386 731 130 43 FiRE

87 997 160 21 Accumulated
296 994 59 20 Fund
357 1000 6 7 0

87 1024 85 20 Exceed
406 1021 109 21 £IOOOOOO

87 1075 22 22 tf.
126 1076 57 21 WARD
194 1075 64 21 BAKER
320 1074 23 22 W.
360 1074 16 20 A.
390 1073 101 24 WILLIAMS

120 1101 70 21 District
205 1101 66 25 Mauser
354 1099 48 21 Local
414 1099 52 25 flgeut

171 1126 102 20 Aucklaand.
397 1124 76 24 Rutorua,

87 1192 164 41 ROTORDA
270 1192 165 41 SAWMILL
461 1191 52 39 CO.

91 1286 132 20 rTTHITE
233 1286 61 19 AND
307 1286 54 19 RED
370 1284 68 20 PINE
449 1284 20 19 of
482 1284 34 19 the

96 1305 40 27 YY
188 1313 58 21 finest
266 1312 78 26 quality
363 1311 39 20 and
418 1310 97 25 carefully

86 1397 87 24 Matai.
204 1397 126 26 Pukatea,
362 1395 47 22 and
437 1395 78 21 Tawa

111 1424 133 27 Shingles,
256 1423 116 25 Palings,
390 1422 95 21 Blocks

223 1451 50 21 and
298 1450 81 22 Posts-

109 1496 17 20 A
141 1494 51 27 good
204 1494 38 20 mill
254 1493 89 21 assorted
357 1492 73 26 supply
440 1491 73 26 always

86 1529 23 14 on
119 1524 53 19 band
184 1526 18 15 at
216 1520 35 20 the
261 1519 81 21 Timber
351 1519 62 24 Yard,

227 1552 137 22 ROTORUA.

97 1678 96 23 PRICES
210 1680 34 20 AX

134 1741 31 19 YV.
181 1736 152 24 UKXSIIAW,
356 1737 109 21 MAnaoek;

562 123 41 41 W.
622 123 31 40 H.
678 122 24 41 &
726 122 29 41 H.
774 122 30 41 C.

609 176 137 21 SURGEON
756 176 144 20 DENTISTS.

576 283 75 25 Notify
661 283 45 19 tbrt'.
732 283 48 25 they
795 289 34 12 are
847 279 120 25 continuing

537 310 32 19 the
586 310 96 19 Business
705 311 21 17 at
736 309 34 19 the
785 308 104 21 Premises,
900 308 34 23 top
947 306 20 18 of

536 336 189 19 Shortlaud-street.
743 335 42 19 The
795 333 108 25 high-class
914 332 52 19 work

535 363 22 18 of
567 362 37 19 the
613 362 41 20 late
665 362 35 19 Mr
708 362 25 19 A.
745 362 22 19 L.
779 359 84 26 Wright
883 358 41 19 will
943 358 24 19 he

536 389 86 19 adhered
633 391 28 21 to,
670 389 37 18 and
719 394 37 18 any
769 387 37 18 left
816 384 115 21 unfinished
941 384 25 25 by

536 416 45 19 that
593 416 112 24 gentleman
719 414 38 18 will
776 413 24 19 be
816 411 112 26 completed
941 410 24 23 by

629 442 34 19 the
673 448 42 12 new
726 441 147 23 management.

537 468 114 25 Telephone
661 469 43 17 057.

586 511 162 35 Rotorua
765 508 159 42 Library.

538 586 62 43 OP
608 586 15 19 E
632 586 18 18 X
666 585 51 19 from
729 586 23 17 10
766 591 43 13 a.m.
820 585 20 18 to
851 585 10 17 5
870 590 45 18 p.m.
928 582 37 21 and

596 614 13 19 6
616 613 26 19 30
651 614 19 17 to
681 613 23 17 10
713 619 11 18 p
734 619 24 11 in.
771 612 93 22 Sundays
873 610 32 18 till
913 611 54 24 Op.in

538 643 191 22 Subscription:
738 642 51 18 80s
803 647 48 16 per
864 645 100 14 milium

562 675 87 19 A'isitors
668 680 43 18 may
731 680 84 19 procure
832 672 67 19 Books
915 672 51 20 from

543 730 28 16 lot
588 727 39 19 less
645 727 48 18 than
712 728 28 19 ss.
758 726 38 19 and
814 725 120 26 purchasing
947 727 20 17 Is

540 760 5 14 :
560 760 54 17 upon
625 753 31 19 for
667 760 59 17 every
738 753 55 19 Four
803 752 70 19 books.

560 780 42 19 The
621 780 85 24 Library
726 779 17 19 is
767 786 51 19 open
842 779 72 25 during
933 778 34 19 the

559 859 42 40 M
607 858 17 16 K
650 857 48 35 W
731 857 40 37 J.
798 857 37 37 N
839 857 80 20 APIERi

585 905 150 19 BARRISTER
747 905 17 17 &
773 904 140 18 SOLICITOR-

536 935 144 17 Commissioner
690 935 19 17 of
719 935 30 16 the
767 935 89 22 Supremo
872 934 59 17 Court
944 934 20 16 of

726 958 53 22 Fiji-)

536 981 86 19 Solicitor
635 983 19 16 to
663 981 64 17 theN.
738 981 19 17 Z.
768 981 127 17 Government
909 981 58 17 under

642 1005 95 18 Advances
746 1007 20 15 to
774 1004 76 18 Settlers

536 1041 95 17 Victoria
641 1041 88 22 Arcade,
738 1040 114 22 Qtjeen-ST.,
860 1039 104 18 Auckland.

559 1077 68 23 Money
637 1080 19 14 to
665 1077 50 17 lend
725 1082 23 12 on
759 1075 81 19 freehold
853 1075 80 22 security
947 1077 18 15 at

536 1101 33 17 low
581 1103 47 15 rates
635 1101 19 16 of
659 1101 81 17 interest.
766 1100 69 21 Money
846 1099 83 16 invested
937 1098 29 17 for

536 1124 67 17 clients
613 1124 38 17 free
661 1124 19 17 of
690 1124 72 19 charge.

560 1179 44 37 W.
626 1176 313 46 Blomfield&Co,,

535 1235 205 20 TOTALISATOR
760 1233 190 26 PI^OPr^ITORS-

561 1268 39 17 Are
609 1266 95 25 prepared
714 1268 19 16 lo
748 1265 54 19 make
811 1266 153 23 arrangements

534 1299 24 12 on
579 1292 118 20 favourable
715 1294 62 17 terms
801 1291 33 20 for
849 1291 35 19 the
895 1298 38 13 use
944 1291 20 19 of

534 1319 53 19 their
596 1319 106 19 machines.

705 1345 102 19 Addkkss

534 1376 44 40 W.
616 1374 184 38 Blomfleld
837 1375 36 37 &
908 1374 55 42 Co,

600 1432 104 35 QUEEN
767 1430 129 36 STREET,

656 1479 175 29 jfcUCKbAND.

540 1542 68 48 W.
646 1541 142 48 H/W
804 1524 31 37 1
838 1541 12 19 *
851 1524 21 36 7
873 1540 18 20 *
906 1524 32 36 7
939 1541 23 25 *'

572 1606 91 22 STOCK
675 1607 15 19 ic
701 1604 221 28 SHAREBKOKER,

533 1646 64 20 IASD,
611 1642 3 24 1
624 1645 63 16 STATE
698 1645 38 16 AND
748 1644 68 16 COMMI
819 1642 58 18 SitOtf
886 1644 75 21 aGKKI',

533 1674 38 20 IS'o.
583 1675 30 23 82,
627 1672 134 27 Qucen-Stref
769 1675 5 18 t
786 1673 88 25 (Arcade
894 1674 57 21 Build-

716 1700 61 26 ings,)

686 1736 125 18 Auckland.

161 1839 143 59 PuPe
358 1837 256 60 Jlepated
652 1836 230 64 Waters.

230 1969 43 19 Olio
289 1968 20 19 (if
324 1968 34 19 the
369 1968 97 20 heccssitu

632 1973 20 12 il:'
663 1966 72 21 Season
748 1964 38 21 will
797 1963 24 21 be

85 2018 29 27 A
139 2018 127 28 COOL
291 2018 104 26 AND
419 2016 351 28 REFRESHING
800 2014 170 27 DRINK

112 2056 135 25 tTDtincturcd
261 2061 24 24 by
296 2068 37 18 any
351 2059 125 22 IVleterioua
488 2058 101 21 Chemic.il
599 2059 125 24 Compound.
764 2058 17 19 A
793 2057 60 20 drink
864 2060 21 17 at
894 2063 49 14 once

242 2094 243 32 Exhilarating
505 2094 67 26 and
593 2093 214 31 Refreshing,

87 2138 37 20 and
137 2137 61 21 which
211 2137 40 20 will
261 2144 61 18 prove
332 2143 10 13 n
355 2137 113 26 preventive
479 2137 21 19 of
515 2135 111 27 Dyspepsia
647 2135 40 19 ami
704 2135 25 19 all
749 2134 91 20 Internal
859 2134 111 20 Disorders.

111 2190 86 20 Aerated
209 2189 80 21 Waters
300 2189 41 19 and
348 2187 96 26 Cordials,
456 2189 123 25 comprising'
633 2187 72 21 Purest
722 2187 120 24 Lemonade,
864 2187 34 20 the
917 2187 53 19 Most

79 2215 108 26 'Delicious
199 2216 76 25 Ginger
285 2216 42 24 Ale,
340 2215 162 26 Higly-charged
513 2215 54 19 Soda
578 2215 77 23 Water,

86 2308 62 13 anew
165 2303 129 24 Enervating,
312 2303 145 18 non-alcoholic
475 2303 108 23 Beverage;
602 2303 54 17 Lime
670 2300 58 19 Juice
745 2300 85 20 Cordial,
847 2298 123 27 Kaspbojry,

85 2329 135 25 Peppermint.
232 2328 76 19 Cloves,
321 2328 50 18 l'ine
381 2326 71 27 Apple,
465 2328 38 17 and
514 2327 76 19 Lomon
605 2326 76 26 Syrups
698 2326 40 19 aud
752 2325 133 26 Sursaparilla
903 2333 32 12 are
946 2326 24 18 all

346 2353 152 20 manufactured
515 2359 24 14 on
554 2353 35 19 the
603 2354 102 24 promises.

277 2406 114 19 Lemonade
401 2406 39 19 and
452 2405 75 21 Ginsor
538 2406 43 20 Ale.
593 2406 69 19 nuarts
672 2405 39 19 and
720 2405 59 19 niuts.

86 2614 368 53 SEDDON'S
494 2614 211 50 LAKE
735 2614 231 61 VIEW,

202 2679 136 26 Overlooking
347 2679 34 20 the
395 2679 34 21 Pa,
442 2679 82 27 Boiling
534 2679 85 27 Springs
635 2680 39 19 and
690 2680 88 19 Kotorua
788 2679 63 20 Lake.

414 2740 8 2 -
518 2733 25 13 :o:

164 2771 142 28 TEEMS
322 2772 105 27 :—3os
440 2780 61 25 per
514 2773 105 32 week,
636 2780 38 19 or
694 2773 36 26 5s
744 2779 61 26 per
819 2772 75 33 day.

87 2827 131 34 Special
238 2828 272 32 Arrangements
535 2827 53 27 for
610 2834 20 20 a
652 2826 207 34 lengthened
886 2829 66 26 resi-

346 2862 103 25 dence
470 2861 69 26 and
556 2861 154 26 iamilies.

346 2930 25 18 C!
378 2928 2 21 •
388 2928 3 21 1
398 2928 117 21 SINE.—A
535 2928 76 21 SPECJ
618 2928 41 21 MiI
665 2929 41 20 TV.

136 2977 121 20 Seferences
275 2977 125 25 throughout
418 2977 50 19 New
483 2977 90 19 Zealand
585 2977 39 19 and
642 2977 33 20 the
689 2977 116 20 Australian
825 2977 92 20 Colonies

398 3003 51 19 from
459 3003 92 26 previous
569 3003 83 19 Visitors

85 3048 32 21 No
127 3051 54 20 touts
196 3051 103 25 employed
311 3053 19 18 at
346 3050 106 21 Auckland
467 3058 22 12 ov
512 3051 88 20 I'otoruu
618 3051 90 26 Railway
724 3051 87 20 Stations
825 3059 22 12 or
861 3052 106 20 Steamers.

319 3099 32 18 Xo
365 3100 34 18 ten
417 3106 35 18 per
465 3101 45 17 cent
525 3099 94 26 Coupons
633 3100 99 25 accepted.

118 3157 120 27 NOTE.
243 3158 86 24 —Ask
346 3158 35 24 for
393 3158 172 31 Scddoil'S,
579 3158 47 24 and
641 3168 41 14 see
692 3167 45 22 you
751 3168 39 15 are
804 3160 42 23 left
858 3159 75 25 there.

318 3298 411 64 Proprietress.

110 3413 266 66 WHERE
423 3414 86 66 TO
572 3415 374 65 PURCHASE

468 3509 117 28 FROM

190 3556 343 70 MvnioMi
537 3556 61 70 i
600 3556 187 70 rani
793 3556 74 70 m

85 3668 159 44 Lamps
532 3671 155 35 Cruets

318 3716 191 35 Brushes
793 3717 167 36 Knives

85 3760 176 35 Trunks
522 3760 2 48 I
534 3763 166 45 Spoons

373 3809 138 34 Locks
823 3809 140 35 Forks

84 3854 160 35 Eazors
533 3855 139 45 Trays

327 3899 184 45 Teapots
786 3901 176 35 Churns

186 3951 73 32 LAWN
283 3950 121 33 MOWERS,
428 3951 76 34 HOL3,
521 3953 91 34 RAKES,
635 3953 111 35 SPADES,
769 3952 91 36 FORKS,

128 3995 59 33 At
249 3992 182 43 Greatly
491 3994 203 35 Eedueed
758 3995 157 34 Prices.

137 4134 86 27 (Fourth
232 4134 52 27 shop
294 4133 52 21 from
352 4131 193 26 Welleßley.Street.
609 4139 49 22 304
674 4137 15 18 &
705 4136 48 25 306
762 4136 90 21 QUEEN
865 4136 40 24 ST.

1011 1873 74 20 Under
1101 1872 35 20 the
1152 1872 151 26 distinguished
1319 1873 116 26 Patronage
1452 1874 20 19 of
1487 1874 33 19 Lis
1529 1874 122 25 Excellency
1661 1874 35 20 tlio
1706 1874 107 20 Governor
1823 1875 37 19 tlic

1343 1900 49 19 Earl
1407 1900 22 20 of
1439 1900 87 21 Onslow.

1047 1963 140 64 HOT
1223 1961 299 68 SPRINGS
1571 1961 247 75 HOTEL,

1225 2057 91 28 TO
1371 2057 149 29 MRO
1539 2057 109 29 HK.

1057 2117 53 23 The
1124 2116 57 24 best
1206 2115 130 30 Situated,
1358 2116 46 24 the
1416 2118 68 22 most
1498 2115 185 32 Comfortable,
1700 2117 43 23 tbc
1755 2117 59 24 best

1223 2149 139 33 appointed
1376 2150 80 23 Hotel
1465 2149 29 24 in
1506 2150 34 25 Te
1559 2151 95 24 Aroha.

1023 2187 111 32 Adjoins
1159 2187 74 32 (with
1256 2187 104 25 Private
1386 2187 141 32 Entrance)
1555 2188 45 25 tbc
1631 2188 123 24 Thermal
1776 2187 108 33 Springs

996 2221 116 31 Domain,
1122 2220 96 25 Tennis
1232 2220 81 25 Court
1323 2221 28 24 in
1363 2220 119 26 Domain.

1176 2307 158 24 Terms—Gs
1352 2315 45 24 per
1416 2307 57 32 day,
1493 2308 45 23 30s
1555 2315 46 24 per
1614 2306 80 32 week,

992 2375 47 38 w.
1068 2374 40 40 a
1137 2373 161 49 KJiocK,

1658 2377 222 40 Proprietor*.

1016 2460 41 20 The
1075 2459 60 20 baths
1154 2459 39 20 and
1214 2459 96 24 drinking
1330 2461 63 17 water
1413 2465 34 13 are
1462 2459 110 25 especially
1591 2459 115 21 ellicacious
1726 2460 19 18 in
1770 2459 57 20 Gout
1843 2459 38 19 and

989 2486 123 21 Rheumatic
1122 2486 114 23 affections,
1248 2485 89 21 Chronic
1345 2485 121 26 Dyspepsia,
1479 2486 108 19 Disorders
1606 2486 21 19 of
1637 2486 35 20 the
1682 2485 91 27 Urinery
1795 2485 88 26 Organs,

990 2514 103 19 Cutanous
1105 2513 99 24 Diseases,
1220 2512 81 26 Splenic
1312 2513 39 18 and
1369 2512 87 25 Hepalic
1471 2512 116 25 Disorderp,
1606 2513 93 19 Diseases
1714 2513 38 19 due
1769 2514 21 18 to
1807 2513 75 19 Excess

992 2539 86 26 Acidity,
1089 2539 118 26 Neuralgia,
1218 2539 95 20 Sciatica.

1095 2607 72 20 Public
1183 2607 48 19 Hall
1243 2607 37 19 and
1294 2606 79 26 Sample
1385 2606 78 20 Booms
1479 2607 111 20 connected
1606 2607 43 19 .villi
1661 2607 33 20 the
1705 2606 70 25 Hotel,

993 2772 453 61 GEYSER
1469 2772 384 59 HOUSE

1035 2847 330 48 Hydropathic
1395 2847 155 41 Hotel,
1569 2847 256 40 Wairakei.

1186 2895 35 16 Six.
1232 2894 57 18 miles
1299 2894 52 18 from
1362 2893 56 18 Lake

1509 2892 100 21 fßotorun
1620 2893 59 21 side).

1114 2926 217 31 SUPERIOR
1364 2925 386 31 ACCOMMODATION

1182 2965 54 19 ALL
1246 2964 57 20 THE
1313 2963 145 21 COMFORTS
1468 2963 34 21 OP
1514 2964 15 18 A
1541 2964 81 19 DOME
1632 2964 54 20 FOE

1219 3023 156 27 Tourists
1394 3023 69 26 and
1493 3022 165 28 Invalids.

988 3110 69 27 Hot
1077 3108 206 33 Swimming
1296 3107 119 32 Baths,
1431 3107 76 27 Kiri
1525 3107 102 27 o-Kai
1641 3114 39 20 or
1693 3107 84 27 New
1792 3106 83 28 Skin

1043 3142 100 32 Bath,
1162 3142 71 27 Hot
1252 3141 138 27 Douche
1413 3141 116 31 Baths,
1547 3141 117 26 Graud
1679 3140 150 30 Climate.

1089 3179 314 34 Elevation—l,36o
1412 3179 68 28 feet
1494 3179 109 28 above
1617 3186 58 21 sea
1687 3179 96 27 level.

988 3258 255 29 COMPETENT
1260 3257 160 27 GUIDES
1433 3266 155 23 accompany
1600 3257 107 25 tourists
1717 3258 26 23 to
1752 3257 44 25 the
1810 3257 52 24 vari-

1085 3302 46 14 ous
1143 3292 85 32 places
1241 3291 27 25 of
1280 3292 115 30 interest,
1410 3291 86 25 which
1505 3292 75 23 bailie
1593 3291 45 25 the
1651 3292 65 23 most
1728 3290 76 25 facile
1814 3299 59 23 pen,

1084 3326 51 24 and
1148 3334 45 15 can
1207 3325 60 27 only
1280 3325 31 23 lie
1323 3325 110 24 realized
1444 3325 78 23 when
1540 3333 67 16 seen.

988 3426 192 23 GEYSER
1194 3426 193 22 VALLEY
1399 3426 93 18 contains
1498 3426 37 18 the
1541 3426 110 23 following
1658 3426 122 23 unequalled
1791 3426 82 14 iNatura

1065 3452 104 18 wonders:
1172 3450 150 24 —Tuhuatahi,
1343 3458 23 11 or
1386 3452 65 18 Great
1470 3450 132 26 Champagne
1623 3449 117 22 Cauldron;
1755 3448 34 18 the
1807 3449 66 17 Groat

1063 3477 104 20 Wairakei
1177 3477 79 25 Geyser
1265 3473 3 29 ;
1278 3476 34 20 the
1325 3477 86 25 Donkey
1421 3477 80 25 Engine
1510 3473 3 29 ;
1527 3477 33 19 the
1575 3476 81 20 L'aines'
1665 3475 52 20 Bath
1727 3473 4 29 ;
1742 3474 34 18 the
1788 3473 73 25 Lightn-

1065 3503 37 26 ing
1113 3504 47 19 Pool
1170 3500 4 29 ;
1186 3503 35 19 the
1232 3504 49 18 Case
1296 3503 24 19 de
1331 3504 85 25 Geyser,
1431 3509 22 13 or
1465 3502 103 26 Dragon's
1579 3502 70 20 mouth
1660 3500 3 29 ;
1674 3501 35 19 the
1717 3501 58 19 black
1787 3500 85 25 Geyser;

1064 3530 34 19 the
1106 3530 51 19 Mud
1169 3530 92 24 Geyser;
1279 3529 34 20 the
1323 3529 53 20 Blue
1386 3529 55 20 Lake
1450 3538 6 17 ;
1464 3529 36 20 the
1520 3529 33 20 Oil
1564 3528 54 20 Bath
1627 3526 4 29 ;
1650 3528 35 19 the
1707 3526 79 26 Eagle's
1806 3526 67 24 Nest;

1065 3557 35 19 the
1111 3555 77 20 Devil's
1200 3556 70 19 Punch
1281 3556 55 18 Bowl
1346 3551 4 29 ;
1362 3556 34 20 the
1408 3556 72 19 Prince
1494 3555 22 19 of
1526 3555 77 19 "Wales'
1614 3553 99 21 Feathers
1720 3555 46 22 j'the
1783 3551 89 26 Mirror;

1065 3583 33 19 (he
1107 3582 55 19 Twin
1172 3582 79 25 Geyser
1261 3579 4 28 ;
1277 3581 34 20 the
1321 3582 60 20 Coral
1392 3583 78 24 Geyser
1481 3579 4 28 ;
1498 3582 33 19 the
1542 3581 67 19 Green
1625 3580 48 20 Pool
1683 3579 4 28 ;
1707 3579 45 19 Terc
1759 3579 80 23 korehe,
1851 3587 21 11 or

1063 3609 50 19 Dell
1124 3610 90 22 Geyser;
1225 3608 36 19 the
1271 3609 13 17 S
1296 3615 43 13 earn
1350 3609 103 19 Hammer.
1482 3607 87 20 Guide's
1580 3608 31 18 fee
1622 3609 20 17 to
1654 3607 79 24 Geyser
1757 3605 74 25 Valley,
1843 3609 28 21 ss;

1065 3635 92 21 distance
1167 3635 51 19 from
1230 3635 33 19 the
1275 3634 61 25 hotel,
1346 3642 37 12 ono
1394 3635 45 19 mile

988 3688 93 23 THE
1101 3686 338 25 AREATEATEA
1471 3693 22 12 or
1505 3686 80 19 Ladder
1595 3685 84 26 Rapids.
1708 3685 41 20 The
1767 3686 104 20 Grandest

1063 3713 78 26 Rapids
1153 3714 19 18 in
1184 3713 34 19 the
1230 3713 101 19 Southern
1343 3712 137 26 Hemisphere
1488 3712 4 27 ;
1503 3712 73 25 falling
1588 3712 20 20 in
1628 3713 30 19 six
1676 3712 83 19 distinct
1778 3713 92 19 cascades

1062 3743 95 22 amongst
1173 3739 61 19 weird
1247 3739 39 18 and
1298 3739 74 24 rugged
1388 3745 90 18 scenery.
1506 3738 98 20 Distance
1615 3739 51 19 from
1678 3739 34 19 the
1733 3739 61 24 hotel,
1814 3739 56 20 three

1063 3767 64 19 milra.
1155 3765 155 19 Saddlehort.cs
1325 3767 21 16 to
1357 3765 47 18 visit
1414 3765 34 19 the
1456 3765 84 25 Rapids,
1551 3765 22 20 7s
1585 3765 24 19 C>d
1620 3765 54 20 each.

985 3812 204 26 KERAPIT
1201 3811 4 27 I
1234 3818 23 13 or
1265 3811 37 20 the
1310 3812 79 20 Devil's
1398 3812 98 25 Trumpet
1506 3812 18 20 is
1540 3813 43 19 said
1603 3816 21 16 to
1644 3813 51 19 emit
1714 3820 12 13 a
1747 3819 92 19 pressure
1849 3814 21 19 of

1061 3838 71 21 18011)8
1143 3838 21 20 of
1179 3841 63 17 steam
1254 3840 21 17 to
1286 3838 34 20 the
1326 3838 53 24 inch,
1395 3838 53 19 from
1458 3845 25 12 an
1499 3842 98 22 aperture
1606 3840 22 19 of
1646 3840 64 19 about
1729 3840 25 19 12
1770 3840 69 19 inches
1848 3841 20 18 in

1061 3866 104 18 diameter.
1192 3865 101 19 Distance
1304 3865 52 18 from
1368 3865 53 19 hotel
1431 3865 56 20 three
1499 3866 37 18 and
1550 3873 11 12 a
1573 3866 41 19 half
1625 3866 68 24 miles;
1713 3866 70 19 saddle
1799 3866 69 20 horses

1061 3894 20 17 to
1094 3892 47 18 visit
1151 3891 35 19 the
1195 3892 70 23 above,
1277 3891 54 20 2sOd
1343 3892 54 19 each.

1394 3923 52 14 A.LSO

985 3944 93 25 THE
1101 3944 132 23 HUKA
1252 3944 168 30 FALLS,
1440 3943 34 20 the
1606 3944 57 21 Falls
1672 3946 20 18 in
1714 3944 33 19 the
1767 3944 100 21 Southern

1061 3974 139 26 Hemisphere
1230 3974 41 21 The
1281 3974 56 20 Falls
1347 3981 44 19 may
1409 3976 22 18 be
1440 3974 73 20 visited
1521 3981 27 13 on
1556 3974 36 21 the
1601 3983 53 12 same
1662 3976 114 24 expedition
1790 3982 22 14 as
1833 3976 35 20 the

1059 4000 79 22 Devil's
1143 4001 106 25 Trumpet.
1277 4000 97 21 Distance
1385 4001 52 18 from
1449 4000 52 20 hotel
1512 4000 59 21 three
1580 4002 38 19 and
1630 4009 11 12 a
1652 4002 42 19 half
1705 4002 62 19 miles.
1793 4003 74 20 Saddle

1138 4035 21 11 or
1169 4028 68 24 buggy
1252 4027 49 20 2s9d
1312 4028 55 19 each.

1115 4067 87 27 MRS
1215 4066 38 28 R.
1273 4066 193 32 GRAHAM,
1487 4066 242 32 Proprietress.

2392 154 43 26 B1
2447 153 44 27 *&
2501 156 55 23 'sm
2566 153 1 27 ;

986 315 57 26 HIGH
1062 315 34 26 ST.
1117 315 38 26 and
1174 316 111 26 VICTORIA
1306 317 34 26 ST.
1362 315 64 31 EAST,

1011 423 43 21 Tho
1069 423 64 21 above
1151 423 110 22 Favourite
1274 425 39 19 and
1324 424 90 21 Commod-

986 449 43 20 ious
1062 450 61 18 Hotel
1156 451 75 19 affords
1264 451 166 20 EXCELLENT

986 475 240 22 ACCOMMODATION
1240 477 32 20 for
1287 476 141 25 TOURISTS,

986 501 181 22 TEAVELLEES
1196 505 15 17 &
1240 503 127 20 VISITORS
1384 503 46 19 who

986 527 40 19 will
1035 529 76 18 receive
1122 535 60 19 every
1197 529 90 21 Comfort
1303 530 41 20 and
1359 529 69 19 Atteii-

2268 432 2 27 ■
2347 433 81 26 Sample
2448 434 45 20 Roo
2538 434 32 20 for
2581 432 190 20 COMMERCIAL

2235 454 14 54 |
2268 454 3 54 |
2322 471 182 21 TEAVELLEES
2522 471 105 21 available
2646 473 20 18 at
2677 471 27 20 all
2714 470 38 21 tim
2762 477 11 13 e

2348 572 90 27 Charges
2488 574 112 24 Moderate,
2659 576 115 19 SPECIAL

2212 601 11 18 A
2324 611 89 21 RATES
2430 612 34 21 TO
2489 613 175 22 PERMANENT
2688 614 83 21 BOAR-

1012 652 104 22 Escollont
1139 655 88 20 Cuisine.
1270 655 95 25 Spacious
1390 653 40 20 and

989 687 180 22 Well-Ventilated
1186 689 117 20 Bedrooms.

990 722 59 21 Room
1061 723 49 20 with
1120 726 38 17 I\vo
1169 724 104 19 first-class
1287 724 72 18 tallies.
1386 722 45 19 Hot

988 822 15 18 &
1014 821 50 19 Cold
1078 822 79 25 Plunge
1168 823 13 18 &
1194 821 82 20 Shower
1285 821 72 20 Baths.

986 847 76 25 Wines,
1092 848 72 25 Spirits
1181 848 39 18 and
1235 848 49 18 Ales
1302 848 21 18 of
1341 847 89 20 thol>cst

1136 873 80 20 Brands
1224 874 53 19 onlv.

1684 788 83 35 ;/m\
1781 783 32 47 p

2449 751 39 37 C.
2526 751 222 46 CAULTON,

2451 872 208 46 Proprietor,

1117 967 636 59 WAIWERA
1865 966 756 72 SANATORIUM

1824 1033 123 34 AND
2629 1026 12 25 9

1576 1079 428 75 TSPRINGS
2086 1083 243 77 HOTEI

984 1181 84 33 Duly
1099 1183 43 25 30
1176 1183 101 26 miles
1310 1181 111 29 North
1452 1183 37 26 of
1515 1181 192 32 Auckland,
1739 1181 87 27 with,
1854 1181 97 34 daily
1981 1186 296 29 communication
2307 1191 85 27 with
2423 1192 113 28 Coach
2568 1200 39 20 or
2628 1193 132 27 steame

1313 1223 54 21 See
1381 1223 167 21 advertised
1560 1223 83 21 Time
1659 1223 77 21 table
1748 1223 30 20 of
1787 1229 45 15 s.s.
1847 1224 79 20 Rose
1937 1225 98 27 Casey
2046 1226 57 20 and
2120 1226 130 25 Butler's
2262 1231 23 21 R
2307 1232 28 20 M
2362 1233 98 21 Coach

983 1259 104 28 WHE
1113 1259 117 25 ABOVE
1245 1259 299 25 ESTABLISHMENT
1554 1259 138 24 STANDS
1708 1258 231 26 UNRIVALLED
1953 1269 25 16 as
1997 1269 14 16 a
2023 1261 90 25 Health
2124 1271 28 16 or
2164 1264 111 32 pleasure
2288 1268 97 27 Resort,
2399 1269 48 25 and
2460 1270 43 23 has
2516 1270 90 31 special
2628 1270 153 32 advantages

997 1287 22 37 $
1070 1292 37 25 for
1119 1293 78 24 either
1221 1293 111 24 Tourists
1348 1301 27 16 or
1389 1293 116 26 Invalids,

1348 1392 174 28 Beautiful
1542 1392 157 34 Scenery,
1720 1393 240 33 Sea-Bathing,
1980 1394 157 36 Boating,
2158 1398 143 34 Fishing
2324 1400 46 27 &c

1537 1426 124 28 Cusine
1676 1426 68 27 and
1758 1427 209 28 attendance
1986 1428 37 27 of
2043 1429 58 27 the
2123 1430 84 32 best.
2304 1424 5 14 '

984 1467 94 25 Famed
1089 1467 37 24 for
1139 1467 30 25 its
1183 1468 109 24 curative
1304 1467 94 25 natural
1411 1468 105 25 medical
1530 1468 53 25 Hot
1595 1469 103 32 Springs
1710 1470 48 23 and
1773 1470 81 24 Baths.
1891 1470 37 24 As
1941 1470 40 24 the
1997 1470 101 35 Springs
2110 1473 49 25 and
2173 1473 74 26 Baths
2260 1483 40 17 are
2311 1475 40 25 the
2364 1482 115 27 property
2493 1477 25 24 of
2531 1477 40 25 the
2585 1477 83 30 Hotel,
2683 1477 98 26 visitors

1016 1509 41 17 are
1067 1501 111 33 supplied
1188 1501 58 26 with
1256 1501 104 30 Towels,
1373 1501 47 25 and
1434 1510 43 16 can
1486 1502 57 25 take
1553 1510 30 17 an
1597 1502 126 25 unlimited
1736 1505 103 23 number
1852 1503 25 25 of
1890 1503 74 25 Baths
1977 1509 24 19 at
2014 1513 45 25 any
2073 1505 58 26 time
2144 1507 26 24 of
2180 1508 40 25 the
2233 1508 47 33 day
2295 1509 77 28 FREE
2385 1510 64 25 from
2462 1519 46 24 any
2517 1511 89 32 charge
2616 1512 124 26 whatever

1170 1544 223 41 TARIFF
1412 1545 120 40 PER
1547 1545 140 49 DAY,
1709 1544 52 42 7s
1780 1547 65 47 8s;
1894 1546 122 41 PER
2030 1547 192 52 WEEK,
2244 1551 63 41 £1
2357 1552 77 42 15s
2453 1554 48 40 to
2529 1553 71 41 £2
2618 1554 68 41 2s.

1391 1600 160 35 Cottages
1564 1600 34 29 to
1612 1600 48 28 let
1672 1601 48 34 by
1732 1600 59 29 the
1810 1602 105 33 week,
1928 1602 130 35 month,
2073 1611 39 21 or
2132 1604 57 30 the
2209 1613 131 22 season,

983 1650 48 27 For
1049 1659 46 25 any
1109 1650 155 27 information
1277 1651 112 33 required
1404 1650 80 34 please
1497 1651 72 34 apply
1582 1656 25 21 to
1620 1651 145 34 Proprietor,
2119 1655 17 25 p
2138 1665 26 16 pots
2167 1661 9 21 t
2186 1656 48 26 and
2244 1656 141 36 Telegraph
2396 1659 91 27 Offices
2500 1658 126 37 adjoining
2651 1661 41 25 the
2707 1658 77 28 Hotel

1541 1694 59 46 A.
1628 1694 52 40 A.
1710 1694 202 50 SMITH,
2035 1698 279 47 Proprietor.

2072 1819 26 21 J.'

2199 1839 34 17 <<r\

2646 1956 101 42 AS/fl

2491 1970 33 35 *

1957 1976 28 26 Ul

2358 2154 36 15 PM

2242 2183 30 12 ■A:-

2210 2185 24 14 ,«.

2084 2223 48 26 m

2047 2473 161 23 •RyOLDSPECiA!.

2260 2575 57 31 m£

2263 2606 179 37 GOTLAND

2678 2616 28 32 S

2040 2670 167 28 P.G.L'.BRAKD!

2251 2738 203 47 Proprietors:-

1886 2832 22 41 i,
1965 2776 596 97 ip,v~--■*Distillers
2600 2794 124 69 c*a?

1895 2930 270 33 WHOLESALE
2185 2919 217 53 AGENTS^

2187 2973 50 40 L.
2267 2975 52 39 D.
2348 2975 263 43 NATHAN
2637 2980 113 40 &Co.

1896 3211 879 75 COACHINGLINE

2080 3352 533 49 BETWEJEINT

2006 3464 268 53 Rotorua
2310 3469 116 49 and
2460 3470 210 63 Taupo.

2161 3719 347 30 THURHNGH

1890 3752 81 39 Smith
2000 3752 49 40 and
2067 3752 113 51 Carriage
2203 3754 104 45 Works,
2338 3754 80 40 Coach
2444 3755 49 39 and
2522 3754 110 50 Waggon
2667 3754 104 52 Factory

1908 3860 37 17 The
1953 3861 116 21 undersigned
2077 3867 29 11 are
2114 3862 139 17 manufacturers
2261 3863 18 16 of
2287 3864 21 15 all
2319 3864 60 15 classes
2387 3864 18 15 of
2415 3864 78 15 Vehicles
2502 3863 13 16 &
2524 3863 120 20 Agrionltural
2654 3863 33 21 In)]
2694 3864 77 16 foments.

1908 3883 37 15 Out-
1954 3882 109 17 well-known
2073 3883 98 21 reputation
2180 3889 19 10 as
2207 3883 84 17 Praotioal
2306 3885 100 17 Mcohunioa
2421 3885 34 15 and
2470 3884 58 16 W.P's
2540 3885 19 16 27
2575 3890 50 15 years
2637 3884 99 21 experience
2754 3886 18 16 iu

1887 3902 150 18 thoAustralnsian
2047 3904 85 19 Colonics,
2141 3905 65 20 justify
2214 3911 20 9 us
2242 3905 18 16 in
2276 3905 82 21 claiming
2370 3907 39 15 that
2424 3911 25 10 we
2466 3911 32 11 can
2512 3905 69 16 furnish
2596 3911 10 11 a
2621 3906 57 17 bettor
2692 3905 44 17 cluss
2755 3907 18 16 of

1887 3925 74 15 vehicles
1969 3925 95 17 consistent
2073 3926 42 16 with
2123 3926 62 16 honest
2194 3926 46 16 work
2249 3928 18 14 at
2275 3932 11 10 a
2294 3927 74 20 cheaper
2379 3930 36 13 rate
2424 3927 41 15 than
2476 3932 33 12 any
2517 3927 19 16 of
2545 3932 31 10 cur
2584 3926 116 21 competitors.

1906 3945 37 17 The
1952 3945 60 18 Piiblio
2021 3946 34 17 will
2068 3947 34 15 lind
2112 3947 12 15 it
2137 3948 16 15 to
2168 3947 45 16 their
2228 3947 98 22 advantage
2343 3949 17 15 to
2378 3948 146 17 ENCOURAGE
2544 3947 78 17 LOCAL
2642 3948 129 22 INDUSTkY,

1887 3967 54 16 where
1950 3967 39 21 thoy
2007 3972 32 12 oan
2046 3967 45 17 have
2097 3968 114 20 tbe_ploasuro
2218 3969 19 15 cf
2244 3969 59 21 seeing
2319 3969 89 17 first-class
2425 3969 78 17 material
2515 3969 35 16 and
2566 3969 126 21 workmanship
2708 3971 32 20 put
2755 3971 17 16 iu

1906 3988 40 20 oles:)
1955 3989 49 15 made
2012 3990 18 14 to
2038 3989 44 16 their
2087 3989 61 16 valued
2158 3989 63 16 orders.

1906 4009 46 18 N,B.
1955 4009 99 17 —Vehicles
2061 4010 19 16 Of
2086 4010 24 16 all
2117 4010 115 21 descriptions
2241 4012 84 20 repaired,
2336 4012 77 20 painted,
2423 4011 94 17 renovated
2526 4012 33 15 and
2569 4012 49 15 mado
2633 4013 17 14 to
2666 4012 39 16 look
2721 4013 52 20 equal

1887 4032 16 14 to
1911 4036 44 11 now.

1887 4078 199 27 WILLIAM
2311 4066 256 45 CoaSibuilder.

2237 4118 138 25 JAMES
2397 4118 132 32 HAUA,
2551 4118 222 30 Blacksmith

2144 4149 148 19 DEYONPOKT
2303 4149 72 20 KOAD,
2390 4149 132 20 TATJJEtAGtA,

2820 3033 44 19 The
2869 3033 97 20 Adelaide
2974 3034 95 26 Register
3077 3042 46 18 says
3133 3034 34 20 tho
3181 3041 34 13 con-

2794 3060 63 19 dition
2875 3060 21 18 of
2912 3059 34 19 the
2965 3062 92 24 growing
3067 3062 66 19 wheat
3152 3067 47 20 crop
3208 3062 16 18 is

2794 3086 85 25 causing
2904 3085 101 21 increased
3029 3088 89 24 anxiety,
3144 3088 38 19 and
3199 3087 25 20 its

2794 3112 108 20 backward
2910 3114 51 17 stato
2975 3112 21 20 in
3014 3119 54 14 some
3083 3114 87 19 districts
3189 3114 36 19 has

2794 3140 35 17 not
2839 3138 87 20 enabled
2932 3138 34 19 the
2976 3145 47 20 crop
3032 3142 21 17 to
3067 3140 110 19 withstand
3191 3140 35 19 the

2794 3165 39 18 late
2849 3165 37 24 dry
2905 3165 87 19 weather
3011 3166 40 19 and
3069 3166 34 19 the
3137 3166 54 25 yield
3210 3165 16 20 is

2794 3191 75 18 certain
2879 3193 19 16 to
2911 3191 23 18 be
2943 3191 65 19 sinnll.
3037 3192 25 20 In.
3072 3192 58 20 other
3139 3192 87 20 districts

2793 3216 34 19 tho
2838 3216 81 20 outlook
2930 3217 16 19 is
2956 3220 34 16 not
3001 3224 21 13 so
3031 3218 46 25 bad,
3089 3219 39 19 and
3136 3218 33 19 tho
3179 3225 47 18 crop

2794 3243 15 18 is
2820 3243 41 19 still
2870 3243 21 19 in
2907 3250 11 12 a
2937 3243 87 25 position
3039 3246 20 18 to
3078 3251 81 13 recover
3177 3245 48 19 with

2793 3269 53 24 good
2864 3269 88 19 rainfall.
2980 3269 43 19 The
3045 3273 67 17 recent
3130 3271 61 22 rains,
3210 3270 16 18 it

2794 3301 51 18 gays,
2866 3302 52 13 were
2940 3295 126 26 insufficient,
3087 3297 39 18 and
3145 3297 44 18 rain
3208 3297 16 18 is

2794 3321 106 25 anxiously
2919 3321 71 19 looked
3008 3322 33 19 for
3059 3323 40 18 and
3118 3323 76 18 needed
3203 3323 21 18 in

2794 3347 101 23 northern,
2905 3351 90 19 western,
3006 3348 42 19 and
3062 3351 78 16 eastern
3158 3348 66 20 wheat

2793 3373 93 23 districts,
2898 3373 40 20 and
2948 3373 67 20 unless
3021 3374 15 19 it
3046 3381 65 12 comes
3120 3380 48 19 very
3176 3381 48 13 soon

2793 3399 34 18 the
2838 3401 101 25 prospects
2949 3399 40 20 will
2999 3400 26 19 be
3034 3400 58 19 dark.

2818 3424 43 20 The
2874 3425 75 20 French
2959 3425 148 27 Geographical
3117 3426 105 26 Congress,

2793 3453 20 16 at
2821 3450 25 20 its
2850 3455 68 16 recent
2921 3452 94 25 meeting,
3021 3453 72 24 passed
3100 3453 124 18 arosolution

2792 3477 21 18 in
2831 3477 73 20 favour
2918 3478 20 19 of
2957 3478 98 25 adopting
3073 3485 102 13 measures
3192 3480 33 17 for

2792 3503 127 26 stimulating
2963 3504 34 18 the
3039 3504 113 24 birth-rate,
3191 3504 34 19 tho

2791 3529 119 24 population
2929 3530 20 19 of
2966 3530 79 20 Franco
3062 3530 63 25 being
3143 3537 26 12 on
3187 3530 35 19 the

2791 3554 83 21 decline.

2817 3581 20 19 It
2848 3582 16 19 is
2872 3582 104 19 estimated
2986 3582 42 19 that
3040 3582 34 19 tho
3088 3582 76 19 annual
3178 3588 34 14 con-

2791 3608 104 25 sumption
2900 3608 21 19 of
2931 3610 42 17 oats
2989 3608 19 18 in
3018 3608 34 19 the
3064 3608 75 19 I'nited
3158 3608 66 19 States

2792 3633 35 19 has
2838 3633 51 20 been
2908 3634 84 19 reduced
3011 3634 63 19 about
3095 3636 129 22 100,00(1,00(1

2793 3659 81 19 bushels
2885 3660 67 25 owing
2961 3662 20 17 to
2991 3659 34 20 the
3041 3660 144 25 displacement
3203 3661 21 19 of

2792 3685 136 27 horse-power
2933 3685 27 26 by
2966 3686 109 25 electricity
3083 3687 40 18 and
3130 3687 92 25 bicycles.

2822 3726 123 18 Subscribers
2961 3725 40 19 will
3018 3725 63 25 please
3099 3726 54 19 leave

2792 3755 21 16 at
2824 3753 34 19 the
2870 3753 60 22 office,
2945 3752 68 19 should
3028 3753 48 24 they
3095 3757 35 14 not
3149 3753 74 19 receive

2791 3778 52 20 their
2850 3786 62 18 paper
2923 3779 104 25 regularly,
3037 3779 38 18 and
3086 3779 33 19 the
3128 3780 96 19 omission

2792 3805 40 19 will
2843 3805 23 18 bo
2877 3805 133 20 immediately
3024 3805 92 19 rectified.

2842 3874 30 27 J.
2889 3874 49 32 W,
2952 3874 217 32 WRIGLEY,

2793 3915 223 19 ARCHI
3050 3915 16 19 T
3101 3915 17 19 E
3151 3916 16 19 0
3200 3917 23 25 T,

2934 3945 143 20 ROTORUA.

2817 3978 68 24 Agent
2893 3978 32 19 for
2937 3977 31 20 the
2980 3978 62 19 South
3058 3978 78 20 British
3147 3979 46 19 Fire
3205 3980 17 20 &

2792 4004 81 19 Marine
2885 4004 110 19 Insurance
3005 4004 110 26 Company.
