4220 5890
1275 5324 150 40 Mount
1468 5321 158 45 Benger
1668 5316 116 39 Mail.

1350 5407 98 34 JUST
1472 5407 74 34 AND
1570 5407 98 34 FEAR

1316 5495 118 27 FRIDAY,
1446 5491 166 24 SEPTEMBER
1628 5489 32 28 10,
1679 5488 57 22 1897.

1299 5591 70 41 The
1395 5588 112 42 Police
1532 5585 231 47 Department.

1258 5677 62 29 The
1340 5675 123 40 greatest
1487 5680 97 29 enemy
1607 5668 30 31 of
1659 5667 48 29 the
1732 5664 74 32 Hon.

1258 5718 47 29 the
1318 5714 122 32 Premier
1451 5711 91 31 woald
1562 5713 50 26 not
1635 5718 97 20 accuse
1750 5707 57 29 him

1257 5757 30 31 of
1304 5755 89 36 being
1412 5753 31 30 in
1462 5762 55 29 any
1539 5759 79 21 sense
1638 5759 16 19 a
1678 5748 75 29 slaye
1777 5750 30 30 to

1828 193 157 37 precedent,
1996 193 55 30 and
2063 191 134 37 certainly
2209 189 43 29 his
2261 195 115 21 manner

1827 231 30 30 of
1875 233 115 41 making
2009 232 94 42 public
2124 228 206 43 appointments
2351 224 25 30 is

1828 273 201 40 distinguished
2060 274 38 37 by
2133 268 168 42 originality.
2340 266 35 29 In

1828 313 48 30 the
1888 318 72 26 most
1971 317 94 28 recent
2086 313 132 33 instance,
2242 308 78 30 when
2341 306 35 30 he

1829 355 150 39 appointed
1993 356 193 39 ex-Inspector
2204 348 170 38 Tunbridge,

1830 395 29 28 of
1873 396 129 30 Scotland
2011 395 87 36 Yard,
2121 395 47 28 the
2181 392 80 30 other
2281 390 54 37 day
2348 392 28 25 to

1829 434 37 30 be
1879 435 209 31 Commissioner
2099 434 30 31 of
2149 432 92 30 Police
2261 430 44 29 for
2331 428 47 30 the

1830 475 98 39 colony
1955 477 35 29 he
2020 485 104 31 sprang
2150 484 16 19 a
2196 470 121 40 surprise
2342 479 36 20 on

1832 517 95 37 people
1940 517 147 38 generally,
2107 515 55 29 and
2181 524 41 18 we
2244 511 54 30 feel
2315 520 63 19 sure

1833 556 47 29 the
1891 556 90 41 filling
1993 558 28 29 of
2033 568 30 18 so
2074 556 151 39 important
2234 562 15 19 a
2259 555 64 35 post
2331 550 31 29 de-

1833 597 96 29 served
1942 599 142 39 weightier
2101 593 211 35 consideration,
2325 590 55 30 and

1835 637 45 28 the
1893 638 126 30 selection
2033 637 91 30 would
2134 636 70 28 have
2223 634 71 29 been
2305 641 76 20 more

1833 677 136 38 judicious
1981 679 53 29 had
2051 679 45 29 Mr
2115 675 112 31 Seddon
2240 672 99 30 waited
2353 675 28 26 to

1835 719 109 29 consult
1964 719 40 30 his
2021 719 155 37 colleagues
2197 714 96 30 before
2317 722 49 20 con-

1835 757 112 41 firming
1976 760 30 30 it.
2046 758 51 29 We
2129 757 68 28 have
2226 764 36 19 on
2300 762 81 28 many

1835 798 139 31 occasions
1996 811 62 18 now
2080 797 71 30 tried
2176 795 47 30 the
2247 792 137 41 imported

1837 839 106 37 official,
1957 840 33 30 be
2002 841 36 29 he
2050 836 178 34 comissioner
2239 834 30 31 of
2287 833 98 40 police,

1837 882 175 30 commander
2023 882 30 30 of
2065 880 48 30 the
2126 879 99 34 forces,
2246 876 139 38 inspector

1838 920 29 29 of
1889 921 127 38 asylums,
2029 932 32 20 or
2082 919 138 38 anything
2241 917 66 35 else,
2327 914 55 30 and

1839 960 47 30 the
1910 962 105 31 verdict
2037 962 29 30 of
2092 958 162 41 experience
2270 957 24 29 is
2315 955 56 30 alto-

1839 1001 99 39 gether
1948 1002 110 40 against
2070 1001 73 30 him:
2164 999 35 29 he
2220 997 100 39 simply
2333 993 54 31 will

1839 1046 49 24 not
1900 1042 45 30 do.
1982 1044 29 28 It
2022 1044 24 28 is
2064 1053 36 17 an
2121 1051 72 28 open
2218 1042 88 26 secret
2327 1037 61 28 that

1840 1080 44 30 for
1896 1092 73 20 some
1980 1093 78 30 years
2072 1084 63 36 past
2148 1080 46 29 the
2213 1077 88 41 police
2312 1076 75 29 force

1839 1121 30 29 of
1879 1122 47 30 the
1939 1121 96 42 colony
2045 1124 49 28 has
2107 1123 70 28 been
2185 1120 28 28 in
2224 1129 36 19 an
2270 1117 103 30 unsatis-

1840 1162 107 40 factory
1971 1168 78 32 state,
2084 1163 86 37 being
2197 1157 191 40 disorganised

1840 1202 145 42 internally
2013 1204 55 31 and
2092 1203 29 30 in
2153 1211 82 28 many
2266 1201 122 38 respects

1844 1246 87 35 (with,
1945 1246 133 34 however,
2101 1252 146 20 numerous
2270 1242 106 27 honour

1840 1285 62 28 able
1939 1284 168 40 exceptions)
2138 1286 49 26 not
2216 1291 38 30 up
2286 1284 29 25 to
2340 1279 48 29 the

1840 1325 131 30 standard
2002 1327 30 28 of
2070 1324 139 38 efficiency
2242 1321 62 30 that
2340 1319 47 30 the

1842 1366 96 38 colony
1949 1366 50 28 Lrs
2012 1376 16 18 a
2040 1366 76 37 right
2138 1367 28 25 to
2186 1366 108 35 expect.
2333 1360 55 28 For

1842 1405 54 30 this
1906 1394 145 43 resfefthe
2072 1405 187 30 Government
2272 1401 23 29 is
2308 1403 49 27 not
2369 1409 18 19 a

1841 1445 70 29 little
1920 1449 40 25 tot
1965 1448 95 35 blame,
2072 1456 30 18 as
2120 1445 78 29 there
2209 1443 50 28 has
2271 1441 116 29 without

1842 1485 87 29 doubt
1941 1484 68 31 been
2023 1491 45 25 too
2078 1484 81 30 much
2172 1482 121 40 political
2305 1481 67 29 influ-

1841 1535 66 19 ence
1932 1526 27 28 in
1981 1528 46 29 the
2047 1524 219 32 administration
2286 1522 29 29 of
2339 1522 48 28 the

1840 1566 182 36 department.
2060 1567 58 28 The
2155 1564 85 30 ranks
2277 1562 29 29 of
2340 1562 47 28 the

1840 1605 87 38 police
1950 1606 73 31 force
2042 1607 70 28 have
2137 1613 68 21 oeen
2227 1602 74 30 filled
2321 1602 66 28 with

1840 1656 65 25 raw,
1927 1645 207 41 inexperienced
2159 1644 109 38 youths,
2296 1642 91 29 whose

1839 1686 95 28 fitness
1943 1686 43 30 for
1997 1687 47 29 the
2063 1690 64 35 post
2148 1682 136 40 appeared
2305 1685 29 26 to
2351 1682 36 28 be

1840 1726 65 39 only
1917 1737 17 18 a
1952 1727 149 39 secondary
2125 1722 209 35 consideration,
2357 1733 30 18 as

1840 1767 67 39 long
1919 1778 29 18 as
1960 1769 66 37 they
2035 1766 80 31 could
2127 1764 147 31 command
2294 1762 80 39 politi-

1840 1807 40 28 cal
1906 1811 159 35 patronage.
2104 1806 54 29 We
2189 1813 71 19 were
2293 1802 94 30 shown

1840 1847 108 30 further
1959 1858 16 19 a
1988 1846 85 41 slight
2085 1846 118 40 glimpse
2216 1843 28 29 of
2253 1842 48 30 the
2310 1842 78 29 inner

1840 1889 126 39 working
1978 1889 29 30 of
2028 1889 47 29 the
2094 1888 174 36 department
2288 1883 29 29 in
2339 1883 48 29 the

1840 1929 122 28 remarks
1999 1928 29 29 of
2066 1925 148 31 Constable
2255 1922 132 35 M'Allen,

1841 1969 145 39 published
1998 1968 28 30 in
2039 1967 55 30 this
2107 1976 85 30 paper
2204 1976 17 18 a
2234 1962 52 32 few
2297 1961 91 31 weeks

1840 2020 63 29 ago,
1917 2010 88 29 where
2018 2009 35 29 he
2065 2008 59 29 said
2145 2005 137 41 speaking
2299 2003 30 30 of
2341 2004 47 28 ths

1841 2051 115 29 chances
1993 2050 30 30 of
2048 2048 163 40 promotion,
2244 2046 61 28 that
2341 2044 47 29 the

1842 2091 127 30 Minister
1980 2091 22 29 is
2015 2088 157 41 frequently
2184 2086 97 30 misled
2291 2086 37 37 by
2342 2085 47 29 the

2066 2140 103 18 memos
2188 2128 72 28 from
2284 2126 105 28 officers

1841 2171 30 30 of
1893 2172 47 29 the
1960 2171 98 39 higher
2082 2169 82 30 ranks
2189 2168 28 29 in
2238 2167 99 29 favour
2361 2164 29 30 of

1841 2212 72 29 their
1924 2215 56 36 pet,
1994 2211 59 29 who
2063 2211 23 28 is
2100 2213 45 26 too
2153 2208 76 30 often
2240 2218 17 18 a

1843 2253 74 28 Such
1938 2263 16 18 a
1976 2255 148 26 statement
2147 2250 71 28 from
2238 2258 36 18 an
2298 2246 89 30 officei

1842 2293 61 28 who
1917 2293 48 28 has
1977 2298 80 33 spent
2070 2290 97 30 twelve
2189 2298 79 29 years
2291 2287 29 29 in
2342 2286 48 29 the

1842 2333 103 28 service
1958 2332 23 29 is
1995 2331 96 39 highly
2104 2330 166 36 significant,
2282 2328 55 28 and
2350 2337 41 19 we

1842 2377 101 26 cannot
1956 2373 110 29 wonder
2077 2371 61 29 that
2150 2370 47 29 the
2214 2369 174 38 department

1842 2413 23 30 is
1879 2412 187 41 disorganised
2080 2411 79 30 when
2177 2410 67 29 such
2258 2407 132 41 practices

1843 2453 92 30 obtain
1951 2453 148 39 generally.
2138 2451 66 29 This
2217 2450 85 38 being
2317 2459 40 25 so,
2369 2448 23 29 it

1843 2495 22 28 is
1879 2494 64 37 high
1959 2494 64 29 time
2042 2493 76 29 there
2132 2502 55 18 was
2206 2489 169 39 re-organisa-

1843 2535 66 33 tion,
1924 2535 64 28 with
2002 2535 46 28 the
2061 2533 93 40 object
2167 2532 30 30 of
2218 2530 113 41 putting
2343 2530 48 29 the

1843 2576 74 28 force
1931 2586 34 18 on
1980 2586 15 17 a
2009 2575 91 28 better
2119 2573 110 37 footing
2244 2583 6 23 ;
2270 2571 52 28 but
2345 2571 47 28 the

1843 2615 128 29 selection
1985 2615 29 28 of
2028 2624 33 19 an
2078 2613 92 30 officer
2182 2611 45 31 for
2247 2611 47 29 the
2315 2610 76 29 work

1843 2655 124 39 required
2001 2655 101 28 careful
2134 2651 211 32 consideration,
2370 2651 22 27 if

1842 2695 42 27 his
1922 2694 75 28 work
2027 2704 53 17 was
2119 2696 28 24 to
2185 2693 36 26 be
2258 2690 132 29 effective.

1841 2735 58 28 The
1925 2734 190 38 appointment
2143 2731 79 30 made
2247 2730 49 28 has
2322 2728 70 31 little

1842 2778 28 25 to
1894 2774 172 28 recommend
2092 2774 30 27 it.
2163 2773 45 27 Mr
2232 2770 161 37 Tunbridge

1840 2814 24 29 is
1889 2824 32 18 an
1945 2813 187 30 ex-detective
2144 2812 101 34 officer,
2264 2810 61 29 who
2339 2819 53 19 was

1826 2850 2 41 I
1842 2855 97 28 retired
1950 2855 70 29 from
2032 2853 47 30 the
2094 2853 114 29 London
2221 2850 87 41 police
2316 2850 76 29 force

1841 2902 54 21 two
1920 2905 78 27 years
2011 2905 63 25 ago,
2090 2894 75 27 since
2181 2893 89 33 when,
2295 2902 41 17 we
2348 2900 45 19 are

1840 2934 145 36 informed,
2009 2934 37 29 he
2060 2934 49 28 has
2130 2934 67 27 been
2211 2931 127 38 engaged
2361 2930 27 28 in

1840 2975 129 38 building
1978 2975 165 40 operations.
2183 2973 57 28 The
2249 2970 144 30 Premier's

1841 3017 61 28 idea
1925 3015 30 29 of
1975 3012 46 34 the
2044 3020 91 24 wants
2149 3014 29 28 of
2191 3013 46 28 the
2253 3012 96 37 colony
2364 3021 29 18 as

2095 3052 219 30 administration
2344 3060 32 27 ap-

1841 3105 79 28 pears
1946 3099 29 27 to
1992 3097 68 28 have
2084 3094 69 28 been
2167 3092 61 28 that
2240 3091 48 27 the
2301 3090 77 28 detec-

1842 3135 56 30 tive
1911 3135 75 32 force
2008 3133 104 32 needed
2127 3130 223 40 strengthening,
2364 3139 28 19 as

1841 3177 22 29 it
1875 3177 23 29 is
1911 3176 58 30 also
1983 3176 87 31 stated
2082 3175 61 30 that
2157 3174 33 28 he
2200 3172 126 37 engaged
2339 3176 53 24 two

1841 3217 62 28 first
1926 3217 71 28 class
2010 3215 147 30 detectives
2167 3215 44 26 for
2230 3213 47 26 the
2300 3211 90 28 North

1841 3256 53 30 and
1917 3255 89 31 South
2025 3254 117 32 Islands.
2181 3252 28 30 It
2228 3261 114 29 appears
2361 3253 29 27 to

1840 3307 33 18 us
1895 3297 35 28 he
1948 3297 49 28 has
2012 3293 220 32 misunderstood
2256 3292 47 27 the
2324 3300 49 29 pur-

1840 3347 65 28 pose
1942 3335 163 40 altogether.
2146 3332 84 30 What
2258 3342 57 19 was
2345 3340 29 20 re-

1840 3376 97 40 quired
1950 3387 56 18 was
2018 3386 34 18 an
2065 3373 92 31 officer
2168 3372 71 38 fully
2251 3370 137 30 informed

1840 3418 29 28 of
1888 3417 47 29 the
1948 3416 136 37 necessity
2108 3415 44 29 for
2172 3412 215 40 reorganisation

1839 3459 65 27 with
1936 3457 47 29 the
2013 3457 97 36 ability
2146 3454 54 29 and
2226 3452 161 40 experience

1838 3507 144 30 necessary
1995 3500 29 26 to
2047 3505 79 29 carry
2139 3497 48 27 out
2211 3492 113 30 needful
2345 3502 28 19 re-

1838 3538 95 30 forms.
1972 3538 39 30 To
2035 3537 58 30 find
2112 3535 68 31 such
2192 3546 17 18 a
2221 3545 63 18 man
2296 3533 23 30 it
2333 3544 55 19 was

1837 3582 50 25 not
1899 3582 29 25 at
1940 3578 36 29 all
1990 3586 144 27 necessary
2147 3579 29 25 to
2190 3584 37 29 go
2239 3577 50 25 out
2301 3574 30 28 of
2341 3573 47 29 the

1837 3618 106 39 colony,
1969 3618 56 29 and
2046 3627 41 19 we
2100 3615 66 30 take
2178 3615 47 29 the
2237 3613 101 39 liberty
2359 3616 29 27 to

1837 3658 125 30 instance
1986 3658 48 29 the
2069 3655 88 41 police
2181 3655 153 37 inspectors
2359 3659 29 23 at

1839 3699 155 35 Auckland,
2021 3697 206 34 Christchurch,
2241 3706 32 17 or
2294 3694 75 30 Dune-

1839 3739 56 30 din.
1936 3742 63 36 Any
2012 3749 51 19 one
2079 3738 28 29 of
2127 3737 76 29 these
2217 3735 107 30 officers
2342 3746 46 19 are

1839 3780 158 37 gentlemen
2033 3779 30 29 of
2098 3778 68 36 long
2191 3776 116 29 colonial
2340 3786 32 18 ex-

1839 3821 125 38 perience
1973 3819 62 36 (and
2046 3819 59 29 that
2113 3818 24 28 is
2147 3817 72 28 what
2227 3816 22 29 is
2261 3815 126 37 needed),

1839 3861 29 29 of
1894 3861 103 40 proved
2021 3859 96 37 ability
2131 3858 28 29 in
2174 3858 47 28 the
2235 3857 105 29 control
2359 3857 29 29 of

1839 3903 72 27 their
1934 3902 182 37 department,
2130 3898 54 28 and
2199 3898 29 28 of
2241 3901 79 34 great
2340 3897 32 28 ad-

1840 3941 180 31 ministrative
2044 3939 133 38 capacity.
2218 3938 27 27 It
2258 3937 22 29 is
2296 3937 92 38 unjust

1838 3988 29 25 to
1894 3982 77 28 these
2006 3981 156 38 gentlemen
2188 3981 29 25 to
2241 3977 83 38 bring
2349 3988 34 17 an

1839 4024 92 30 officer
1954 4021 71 29 from
2040 4018 137 38 England,
2200 4017 101 37 merely
2326 4027 46 28 per-

1838 4064 68 37 haps
1941 4062 113 28 because
2081 4060 34 28 he
2150 4059 122 36 happens
2298 4061 28 25 to
2354 4057 34 29 be

1837 4101 209 31 recommended
2066 4099 27 29 in
2119 4098 69 37 hiph
2214 4101 124 35 quarters
2359 4101 29 24 at

1838 4144 98 35 Home,
1962 4142 62 28 who
2047 4139 84 30 won't
2152 4139 35 28 do
2209 4139 47 28 the
2280 4138 77 29 work
2370 4149 17 16 a

1837 4186 78 28 tenth
1930 4187 62 35 part
2013 4193 29 18 as
2055 4181 69 35 well,
2139 4179 53 29 and
2214 4179 72 35 who,
2313 4179 72 28 after

1836 4226 142 36 involving
2004 4224 48 29 the
2076 4225 117 34 country
2218 4219 27 31 in
2261 4231 16 17 a
2298 4219 87 39 heavy

1837 4275 119 29 expense
1969 4264 44 28 for
2025 4272 115 29 p\ssaore
2153 4271 109 26 money,
2278 4261 109 28 besides

1836 4317 16 18 a
1954 4304 89 37 salary
2050 4302 55 29 and
2117 4302 80 28 other
2210 4301 175 38 perquisites,

1837 4351 28 24 to
1879 4348 174 36 compensate
2067 4342 55 29 him
2136 4342 45 28 for
2195 4341 108 38 exiling
2315 4341 54 27 him-

1836 4386 53 29 self
1909 4386 28 28 in
1964 4395 16 17 a
1992 4384 103 28 distant
2112 4382 106 36 colony,
2230 4381 52 28 will
2306 4380 81 29 make

1837 4427 47 28 the
1891 4424 191 40 appointment
2089 4434 16 16 a
2113 4422 130 38 stepping
2253 4426 78 23 stone
2345 4421 40 35 (as

1836 4466 92 29 others
1950 4465 70 29 have
2045 4463 70 29 done
2128 4462 94 29 before
2239 4461 66 35 him)
2329 4465 29 24 to
2371 4471 16 18 a

1836 4506 69 28 farm
1926 4516 31 17 or
1969 4503 77 29 small
2068 4513 60 23 run,
2141 4513 31 18 or
2185 4501 156 38 something
2354 4501 29 28 of

1838 4546 59 28 that
1929 4544 78 35 kind,
2032 4542 70 30 after
2126 4542 35 28 he
2197 4541 49 29 has
2279 4540 91 38 experi-

1836 4585 110 29 mented
1960 4584 28 28 in
2001 4584 48 28 the
2067 4583 119 39 position
2200 4585 28 25 to
2247 4581 87 29 which
2349 4581 34 28 he

1836 4635 55 19 was
1928 4623 149 40 appointed
2113 4622 54 29 and
2202 4621 93 29 failed.
2334 4620 53 30 We

1835 4668 100 36 expect
1943 4670 29 23 to
1984 4664 66 29 hear
2062 4673 74 19 more
2149 4663 29 28 of
2187 4663 54 27 this
2254 4662 111 38 appoint-

1835 4709 77 26 ment
1936 4704 78 30 when
2040 4703 166 29 Parliament
2227 4702 158 28 assembles.

1858 4800 42 20 The
1909 4797 105 22 notorious
2027 4796 155 27 Worthington,
2200 4795 22 21 of
2238 4793 147 23 Chri-dchurch

1832 4832 85 26 Temple
1933 4830 22 23 of
1975 4830 68 22 Truth
2058 4830 61 27 fame,
2135 4837 40 14 was
2192 4829 22 22 in
2231 4828 97 23 Dunedin
2346 4826 40 23 lust

1832 4866 109 26 Saturday.

1858 4917 129 26 Archbishop
1994 4916 101 20 Redwood
2109 4915 39 21 will
2159 4915 58 20 leave
2225 4914 32 20 for
2267 4913 119 20 Melbourne

1834 4951 49 20 next
1890 4949 79 27 month,
1978 4950 23 20 to
2006 4948 72 22 attend
2085 4948 35 21 the
2126 4948 87 27 opening
2219 4946 21 21 of
2246 4946 30 21 St.
2287 4942 88 24 Patrick'

1834 4983 110 24 Cathedral
1953 4983 65 23 there.

1860 5035 44 21 The
1925 5033 82 23 rainfall
2025 5034 33 20 for
2076 5034 36 21 the
2133 5033 73 21 month
2224 5032 21 21 of
2260 5032 87 25 August,
2362 5037 22 14 as

1834 5070 108 29 registered
1951 5070 27 28 by
1989 5070 30 22 Dr
2027 5070 73 23 Mullin
2110 5070 21 23 in
2144 5067 119 28 Roxburgh,
2271 5067 111 22 amounted

1833 5109 22 19 to
1905 5106 70 21 inches
2007 5105 52 21 Rain
2070 5105 35 21 fell
2114 5112 27 14 on
2151 5105 38 20 five
2198 5103 56 26 days.

1857 5150 45 21 The
2057 5155 45 20 says
2128 5147 47 22 that
2198 5146 36 21 the
2259 5144 118 29 Wyndham

1833 5185 125 22 Athenaeum
1968 5183 52 22 book
2029 5183 95 23 selectors
2139 5181 85 23 tabooed
2238 5188 11 15 a
2266 5180 114 27 suggestion

1834 5224 22 18 to
1863 5221 57 26 place
1951 5220 44 20 The
2003 5220 89 21 Sorrows
2102 5220 22 21 of
2132 5220 63 21 Satan
2220 5225 25 14 on
2260 5218 37 21 the
2304 5216 81 22 shelves

1834 5254 22 20 of
1864 5254 37 20 the
1909 5253 128 20 institution.

1858 5300 44 22 The
1911 5298 82 28 Naseby
2001 5305 64 21 paper
2081 5300 22 22 of
2111 5299 40 23 last
2159 5298 102 26 Saturday
2279 5304 46 21 says
2334 5296 48 23 that

1834 5336 37 21 the
1880 5336 81 21 contest
1973 5334 97 21 selection
2081 5334 31 23 for
2119 5334 35 23 the
2162 5335 51 20 next
2222 5334 68 21 bands'
2300 5333 80 21 contest

1834 5371 23 19 to
1863 5368 25 22 be
1897 5367 49 23 held
1955 5367 22 22 in
1986 5366 81 28 Naseby
2076 5367 73 23 should
2163 5366 26 22 be
2200 5366 22 22 in
2231 5366 36 24 the
2282 5365 67 22 hands
2364 5364 22 23 of

1834 5404 115 27 competing
1958 5402 64 22 bands
2027 5404 51 20 next
2087 5402 62 23 week.

1860 5454 19 21 A
1889 5454 62 25 laugh
1962 5460 40 13 was
2011 5453 66 21 raised
2094 5454 22 20 in
2133 5453 36 20 the
2184 5452 50 20 local
2323 5451 64 23 Court

1836 5486 39 21 last
1884 5486 73 26 sitting
1966 5485 27 27 by
2001 5492 12 14 a
2022 5485 80 22 remark
2114 5486 23 21 of
2151 5485 36 21 the
2205 5484 111 21 defendant
2332 5484 22 21 in
2374 5491 13 14 a

1835 5520 63 21 cattle
1908 5519 117 26 wandering
2033 5526 50 14 case.
2110 5521 32 20 Do
2155 5525 41 19 you
2206 5517 60 24 plead
2279 5517 67 26 guilty
2363 5524 25 13 or

1836 5554 36 21 not
1902 5552 68 28 guilty
2002 5551 63 23 asked
2094 5552 31 23 his
2298 5549 86 22 Nno!

1836 5588 122 20 stammered
1967 5587 36 21 the
2014 5587 89 26 witness,
2112 5587 85 26 blightly
2210 5586 61 20 taken
2281 5585 64 20 aback
2356 5585 28 24 by

1836 5621 37 22 the
1899 5620 124 28 magisterial
2048 5621 37 22 air.
2112 5623 43 21 Not
2177 5620 74 27 guilty,
2277 5618 44 21 said
2347 5618 36 21 the

1836 5658 135 26 magestrate;
1987 5662 50 24 very
2052 5651 52 28 well.
2130 5654 62 27 Well,
2208 5661 51 21 your
2278 5652 96 27 Worship
2388 5669 5 10 ,

1835 5693 37 22 the
1882 5691 84 23 witness
1975 5690 99 24 hastened
2083 5693 22 21 to
2114 5691 89 29 explain,
2210 5689 98 23 thethe
2316 5688 70 22 hors**

1836 5735 52 14 were
1902 5726 133 28 guiltyand
2046 5727 37 22 the
2091 5730 41 19 rest
2141 5727 22 21 of
2177 5727 31 20 his
2224 5724 91 23 remarks
2330 5729 54 14 were

1834 5764 38 21 not
1888 5762 83 23 audible
1982 5761 51 22 with
2043 5761 35 22 the
2084 5761 72 30 hearty
2170 5760 62 28 laugh
2244 5759 47 22 that
2302 5756 82 25 ensued.

2428 196 33 21 Dr
2481 195 104 26 M'lllroy,
2608 196 47 20 who
2676 197 36 19 has
2731 196 52 20 been
2805 196 113 26 practicing
2936 194 22 21 in

2405 228 76 23 Milton
2486 228 33 23 for
2524 235 12 15 a
2542 228 41 23 few
2590 229 82 21 months
2682 230 51 26 past,
2742 228 36 22 has
2785 228 51 23 been
2842 226 114 31 appointed

2404 266 22 21 to
2435 265 37 22 the
2480 265 131 22 Brunnerton
2620 265 96 27 Hospital
2726 267 22 20 at
2757 271 11 15 a
2782 265 67 27 salary
2863 264 23 21 of
2905 263 53 23 4OO

2404 306 12 14 a
2424 306 50 21 year
2481 299 41 21 and
2531 299 80 28 private
2625 300 94 26 practice.
2747 299 65 21 There
2822 306 53 14 were
2884 299 73 21 fifteen

2405 334 124 30 applicant!.

2432 382 21 22 A
2461 382 71 22 rather
2541 389 70 15 severe
2619 381 102 23 influenza
2729 381 99 28 epidemic
2848 381 36 21 has
2902 381 58 26 again

2407 416 74 22 visited
2491 416 35 22 the
2541 416 87 26 district,
2639 416 40 21 and
2689 423 12 14 a
2710 414 55 28 large
2775 416 88 21 number
2871 414 22 22 of
2905 421 54 15 cases

2407 459 35 15 are
2451 451 104 27 reported.
2581 451 34 22 No
2628 451 39 21 less
2676 451 51 21 than
2737 450 64 22 about
2815 451 69 21 fifteen
2893 449 22 22 of
2925 449 35 22 the

2408 485 51 23 Jocal
2469 485 100 23 residents
2574 492 35 14 are
2614 484 42 23 laid
2665 491 36 21 up,
2709 485 40 21 and
2756 485 36 21 the
2798 484 70 22 illness
2874 491 85 21 appears

2410 522 22 19 to
2441 519 27 22 be
2474 525 57 15 more
2537 519 118 27 protracted
2663 519 52 21 than
2726 518 37 21 has
2772 519 51 20 been
2832 519 37 20 the
2877 525 45 14 case
2931 518 29 21 for

2410 562 56 13 some
2479 554 57 21 time.

2437 607 19 21 A
2474 605 41 23 Bill
2532 607 23 20 to
2571 605 60 21 assist
2639 605 59 27 dairy
2718 605 95 27 farmers,
2825 605 28 27 by
2862 612 68 14 means
2942 605 22 21 of

2411 640 101 21 advances
2521 639 108 27 repayable
2637 645 27 15 on
2673 639 36 20 the
2719 638 118 22 instalment
2844 641 84 24 system,
2938 639 22 20 in

2411 674 132 26 establishing
2565 673 71 22 butter
2658 673 40 22 and
2717 673 71 22 cheese
2808 673 97 23 factories
2924 673 40 22 and

2411 710 125 26 creameries,
2562 709 37 21 has
2626 708 53 22 been
2696 709 110 27 prepared,
2822 709 39 21 and
2881 709 41 21 will
2940 710 24 20 be

2411 745 122 23 introduced
2552 747 22 20 at
2592 752 26 14 an
2627 745 55 27 early
2692 746 56 25 stage
2758 751 27 15 on
2795 745 35 21 the
2842 745 122 26 assembling

2412 780 22 21 of
2444 779 132 22 Parliament.

2437 833 45 21 The
2512 831 85 23 London
2703 831 118 22 mentioned
2829 839 26 14 on
2872 832 37 21 the
2917 831 48 22 llth

2413 867 57 22 June
2503 866 37 23 the
2576 866 110 27 departure
2719 866 23 22 of
2798 865 166 23 Lieut.-General

2415 903 145 25 Montgomery
2569 901 78 26 Moore,
2659 901 129 21 commander
2797 901 23 21 of
2825 901 35 20 the
2869 901 65 20 forces
2947 900 20 21 in

2415 938 52 21 New
2615 936 33 21 for
2666 936 42 21 this
2728 935 78 27 colony.
2834 935 49 22 This
2900 935 67 28 surely

2414 972 49 21 does
2472 973 38 19 not
2519 978 57 14 mean
2587 970 47 22 that
2643 970 34 21 Mr
2693 970 81 22 Seddon
2788 969 38 22 has
2844 969 123 28 superseded

2417 1007 83 21 Colonel
2510 1006 49 21 Pole
2567 1006 80 21 Penton
2656 1004 91 27 already.

2441 1053 43 20 The
2507 1052 66 21 Taieri
2590 1052 84 26 County
2689 1051 86 21 Council
2792 1051 38 21 has
2848 1051 88 26 brought
2957 1057 12 14 a

2420 1086 90 22 hornet's
2536 1087 46 21 nest
2606 1086 64 22 about
2695 1086 28 22 its
2748 1093 44 14 ears
2816 1086 90 26 through
2933 1086 35 22 the

2416 1120 118 28 imposition
2542 1120 23 21 of
2578 1126 12 15 a
2601 1119 55 28 large
2670 1121 36 20 tax
2723 1126 25 15 on
2764 1119 64 27 heavy
2847 1120 73 21 traffic.
2950 1120 18 21 A

2416 1157 87 21 traction
2512 1156 73 26 engine
2593 1155 17 22 is
2619 1157 22 20 to
2650 1156 25 21 be
2692 1155 87 27 charged
2795 1155 23 21 6s
2832 1155 26 21 8d
2875 1162 13 14 a
2909 1155 60 21 horse

2416 1196 75 21 power,
2509 1191 42 20 two
2559 1189 92 22 wheeled
2668 1188 100 23 vechicles
2785 1188 30 23 2
2832 1189 35 22 10s
2884 1195 12 15 a
2913 1195 55 21 year,

2416 1224 12 21 4
2449 1223 92 23 wheeled
2557 1223 91 23 vechicle
2663 1223 30 22 4
2707 1230 36 21 per
2755 1230 86 15 annum.
2869 1223 100 22 Farmers'

2416 1261 54 20 carts
2481 1259 40 22 and
2534 1259 107 24 threshing
2655 1258 54 21 mills
2718 1265 35 14 are
2768 1260 90 23 exempt.

2441 1310 43 23 The
2498 1310 108 22 Lawrence
2625 1309 56 28 High
2696 1309 74 23 School
2785 1310 123 22 Committee
2917 1308 51 23 have

2417 1346 92 21 received
2525 1345 119 22 favourable
2658 1345 73 27 replies
2747 1345 52 22 from
2813 1345 78 21 several
2903 1345 22 21 of
2933 1345 35 21 the

2417 1382 86 25 country
2519 1380 70 21 school
2603 1380 127 22 committees
2745 1380 85 21 relative
2844 1381 22 19 to
2875 1387 12 13 a
2901 1379 67 22 better

2415 1415 77 24 system
2498 1413 21 22 of
2528 1413 160 28 representation
2705 1413 22 22 of
2741 1414 86 26 country
2837 1412 90 22 districts
2936 1420 31 14 on

2416 1449 35 21 the
2460 1450 66 25 Otago
2544 1449 67 21 Board
2620 1449 50 21 than
2684 1449 37 21 the
2738 1449 85 26 present
2836 1455 46 15 one.
2913 1448 55 26 They

2414 1482 53 22 have
2486 1482 92 22 received
2599 1482 36 22 the
2649 1484 87 26 support
2753 1482 22 21 of
2801 1482 61 21 Leith
2886 1481 82 27 Valley,

2416 1516 82 26 Milton,
2526 1516 41 22 and
2588 1516 78 22 Owaka
2691 1516 75 27 Valley
2792 1516 94 26 amongst
2910 1515 58 22 other

2418 1552 136 20 committees.

2441 1590 22 21 It
2487 1596 65 15 seems
2574 1589 97 28 probable
2688 1590 54 26 (says
2763 1589 35 21 the
2930 1589 40 21 Ida

2559 1624 46 22 that
2619 1624 94 27 shearing
2729 1624 22 21 in
2767 1624 106 22 Australia
2887 1623 41 22 will
2944 1622 26 23 be

2415 1657 53 21 later
2492 1657 52 22 than
2566 1657 60 22 usual
2649 1657 42 21 this
2716 1664 55 20 year,
2797 1657 67 26 owing
2889 1659 23 19 to
2934 1656 36 21 the

2415 1692 150 22 unfavourable
2589 1699 79 16 season.
2699 1692 23 21 It
2753 1692 17 22 is
2797 1691 100 29 expected
2923 1691 49 21 that

2416 1728 126 28 pastoralists
2555 1727 42 22 will
2610 1729 99 26 postpone
2723 1728 94 27 shearing
2834 1728 20 21 in
2873 1727 60 22 order
2949 1727 21 21 to

2415 1763 36 25 get
2462 1769 56 13 some
2527 1762 71 26 length
2611 1761 41 21 and
2665 1762 66 25 staple
2740 1762 40 20 and
2789 1761 75 25 weight
2879 1762 44 19 into
2933 1760 36 21 the

2415 1796 68 26 fleece,
2506 1796 40 22 and
2567 1796 43 21 also
2628 1797 22 20 to
2670 1796 45 26 give
2737 1796 36 21 the
2790 1795 65 22 lambs
2873 1802 13 14 a
2904 1795 68 21 better

2415 1831 83 23 chance.

2441 1880 34 22 An
2487 1879 106 23 Auckland
2602 1879 97 27 telegram
2709 1879 63 21 states
2781 1878 46 22 that
2838 1886 26 14 on
2875 1877 91 28 Monday

2416 1915 93 25 morning
2514 1916 36 19 the
2557 1914 64 27 police
2627 1914 70 21 raided
2704 1912 84 22 Tekuiti
2794 1914 55 19 after
2855 1914 109 24 travelling

2416 1949 28 22 all
2464 1949 60 28 night
2548 1949 53 21 from
2632 1947 130 29 Cambridge,
2793 1948 111 27 surprising
2930 1947 37 22 the

2416 1985 100 22 residents
2525 1985 40 21 and
2576 1984 75 27 seizing
2663 1991 12 14 a
2691 1983 56 27 large
2756 1984 97 27 quantity
2862 1984 22 20 of
2893 1984 74 27 liquor.

2417 2019 20 22 A
2451 2025 82 20 waggon
2549 2017 73 22 loaded
2637 2017 51 22 with
2705 2017 106 27 demijohn
2822 2017 85 26 whisky,
2919 2017 48 21 etc.'

2418 2060 40 14 was
2466 2053 72 21 driven
2555 2054 22 20 to
2595 2052 115 22 Hamilton.
2737 2053 20 21 A
2775 2052 54 27 large
2845 2052 88 21 number
2945 2052 22 21 of

2418 2088 142 27 prosecutions
2570 2088 41 21 will
2620 2088 77 21 follow.

2441 2135 57 21 Once
2507 2141 12 14 a
2527 2141 49 19 year
2584 2134 36 21 the
2629 2132 82 28 Crystal
2726 2133 70 21 Palace
2810 2132 21 22 in
2850 2132 86 22 London
2951 2132 18 21 is

2417 2167 133 23 surrendered
2558 2167 89 27 entirely
2655 2169 22 20 to
2683 2167 36 21 the
2727 2166 51 22 total
2788 2166 118 27 abstiiners,
2918 2166 51 22 who

2417 2203 49 22 hold
2474 2203 54 22 their
2537 2202 74 22 annual
2621 2202 43 22 tete
2674 2202 66 22 there.
2767 2202 32 22 On
2810 2202 48 21 that
2872 2201 40 27 day
2932 2201 37 22 the

2419 2239 67 27 liquor
2499 2237 47 22 bars
2554 2244 34 15 are
2597 2236 75 28 closed,
2686 2236 39 22 and
2743 2236 17 22 it
2775 2236 18 22 is
2803 2236 119 27 impossible
2937 2236 32 21 for

2419 2272 36 21 the
2464 2271 96 25 ordinary
2570 2271 74 21 visitor
2658 2272 22 20 to
2693 2270 70 22 obtain
2779 2277 13 14 a
2807 2270 52 27 glass
2869 2270 23 21 of
2900 2273 70 23 strong

2418 2307 62 22 drink
2492 2306 108 26 anywhere
2614 2313 27 14 on
2659 2305 36 22 the
2714 2305 96 27 grounds.
2838 2306 44 21 The
2897 2305 74 21 Palace

2419 2342 122 21 authorities
2561 2343 35 26 get
2617 2348 12 14 a
2654 2340 137 22 considerable
2809 2348 46 14 sum
2878 2340 32 22 for
2935 2340 36 22 the

2420 2376 96 26 privilege

2443 2424 31 21 At
2484 2423 36 22 the
2535 2422 110 28 beginning
2657 2423 23 21 of
2690 2422 37 22 the
2737 2422 56 22 week
2805 2430 10 14 a
2826 2422 113 27 downpour
2951 2426 22 21 0}

2419 2458 42 21 rain
2471 2464 63 18 came,
2544 2457 67 21 which
2622 2463 40 14 was
2680 2464 50 19 very
2750 2457 95 20 welcome
2861 2456 54 21 after
2933 2456 36 22 the

2419 2490 109 27 prolonged
2549 2490 52 27 spell
2622 2489 23 22 of
2670 2489 39 28 dry
2742 2490 97 21 weather.
2879 2489 21 21 It
2930 2496 40 15 was

2420 2524 144 28 accompanied
2581 2524 27 27 by
2624 2523 147 28 unseasonably
2788 2524 46 21 cold
2857 2523 61 27 wind,
2934 2524 40 21 and

2419 2560 35 21 the
2464 2567 78 19 ranges,
2558 2558 66 22 which
2638 2558 41 23 had
2696 2559 76 22 almost
2791 2559 50 21 been
2855 2558 79 22 cleared
2948 2559 22 20 of

2419 2600 62 18 snow,
2492 2600 52 13 were
2559 2593 59 26 again
2636 2593 70 25 pretty
2722 2592 81 26 heavily
2813 2593 77 20 coated.
2918 2592 49 20 This

2419 2628 42 22 will
2471 2629 87 27 prevent
2567 2627 36 22 the
2614 2627 92 22 Waikaia
2720 2628 78 21 miners
2805 2627 53 22 from
2868 2628 59 26 going
2939 2629 35 20 out

2421 2672 30 20 for
2461 2671 55 14 some
2525 2664 49 21 time
2584 2664 77 26 longer.

2445 2714 20 21 A
2472 2718 69 22 young
2546 2712 47 27 lady
2601 2712 81 22 created
2688 2712 58 27 quite
2753 2719 12 15 a
2770 2712 39 22 stir
2814 2712 21 22 in
2841 2719 12 14 a
2859 2711 115 23 Masterton

2420 2748 77 23 church
2506 2755 26 15 on
2542 2748 84 27 Sunday
2635 2748 93 28 evening.
2755 2748 26 21 In
2791 2747 37 22 the
2834 2748 95 26 morning
2937 2748 37 21 she

2421 2783 41 20 had
2470 2781 78 21 several
2553 2781 59 21 teeth
2619 2781 70 21 drawn
2699 2781 26 26 by
2735 2788 12 14 a
2754 2781 84 21 dentist.
2866 2781 44 20 Not
2916 2780 58 27 quite

2421 2816 107 22 recovered
2537 2815 53 23 from
2598 2815 37 22 the
2645 2816 72 22 effects
2724 2815 22 22 of
2756 2815 35 23 the
2800 2822 35 20 gas
2847 2814 36 23 she
2896 2814 37 23 fell
2944 2814 30 22 off

2421 2852 22 20 to
2452 2851 54 26 sleep
2515 2851 22 21 in
2546 2850 77 22 church
2632 2849 41 23 and
2687 2850 101 27 suddenly
2803 2849 110 22 awakened
2924 2849 50 22 with

2421 2891 12 15 a
2441 2884 77 26 shriek,
2528 2883 66 22 which
2604 2883 58 27 quite
2676 2882 91 23 alarmed
2782 2882 60 22 those
2859 2882 46 21 who
2923 2889 51 16 were

2421 2919 71 26 sitting
2518 2918 65 21 round
2610 2918 44 21 her.
2680 2918 44 21 The
2751 2917 48 26 lady
2829 2917 145 26 subsequently

2421 2953 107 29 explained
2537 2953 49 23 that
2598 2953 37 22 she
2652 2960 40 15 was
2710 2952 65 23 under
2790 2952 36 22 the
2844 2952 130 27 impresssion

2422 2989 46 22 that
2477 2988 87 23 another
2572 2988 59 23 tooth
2641 2995 40 16 was
2690 2988 59 26 being
2759 2988 76 21 drawn.

2445 3034 44 21 The
2499 3034 78 21 Clutha
2584 3034 55 21 river
2647 3034 17 20 is
2673 3033 62 20 lower
2744 3034 21 19 at
2777 3034 83 25 present
2869 3032 51 21 than
2936 3032 37 21 has

2426 3068 52 20 been
2487 3068 74 20 known
2569 3067 72 21 within
2655 3066 37 22 the
2703 3067 121 26 experience
2834 3067 22 21 of
2873 3066 36 21 the
2918 3067 54 21 most

2421 3101 107 22 venerable
2563 3100 67 23 oldest
2810 3101 24 22 In
2854 3100 36 23 the
2911 3101 63 27 rocky

2420 3144 70 21 gorges
2507 3137 21 22 in
2547 3137 37 22 the
2596 3136 85 29 vicinity
2699 3137 22 22 of
2740 3137 65 28 Clyde
2813 3137 59 22 rocks
2885 3144 34 15 are
2928 3143 46 15 now

2422 3174 45 22 well
2493 3173 65 22 above
2589 3175 64 20 water
2674 3173 47 22 that
2743 3173 53 22 have
2817 3173 76 28 always
2921 3173 51 22 been

2419 3212 120 25 submerged
2551 3212 23 20 at
2582 3218 13 13 a
2604 3210 138 21 considerable
2754 3211 65 25 depth
2827 3213 23 18 at
2857 3210 35 21 the
2899 3210 74 21 lowest

2419 3244 41 23 ebb
2466 3244 23 22 of
2499 3243 35 22 the
2543 3243 62 24 river.
2631 3243 44 22 The
2687 3243 59 22 small
2764 3243 96 28 quantity
2876 3243 23 22 of
2910 3245 64 20 water

2417 3279 21 21 in
2448 3279 37 20 the
2495 3278 54 21 river
2557 3278 17 20 is
2588 3277 62 21 much
2663 3285 55 13 more
2726 3277 114 21 noticeable
2848 3284 30 20 up
2887 3279 87 25 country

2417 3314 50 21 than
2477 3312 22 22 in
2507 3319 39 15 our
2555 3319 56 15 more
2623 3312 53 22 level
2695 3312 98 28 districts,
2810 3311 41 23 and
2859 3311 115 28 advantage

2415 3349 84 26 isjbeing
2506 3348 62 21 taken
2574 3347 22 22 of
2604 3347 36 21 the
2648 3347 43 22 fact
2697 3349 22 19 to
2725 3347 55 21 work
2787 3347 74 27 deeper
2867 3347 78 21 stretch
2952 3355 20 13 es

2415 3382 21 21 of
2446 3381 36 22 the
2492 3380 97 28 dredging
2604 3380 70 22 claims
2691 3380 50 21 than
2759 3380 37 21 has
2808 3380 51 21 been
2876 3379 92 27 possible

2415 3416 121 22 heretofore.

2440 3462 34 21 An
2490 3460 133 22 unfortunate
2640 3460 92 22 accident
2753 3460 95 21 occurred
2864 3461 23 20 to
2905 3459 47 22 Wm
2962 3476 5 5 .

2419 3494 93 26 Sinclair,
2523 3501 26 14 an
2558 3495 72 26 engine
2639 3493 69 22 driver
2718 3500 27 15 on
2754 3493 37 22 the
2799 3493 108 22 Lawrence
2918 3493 49 26 line,

2415 3530 24 20 at
2445 3528 36 21 the
2488 3527 75 22 Milton
2569 3528 83 27 railway
2659 3527 77 22 station
2744 3534 26 15 on
2778 3527 88 27 Monday
2872 3526 95 27 evening.

2416 3564 30 20 As
2455 3563 37 21 the
2507 3563 47 21 6.45
2566 3563 54 21 train
2639 3570 41 13 was
2697 3563 82 25 leaving
2790 3563 32 19 for
2841 3563 96 20 Dunedin
2947 3561 25 21 he

2417 3604 37 15 ran
2460 3597 60 27 along
2528 3596 69 22 beside
2611 3597 17 21 it
2642 3596 98 27 speaking
2757 3598 22 19 to
2793 3602 12 15 a
2820 3595 74 29 friend,
2910 3595 58 22 when

2419 3633 26 21 he
2455 3633 44 26 fell,
2509 3633 40 22 and
2556 3633 33 20 his
2597 3633 39 20 left
2644 3639 44 14 arm
2697 3639 57 14 came
2766 3632 87 21 beneath
2861 3631 36 22 the
2904 3631 68 22 train.

2419 3669 44 21 The
2472 3669 79 26 guard's
2557 3675 38 13 van
2605 3667 71 29 passed
2683 3674 49 15 over
2740 3667 24 27 it,
2775 3667 103 26 mangling
2883 3666 31 22 his
2923 3673 44 15 arm

2417 3707 21 19 to
2445 3712 12 13 a
2466 3704 74 22 fearful
2547 3706 79 19 extent.
2653 3704 39 21 Drs
2699 3704 88 21 Stewart
2795 3703 40 21 and
2841 3702 124 22 Sutherland

2419 3745 52 15 were
2480 3745 48 15 soon
2539 3738 19 21 in
2568 3737 126 26 attendance,
2712 3737 39 21 but
2765 3737 35 21 the
2818 3736 81 28 injured
2911 3743 54 20 man,

2418 3773 46 20 who
2474 3772 42 21 still
2526 3771 91 22 retained
2626 3771 157 26 consciousness,
2793 3770 62 21 asked
2873 3770 47 21 that
2933 3770 36 21 the

2417 3813 43 15 arm
2471 3806 73 21 should
2553 3808 37 19 sot
2598 3806 26 21 be
2637 3805 128 28 amputated.
2796 3806 32 20 He
2847 3812 38 14 was
2902 3805 63 21 taken

2415 3844 23 20 to
2449 3842 36 22 the
2495 3842 96 22 Dunedin
2601 3841 102 28 Hospital,
2717 3841 40 21 and
2770 3841 17 21 it
2801 3841 17 21 is
2827 3840 98 27 expected
2935 3841 25 20 he

2417 3878 39 20 will
2466 3878 52 20 have
2532 3880 22 18 to
2562 3877 41 21 lose
2613 3877 35 21 the
2657 3883 43 15 arm
2710 3876 63 22 above
2784 3876 35 22 the
2829 3876 72 22 elbow.

2443 3928 45 21 Our
2510 3928 108 21 Lawrence
2639 3928 157 26 correspondent
2816 3927 151 22 writes:The

2423 3963 92 21 weather
2524 3963 48 21 here
2579 3962 66 22 which
2652 3963 33 21 for
2689 3970 56 14 some
2758 3963 50 21 time
2817 3962 36 21 has
2866 3961 51 21 been
2931 3961 41 21 like

2425 3999 99 23 suAmer,
2535 3995 48 21 took
2598 4003 12 13 a
2625 3996 83 21 decided
2721 3998 49 19 turn
2784 4002 26 14 on
2822 3994 93 24 Tuesday
2928 3994 44 20 fore

2423 4036 60 18 noon,
2498 4029 58 21 wden
2577 4036 12 14 a
2603 4028 45 22 cold
2662 4029 65 26 biting
2742 4029 79 21 shower
2839 4029 22 21 of
2878 4029 44 19 rain
2932 4026 40 22 and

2422 4071 56 14 snow
2497 4071 55 14 came
2572 4071 29 19 up
2620 4064 54 21 from
2695 4064 36 21 the
2749 4064 69 21 south,
2833 4063 40 21 and
2889 4063 32 20 for
2936 4062 35 21 the

2419 4106 59 19 space
2503 4099 22 21 of
2550 4106 27 15 an
2599 4100 52 21 hour
2677 4099 36 21 the
2732 4098 78 27 ground
2837 4105 41 14 was
2898 4097 71 27 white,

2420 4134 83 27 making
2514 4135 17 22 it
2544 4142 77 21 appear
2629 4135 42 21 and
2686 4134 41 22 feel
2740 4142 22 14 as
2776 4134 79 26 though
2878 4141 29 13 we
2921 4140 51 14 were

2418 4170 51 21 back
2484 4171 19 20 in
2520 4171 73 21 winter
2606 4170 137 27 again.The
2756 4170 85 21 farmers
2850 4169 52 22 have
2914 4168 53 21 been

2416 4205 60 28 busy,
2494 4206 72 28 taking
2582 4206 39 23 full
2631 4206 113 25 advantage
2755 4206 22 22 of
2790 4205 36 23 the
2841 4206 39 27 dry
2892 4212 78 20 season,

2419 4242 41 20 and
2474 4250 59 18 crops
2549 4250 35 14 are
2600 4243 60 26 going
2678 4243 21 20 in
2717 4242 27 21 all
2763 4241 134 22 round.An
2919 4248 52 18 open

2418 4275 92 26 meeting
2519 4282 41 14 was
2573 4275 48 22 held
2634 4276 28 26 by
2676 4276 35 21 the
2723 4275 58 21 Good
2791 4274 105 27 Templars
2906 4274 19 21 in
2936 4274 36 21 the

2417 4308 141 24 Presbyterian
2585 4309 126 21 schoolroom
2725 4316 26 14 on
2770 4308 90 26 Monday
2876 4309 93 25 evening,

2416 4342 41 22 and
2465 4349 13 14 a
2491 4350 49 20 very
2554 4344 51 26 good
2621 4351 127 19 programme
2761 4351 41 14 was
2815 4350 52 20 gone
2880 4342 89 26 through

2418 4377 27 26 by
2471 4379 100 20 members
2586 4379 21 21 of
2626 4379 36 21 the
2678 4379 65 26 lodge,
2758 4379 106 25 includiug
2881 4384 13 15 a
2913 4378 59 20 short

2422 4412 84 21 address
2528 4413 26 27 by
2568 4413 36 22 the
2622 4414 52 22 Rev.
2693 4414 34 21 Mr
2739 4414 60 26 Jory.
2826 4414 121 24 Altogether
2960 4421 12 14 a

2415 4453 49 20 very
2481 4447 106 27 enjoyable
2597 4448 85 26 evening
2695 4454 40 14 was
2747 4449 68 24 spent.

2442 4493 43 21 The
2495 4494 162 22 manufacturers
2665 4494 21 21 of
2699 4494 35 21 the
2742 4494 87 26 Deering
2836 4494 49 21 bind
2892 4501 15 14 t
2913 4494 52 21 have

2413 4526 75 27 always
2497 4527 51 21 been
2561 4528 20 20 in
2596 4528 36 20 the
2641 4534 40 14 van
2697 4527 50 21 with
2766 4527 159 26 improvements
2948 4526 22 23 In

2413 4562 24 20 th
2445 4562 14 20 is
2470 4562 49 21 kind
2532 4562 22 21 of
2562 4563 131 26 agricultural
2702 4562 124 27 machinery,
2838 4562 40 22 and
2899 4563 73 20 Messrs

2414 4597 57 21 Reid
2485 4597 40 21 and
2540 4598 56 26 Gray
2615 4598 42 20 sole
2667 4601 71 22 agents
2753 4598 32 20 for
2805 4598 51 19 New
2874 4597 97 25 Zealand,

2414 4630 102 22 advertise
2526 4630 36 22 the
2577 4633 57 24 great
2643 4636 78 16 success
2739 4630 67 22 which
2822 4631 36 20 the
2872 4630 42 21 ball
2930 4629 40 21 and

2413 4665 63 22 roller
2500 4666 93 26 bearings
2609 4673 27 14 on
2652 4666 58 21 these
2728 4666 103 20 machioes
2849 4665 40 20 and
2909 4665 60 20 other

2414 4701 154 27 improvments
2581 4701 53 21 have
2655 4701 73 20 caused
2741 4700 21 20 in
2777 4700 35 20 the
2834 4699 87 21 demand
2937 4699 33 21 for

2415 4736 89 26 Deering
2526 4742 81 20 reapers
2625 4735 40 21 and
2687 4734 87 22 binders.
2802 4734 64 21 These
2885 4734 82 21 binders

2415 4769 42 21 will
2469 4770 56 20 work
2533 4776 26 14 on
2569 4776 40 19 any
2618 4768 81 21 hillside
2712 4768 46 21 that
2770 4775 38 14 can
2822 4768 26 20 be
2866 4767 101 27 ploughed

2415 4802 51 20 with
2484 4802 36 21 the
2534 4802 75 21 double
2622 4802 77 20 furrow
2716 4801 83 27 plough.
2826 4801 43 21 The
2884 4801 44 20 firm
2946 4800 22 21 of

2414 4837 53 22 Keid
2490 4838 40 20 and
2549 4838 56 26 Gray
2621 4843 52 14 were
2692 4838 53 19 most
2761 4836 110 21 successful
2888 4838 21 18 at
2931 4835 37 21 the

2413 4870 103 21 Brisbane
2524 4869 126 27 Exhibition,
2659 4869 41 21 and
2709 4869 94 21 obtained
2813 4869 35 20 the
2859 4868 107 27 following

2414 4904 79 18 awards
2507 4904 21 19 in
2546 4903 118 20 connection
2683 4902 51 20 with
2756 4903 53 19 their
2833 4902 104 20 exhibits:

2415 4935 86 27 Special
2523 4935 45 20 first
2589 4934 56 26 (geld
2661 4934 82 25 medal),
2766 4934 107 25 champion
2891 4933 75 20 double

2415 4970 80 21 furrow
2505 4967 75 29 plough
2589 4974 7 20 ;
2610 4967 74 28 special
2698 4967 44 21 first
2760 4967 54 27 (gold
2828 4966 83 26 medal),
2925 4967 42 21 disc

2415 5006 96 24 harrow;
2525 5003 73 27 special
2626 5004 45 20 first
2691 5003 47 27 gold
2761 5002 74 26 medal,
2860 5003 56 25 grain
2931 5003 39 20 and

2415 5040 85 21 lucerne
2526 5038 64 26 drill;
2603 5038 51 26 first,
2676 5037 94 29 portable
2791 5037 123 22 chaffcutter
2930 5037 40 22 and

2416 5081 79 25 bagger.

2442 5138 29 21 To
2488 5138 84 21 interest
2589 5136 90 23 childieo
2688 5136 22 22 in
2727 5135 109 27 gardening
2846 5136 89 26 pursuits
2944 5135 17 22 is

2417 5171 104 28 generally
2531 5170 118 23 considered
2657 5169 111 24 admirable
2775 5169 95 27 training,
2888 5169 40 22 and
2940 5176 26 14 an

2416 5208 128 26 unexpected
2573 5207 145 26 development
2739 5206 22 22 of
2777 5206 36 21 the
2831 5206 45 22 idea
2900 5206 64 21 which

2415 5243 99 20 occurred
2532 5243 21 20 in
2563 5242 112 25 Roxburgh
2692 5242 37 20 the
2746 5241 60 21 other
2814 5241 39 26 day
2862 5242 17 19 is
2899 5242 64 19 worth

2415 5277 113 28 recording.
2555 5278 34 21 An
2598 5276 127 23 industrious
2733 5275 55 23 little
2803 5275 54 23 maid
2864 5275 23 23 of
2903 5282 61 16 seven

2415 5320 24 14 or
2458 5313 58 25 eight
2532 5319 100 15 summers
2646 5319 41 14 was
2695 5311 86 27 granted
2791 5319 13 14 a
2817 5311 58 22 small
2887 5311 45 27 plot
2946 5311 22 21 in

2415 5348 38 21 her
2471 5347 83 21 father's
2572 5346 75 27 garden
2661 5347 32 20 for
2705 5353 22 14 as
2738 5346 36 21 she
2784 5346 51 27 said,
2874 5346 37 20 her
2920 5352 48 19 very

2509 5380 63 22 Seeds
2589 5380 41 21 and
2646 5379 61 22 bulbs
2721 5386 52 17 were
2791 5382 40 25 put
2850 5380 20 21 in
2880 5379 21 21 in
2918 5382 52 18 most

2415 5414 105 29 approved
2530 5414 87 27 fashion,
2627 5414 51 21 with
2687 5415 94 21 aeatoess
2790 5414 39 21 and
2840 5413 118 27 regularity,

2415 5450 51 21 each
2483 5449 86 21 division
2585 5449 60 25 being
2662 5449 87 21 labelled
2768 5449 49 20 with
2836 5449 75 20 tickets
2927 5449 20 19 in
2958 5454 12 14 a

2415 5482 55 28 large
2479 5482 67 22 round
2554 5481 63 27 hand,
2627 5481 72 28 placed
2707 5482 21 21 in
2740 5481 50 22 cleft
2799 5482 70 22 sticks.
2895 5481 27 22 So
2932 5481 31 22 far

2415 5523 23 13 so
2448 5516 58 25 good,
2518 5516 38 20 but
2565 5515 36 22 the
2609 5522 43 14 wee
2660 5516 49 20 tot's
2716 5515 94 26 spelling,
2820 5515 67 20 which
2894 5515 72 21 caused

2415 5558 56 15 some
2486 5552 128 21 amusement
2632 5557 40 16 was
2681 5550 68 23 better
2766 5550 51 23 still.

2694 5585 41 20 and
2918 5590 52 14 were

2415 5618 111 26 specimens
2540 5617 23 22 of
2580 5618 38 21 her
2634 5618 113 21 somewhat
2760 5617 96 28 phonetic
2877 5623 44 20 way
2951 5616 19 21 of

2415 5653 79 28 getting
2501 5654 23 20 at
2536 5653 36 22 the
2582 5660 69 15 names
2660 5653 22 22 of
2691 5653 36 22 the
2736 5653 79 21 flowers
2822 5653 91 27 planted,
2927 5652 41 22 and

2415 5688 90 22 needless
2516 5689 23 21 to
2550 5695 43 20 say,
2603 5695 12 15 a
2622 5688 97 28 practical
2725 5688 87 27 spelling
2817 5688 67 22 lesson
2891 5687 74 28 which,

2414 5724 53 21 from
2486 5723 35 22 the
2544 5724 163 25 circumstances,
2725 5724 42 21 will
2783 5724 86 26 impress
2886 5729 26 14 on
2932 5722 38 22 her

2414 5763 99 20 memory,
2531 5763 40 14 was
2589 5755 35 23 the
2641 5756 72 23 result.

3011 193 20 21 A
3040 192 86 22 foothall
3140 193 76 26 match,
3233 193 117 22 Alexandra
3363 201 20 14 v.
3399 193 33 23 St.
3441 194 97 24 Bathans,

2986 228 41 19 Was
3036 225 74 29 played
3122 228 23 21 at
3153 226 32 23 St.
3203 227 90 22 Bathans
3304 227 39 22 last
3357 227 103 29 Saturday
3476 227 63 27 week,

2986 262 41 23 and
3035 262 54 22 after
3097 270 27 15 an
3133 263 88 27 exciting
3230 271 58 19 game
3297 270 41 16 was
3346 271 45 14 von
3401 264 27 26 by
3433 264 36 22 the
3475 263 60 22 borne

2987 299 55 19 team
3060 297 27 27 by
3100 298 13 21 3
3124 299 70 26 points
3208 300 22 20 to
3244 299 37 22 nil.
3308 300 33 20 Mr
3355 299 46 22 Jan.
3419 299 83 27 Elliott,
3516 297 22 23 of

2988 333 260 27 Roxburgh,refereed.and
3255 334 35 22 the
3302 333 80 29 Naseby
3389 342 62 20 paper
3458 336 79 26 reports

2988 373 50 19 gars
3048 374 61 18 every
3119 368 135 23 satisfaction.

3014 414 20 21 A
3043 413 55 27 body
3107 421 40 14 was
3157 414 89 27 brought
3256 421 27 20 up
3298 414 53 22 from
3366 414 37 22 the
3417 414 120 27 Molyneux,

2989 456 49 15 near
3047 449 124 28 Alexandra,
3181 457 27 14 on
3221 450 107 27 Thursday
3336 450 49 27 (last
3395 450 63 25 week)
3469 450 22 21 in
3500 457 39 14 one

2989 483 22 23 of
3032 484 37 22 the
3089 484 86 22 buckets
3197 483 22 23 of
3237 484 36 22 the
3296 484 113 27 Molyneux
3429 484 112 27 Hydraulic

2990 520 122 26 Company's
3121 519 81 27 dredge.
3229 520 22 21 It
3265 520 38 20 has
3316 519 51 22 been
3382 519 120 22 indentified
3517 527 22 13 as

2990 557 47 21 that
3046 556 24 21 of
3078 555 69 22 James
3154 555 70 28 Kelly,
3234 555 33 22 for
3276 563 54 14 some
3337 563 58 20 years
3403 564 13 13 a
3422 556 89 21 resident
3517 556 22 21 of

2990 590 112 27 Roxburgh
3112 590 41 22 and
3163 590 52 22 Blue
3233 590 61 27 Spur.
3321 590 44 22 The
3378 591 103 28 deceased,
3498 590 43 22 who

2992 632 40 14 was
3049 623 97 23 drowned
3165 631 27 14 on
3213 623 36 22 the
3272 624 94 27 previous
3383 624 97 28 Moncay,
3500 631 39 14 was

2992 660 66 26 thirty
3069 660 39 22 five
3117 666 59 20 years
3185 659 21 21 of
3215 666 43 20 age.

3016 706 21 21 A
3046 704 61 23 social
3116 704 20 22 in
3145 704 34 22 aid
3188 704 23 22 of
3222 705 36 21 the
3267 704 64 22 funds
3340 704 23 23 of
3371 705 35 22 the
3415 706 50 22 Coal
3474 706 65 22 Creek

2992 738 110 27 Wesleyan
3112 738 82 22 Church
3210 745 40 15 was
3267 738 49 22 held
3332 738 21 22 in
3370 739 34 21 the
3420 739 78 23 church
3515 746 27 16 on

2993 773 130 27 Wednesday
3131 774 87 27 evening
3230 774 40 22 and
3288 781 39 14 was
3340 774 78 28 largely
3434 775 106 29 attended,

2993 810 36 21 the
3046 809 76 22 church
3143 809 60 27 being
3222 810 45 21 well
3289 811 62 22 filled.
3378 812 33 20 An
3430 812 108 20 attractive

2994 849 134 22 programme,
3139 843 110 28 consisting
3255 844 22 22 of
3283 851 67 22 songs,
3359 843 123 27 recitations,
3495 847 51 27 etc.,

2997 885 39 14 was
3045 878 66 26 given,
3121 877 39 22 but
3169 878 35 21 the
3214 878 51 21 item
3274 878 46 21 that
3327 878 64 23 found
3406 882 52 18 most
3471 879 73 22 favour

2997 917 40 14 was
3046 917 26 14 an
3087 910 93 26 amusing
3199 910 100 28 dialogue,
3315 911 86 21 entitled
3439 911 102 23 Woman's

3102 946 21 21 in
3134 945 66 22 which
3208 946 71 22 Misses
3290 947 27 22 H.
3326 947 100 29 Tamblyn
3434 947 40 22 and
3483 947 61 22 Toms

2996 982 40 21 and
3053 982 74 21 Messrs
3144 982 79 21 Turner
3241 983 41 21 and
3296 983 23 22 T.
3335 983 82 21 Michell
3438 984 104 21 sustained

2997 1016 37 22 the
3056 1017 114 21 characters
3188 1017 49 22 with
3258 1018 136 22 considerable
3415 1018 80 27 ability.
3527 1019 17 23 A

2998 1052 81 26 variety
3088 1052 22 21 of
3119 1052 68 21 choice
3196 1053 147 22 refreshments
3360 1059 40 15 was
3408 1054 97 25 provided
3518 1054 27 27 by

2998 1087 36 22 the
3049 1094 70 21 young
3140 1087 63 22 ladies
3220 1087 23 23 of
3262 1087 36 23 the
3319 1087 80 23 district
3419 1088 41 23 and
3480 1089 61 23 much

2997 1122 140 28 appreciated.
3165 1123 72 22 Credit
3251 1123 18 23 is
3278 1124 40 22 due
3326 1125 23 20 to
3357 1124 36 22 the
3402 1125 115 21 committee
3526 1125 21 22 of

2998 1158 64 20 ladies
3072 1157 46 21 who
3126 1158 106 27 organised
3241 1159 35 20 the
3283 1159 166 27 entertainment,
3458 1159 40 21 and
3512 1159 32 21 Mr

2997 1193 27 23 A.
3049 1192 69 29 Toms,
3140 1193 47 22 who
3206 1200 41 16 was
3266 1193 119 30 biquitous
3404 1202 23 14 as
3444 1192 14 13 M
3465 1194 80 28 general

3111 1229 17 22 is
3149 1230 43 21 also
3211 1230 106 24 deserving
3337 1230 22 21 of
3378 1231 98 21 mention.
3502 1230 43 21 The

2997 1263 159 21 entertainment
3177 1263 67 22 closed
3270 1264 50 22 with
3346 1264 36 21 the
3406 1263 136 26 benediction,

2997 1296 131 28 pronounced
3134 1296 28 29 by
3171 1297 37 22 the
3217 1297 52 23 Rev.
3281 1296 33 23 Mr
3323 1298 90 27 Hooper.

3023 1343 61 21 From
3099 1343 31 21 Ist
3140 1343 120 27 September
3272 1343 99 22 technical
3381 1344 77 20 schools
3477 1351 71 15 season

2997 1374 82 27 tickets,
3088 1375 98 21 available
3196 1374 32 22 for
3236 1383 41 19 any
3290 1376 89 21 distance
3390 1377 38 20 not
3436 1376 109 26 exceeding

2997 1409 45 26 fifty
3051 1409 40 23 five
3099 1409 64 26 miles,
3175 1410 40 22 aud
3225 1411 31 21 for
3270 1410 58 22 three
3338 1411 82 21 months
3436 1411 54 22 from
3498 1411 49 21 date

2997 1445 22 21 of
3027 1446 61 26 issue,
3098 1446 42 20 will
3150 1446 25 20 be
3185 1446 66 20 issued
3261 1453 27 14 on
3303 1446 35 20 the
3358 1446 93 24 railways
3462 1449 22 18 to
3498 1446 52 21 bona

2997 1479 39 22 fide
3044 1479 96 21 students
3153 1479 39 21 and
3205 1480 88 21 scholars
3302 1482 37 19 not
3353 1481 107 26 excesding
3469 1483 78 21 twenty

2997 1521 59 20 years
3065 1514 21 22 of
3095 1522 36 18 age
3136 1514 108 26 attending
3251 1515 98 21 technical
3358 1515 78 21 schools
3443 1523 23 14 or
3471 1515 74 23 classes

2996 1547 110 26 registered
3118 1548 50 20 with
3177 1548 36 21 the
3225 1548 94 21 Minister
3324 1549 22 20 of
3351 1548 121 27 Education,
3482 1556 22 13 or
3514 1549 35 20 the

2997 1581 70 21 school
3081 1581 21 21 of
3117 1588 40 19 any
3170 1581 53 22 bona
3237 1582 39 22 fide
3292 1583 82 21 teacher
3389 1583 22 21 of
3425 1583 72 26 music,
3512 1583 36 21 the

2997 1616 76 21 tickets
3087 1616 48 26 only
3152 1618 23 19 to
3183 1616 25 22 be
3217 1616 99 23 available
3332 1618 32 21 for
3383 1625 37 14 use
3437 1618 58 21 when
3515 1618 35 21 the

2997 1648 75 22 holder
3087 1649 17 21 is
3121 1649 120 27 proceeding
3255 1652 22 20 to
3292 1658 23 13 or
3330 1651 52 21 from
3399 1651 37 21 the
3451 1649 103 23 technical

2997 1690 24 14 or
3032 1683 64 21 music
3112 1682 68 22 school
3197 1683 33 21 for
3246 1684 35 21 the
3298 1691 87 19 purpose
3403 1684 22 21 of
3444 1684 101 27 receiving

2999 1717 83 22 tuition.
3109 1717 43 21 The
3171 1717 74 26 charge
3255 1717 32 22 for
3296 1717 58 23 these
3361 1718 75 22 tickets
3451 1718 42 22 will
3508 1719 25 21 be
3542 1727 5 14 :

2998 1755 40 20 For
3046 1753 96 21 students
3150 1753 40 20 and
3201 1753 88 21 scholars
3299 1755 36 19 not
3349 1754 109 25 exceeding
3467 1754 78 21 sixteen

2997 1794 59 20 years
3070 1786 22 21 of
3100 1793 44 20 age,
3158 1787 45 20 first
3217 1787 57 23 class,
3285 1787 51 25 30s;
3350 1787 73 21 secoud
3439 1788 57 25 class,
3507 1788 40 22 10<.

2999 1826 40 20 For
3048 1825 95 21 students
3152 1824 41 21 and
3203 1824 87 21 scholars
3300 1832 48 14 over
3361 1825 80 21 sixteen
3455 1826 38 20 but
3515 1828 39 19 not

2999 1860 110 27 exceeding
3129 1861 80 23 twenty
3230 1867 59 20 years
3310 1860 23 22 of
3352 1868 43 21 age,
3422 1861 43 21 first
3490 1861 59 29 class,

2999 1897 50 24 40s;
3081 1896 73 21 second
3196 1895 57 25 class,
3295 1896 43 21 20s.
3385 1896 86 25 Twenty
3512 1897 43 24 trip

2999 1930 148 21 commutation
3156 1929 75 21 tickets
3241 1929 99 21 available
3355 1929 32 21 for
3406 1931 37 19 ten
3457 1930 92 21 outward

2999 1964 40 22 and
3049 1965 34 20 ten
3094 1966 72 19 return
3176 1964 61 26 trips,
3246 1963 41 22 and
3297 1963 32 22 for
3338 1964 59 21 three
3410 1964 81 21 months
3502 1963 52 22 from

2999 2000 49 21 date
3055 1999 22 21 of
3086 1999 61 26 issue,
3157 1999 40 21 will
3206 1999 24 21 be
3237 1999 68 21 issued
3314 2000 23 20 to
3347 1999 53 21 bona
3408 1999 39 21 fide
3456 1999 94 21 students

3000 2035 40 21 and
3065 2034 90 22 scholars
3182 2034 108 26 attending
3317 2035 91 21 techinal
3429 2035 81 21 schools
3535 2041 23 15 or

3000 2070 73 20 classes
3092 2067 114 27 (including
3217 2068 64 21 music
3290 2068 85 26 schools)
3383 2068 112 26 registered
3509 2069 48 20 with

3001 2102 36 22 the
3055 2101 95 23 Minister
3166 2101 34 22 for
3215 2101 113 22 Education
3338 2103 23 20 at
3375 2109 12 14 a
3409 2102 52 22 scale
3476 2102 22 21 of
3509 2102 53 21 fares

3001 2136 99 26 arranged
3114 2136 108 26 according
3231 2137 22 19 to
3263 2136 98 26 distance,
3372 2136 36 21 the
3421 2136 44 21 fare
3479 2136 33 22 for
3521 2138 41 19 two

3002 2171 59 21 miles
3070 2170 59 27 being
3138 2171 22 21 5s
3169 2170 46 21 first
3223 2170 51 21 class
3284 2170 41 22 and
3335 2171 22 21 2s
3366 2171 26 21 6d
3406 2171 76 21 second
3499 2171 57 24 class,

3001 2206 40 22 and
3047 2206 32 21 for
3088 2208 78 24 twenty
3180 2205 59 22 miles
3248 2205 36 22 35s
3291 2206 45 21 first
3351 2206 58 28 class,
3425 2206 41 22 and
3487 2207 34 22 17s
3537 2207 25 21 6d

3001 2239 73 21 second
3088 2239 57 21 class.

3115 2323 68 42 Our
3209 2321 238 51 Supplement.

3041 2435 34 29 in
3095 2434 121 38 to-day's
3233 2433 72 29 issue
3329 2432 30 30 of
3384 2433 46 29 the
3460 2432 99 31 Mount

3005 2476 113 28 Benger
3133 2474 75 29 Mail
3216 2483 41 19 we
3275 2473 74 29 inset
3361 2484 15 17 a
3389 2473 170 39 supplement

3005 2516 86 29 which
3106 2512 23 32 it
3141 2515 23 29 is
3180 2525 50 18 our
3253 2514 135 29 intention
3408 2517 28 25 to
3451 2513 108 39 publish

3006 2556 106 38 weekly
3134 2556 28 28 in
3185 2556 94 27 future
3301 2554 67 29 with
3394 2554 47 29 the
3463 2564 92 29 paper.

3006 2597 26 28 A
3044 2596 80 29 serial
3138 2599 77 34 story
3228 2594 30 29 of
3270 2594 152 38 absorbing
3444 2594 115 29 interest

3005 2637 37 37 by
3073 2647 16 17 a
3115 2635 89 39 gifted
3232 2634 55 30 and
3312 2634 115 38 popular
3451 2634 108 35 author,

3004 2675 117 29 entitled
3163 2675 59 27 The
3237 2674 145 29 Chevalier
3402 2674 35 28 de
3453 2673 105 29 Maison

3164 2714 24 30 is
3228 2712 185 37 commenced,
3452 2712 107 30 besides

3005 2756 88 28 which
3118 2765 51 19 our
3197 2754 178 38 supplement
3397 2756 124 26 contains
3543 2764 16 17 a

3004 2795 118 29 number
3133 2794 30 29 of
3175 2804 67 29 very
3254 2793 128 29 readable
3395 2792 54 30 and
3464 2796 77 36 up-to-

3004 2835 63 30 date
3104 2834 118 30 articles,
3257 2834 55 30 and
3338 2845 16 19 a
3386 2834 114 40 quanity
3529 2834 30 28 of

3004 2876 208 29 miscellaneous
3223 2875 116 38 reading
3354 2879 108 25 matter.
3500 2874 57 29 The

3003 2915 95 36 whole,
3112 2915 163 38 containing
3286 2924 31 20 as
3331 2914 23 28 it
3366 2914 66 29 does
3449 2925 16 17 a
3486 2914 54 28 bud-

3002 2959 49 35 get
3063 2955 30 30 of
3105 2954 177 30 information
3306 2954 67 30 both
3394 2954 162 29 instructive

3001 2996 55 28 and
3069 2995 187 36 entertaining
3274 2995 64 35 will,
3359 3005 40 19 we
3421 2999 81 31 trust,
3522 2994 34 28 be

3002 3035 86 28 found
3101 3035 159 37 acceptable
3279 3039 30 23 to
3321 3045 51 17 our
3397 3034 76 39 large
3497 3034 55 28 and

3001 3074 154 36 increasing
3172 3074 81 29 circle
3267 3074 29 29 of
3308 3074 118 30 readers.

3143 3171 127 48 Mining
3309 3171 112 42 Notes.

3040 3261 58 29 The
3129 3260 141 38 dredging
3299 3264 108 26 returns
3439 3260 43 30 for
3507 3260 47 30 the

3005 3300 79 31 week
3096 3311 38 29 up
3147 3304 29 26 to
3190 3299 136 39 Satuiday
3338 3300 217 30 wereEttrick

3007 3342 66 29 16oz
3084 3342 44 29 for
3141 3341 53 29 five
3207 3340 77 39 days,
3303 3340 106 30 Golden
3424 3341 131 29 Treasure

3005 3382 79 35 38oz,
3104 3380 106 31 Golden
3234 3380 69 30 Gate
3324 3381 78 37 340z,
3428 3380 127 30 Dunedin

3007 3422 67 30 14oz
3093 3422 113 35 12dwts,
3220 3421 90 39 Otago
3322 3422 78 29 31oz.

3042 3462 58 29 The
3146 3462 154 37 Roxburgh
3345 3462 210 38 Amalgamated

3004 3502 113 40 Mining
3155 3501 53 30 and
3249 3501 124 41 Muicing
3411 3501 143 40 Company

3005 3543 109 28 washed
3139 3542 79 29 down
3244 3546 28 24 at
3299 3542 47 29 the
3371 3543 53 28 end
3449 3543 30 28 of
3503 3542 52 29 last

3005 3582 77 29 week
3099 3582 44 29 for
3164 3581 86 29 107oz
3273 3581 75 29 Odwt
3369 3583 53 37 6gr
3442 3582 44 29 for
3509 3582 46 29 the

3005 3623 106 27 month.

3042 3662 57 30 The
3133 3661 104 31 Golden
3265 3662 62 30 Run
3353 3662 126 40 Sluicing
3505 3662 48 30 Co.

3005 3704 109 28 washed
3129 3714 37 28 up
3178 3708 29 24 at
3220 3704 46 28 the
3284 3703 55 29 end
3360 3704 28 29 of
3400 3704 54 28 last
3479 3703 74 29 week

3004 3744 52 29 and
3073 3748 49 34 got
3138 3744 45 29 the
3199 3754 66 25 very
3278 3743 172 38 satisfactory
3461 3748 92 24 return

3004 3785 29 29 of
3049 3785 87 35 52oz
3149 3784 44 29 for
3205 3784 84 29 about
3301 3795 17 17 a
3330 3780 100 32 week's
3444 3784 84 28 work.

3039 3824 58 30 The
3136 3824 155 38 Koxburgh
3323 3824 103 40 dredge
3452 3824 100 29 shifted

3005 3864 79 31 down
3099 3865 102 39 during
3214 3865 47 29 the
3274 3865 75 29 week
3363 3869 28 25 to
3399 3865 59 39 just
3468 3865 85 29 below

3006 3906 47 28 the
3066 3906 44 29 old
3126 3905 234 29 Commissioners'
3383 3906 61 27 Flat
3457 3906 96 33 bridge

3004 3946 61 34 site,
3079 3945 54 28 and
3147 3945 175 29 commenced
3343 3944 117 39 dreding
3479 3944 74 29 there

3005 3995 34 19 on
3055 3985 175 38 Wednesday
3243 3986 150 27 Afternoon.

3042 4024 58 30 The
3114 4026 180 38 Bengerburn
3310 4024 47 29 Co.
3378 4025 69 28 have
3470 4024 82 29 taken

3006 4065 121 38 delivery
3147 4066 29 27 of
3194 4065 47 28 the
3264 4064 102 29 Golden
3395 4066 61 26 Run
3482 4064 71 29 Co.'s

3004 4105 115 38 dredge,
3133 4105 55 28 and
3201 4106 48 28 she
3258 4104 23 29 is
3294 4114 61 19 now
3369 4115 33 18 on
3425 4105 49 28 her
3494 4114 59 30 way

3004 4156 37 27 up
3062 4151 28 23 to
3104 4146 49 29 her
3166 4156 60 18 new
3243 4155 105 19 owners
3364 4146 87 29 claim.

3042 4186 51 29 We
3108 4186 169 30 understand
3290 4186 60 29 that
3367 4186 118 29 Borland
3500 4185 53 30 and

3004 4227 153 30 Tubman's
3170 4227 77 29 claim
3263 4238 34 18 on
3314 4227 48 28 the
3374 4228 80 33 river,
3464 4228 88 27 which

3004 4267 22 28 is
3039 4269 87 27 about
3135 4271 29 25 to
3174 4267 35 29 be
3222 4267 111 28 worked
3347 4267 36 38 by
3397 4267 47 28 the
3466 4267 87 28 fJdina

3002 4308 117 38 dredge,
3133 4307 48 28 has
3197 4307 122 38 changed
3335 4307 97 28 hands.

3039 4348 59 29 The
3139 4347 86 39 Ophir
3263 4347 214 38 correspondent
3523 4347 30 30 of

3000 4389 47 28 the
3089 4388 92 38 Otago
3221 4387 81 39 Daily
3334 4388 91 29 Times
3462 4388 91 28 writes

3002 4429 59 28 that
3075 4440 15 17 a
3106 4432 108 34 nugget
3235 4428 138 38 weighing
3392 4431 50 26 6oz
3463 4429 8 27 1
3486 4427 67 30 Idwt

3001 4479 55 18 was
3069 4468 86 29 found
3170 4469 36 37 by
3223 4467 101 30 Messrs
3338 4468 81 36 Love,
3444 4467 109 30 Pitches

3000 4509 53 27 and
3077 4509 92 28 Millar
3191 4508 80 29 while
3291 4508 119 38 sluicing
3434 4509 85 27 about
3536 4518 17 18 a

3002 4548 62 29 mile
3074 4548 69 29 from
3160 4547 94 40 Ophir.
3297 4547 57 30 The
3367 4553 107 34 nugget
3486 4547 23 30 is
3522 4547 28 29 in

3000 4599 36 18 no
3061 4599 61 27 way
3146 4593 162 23 waterworn
3341 4588 54 27 and
3430 4589 48 27 has
3503 4591 49 25 not

3000 4627 132 28 travelled
3150 4628 49 27 far.

3003 4720 125 41 Millers
3162 4719 71 42 Flat
3260 4718 182 42 Bachelors
3470 4716 76 45 Ball.

3134 4816 62 27 (Own
3210 4816 202 27 Cohrespojjdknt.)

3036 4856 57 29 The
3114 4857 54 28 ball
3189 4857 81 36 given
3293 4856 129 38 annually
3443 4856 38 37 by
3500 4866 48 20 our

2999 4897 143 27 bachelors
3154 4900 29 24 at
3196 4897 106 27 Millers
3319 4896 58 27 Flat
3389 4896 23 27 is
3422 4906 33 16 an
3466 4901 80 22 event

2999 4935 101 38 always
3113 4935 99 31 looked
3226 4935 116 30 forward
3358 4939 28 24 to
3396 4934 67 28 with
3471 4938 77 34 great

2999 4976 134 39 pleasure,
3146 4976 53 29 and
3214 4976 55 30 this
3290 4986 64 28 year
3372 4974 172 39 expectation

3000 5026 48 18 ran
3059 5016 78 37 high,
3151 5026 29 18 as
3192 5017 23 28 it
3228 5027 56 23 w%s
3297 5015 85 38 freely
3392 5015 155 28 mentioned

3000 5056 169 31 beforehand
3212 5057 60 30 that
3311 5056 47 30 the
3392 5056 156 29 committee

3001 5108 70 17 were
3084 5097 87 38 going
3191 5101 29 25 to
3233 5096 186 30 considerable
3441 5096 107 28 trouble

3001 5141 28 25 to
3042 5134 80 33 make
3135 5137 47 29 the
3196 5137 55 30 ball
3264 5137 68 38 fully
3354 5146 29 18 as
3396 5136 147 31 successful

3000 5188 29 19 as
3043 5177 78 30 those
3130 5177 62 31 held
3202 5177 27 30 in
3243 5177 126 40 previous
3382 5186 86 30 years.
3508 5176 39 29 To

3001 5219 54 28 this
3069 5219 57 28 fact
3135 5219 47 28 the
3204 5219 75 37 large
3304 5217 163 28 attendance
3492 5226 54 18 was

3000 5257 133 40 prebably
3142 5257 61 38 due,
3217 5257 52 30 and
3283 5257 35 29 all
3330 5256 60 29 who
3404 5265 71 19 were
3485 5266 45 28 pre-

3001 5303 61 26 sent
3081 5310 71 18 were
3172 5299 160 28 unanimous
3352 5297 28 28 in
3405 5296 139 38 declaring

3000 5342 60 26 that
3070 5350 16 17 a
3098 5349 75 19 more
3183 5337 142 39 enjoyable
3338 5337 84 28 dance
3436 5336 47 28 has
3497 5340 47 24 not

3001 5379 69 30 been
3081 5379 63 29 held
3158 5383 29 25 at
3196 5379 104 29 Millers
3311 5378 69 29 Flat.
3419 5376 57 29 The
3489 5376 53 29 ball

3001 5420 65 30 took
3086 5420 77 38 place
3188 5431 34 18 on
3249 5419 101 37 Friday
3375 5418 117 36 evening
3516 5422 28 23 at

3005 5460 99 38 feady's
3123 5459 64 29 Hall
3207 5459 55 28 and
3274 5459 77 28 there
3363 5465 70 20 were
3446 5456 69 38 fully
3529 5467 15 18 a

3001 5500 124 28 hundred
3140 5503 95 34 guests
3254 5501 118 35 present.
3411 5496 133 29 Included

2999 5539 28 31 in
3041 5539 55 31 this
3110 5539 75 39 large
3198 5538 162 31 attendance
3370 5547 69 19 were
3449 5536 96 40 people

3000 5581 70 27 from
3085 5581 36 26 all
3135 5583 75 34 parts
3231 5581 29 25 of
3282 5580 46 26 the
3351 5578 115 33 district,
3490 5578 54 27 and

3001 5619 77 29 there
3085 5629 55 18 was
3149 5629 16 18 a
3174 5629 65 28 very
3248 5616 136 31 noticable
3395 5616 149 40 Roxburgh

2999 5659 229 38 contingentin
3264 5658 129 29 numbers
3427 5656 14 29 I
3466 5667 78 20 mean

2999 5700 146 38 prefent
3191 5699 56 28 Mrs
3285 5698 76 38 Eady
3412 5698 130 38 provided

2999 5739 47 30 the
3077 5738 204 36 refreshments,
3329 5748 17 19 a
3380 5746 68 29 very
3484 5738 60 29 nice

3570 212 101 29 supper
3718 201 87 39 being
3841 202 47 29 the
3925 203 94 28 result.
4078 198 41 33 Of

3570 242 47 30 the
3656 242 94 35 mnsic,
3794 243 23 30 it
3862 242 71 32 need
3981 243 65 39 only
4083 243 39 31 be

3570 283 59 28 said
3653 283 60 28 that
3733 283 47 28 the
3801 283 99 30 Misses
3920 284 109 29 Malone
4048 294 71 19 were

3570 323 170 39 responsible
3752 323 44 30 for
3817 324 31 36 it,
3867 325 68 29 with
3957 325 81 39 piano
4060 326 53 28 and

3571 363 92 35 violin,
3676 363 54 30 and
3745 364 48 29 the
3811 365 153 29 excellance
3987 365 30 29 of
4038 366 76 29 these

3570 414 95 28 young
3674 403 95 29 ladies'
3783 405 86 28 dance
3882 405 85 29 music
3980 405 24 28 is
4017 405 98 38 widely

3570 443 169 40 recognised.
3777 444 47 30 Mr
3855 445 31 30 P.
3926 445 98 30 M'Rae
4062 456 57 19 was

3573 484 82 37 M.C.,
3669 485 53 29 and
3743 485 105 30 carried
3868 489 49 26 oat
3937 486 43 29 his
4002 497 116 19 onerous

3573 525 89 29 duties
3690 529 28 25 to
3749 525 160 39 everyone's
3940 525 176 30 satisfaction.

3575 565 163 40 Altogether
3752 566 46 29 the
3809 565 142 32 bachelors
3965 566 53 30 ball
4031 577 55 19 was
4104 577 15 19 a

3574 610 70 26 most
3664 607 142 38 enjoyable
3824 611 92 31 event,
3928 607 54 29 and
3995 617 51 19 one
4057 607 60 29 that

3573 652 75 25 wont
3660 648 34 29 be
3714 647 103 38 readily
3831 647 141 40 forgotfcon
3990 647 38 40 by
4040 648 78 29 those

3573 689 61 28 who
3648 698 69 19 were
3739 689 140 28 fortunate
3902 688 111 38 enough
4035 692 29 25 to
4083 688 35 29 bo

3573 732 118 36 present.
3732 729 14 28 I
3759 728 98 29 should
3867 732 49 25 not
3927 728 69 29 omit
4007 731 29 27 to
4049 732 62 26 state-

3574 769 60 30 that
3647 769 46 30 Mr
3711 769 74 29 Wm.
3810 768 92 38 Hand,
3921 778 30 20 as
3973 773 150 34 secretary,

3575 820 54 19 was
3643 821 34 17 an
3700 809 180 39 exceedingly
3900 812 145 26 courteous
4065 809 56 29 and

3574 851 128 40 obliging
3714 850 107 37 official,
3833 849 55 31 and
3908 853 30 27 to
3956 849 56 31 him
4025 851 54 29 and
4093 854 34 26 to>

3575 892 47 28 the
3651 892 156 29 committee
3844 891 60 29 who
3931 891 101 29 looked
4052 892 78 27 after

3575 932 71 30 their
3658 937 95 35 guests
3767 931 152 40 untiringly
3931 934 80 37 great
4031 931 89 30 credit

3574 973 23 29 is
3606 973 54 29 due
3673 974 43 28 for
3734 972 47 30 the
3794 983 114 19 manner
3928 972 30 29 in
3970 972 89 30 which
4072 972 54 29 the--

3575 1013 55 29 ball
3643 1023 55 19 was
3707 1012 104 30 carried
3825 1016 58 26 out.

3639 1109 70 43 The
3737 1108 127 44 Benefit
3892 1108 168 44 Societies

3734 1167 239 44 Commission.

3641 1274 57 29 The
3906 1284 17 18 a
3931 1273 71 30 little
4016 1273 115 40 journal?

3577 1315 30 28 of
3630 1315 46 29 the
3700 1316 104 28 caustic
3829 1314 80 29 order
3935 1313 143 39 published
4098 1319 38 24 at;

3580 1353 191 38 Wellington,,
3806 1354 153 29 discourses
4002 1354 29 29 in
4076 1355 48 28 the

3577 1393 142 38 following
3742 1395 58 29 free
3812 1393 55 31 and
3879 1404 63 26 easy
3956 1393 106 30 fashion
4088 1404 29 20 on-

3578 1435 47 28 the
3645 1435 109 30 labours
3777 1435 29 29 of
3818 1434 47 29 the
3880 1434 109 29 Private
3999 1446 6 19 :
4014 1433 107 29 Benefit

3580 1474 139 31 Societies'
3752 1475 190 35 Commission,
3967 1474 86 30 about
4079 1473 48 30 the

3579 1516 79 29 value
3667 1516 31 29 of
3708 1515 88 30 which
3805 1516 46 29 the
3859 1526 85 29 paper
3951 1515 23 29 is
3984 1514 141 38 evidently

3581 1562 49 22 not
3642 1556 27 27 in
3683 1556 141 28 doubt:

3619 1595 90 29 When
3719 1595 54 29 will
3785 1595 47 30 the
3845 1595 92 39 public
3950 1595 69 30 have
4043 1604 76 20 some-

3583 1635 82 39 thing
3689 1636 27 28 in
3738 1635 142 35 exchange
3902 1635 43 29 for
3967 1635 47 29 the
4038 1635 90 37 heavy

3584 1679 59 25 cost
3667 1675 29 29 of
3709 1675 47 29 the
3766 1675 108 29 Benefit
3887 1674 138 31 Societies'
4050 1674 66 30 Com-

3585 1715 110 30 mission
3706 1714 11 31 ?
3756 1715 58 30 The
3837 1719 93 36 report
3943 1715 28 30 of
3984 1715 46 30 the
4050 1714 66 31 Com-

3587 1756 294 29 missionersMessrs
3891 1755 105 37 Fisher,
4007 1756 125 29 Steward

3585 1794 54 29 and
3648 1798 119 35 Tregear
3769 1805 90 18 was
3869 1798 61 26 sent
3939 1795 29 28 in
3978 1805 75 20 more
4062 1795 66 29 than

3587 1846 16 17 a
3621 1835 96 29 month
3740 1845 61 29 ago,
3826 1834 51 29 but
3897 1835 161 39 apparently
4082 1835 57 30 the-

3589 1875 116 30 Cabinet
3717 1886 45 19 are
3772 1875 128 30 ashamed
3919 1875 30 30 of
3969 1875 32 36 it,
4011 1875 53 30 and
4074 1876 55 29 fear-

3589 1919 28 24 to
3637 1915 39 28 let
3700 1916 47 28 the
3772 1915 110 38 glaring
3905 1915 73 37 light
3999 1915 28 28 of
4039 1915 92 39 public

3589 1955 111 39 opinion
3741 1958 56 27 rest
3845 1966 74 28 upon
3967 1955 30 29 it.

3590 1995 138 30 Guardian
3777 1995 95 30 thinks
3890 1996 47 29 the
3950 1995 193 31 Government*

3590 2048 62 27 may
3674 2037 65 30 take
3764 2046 117 29 courage
3901 2036 70 29 from
3999 2036 46 30 the
4077 2037 57 29 fact

3590 2078 61 29 that
3684 2088 29 19 as
3735 2077 118 39 nothing
3887 2077 80 28 much
3992 2087 55 19 was
4071 2087 64 20 ever

3590 2118 131 38 expected
3747 2118 70 28 from
3842 2119 47 26 the
3912 2117 87 29 result
4022 2117 30 28 of
4087 2117 47 29 the

3591 2157 223 31 Commissioners
3816 2156 8 15 1
3859 2156 109 30 labours
4005 2156 38 36 (?)
4088 2157 42 30 the-

3590 2199 96 38 colony
3699 2199 23 29 is
3731 2202 47 26 not
3790 2209 67 27 very
3869 2197 84 39 likely
3962 2201 28 26 to
4003 2197 57 30 find
4073 2197 60 30 that

3590 2240 72 29 their
3678 2242 92 35 report
3794 2238 63 30 falls
3880 2238 43 29 far
3944 2238 76 29 short
4044 2237 29 30 of
4085 2248 31 19 ex-

3590 2279 160 40 pectations.
3813 2285 5 21 I
3827 2278 64 30 here
3923 2288 69 19 were
4025 2278 106 29 unkind
4137 2278 3 41 ;

3590 2321 91 29 critics
3710 2319 61 30 who
3792 2323 73 26 went
3898 2319 47 28 the
3969 2318 97 38 length
4103 2319 40 28 of

3590 2361 98 38 saying
3709 2360 47 29 the
3779 2358 178 32 Commission
3983 2368 54 20 was
4068 2359 65 38 only

3590 2405 42 25 set
3652 2411 36 28 up
3702 2411 29 19 so
3756 2411 29 19 as
3798 2403 28 27 to
3839 2399 111 40 provide
3973 2398 92 31 billets
4086 2399 53 30 for

3589 2443 102 28 Messrs
3733 2441 106 35 Fisher,
3898 2439 133 35 Steward,
4077 2440 54 29 and

3588 2482 128 39 Tregear,
3740 2481 51 29 but
3898 2479 138 30 Guardian

3587 2523 35 29 be
3643 2532 143 29 generous,
3823 2521 54 29 and
3900 2531 47 28 say
3967 2521 77 29 there
4073 2531 55 19 was

3587 2564 118 37 perhaps
3719 2573 12 17 a
3746 2562 106 28 further
3876 2561 63 35 aim,
3952 2561 114 29 andif
4078 2561 65 30 this:

3587 2613 108 28 secrecy
3705 2603 35 28 be
3753 2601 132 38 correctly
3905 2601 230 38 interpretedit

3587 2644 23 27 is
3622 2654 35 17 no
3670 2643 69 28 fault
3751 2643 30 27 of
3793 2642 47 28 the
3849 2641 187 29 Government
4048 2641 23 28 if
4084 2642 47 28 the

3588 2682 223 29 Commissioners
3854 2680 102 39 proved
3988 2684 49 25 not
4076 2681 50 28 suf-

3586 2722 119 37 ficiently
3726 2724 158 36 competent
3897 2724 27 25 to
3938 2719 82 30 know
4032 2720 61 30 how
4105 2724 26 26 to-

3587 2766 42 25 set
3641 2763 83 28 about
3749 2762 71 28 their
3838 2761 85 28 work.
3963 2761 76 37 They
4063 2771 64 18 were-

3587 2803 81 39 given
3679 2802 84 36 hints,
3773 2801 36 39 by
3820 2801 141 30 witnesses
3970 2800 54 29 and
4031 2800 110 36 others,,

3586 2844 50 28 but
3655 2843 90 29 would
3757 2846 49 25 not
3818 2841 65 30 take
3904 2841 228 38 themperhaps

3585 2888 28 24 to
3625 2884 68 28 have
3706 2883 71 29 done
3787 2892 30 19 so
3827 2881 90 29 would
3931 2881 69 29 have
4010 2881 121 38 brought

3585 2923 71 29 them
3672 2934 17 18 a
3709 2923 70 29 little
3803 2925 46 26 too
3869 2921 184 38 prominently
4074 2921 68 29 into

3585 2964 46 29 the
3657 2964 55 29 bad
3736 2963 87 29 books
3848 2962 128 29 ofwho
3998 2961 69 30 shall
4092 2971 50 19 we;

3585 3015 48 25 say
3644 3004 97 30 ?the
3754 3003 128 29 bankers.

3740 3091 234 52 Cablegrams.

3633 3209 27 26 A
3684 3206 188 28 TERRIBLE
3892 3204 189 29 TRAGEDY.

3753 3252 124 36 London,
3892 3252 161 39 September
4066 3253 26 28 2.

3621 3300 23 29 A
3660 3298 112 31 terrible
3784 3297 101 40 Alpine
3907 3297 116 40 tragedy
4045 3298 22 29 is
4088 3308 34 20 re-

3587 3340 96 40 ported
3696 3340 70 28 from
3781 3338 188 30 Switzerland.
4009 3338 45 29 Mr
4066 3339 54 30 Ber-

3588 3380 68 30 nard
3672 3379 161 36 Swinstead,
3846 3389 35 19 an
3895 3378 116 40 English
4025 3379 115 36 tourist,,

3586 3421 67 29 with
3665 3431 15 19 a
3696 3420 82 30 Swiss
3790 3422 94 36 pastor
3905 3419 54 29 and
3979 3422 55 26 two
4054 3420 87 28 other*

3587 3460 149 36 travellers,
3762 3469 71 19 were
3858 3459 151 39 ascending
4034 3459 99 29 Mount

3589 3500 127 37 Sallacin,
3733 3500 92 30 Valais
3849 3498 192 37 Cantonment,
4053 3499 79 30 when

3586 3542 65 36 they
3658 3552 70 18 were
3736 3540 150 29 overtaken
3898 3541 34 36 by
3938 3551 35 17 an
3983 3540 140 28 avalanche-

3587 3581 54 29 and
3661 3584 87 35 swept
3769 3580 58 28 into
3848 3591 16 17 a
3887 3589 124 19 crevasse
4027 3579 104 36 I,oooft

3583 3622 78 37 deep.

3661 3671 118 31 CROPS
3809 3670 43 30 IN
3876 3670 181 30 IRELAND.

3890 3725 163 38 September
4068 3725 26 29 4.

3628 3768 46 28 Mr
3700 3766 127 39 Spaight,
3840 3777 16 17 a
3881 3765 187 29 Government
4091 3765 29 27 in-

3589 3811 117 35 spector,
3718 3806 49 30 has
3780 3805 142 31 furnished
3946 3815 16 19 a
3987 3808 92 35 report
4098 3815 36 19 on

3589 3849 46 29 the
3649 3852 92 35 potato
3766 3857 80 24 crops
3870 3846 28 29 in
3920 3846 47 28 the
3994 3846 139 28 mountain

3589 3889 121 29 districts
3723 3889 29 27 of
3765 3886 117 30 Ireland.
3922 3886 44 29 He
3976 3890 84 24 states
4074 3886 60 28 that

3588 3929 47 29 the
3649 3932 124 33 potatoes
3783 3938 45 18 are
3837 3926 105 35 ruined,
3952 3926 54 28 and
4016 3926 60 28 that
4086 3926 46 27 the

3588 3979 65 19 corn
3667 3968 54 29 and
3731 3968 53 38 hay
3797 3977 79 28 crops
3889 3977 44 18 are
3945 3966 57 28 also
4018 3966 114 37 rotting.

3588 4008 45 30 He
3646 4012 112 35 expects
3771 4017 50 20 one
3834 4006 29 30 of
3875 4006 46 30 the
3931 4010 84 26 worst
4023 4006 111 28 winter*

3588 4049 73 28 since
3679 4048 76 29 1847.

3651 4097 186 31 DROUGHT
3856 4097 44 29 IN
3919 4095 149 31 RUSSIA.

3658 4150 36 29 St
3703 4150 183 36 Petersburg,
3898 4149 161 38 September
4069 4149 26 27 6*.

3623 4191 26 30 A
3662 4191 149 40 prolonged
3823 4190 120 40 drought
3955 4189 27 30 in
3997 4189 45 30 the
4053 4187 80 37 Tula,.

3589 4233 129 34 Moscow,
3742 4233 54 27 and
3813 4232 94 28 Kursk
3935 4231 199 28 Governments

3588 4273 29 27 of
3643 4273 45 27 the
3712 4272 144 38 provinces
3870 4271 30 29 of
3912 4269 108 30 Central
4034 4269 98 31 RuSeiia.

3588 4313 49 27 has
3658 4311 145 39 destroyed
3830 4312 47 28 the
3899 4310 154 39 vegetation
4076 4309 55 28 and'

3587 4353 80 29 made
3688 4353 20 27 it
3729 4352 159 39 impossible
3912 4355 28 24 to
3953 4361 55 18 sow
4033 4349 99 30 winter*

3587 4393 89 28 wheat
3697 4392 53 29 and
3776 4402 88 27 crops.
3905 4391 70 29 Corn
3988 4390 23 29 is
4031 4389 98 37 selling

3586 4437 28 24 at
3629 4436 181 35 extravagant
3823 4432 96 39 prices,
3936 4430 54 29 and
4000 4441 16 18 a
4028 4430 103 29 famine,

3583 4473 22 28 is
3616 4473 101 28 feared.

3635 4524 77 29 THE
3731 4523 133 29 RISING
3883 4522 43 29 IN
3950 4521 122 30 INDIA.

3729 4573 146 35 Calcutta,
3890 4573 161 35 September
4065 4573 23 27 G.

3620 4614 57 28 The
3708 4613 98 28 Indian
3841 4613 184 28 Government
4058 4611 70 27 have,

3581 4653 124 29 thanked
3717 4654 47 27 the
3781 4654 91 27 native
3888 4652 87 28 chiefs
3988 4652 43 26 for
4054 4650 70 28 thj'r

3581 4694 68 36 offer
3662 4694 30 27 of
3702 4696 94 34 troops
3808 4696 29 25 to
3848 4692 81 28 assist
3950 4691 47 28 the
4009 4689 115 35 British,

3581 4734 54 31 and
3666 4735 93 36 regret
3778 4734 22 27 is
3826 4742 82 27 expre
3910 4742 11 11 c
3924 4730 47 29 sed
3992 4729 61 29 that
4078 4730 45 28 the

3581 4772 185 31 Governmeut
3779 4782 45 18 are
3835 4772 63 36 only
3907 4771 60 29 able
3975 4774 28 24 to
4017 4770 105 37 employ

3576 4824 16 17 a
3604 4812 104 31 limited
3721 4812 124 30 number.

3616 4864 57 29 The
3722 4862 166 33 Moharoand
3938 4863 96 38 people
4078 4872 45 19 are

3577 4902 479 39 quarrellingamongstthemselves,
4067 4902 53 26 and

3575 4943 23 29 it
3610 4943 23 28 is
3642 4946 47 25 not
3703 4944 132 36 expected
3844 4941 59 28 that
3913 4941 64 38 they
3988 4941 53 28 will
4055 4941 66 27 offer

3576 4995 52 26 any
3642 4982 101 30 serious
3757 4982 146 28 resistance
3917 4986 28 24 to
3959 4982 45 28 the
4018 4981 98 28 British

3576 5024 82 28 force.
3698 5022 75 38 They
3798 5031 45 19 are
3860 5031 60 19 now
3944 5021 102 37 caught
4060 5021 43 28 bet-

3576 5075 74 18 ween
3675 5063 47 29 the
3735 5063 87 29 forces
3847 5062 86 30 under
3948 5061 110 31 Colonel
4074 5061 44 29 Sir

3576 5104 107 28 Bindon
3718 5103 85 29 Blood
3839 5102 54 29 and
3921 5102 78 29 those
4032 5102 87 28 under

3576 5143 266 39 Brigadier-general
3864 5142 79 29 hlles.

3611 5198 26 27 A
3673 5196 75 30 forco
3768 5196 29 29 of
3823 5195 71 29 3000
3926 5195 105 29 Afridis
4064 5194 55 30 and

3578 5236 134 29 Mazazais
3736 5236 69 28 have
3818 5236 81 27 taken
3917 5245 37 28 up
3967 5245 16 17 a
4001 5235 117 38 position

3575 5276 124 39 opposite
3713 5275 110 37 Hudda,
3833 5275 52 29 and
3894 5285 46 19 are
3953 5275 113 36 waiting
4075 5275 42 28 for

3573 5317 221 28 reinforcements
3841 5316 94 30 before
3973 5315 143 38 attacking

3572 5356 114 33 Kuram.

3638 5409 26 29 A
3686 5407 180 31 WARSHIP
3888 5407 161 31 ASHORE.

3621 5458 246 36 Constantinople,
3879 5457 162 39 September
4055 5459 24 28 6.

3611 5498 111 29 H.M.S.
3738 5499 139 35 lmogene,
3891 5509 16 16 a
3927 5499 77 27 small
4018 5499 99 38 special

3573 5539 102 31 service
3688 5537 95 36 vessel,
3799 5537 125 32 Attached
3935 5543 27 26 to
3971 5538 47 31 the
4029 5539 89 31 xVledi-.

3573 5584 141 23 terranean
3729 5579 145 37 squadron,
3886 5580 47 27 has
3941 5590 71 25 gone
4022 5581 95 26 ashore

3573 5629 34 19 on
3621 5630 16 17 a
3651 5618 68 30 sand
3734 5617 72 29 bank
3821 5619 39 28 off
3870 5619 55 28 San
3947 5617 122 37 Stefano,
4088 5619 27 28 in

3574 5659 46 30 the
3641 5659 52 30 Sea
3715 5659 28 30 of
3766 5658 143 31 Marmora.
3949 5661 26 28 A
3997 5659 72 40 body
4090 5659 30 30 of

3573 5700 118 29 Turkish
3717 5699 104 35 militia,
3853 5699 115 30 assisted
3992 5701 38 38 by
4055 5701 63 28 four

3574 5742 75 37 tugs,
3675 5739 214 38 unsuccessfully
3913 5741 155 42 attempted
4090 5743 32 38 s{)

1673 89 199 51 MOtJST
1954 84 226 56 J&EtfSft
2265 88 152 47 MAIL.

3394 88 165 56 Friday,
3583 96 239 48 September
3843 94 59 47 10,
3926 92 109 44 1897

84 201 223 36 SATURDAY,
319 202 70 28 18th
402 200 235 35 SEPTEMBER,

261 250 36 29 At
308 253 50 25 two
370 248 98 31 o'clock.

130 327 54 30 BE
200 328 32 30 P.
245 327 162 31 MYLREA
427 326 177 40 (Deciasid).

115 402 189 47 [ABEZ
378 397 266 33 BURTON

169 442 43 28 has
225 440 109 29 received
353 442 160 24 instructions
526 439 62 27 from
602 437 42 27 the

96 483 89 34 Agent
195 480 30 27 of
233 479 41 28 the
287 477 88 28 Public
392 477 103 28 Trustee
517 481 24 23 to
554 473 44 30 sell
613 475 30 35 by

95 520 101 26 auction
225 524 26 21 at
275 517 42 27 the
346 515 169 28 Auctioneer's
540 513 102 30 Rooms,

96 554 176 36 Roxburgh

165 599 112 29 Sections
302 597 17 29 9
342 596 50 29 and
416 596 40 32 10,
479 593 78 30 Block
581 593 63 32 XT.,

232 636 80 27 Town
324 636 28 25 of
371 633 146 35 Roxburgh,
530 633 98 27 contain-

232 674 46 36 ing;
291 675 14 25 1
324 671 60 28 rood
400 670 33 28 32
451 672 100 35 perches
564 668 80 37 (more

229 721 29 17 or
269 711 69 35 less.)

131 755 108 30 Further
251 757 147 37 particulars
410 762 33 19 on
456 752 148 37 application
618 757 25 19 to

272 804 75 29 THE
366 799 242 33 AUCTIONEER.

131 877 262 34 IMMEDIATELY
410 874 118 31 AFTER
546 872 75 31 THE

310 915 129 32 ABOVE,

132 969 39 28 On
184 972 105 25 account
298 967 43 27 Mr
350 964 112 29 William
472 961 107 36 Telford,
590 960 56 28 who

100 1008 45 28 bas
157 1007 44 28 left
215 1006 39 28 the
266 1005 131 27 district

180 1055 50 22 HIS
242 1053 153 23 FREEHOLD
407 1049 155 27 PROPERTY,

168 1093 95 28 Situate
276 1091 48 28 and
338 1090 76 36 being
426 1088 98 28 Section
533 1086 24 34 2,
568 1084 78 29 Block

236 1129 58 34 IX.,
305 1126 150 37 Roxburgh,
465 1126 61 27 with
536 1124 98 28 substan-

235 1168 44 28 tial
303 1168 78 26 Stone
406 1165 86 27 House
516 1162 48 29 and
588 1171 44 18 con-

236 1206 100 29 venient
360 1201 190 39 Outbuildings,
571 1199 33 29 all
623 1199 24 28 in

239 1244 66 38 good
322 1244 87 35 repair.

254 1314 122 29 TERMS
402 1310 100 32 EASY.

134 1387 87 36 Apply
234 1392 25 22 to

277 1422 75 28 THE
373 1416 236 33 AUCTIONEER

199 1486 45 38 C-
283 1484 37 37 J.
363 1483 187 48 Coombs,

122 1549 192 34 SURGICAL
334 1548 25 30 &
376 1543 257 33 MECHANICAL

291 1592 166 32 DENTIST

307 1641 39 26 (By
361 1638 82 26 Exam.)

100 1717 54 35 A/T
163 1716 26 30 R
210 1712 150 33 COOMBS
376 1721 64 28 may
451 1709 36 30 be
501 1707 150 31 Consulted

258 1806 125 30 Hebon's
405 1803 94 30 Hotel

127 1862 44 30 On
192 1858 156 36 FRIDAY,
373 1857 71 29 20th
469 1851 164 33 AUGUST.

144 1940 41 29 As
198 1939 15 29 I
225 1937 96 29 intend
333 1936 113 35 visiting
463 1933 56 28 this
538 1931 116 30 District

108 1978 186 42 periodically,
306 1977 23 29 it
336 1975 55 31 will
399 1984 62 21 save
473 1971 125 32 Patients
606 1970 48 31 the

108 2031 120 30 expense
240 2019 29 30 of
281 2018 86 40 going
379 2020 29 26 to
420 2019 73 26 town
506 2026 8 24 j
533 2012 54 30 and
599 2023 30 18 as
639 2011 15 30 I

110 2064 149 37 guarantee
279 2059 36 29 all
336 2057 87 36 work,
447 2055 124 30 Patients
591 2063 63 28 may

107 2103 59 38 rely
179 2112 36 19 on
227 2100 111 39 getting
350 2109 16 19 a
378 2096 142 31 first-class
530 2095 123 29 denture.

107 2181 92 23 TEETH
226 2179 82 22 MADE
334 2178 39 23 BY
402 2175 95 24 OTHER
521 2173 133 23 DENTISTS

128 2207 131 24 PROVING
268 2203 251 26 UNSATISFACTORY
527 2201 62 22 MAY
599 2201 36 22 BE

163 2234 194 24 REMODELLED
369 2233 38 22 AT
419 2231 93 22 SMALL
525 2229 74 22 COST.

108 2305 125 30 Painless
261 2302 162 31 Extraction
451 2298 66 30 with
541 2296 113 30 Nitrons

146 2344 88 31 Oxide
254 2344 65 34 Gas,
342 2342 125 33 Cocaine,
480 2338 95 35 Ether,
588 2347 31 19 or

290 2382 182 31 Chloroform.

106 2460 133 30 Stopping
258 2467 72 19 with
350 2457 83 35 Gold,
455 2453 147 35 Amalgam,
621 2460 34 21 or

320 2498 122 30 Cement.

197 2577 30 31 C.
274 2577 29 29 J.
356 2570 206 38 COOMBS,

242 2623 128 30 Surgeon
393 2621 118 29 Dentist

146 2671 143 39 (Opposite
303 2668 129 39 Cargill's
444 2666 174 36 Monument)

309 2714 143 22 DUNEDIN.

222 2755 80 37 (Late
315 2753 77 31 Kidd
404 2753 55 29 and
473 2751 60 38 Co.)

104 2850 62 54 R.
186 2851 33 40 J.
249 2849 45 43 B.
324 2844 160 43 YULE,
508 2842 144 44 L.D.S.,

189 2933 190 44 Surgeon
414 2925 161 44 Dentist,

232 2996 299 37 INYERCARGILL.

206 3163 47 31 Mr
273 3161 78 31 Yule
373 3158 55 31 will
446 3156 64 31 visit

101 3262 140 36 RYAN'S
254 3259 136 38 HOTEL,
400 3253 249 38 ALEXANDRA,

110 3333 165 35 HERON'S
288 3329 137 38 HOTEL,
433 3324 214 35 ROXBURGH

99 3443 215 34 ROXBURGH
322 3438 160 34 BAKERY
491 3437 25 31 &
527 3434 120 33 STORE

100 3538 180 53 Bofot.
307 3532 339 63 jKiaastoa,

117 3613 142 37 BAKER,
287 3605 293 38 CONFECTIONER
602 3604 26 30 &

232 3655 281 36 STOREKEEPER,

138 3718 148 25 SCOTLAND
307 3716 112 27 STREET,
440 3712 168 25 ROXBURGH.

136 3793 75 29 R.K.
221 3791 102 30 desires
336 3793 29 25 to
378 3786 87 31 thank
478 3786 48 28 the
536 3783 93 30 inhabi-

89 3824 4 44 '
101 3837 75 26 tants
188 3832 30 30 of
230 3829 153 39 Roxburgh
395 3826 54 31 and
460 3824 182 38 surrounding

99 3874 124 29 districts
244 3872 44 30 for
306 3871 47 28 the
376 3871 115 37 support
512 3864 132 31 accorded

99 3915 56 27 him
169 3914 27 27 in
210 3913 47 28 the
268 3916 71 35 past,
353 3909 54 29 and
419 3913 28 24 to
454 3907 102 29 inform
569 3906 75 28 them

100 3955 61 27 that
172 3953 119 36 nothing
303 3951 55 27 will
371 3950 35 28 be
418 3947 123 38 wanting
553 3956 35 19 on
601 3946 43 28 his

99 3998 63 34 part
174 3993 27 27 in
213 3993 47 27 the
271 3992 91 27 future
372 3993 29 25 to
408 3988 81 29 merit
496 3997 16 19 a
519 3986 110 30 continu-

99 4043 68 19 ance
179 4032 28 30 of
219 4031 72 30 their
303 4033 122 36 support.

127 4109 140 23 WEDDING
284 4109 61 22 AND
363 4106 149 24 BIBTHDAY
529 4104 91 24 CAKES

244 4144 81 23 MADE
342 4143 36 22 TO
390 4142 103 23 ORDER.

99 4193 123 26 SOIREES,
244 4191 110 22 PICNICS
376 4190 16 21 k
409 4190 86 20 BALLS
512 4186 131 23 CATERED

141 4229 55 22 FOR
211 4228 38 22 ON
264 4228 56 22 THE
333 4224 143 25 SHORTEST
493 4221 113 26 NOTICE.

100 4272 126 39 Nothing
237 4272 52 29 but
302 4271 46 28 the
360 4271 62 28 best
431 4268 124 29 material
566 4266 76 29 used.

98 4356 76 22 GOOD
186 4353 184 24 ASSORTMENT
379 4352 36 22 OF
423 4351 165 27 GROCERIES,
596 4350 46 26 Ac.,

297 4388 39 21 ON
352 4386 91 22 HAND.

183 4450 119 28 Liberal
320 4447 139 30 Discount
470 4454 50 21 for
540 4444 85 31 Cash.

252 4547 44 30 T.
363 4543 169 31 BOWD
551 4542 91 36 EN,

171 4621 175 26 CARPENTER,
371 4619 115 25 JOINER,
512 4617 61 21 AND

269 4657 206 27 UNDERTAKER,

97 4714 99 27 Desires
220 4717 26 21 to
270 4710 78 28 thank
373 4709 41 27 the
446 4707 86 28 Public
555 4706 25 27 of
604 4706 42 26 the

98 4751 105 28 District
216 4750 39 27 for
272 4755 55 30 past
344 4751 112 32 support,
474 4744 49 28 and
541 4743 61 37 begs
621 4750 25 21 to

96 4789 90 27 inform
216 4788 66 26 them
317 4787 54 25 that
400 4784 31 27 he
460 4783 44 26 has
533 4781 112 28 resumed

98 4826 120 29 Business
230 4825 26 27 in
269 4821 149 38 Roxburgh.

95 4915 134 26 Estimates
240 4913 73 35 given
325 4910 48 28 and
382 4909 121 35 Building
513 4908 131 27 Contracts

193 4961 30 27 of
238 4959 32 29 all
289 4958 74 28 kinds
379 4955 162 30 undertaken.

132 5047 76 26 Plans
221 5044 49 28 and
287 5042 186 37 Specifications
486 5039 123 37 prepared.

97 5179 136 27 PAINTER,
255 5176 131 27 GLAZIER,
407 5174 94 23 PAPER
518 5172 129 27 HANGER,

170 5214 69 24 SIGN
258 5211 117 24 WRITER
395 5209 63 24 AND
479 5207 94 23 HOUSE

282 5242 178 26 DECORATOR,

187 5286 72 30 Ross
278 5284 100 35 Place,
397 5280 162 32 Lawrence.

136 5369 43 30 On
193 5367 65 32 Sale
270 5376 17 19 a
295 5365 78 38 large
381 5362 56 32 and
444 5362 94 31 varied
547 5363 87 27 assort-

99 5413 77 28 ment
187 5408 30 31 of
230 5406 69 37 Oils,
312 5404 105 36 Paints,
439 5402 98 36 Scrim,
559 5401 89 36 Glass,

98 5447 229 42 Paperhangings
347 5444 57 30 and
422 5443 135 29 Painters'
576 5441 54 31 Sun-

97 5491 82 31 dries.

134 5531 71 28 New
211 5527 55 30 and
273 5524 172 32 fashionable
451 5522 75 29 Wall
536 5522 111 39 Papers,

99 5574 73 30 from
185 5570 38 30 5d
242 5579 51 30 per
312 5566 76 41 piece
409 5563 136 41 upwards.
587 5566 45 26 Pat-

98 5618 78 24 terns
188 5613 63 27 sent
261 5618 38 20 on
317 5606 176 39 application,
506 5609 63 33 post
580 5604 66 27 free.

136 5651 148 30 Estimates
296 5647 84 40 given
391 5645 44 30 for
457 5642 117 31 General
594 5642 36 30 Re-

96 5693 85 43 pairs.

138 5729 164 34 Celebrated
315 5728 131 29 Lustrnss
463 5726 90 36 Paint,
565 5724 84 39 ready

96 5773 103 38 ipixed,
211 5771 36 31 all
261 5769 123 32 Colours.

666 199 139 29 TEVIOT
814 195 217 33 WESLEYAN
1044 192 170 33 CHURCH.

756 320 101 30 ducted
869 329 30 21 as
911 318 110 31 follow:

671 370 112 27 Roxburgh
792 368 167 30 (7j>.m.)--Rev.
967 367 23 21 J.
999 366 28 22 H.
1035 366 84 25 Hooper

812 397 44 21 The
865 393 155 23 Blood-waabed
1028 391 115 23 Multitude
1152 391 69 20 before

872 421 40 22 the

672 451 48 22 Coal
731 451 65 21 Creek
804 450 21 25 (3
834 447 140 28 p.m.).-Rev.
984 447 20 21 J.
1014 447 30 21 H.
1054 446 85 26 Hooper

673 477 115 27 Ettrick(ll
799 474 139 28 a.m.)R*t.
947 475 23 21 J.
985 474 24 22 H.
1021 474 83 26 Hooper

759 505 55 25 (.30
822 503 122 27 p.m.)Mr
955 503 23 21 J.
988 502 84 22 Watson

708 564 217 34 ROXBURGH
953 563 98 30 GLEE
1073 561 110 31 CLUB.

675 653 141 43 GRAND
832 649 186 44 POPULAR
1033 645 190 45 CONCERT

709 729 204 25 PRELIMINARY
938 725 245 25 ANNOUNCEMENT.

708 799 53 29 The
778 798 77 29 above
868 798 106 28 Concert
997 794 50 29 will
1068 793 31 28 be
1121 792 56 29 held
1199 793 25 27 in

674 837 41 28 the
744 837 151 28 Athenaeum
924 833 58 28 Hall
1011 842 32 18 on
1075 830 150 33 FRIDAY,

673 875 73 30 24th
761 872 226 31 SEPTEMBER.

755 952 153 29 Particulars
920 953 26 26 in
959 951 95 27 Future
1068 948 77 28 Issue.

906 1030 30 29 F.
954 1027 170 34 JEFFERY,

1057 1065 67 28 Hon.
1138 1065 52 26 Sec.

734 1134 52 30 BE
808 1131 126 32 JAMES
959 1126 215 37 DRYSDALE,

877 1173 154 29 Deceased.

700 1246 12 14 *
727 1242 49 30 liL
811 1243 108 27 Persons
962 1240 94 33 having
1095 1236 133 29 CLAIMS

716 1294 15 4 -
767 1281 99 35 against
876 1278 44 27 the
938 1277 77 27 above
1037 1275 87 27 Estate
1137 1284 41 18 are
1190 1283 25 18 re-

680 1317 103 40 quested
797 1324 24 21 to
840 1315 107 29 forward
968 1323 76 25 same,
1068 1312 77 37 along
1169 1311 58 28 with

682 1358 41 27 the
735 1354 147 40 particulars
895 1353 102 33 thereof,
1011 1359 25 20 to

760 1404 26 30 F.
805 1402 169 32 ZWJNGLE
993 1401 133 33 MOORE,

898 1441 126 31 Dunedin,

816 1479 113 28 Solicitor
943 1479 37 26 for
994 1476 201 27 Administrator.

725 1550 101 32 GOLD
864 1547 146 30 MINING
1047 1544 136 36 PLANT,

761 1587 178 32 DREDGES
958 1586 25 29 &
1004 1584 144 31 CLAIMS

817 1639 96 31 FOR
952 1636 141 31 SALE.

720 1719 152 33 ENDERS
905 1728 41 17 ae
985 1715 93 29 invited
1120 1715 38 27 for
1188 1714 42 28 the

705 1775 13 3 -
756 1757 133 30 WHOLE
903 1756 46 27 OR
963 1754 74 28 ANY
1052 1753 93 29 PART
1155 1752 27 28 of
1189 1753 41 26 the

681 1797 124 28 ASSETS
829 1797 25 26 of
879 1794 41 26 the
950 1792 77 28 SEW
1061 1790 73 28 HOY
1166 1789 63 28 BIG

682 1834 121 28 BEACH
835 1831 96 29 GOLD
969 1828 141 28 MINING
1143 1827 64 28 COM-

681 1872 97 30 PANY
792 1868 159 41 (Limited),
965 1867 138 33 consisting
1115 1864 27 29 of
1160 1864 52 28 Min-

681 1914 45 33 ing
750 1912 97 27 Leases,
872 1909 16 26 3
918 1905 123 35 Dredges,
1063 1905 165 30 Water-race,

684 1947 137 39 Hydraulic
833 1945 118 28 Elevator
969 1942 47 27 and
1044 1940 80 38 Pipes,
1139 1938 75 28 Black-

682 1986 94 29 smith's
786 1985 68 35 Shop
863 1983 49 28 and
921 1979 117 34 T0015,16
1049 1989 69 28 spare
1129 1977 101 36 Dredge

684 2025 116 32 Buckets,
814 2020 186 31 miscellaneous
1019 2027 70 26 spare
1112 2017 84 31 Plant,
1214 2015 16 27 3

683 2062 126 34 Dwelling
821 2061 112 30 Houses,
941 2056 61 28 Coal
1013 2055 65 28 Shed
1089 2062 23 21 at
1124 2054 91 34 Queens-

683 2107 74 21 town.
770 2099 54 33 &c,,
838 2098 54 32 &c,
912 2096 43 28 &c.

716 2138 53 26 The
795 2134 174 32 DREDGES,
993 2131 80 28 which
1100 2139 41 18 are
1159 2128 31 28 all
1204 2129 24 26 in

684 2175 113 35 working
809 2173 78 33 order,
901 2180 40 19 are
953 2171 58 27 each
1026 2169 53 27 !Ht>
1179 2166 48 44 l(*i

683 2213 70 31 wide,
767 2211 47 28 and
833 2210 37 28 7ft
883 2210 68 34 deep,
964 2211 47 25 an'i
1026 2216 40 19 are
1085 2204 70 30 fitted
1171 2203 58 28 ni'.li

683 2249 166 29 LADDERS
863 2248 54 27 70ft
930 2246 93 28 LONG

719 2286 40 28 All
772 2286 145 37 particulars
929 2293 45 18 can
985 2283 29 28 be
1025 2281 48 27 nht:
1083 2281 31 27 in
1124 2280 14 26 d
1153 2287 23 19 r.?
1190 2281 39 23 '!

684 2325 88 27 Offices
790 2324 27 27 of
838 2323 41 27 the
903 2323 137 34 Company,
1063 2319 49 28 B-s:

684 2363 172 32 Queenstown,
870 2359 47 28 and
931 2359 106 27 Rattrav
1049 2363 84 22 s'r-'er,
1150 2355 72 27 hunn

684 2402 49 25 din.
757 2399 81 27 where
856 2398 110 27 Tenders
991 2396 49 26 will
1068 2395 27 26 he
1120 2392 108 28 received

683 2437 63 28 until
759 2434 208 35 THURSDAY,
981 2435 73 26 30th
1077 2430 129 28 SEPTEM-

682 2476 80 29 BER.
781 2475 71 27 1897.

717 2515 19 25 A
753 2512 93 36 deposit
859 2511 28 27 of
905 2517 41 21 ten
968 2519 43 28 per
1032 2514 63 23 cent,
1119 2513 67 21 must
1199 2506 29 27 be

684 2551 112 27 enclosed
806 2551 58 26 with
875 2549 58 28 each
948 2548 94 28 tender.

716 2589 52 26 The
781 2588 99 33 highest
893 2597 27 17 or
932 2596 47 26 any
995 2585 86 28 tender
1091 2589 43 22 not
1144 2592 70 18 neces-

682 2625 73 37 sarily
769 2624 120 36 accepted.

752 2673 148 27 THOMAS
919 2671 223 31 CALLENDER,

1057 2708 137 26 Secretarv.

812 2768 296 31 TENDERS.

715 2842 73 29 THE
819 2839 251 32 BENGERBURN
1098 2839 97 29 GOLD

739 2886 192 29 DREDGING
945 2886 52 28 CO.
1011 2885 162 36 (Limited.)

692 2987 29 30 A
765 2999 90 28 o'clock
869 3008 50 27 p.m
941 3007 31 18 on
990 2996 240 31 WEDNESDAY

683 3038 73 26 15th
771 3036 90 31 INST,
875 3036 38 27 for
925 3035 42 28 the
980 3035 94 36 Supply
1094 3034 37 28 for
1144 3034 86 28 twelve

682 3074 100 28 months
803 3074 29 27 of
851 3074 61 27 from
938 3073 67 34 eight
1030 3079 24 21 to
1074 3073 87 26 twelve
1175 3080 54 19 ton?

682 3111 94 35 weekly
789 3112 79 34 (more
879 3120 27 17 or
917 3109 57 33 less)
987 3109 27 27 of
1021 3109 64 35 good
1100 3108 109 27 STEAM-

681 3148 65 27 ING
760 3147 160 33 LIGNITE,
932 3146 124 27 delivered
1079 3147 23 26 in
1123 3145 62 36 bags
1204 3153 24 19 at

678 3186 43 27 the
765 3185 77 28 above
878 3184 150 38 Company's
1063 3183 103 38 Dredge
1202 3189 26 23 at

679 3223 107 27 Ettrick.

837 3258 114 30 JABEZ
969 3257 156 35 BURTON,

1056 3296 137 37 Secretary.

776 3360 111 29 FOR
961 3358 173 30 SALE.

953 3468 62 36 fully
1041 3467 124 38 equipped
1190 3467 37 28 for

677 3506 69 30 Gold
775 3506 142 35 Dredging,
948 3506 60 28 with
1050 3505 177 28 Blacksmith's

677 3545 78 29 Anvil
772 3545 49 29 and
841 3544 115 33 Bellows,
979 3544 97 35 Boring
1100 3543 126 34 Machine,

677 3583 48 27 and
738 3582 33 28 all
783 3582 76 28 Tools
878 3582 48 26 and
948 3590 128 27 necessary
1091 3580 74 28 Head
1178 3581 48 27 and

675 3620 59 27 Side
747 3619 85 29 Lines.

711 3657 72 31 Boat,
797 3657 52 28 16ft
858 3657 78 35 long;
956 3655 98 37 14-h.p.
1063 3655 101 37 Engine
1174 3655 47 28 and

676 3694 84 29 Boiler
772 3695 45 37 (by
830 3695 147 34 M'Queen.)

708 3733 63 28 Will
783 3734 93 35 dredge
890 3739 25 21 to
928 3742 13 18 a
955 3732 75 37 depth
1044 3732 24 27 of
1080 3731 63 28 37ft.

776 3771 93 36 Apply,

844 3820 120 30 JABEZ
985 3819 168 36 BURTON,

816 3868 160 33 Auctioneer,
997 3868 54 33 &c,
1074 3868 151 37 Roxburgh.

793 3935 106 28 FOR
960 3935 148 27 SALE.

703 4010 67 42 j'OR
783 4009 169 30 PRIVATE
964 4009 262 31 SALESections

756 4052 16 28 3
798 4051 54 29 and
877 4051 27 34 4,
931 4050 88 28 Block
1039 4050 45 37 X.,
1110 4050 115 35 Teviot;

672 4092 85 29 about
776 4091 55 29 400
852 4100 86 20 acres.
977 4090 55 29 For
1051 4090 172 39 particulars,

672 4132 83 40 apply
875 4130 102 30 TODD
997 4130 117 35 BROS.,

1079 4170 108 30 Heriot.

760 4236 113 30 FOR

959 4235 173 30 SALE.

699 4315 71 41 /OR
784 4313 223 31 SALEThree
1020 4312 75 29 Pack
1110 4312 115 29 Saddles

693 4348 12 22 -'
748 4356 55 29 and
811 4356 78 28 three
899 4353 67 30 Side
976 4352 134 36 Saddles;
1124 4351 101 30 second

671 4397 84 36 hand,
769 4397 52 29 but
842 4396 30 28 in
894 4393 73 40 good
989 4393 236 38 preservation.

672 4438 55 30 For
739 4436 172 41 particulars,
926 4433 83 39 apply

773 4486 138 32 OFFICE
925 4485 48 30 OF
986 4483 90 30 THIS
1090 4483 133 30 PAPER.

738 4609 419 41 BERNSTONE,

720 4696 77 29 THE

818 4755 94 35 (From
937 4753 152 38 Dunedin),

750 4824 143 58 WILL
908 4824 66 30 visit
986 4823 165 40 Roxburgh,

867 4866 105 29 Millers
1001 4865 72 35 Flat,
1098 4864 55 29 and

747 4906 187 37 surrounding
967 4904 122 29 districts
1122 4909 29 23 **t

746 4945 110 39 regular
867 4944 140 35 intervals,

883 4999 77 30 when
976 4998 35 30 he

738 5065 3 33 .
759 5065 103 31 WILL
875 5065 104 32 TAKE
993 5065 150 33 ORDERS

750 5129 29 27 to
802 5127 56 29 suit
870 5127 47 29 the
930 5127 182 30 convenience
1124 5127 30 31 of

824 5173 48 29 the
887 5172 70 31 local
976 5174 103 39 public.

796 5266 128 31 Charges
946 5268 159 33 Moderate.

752 5361 76 31 Suits
837 5361 69 30 from
915 5363 38 29 3
964 5363 43 36 3s;
1022 5362 130 31 Trousers

856 5407 72 32 from
941 5410 50 29 16s
1004 5410 45 30 6d.

750 5500 46 31 Fit
808 5500 174 32 Guaranteed
1000 5513 32 18 or
1050 5501 103 41 Money

850 5553 49 27 not
912 5550 141 40 accepted.

734 5679 87 31 OZIE
840 5680 86 29 TEA.
964 5679 66 29 This
1054 5677 90 31 brand
1169 5675 24 30 is
1213 5685 17 19 a

757 5725 148 34 guarantee
913 5720 30 29 of
951 5720 91 38 purity
1051 5719 54 29 and
1113 5717 116 40 quality.

677 5761 55 39 Try
745 5762 47 29 the
804 5762 52 35 2s;
874 5760 46 29 'tis
934 5759 101 40 superb
1047 5759 6 29 !

1250 269 176 45 DUNEDIN
1442 268 142 45 PRICES
1595 269 31 42 &
1639 268 162 45 VALUES

1251 513 76 31 NOT
1346 513 75 29 FOR
1440 513 78 31 ONE
1531 512 139 30 MONTH
1691 512 114 36 ONLY,

1274 666 79 44 ALL
1383 666 80 43 THE
1496 664 108 45 YEAR
1633 664 152 55 ROUND,

1259 819 90 59 W.
1368 821 61 54 T.
1452 818 357 67 TALBOYS,

1391 911 288 37 ROXBURGH,

1255 971 74 30 Who
1350 970 24 31 is
1397 981 61 19 now
1478 969 127 40 Offering
1623 969 49 30 the
1692 967 118 31 Balance

1485 1023 32 29 of
1536 1022 43 30 his

1339 1084 238 41 WIHTER

1462 1146 266 40 DRAPERY

1259 1219 28 28 at
1311 1216 93 30 Prices
1423 1214 89 31 which
1529 1212 110 32 MUST
1660 1209 153 34 Command

1343 1270 48 29 the
1404 1269 147 30 Attention
1569 1268 29 29 of
1610 1268 117 37 Buyers.

1345 1426 108 45 Come
1477 1425 65 42 and
1569 1423 66 43 See
1660 1422 69 43 Our

1260 1498 47 29 All
1329 1496 82 30 Wool
1437 1494 174 38 Wellington
1637 1490 126 37 Flannel,
1785 1492 29 26 at

1336 1539 29 27 Is
1379 1537 35 28 Id
1423 1545 50 29 per
1485 1534 68 39 yard

1261 1588 94 30 White
1388 1586 131 35 Calicoes,
1546 1585 73 29 from
1646 1584 31 28 2s
1704 1581 35 31 6d
1764 1590 50 29 per

1332 1628 86 30 dozen

1259 1680 112 39 Striped
1385 1678 198 34 Flannelettes,
1595 1676 71 29 from
1677 1676 30 27 2s
1718 1673 35 30 9d
1763 1683 50 29 per

1331 1720 87 30 dozen

1259 1776 95 29 White
1388 1774 143 35 Shirtings
1561 1771 114 37 (double
1712 1769 97 36 width)

1331 1816 71 28 from
1420 1814 32 28 10
1459 1813 32 36 id
1503 1822 50 29 per
1564 1811 69 39 yard

1258 1866 96 32 White
1367 1865 122 31 Turkish
1499 1863 116 36 Towels,
1629 1861 72 31 from
1722 1861 31 29 4s
1776 1859 36 31 6d

1331 1919 35 27 pe
1368 1919 13 12 r
1393 1908 87 28 dozen

1259 1961 89 31 Linen
1360 1959 144 40 Tablings,
1512 1959 72 30 from
1595 1959 31 29 Is
1635 1957 38 30 3d
1686 1967 49 30 per
1745 1955 68 41 yard

1267 2014 91 32 Men's
1372 2014 103 30 Lambs
1488 2012 83 31 Wool
1584 2012 95 37 Pants,
1703 2012 31 29 2s
1760 2011 53 29 Ud

1336 2066 49 29 per
1399 2055 60 39 pair

1263 2110 88 28 Men's
1367 2108 99 29 Cotton
1482 2106 94 35 Pants,
1590 2105 70 29 from
1671 2105 31 29 Is
1715 2104 35 30 3d
1764 2114 50 29 per

1334 2149 59 38 pair

1264 2200 137 33 Coloured
1423 2199 59 29 Silk
1498 2197 232 36 Handkerchiefs,
1743 2197 70 30 from

1333 2245 26 25 Is
1374 2240 65 30 PJU'll

1263 2297 91 29 A*hvs
1369 2295 64 30 Soft
1445 2294 63 30 Felt
1520 2291 165 38 Hats,from
1708 2291 28 29 Is
1762 2291 52 30 lid

1332 2336 65 30 each

1263 2389 66 29 Real
1341 2389 70 28 Bear
1425 2387 80 39 Long
1517 2385 55 29 Fur
1585 2384 81 35 Boas,
1680 2383 71 31 from
1767 2385 47 28 12s

1335 2430 33 28 Gd
1381 2429 66 29 each

1263 2521 122 31 DRESS
1418 2521 143 31 STUFFS
1595 2521 26 29 in
1659 2517 154 37 SERGES,

1307 2562 170 37 TWEEDS,
1497 2562 135 30 &cAll
1650 2561 126 30 reduced.

1466 2654 26 28 A
1512 2653 54 29 Lot
1579 2653 30 29 of

1263 2701 179 28 MANTLES
1471 2700 24 29 &
1517 2699 295 43 WATERPROOFS,

1278 2754 39 29 At
1330 2754 88 38 prices
1431 2753 88 28 which
1532 2755 75 26 must
1619 2752 73 29 clear
1705 2752 86 28 them.

1332 2845 27 29 A
1376 2844 132 40 Splendid
1522 2844 176 29 Assortment
1710 2842 30 29 of

1263 2897 116 29 MEN'S
1412 2896 24 29 &
1468 2896 110 29 BOYS'
1609 2893 203 35 CLOTHING,

1345 2936 180 35 HOSIERY,
1550 2933 181 37 SCARVES,

1428 2976 146 37 SHiRTS,
1594 2976 50 31 &c.

1263 3069 118 29 MEN'S
1425 3069 139 28 TWEED
1611 3069 110 29 SUITS
1766 3069 47 29 TO

1326 3108 195 34 MEASURE,
1545 3108 49 28 60s
1616 3108 136 39 (special).

1331 3190 29 30 A
1383 3190 62 29 well
1470 3190 125 30 assorted
1621 3190 79 30 stock
1725 3191 30 29 of

1369 3243 120 31 BOOTS
1513 3253 56 21 and
1594 3243 122 32 SHOES

1419 3298 103 39 always
1534 3309 37 19 on
1582 3299 83 29 hand.

1259 3829 148 54 QOURT
1445 3828 223 38 ROXBURGH,
1706 3827 105 31 A.O.F.

1291 3909 45 21 TW
1340 3909 33 21 EN
1377 3909 16 20 T
1397 3908 120 21 Y-FOVIU
1524 3908 21 20 H
1564 3907 61 21 ANN
1628 3907 153 21 IVERSARY.

1455 3973 21 25 A
1496 3972 106 27 Grand

1262 4033 88 43 Plain
1377 4032 63 43 and
1468 4033 109 48 Fancy
1611 4033 104 41 Dress
1741 4031 68 43 Ball

1402 4090 61 28 Will
1478 4090 28 28 be
1520 4090 56 27 held
1587 4091 24 25 in
1626 4090 42 27 the

1358 4151 222 31 ATHENjEUM
1607 4151 98 28 HALL

1515 4191 40 26 On

1256 4238 226 35 THURSDAY,
1502 4238 72 28 30th
1595 4236 111 36 SEPT.,
1728 4237 81 35 1897,

1342 4290 29 26 In
1385 4288 150 28 celebration
1550 4288 26 26 of
1585 4287 40 27 the
1639 4288 85 26 above.

1252 4366 152 30 TICKETS
1459 4388 26 6 ...
1536 4365 59 27 SIX
1609 4364 196 29 SHILLINGS

1323 4412 100 37 (Admit
1436 4410 70 36 Lady
1517 4411 47 26 and
1576 4410 162 36 Gentleman)

1536 4485 31 31 T.
1590 4485 106 36 COOP,

1633 4534 136 26 Secretary.

1451 4676 40 40 [A
1510 4674 100 39 Card.]

1394 4840 29 29 H
1461 4839 28 29 U
1528 4838 24 28 B
1590 4836 23 28 E
1645 4834 28 30 N
1705 4833 22 29 E
1759 4832 47 36 R,

1307 4887 154 35 'teacher
1483 4896 35 22 of
1539 4895 58 21 the
1619 4892 111 26 violin,

1256 4951 70 31 Will
1337 4949 66 31 Tisit
1415 4945 155 39 Roxburgh
1583 4943 106 38 weekly
1713 4943 93 38 (every

1455 4992 144 38 Monday.)

1256 5150 95 29 Terms
1361 5158 36 19 on
1405 5144 166 42 application
1579 5146 29 26 to
1619 5142 52 30 self
1680 5153 32 19 or
1721 5140 85 30 Office

1430 5194 29 31 of
1471 5193 56 30 this
1539 5191 99 39 Paper.
