4220 5890
87 222 130 36 gfttlHbe
244 222 87 30 vessel
368 222 44 29 off.
452 222 46 29 Sir
531 221 100 39 Phillip

85 261 103 38 Curine,
201 263 105 29 British
318 263 188 29 Ambassador
515 266 30 25 at
558 262 55 29 Con-

81 304 176 38 stantinople,
266 314 56 19 was
332 314 35 19 on
376 304 85 29 board
471 307 28 26 at
508 304 47 29 the
565 303 65 29 time

80 343 32 29 of
122 344 47 29 the
182 345 134 28 accident.

191 422 323 30 INTERCOLONIAL.

96 508 26 29 A
143 506 266 33 SENSATIONAL
438 507 167 31 SUICIDE.

254 549 120 33 Sydney,
389 549 161 37 September
562 550 26 26 6.

115 588 26 29 A
159 587 164 30 sensational
337 587 102 30 suicide
449 587 130 30 occurred
597 590 28 26 at

78 627 90 32 Pott's
182 628 81 29 Poiut
272 628 106 37 to-day.
416 628 57 28 The
484 628 73 38 body
570 628 29 29 of
607 638 15 18 a

196 680 63 18 man
271 669 100 28 named
383 667 92 30 Heath
499 679 56 18 was
568 667 42 30 dis-

77 709 114 30 covered
217 710 28 27 in
258 721 16 16 a
291 720 83 18 room.
414 709 44 28 He
484 719 54 18 was
560 709 62 28 shot

77 751 119 38 through
210 751 46 28 the
269 749 77 34 head,
361 749 54 28 and
423 760 54 17 was
487 749 134 38 grasping

75 801 16 18 a
115 791 124 28 revolver
257 790 28 27 in
299 790 41 27 his
357 789 82 34 hand,
464 789 53 28 and
540 789 77 28 there

75 841 71 20 were
158 841 77 18 razor
247 829 98 40 gashes
359 840 34 18 on
404 829 41 28 his
456 829 91 29 breast
562 828 55 29 and

76 872 83 27 wrist.
201 871 55 28 The
292 869 74 28 word

76 921 54 19 was
150 911 106 28 written
271 909 28 28 in
313 908 82 30 blood
407 919 73 28 upon
495 909 46 28 the
558 908 60 29 wall

75 952 65 27 with
151 951 42 28 his
213 951 97 37 finger.
349 949 44 28 He
412 949 54 28 had
479 949 140 35 evidently

74 991 105 39 gashed
191 991 42 28 his
247 990 75 28 wrist
331 993 27 24 to
378 989 93 28 obtain
485 989 47 28 the
544 988 75 29 fluid.

92 1045 26 27 A
137 1041 90 30 NEW
247 1040 148 31 GUINEA
412 1040 189 29 OUTRAGE.

383 1080 162 38 September
559 1081 24 27 7.

109 1123 123 28 Admiral
259 1121 104 37 Bridge
388 1120 47 28 has
461 1120 124 28 received
605 1130 16 17 a

70 1163 78 30 table
160 1163 71 29 from
244 1161 123 30 Noumea
380 1160 105 39 stating
498 1160 61 29 that
572 1160 47 29 the

72 1204 107 28 French
199 1203 117 35 warship
341 1202 82 27 Eure,
445 1202 72 26 from
550 1203 69 24 .New

73 1243 114 35 Guinea,
200 1245 108 35 reports
324 1243 59 26 that
404 1239 115 39 Captain
534 1239 68 29 Rudi-

73 1294 58 28 ger,
163 1283 140 29 Governor
335 1281 29 28 of
400 1280 118 29 German
549 1279 69 29 New

73 1325 170 34 Guinea,was
252 1320 144 31 murdered
404 1322 37 37 by
452 1322 46 27 the
511 1321 105 28 natives

72 1375 35 17 on
117 1367 110 35 August
239 1363 41 28 21.
320 1362 57 28 The
388 1361 117 28 German
516 1361 102 27 cruiser

71 1404 86 28 Falke
170 1402 114 30 reached
298 1402 68 29 New
386 1400 103 29 Guinea
503 1401 47 27 tho
563 1400 54 37 day

72 1444 46 27 the
132 1443 72 27 Eure
216 1442 59 27 left.

118 1491 221 32 DISCOVERY
359 1490 48 30 OP
428 1489 145 30 RELICS.

256 1532 101 34 Peeth,
381 1531 162 38 September
555 1531 26 28 4.

109 1575 45 27 An
164 1573 164 37 interesting
337 1572 141 37 discovery
488 1571 48 27 has
549 1570 69 28 been

75 1614 79 29 made
178 1617 29 24 at
230 1612 104 29 Pelsart
347 1611 104 34 Island,
463 1621 50 18 one
531 1610 29 28 of
572 1610 47 28 the

74 1654 152 28 Aborolhos
240 1661 96 29 group.
376 1657 13 21 '!
400 1652 33 26 he
445 1650 93 28 Dutch
557 1650 61 36 ship

72 1693 114 29 Batavia
199 1703 54 18 was
267 1691 125 29 wrecked
405 1691 77 29 there
495 1690 27 28 in
538 1690 80 29 1627.

71 1734 97 36 Heavy
177 1733 77 37 gales
268 1732 122 37 recently
404 1732 69 27 blew
483 1741 75 26 away
573 1731 46 27 the

72 1773 78 36 sand,
164 1772 53 30 and
227 1771 120 40 exposed
367 1776 87 24 traces
473 1770 29 30 of
526 1781 34 18 an
574 1769 45 29 old

71 1826 89 26 camp.
200 1814 59 28 One
272 1813 64 29 relic
347 1813 27 28 in
388 1813 46 27 the
447 1812 84 37 shape
544 1811 28 29 of
586 1822 33 17 an

73 1855 46 27 old
134 1855 90 27 Dutch
237 1854 69 27 wine
321 1853 86 28 bottle
420 1863 53 17 was
487 1852 86 27 found
593 1855 28 24 to

73 1895 35 27 be
123 1895 95 27 intact.

171 1977 215 49 Valedictory
413 1975 123 42 Social.

110 2065 58 28 The
182 2064 119 29 farewell
314 2063 82 29 social
408 2063 81 38 given
509 2065 28 25 to
552 2062 69 27 Miss

76 2105 121 30 Ormond
211 2105 37 37 by
262 2105 48 28 her
323 2114 81 28 many
417 2102 102 29 friends
533 2103 26 27 in
571 2102 47 28 the

76 2147 116 33 district,
218 2145 74 37 prior
305 2149 28 24 to
354 2144 46 28 the
423 2145 146 36 departure
596 2142 27 29 of

74 2187 50 27 her
135 2185 94 37 family
243 2184 43 28 for
298 2184 136 33 Dunedin,
450 2183 88 27 where
557 2183 65 35 they

72 2225 95 29 intend
198 2229 27 23 to
246 2223 98 35 reside,
368 2233 53 18 was
435 2222 63 29 held
520 2225 29 25 at
575 2222 46 28 the

71 2267 165 28 Athenaeum
250 2276 34 17 on
301 2263 119 35 Monday
438 2263 118 39 evening
565 2263 53 28 and

71 2316 55 19 was
153 2310 71 23 most
238 2304 177 38 successfully
438 2303 104 28 carried
559 2307 58 24 out.

70 2347 58 28 The
147 2356 57 19 com
209 2345 62 28 mitt
275 2349 24 24 be
312 2344 54 29 had
375 2344 79 28 made
466 2353 63 23 very
545 2353 55 19 com-

69 2387 74 38 plete
152 2388 207 35 arrangements
371 2383 44 28 for
427 2394 34 17 an
474 2383 144 38 enjoyable

70 2427 157 39 gathering,
241 2425 55 28 and
309 2424 64 38 they
396 2434 71 18 were
483 2423 134 28 rendered

70 2468 145 36 voluntary
236 2465 148 30 assistance
408 2465 70 28 from
505 2463 35 29 all
566 2463 47 29 the

70 2507 111 28 musical
199 2506 124 28 societies
345 2505 66 27 with
432 2505 89 26 which
547 2504 68 27 Miss

70 2547 121 30 Ormond
204 2545 54 30 had
272 2546 69 29 been
354 2544 160 36 connected,
534 2543 79 30 while

69 2589 48 29 the
129 2589 92 38 public
234 2587 108 29 showed
354 2590 79 35 great
445 2586 169 29 enthusiasm

72 2630 26 28 in
131 2629 152 36 mustering
312 2627 29 28 in
370 2627 78 38 large
475 2626 138 29 numbers.

71 2670 58 29 The
150 2669 119 38 evening
279 2678 54 19 was
350 2678 65 27 very
430 2667 124 40 pleasant
571 2666 44 29 for

72 2710 127 38 dancing,
221 2720 16 17 a
249 2709 82 28 touch
343 2709 29 28 of
384 2708 71 28 frost
474 2709 27 26 in
516 2709 47 27 the
575 2708 40 27 air

71 2751 103 38 adding
193 2754 57 26 zest
269 2754 28 25 to
310 2749 46 30 the
369 2749 166 39 enjoyment,
560 2748 55 30 and

70 2794 47 26 the
142 2792 67 28 floor
237 2792 81 36 being
339 2791 29 27 in
392 2791 105 37 perfect
524 2791 89 32 order,

72 2832 66 28 with
173 2831 73 38 good
271 2831 85 28 music
389 2829 55 29 and
463 2829 96 39 plenty
584 2829 29 29 of

71 2882 135 29 partners,
229 2872 46 28 the
288 2871 81 29 social
384 2874 73 26 went
469 2870 40 29 off
519 2871 65 29 with
597 2881 17 17 a

71 2918 79 34 great
162 2915 112 27 amount
286 2911 29 31 of
326 2911 78 40 spirit
425 2911 54 29 and
492 2911 107 31 enthusi-

71 2965 66 19 asm,
183 2954 50 29 '.'he
245 2953 80 29 lion's
338 2953 79 29 share
429 2952 29 30 of
471 2952 47 30 the
528 2952 85 30 work'
622 2952 1 44 j

71 3006 29 16 as
112 2995 44 27 far
175 3004 29 18 as
216 2995 47 27 the
283 2994 85 27 music
379 3002 54 18 was
452 2992 162 35 concerned,

72 3034 49 30 fell
144 3038 29 25 to
197 3034 47 28 the
264 3033 77 28 brass
354 3031 82 36 band,
453 3033 55 29 and
528 3032 87 32 under

73 3075 46 28 Mr
149 3073 112 38 Briggs'
286 3073 85 28 baton
391 3072 66 35 they
475 3072 139 42 acquitted

72 3114 164 30 themselves
264 3116 29 26 to
312 3112 47 29 the
390 3111 169 35 satisfaction
585 3112 30 30 of

73 3165 142 27 everyone.
253 3154 76 37 They
354 3163 69 17 were
443 3155 117 30 relieved
585 3157 29 25 at

72 3194 129 28 intervals
213 3194 37 37 by
263 3193 47 28 the
323 3191 142 40 following
477 3196 137 29 members

71 3234 30 28 of
133 3234 47 27 the
201 3231 155 30 Orchestral
387 3231 102 43 society
501 3235 114 29 :Miss

73 3272 122 30 Ormond
213 3272 113 37 (piano),
351 3270 90 29 Messr
443 3286 12 18 8
479 3276 136 29 Morrison

76 3312 114 35 (violin),
228 3311 106 28 Reeder
490 3315 54 29 and
584 3316 31 28 A.

72 3352 154 31 Robertson
241 3350 112 36 (double
364 3350 75 33 bass)
448 3366 24 18 w
472 3356 37 29 ho
519 3354 98 40 played

72 3392 104 30 several
209 3392 108 28 dances.
356 3390 58 29 The
437 3396 181 38 proceedings

74 3443 70 20 were
161 3431 153 41 pleasantly
333 3429 94 30 varied
450 3436 100 38 during
572 3435 46 29 the

74 3475 119 39 evening
229 3472 66 31 with
328 3481 83 30 songs
449 3477 39 39 by
524 3476 95 30 Misses

74 3518 99 26 Dunne
186 3515 53 27 and
255 3513 97 33 Smith,
366 3512 52 27 and
433 3528 17 18 a
465 3517 84 28 violin
563 3517 56 27 solo

72 3556 40 38 by
124 3554 69 29 Miss
206 3553 112 37 Jeffery.
358 3551 60 28 Mes
420 3566 41 20 srs
486 3556 133 29 Bennetts

73 3596 55 29 and
153 3594 46 28 W.
216 3596 32 26 A..
259 3592 89 37 Reilly
361 3591 57 28 also
436 3607 20 27 g
457 3607 48 18 avo
524 3606 94 26 songs,

73 3636 57 30 and
142 3634 103 29 Messrs
254 3633 133 28 Bennetts
400 3641 15 18 a
418 3647 15 17 n
436 3636 18 29 d
465 3637 153 29 Robertson

73 3688 18 18 a
103 3677 75 28 duet.
218 3676 38 26 At
272 3673 79 28 11.30
363 3672 45 27 the
428 3686 134 29 company
576 3680 43 25 sat

76 3717 80 29 down
194 3718 32 26 to
270 3723 35 18 an
337 3717 131 30 excellent
509 3726 110 30 supper,

74 3757 132 40 provided
246 3755 38 38 by
328 3754 45 28 Mr
408 3758 117 31 Mercer.
563 3758 57 28 The

74 3797 99 39 spread
185 3807 55 18 was
265 3807 16 17 a
300 3805 66 27 very
378 3798 93 31 choice
483 3808 61 26 one,
565 3798 53 29 and

74 3840 50 27 the
131 3838 73 29 table
218 3836 170 30 decorations
396 3838 113 31 deserve
521 3838 101 40 special

74 3879 130 28 mention.

109 3918 83 29 After
227 3928 101 28 supper
358 3918 46 30 Mr
452 3919 99 38 Reilly,
588 3919 28 28 in

75 3971 15 18 %
120 3959 145 28 felicitious
295 3960 108 38 speech,
432 3960 121 29 referred
590 3962 30 26 to

75 4001 47 28 the
166 3999 91 37 object
305 3999 30 30 of
378 4000 48 30 the
463 3999 156 39 gathering.

74 4040 46 29 He
156 4039 58 28 said
250 4039 47 30 the
334 4039 125 38 pleasure
488 4040 30 28 of
548 4039 73 30 their

74 4079 122 38 meeting
240 4090 35 18 on
322 4080 47 29 the
416 4083 111 36 present
575 4088 30 21 oc-

74 4120 91 29 casion
196 4129 54 18 was
277 4120 164 29 intermixed
461 4120 66 29 with
556 4119 46 29 sad-

73 4170 72 26 ness,
159 4170 29 18 as
201 4159 66 39 they
278 4159 54 31 had
344 4164 29 27 to
395 4160 48 31 bid
455 4159 119 31 farewell
587 4163 30 26 to

73 4212 35 18 an
132 4201 140 28 honoured
294 4206 169 33 guestone
481 4202 61 29 who
560 4201 55 29 had

71 4241 73 27 lived
177 4240 49 28 her
259 4239 48 29 life
338 4251 101 28 among
471 4241 84 28 them.
593 4239 27 29 A

72 4280 137 38 daughter
221 4279 29 29 of
261 4280 47 29 the
321 4280 116 36 district,
450 4280 23 29 it
497 4291 55 18 was
569 4283 50 25 not

73 4325 45 24 too
141 4319 80 30 much
235 4323 27 26 to
276 4330 48 28 say
335 4321 62 28 that
410 4320 68 29 Miss
492 4319 124 30 Ormnnd

73 4361 54 28 had
160 4360 141 29 identified
322 4361 102 28 herself
449 4361 66 27 with
548 4360 72 28 their

73 4401 82 30 social
177 4399 65 36 life;
255 4400 56 29 and
327 4401 22 28 if
362 4401 154 38 popularity
529 4410 55 19 was
604 4411 16 18 a

75 4445 55 26 test
165 4441 30 28 of
213 4441 81 28 merit
316 4441 48 29 she
389 4441 55 28 had
469 4441 23 28 it
514 4441 29 28 in
569 4441 50 28 full

75 4491 132 20 measure.
245 4480 59 30 Her
327 4481 125 39 pleasant
466 4481 54 30 and
531 4481 89 39 genial

75 4526 115 34 temper,
210 4522 49 28 her
280 4521 136 39 unfailing
425 4526 133 32 courtesy,
572 4522 51 28 her

76 4562 91 29 charm
181 4560 29 29 of
223 4571 113 18 manner
348 4561 53 28 had
414 4561 135 28 endeared
569 4561 49 28 her

75 4607 28 24 to
128 4602 75 28 them
228 4601 45 35 all,
285 4601 54 30 and
361 4602 47 29 the
418 4612 54 28 gap
497 4602 61 29 that
571 4602 49 29 she

75 4643 51 29 left
146 4641 89 29 would
256 4642 35 28 be
303 4642 68 28 hard
384 4645 29 25 to
426 4641 46 30 fill.
511 4641 37 29 Of
571 4641 52 29 her

73 4681 115 30 musical
207 4682 117 28 abilities
336 4682 77 28 there
426 4692 54 18 was
502 4692 36 17 no
548 4681 69 28 need

74 4725 29 25 to
125 4721 94 38 speak,
241 4721 52 28 but
309 4731 29 18 as
351 4731 52 19 one
414 4721 61 28 who
490 4721 55 28 had
566 4720 54 28 had

74 4771 75 19 some
182 4761 78 28 share
283 4761 28 28 in
337 4761 148 38 preparing
515 4760 91 38 perfor-

74 4810 109 19 mances
207 4800 45 28 for
274 4800 47 28 the
356 4800 103 37 public,
481 4800 35 27 he
539 4799 80 29 could

75 4840 66 31 bear
155 4839 147 41 testimony
314 4843 28 27 to
356 4840 60 30 that
428 4840 125 40 patience
566 4838 54 30 and

74 4881 133 29 kindness
219 4881 104 28 behind
342 4881 47 29 the
399 4891 104 24 scenes,
516 4881 102 36 during

74 4921 48 29 the
149 4920 58 29 dull
244 4920 139 40 drudgery
411 4920 29 31 of
472 4920 147 34 rehearsal,

75 4962 88 29 which
185 4972 71 20 were
273 4962 141 39 generally
432 4961 141 30 unknown
590 4964 29 25 to

74 5003 79 28 those
165 5003 61 29 who
237 5007 42 24 sat
290 5005 148 36 expectant
459 5002 29 28 in
501 5001 76 28 front
589 5000 30 29 of

73 5043 48 28 the
144 5042 154 39 footlights.
336 5043 41 28 As
401 5042 65 37 they
477 5041 36 28 all
537 5040 81 29 knew

73 5082 56 30 and
151 5083 148 37 regretted,
323 5083 70 28 Miss
416 5080 121 31 Ormond
567 5080 53 29 and

73 5123 125 29 kinsfolk
214 5133 71 19 were
304 5123 146 36 removing
463 5125 29 24 to
514 5132 17 17 a
542 5121 76 37 large

73 5163 57 36 city
191 5173 17 18 a
238 5172 75 19 more
336 5161 139 29 extended
513 5161 107 38 sphere.

73 5203 61 30 Her
146 5203 105 29 friends
264 5203 54 28 had
332 5201 137 30 therefore
488 5201 131 30 tendered

72 5244 50 27 her
132 5243 55 28 this
199 5243 149 37 gathering
360 5252 29 18 as
402 5252 17 17 a
430 5242 86 37 slight
537 5241 82 28 token

72 5282 30 29 of
134 5287 102 24 esteem
256 5282 55 28 and
339 5292 30 18 as
394 5292 35 17 an
462 5283 108 27 earnest
591 5280 30 29 of

71 5323 97 37 hearty
193 5322 137 40 goodwill.
369 5320 43 30 On
429 5321 72 30 their
524 5320 95 29 behalf

71 5364 35 28 he
122 5363 110 38 begged
245 5363 50 27 her
306 5366 29 25 to
348 5365 94 35 accept
454 5362 22 28 it
489 5372 29 17 as
539 5362 78 33 such,

70 5402 55 29 and
148 5403 48 27 she
220 5402 55 27 had
287 5401 57 28 also
363 5401 47 28 the
429 5401 148 38 happiness
589 5400 30 28 of

70 5442 134 39 knowing
215 5442 62 29 that
286 5441 74 30 what
368 5440 104 30 tribute
482 5440 29 31 of
519 5440 98 39 regard

70 5484 140 29 whatever
233 5482 90 29 words
347 5482 29 29 of
399 5482 99 38 praise,
530 5481 90 35 might

69 5526 37 29 be
130 5522 103 31 offered
268 5523 50 29 she
341 5521 55 30 had
418 5521 100 30 earned
544 5521 75 30 them

69 5566 37 29 all
108 5565 123 35 (hear,
244 5564 67 27 hear
322 5563 55 28 and
390 5561 151 39 applause).
579 5562 41 28 As

69 5605 68 30 then
163 5614 52 20 one
235 5603 62 30 who
308 5602 55 30 had
375 5602 70 30 been
466 5600 154 40 privileged

69 5651 30 24 to
112 5649 46 26 act
169 5655 30 18 as
212 5645 47 28 the
272 5643 166 39 spokesman
447 5642 29 29 of
493 5642 48 28 the
560 5642 43 28 dis-

69 5686 74 42 trict,
165 5685 36 30 he
221 5683 133 31 tendered
378 5682 48 29 the
450 5681 105 30 sincere
574 5690 30 20 ac-

68 5723 229 40 knowledgment
330 5725 32 29 of
390 5722 72 30 their
491 5721 130 30 heartfelt

69 5766 220 43 gratitadevfrom
301 5765 54 30 her
363 5773 84 30 many
457 5761 107 32 friends
578 5760 45 31 for

659 222 48 30 the
719 222 109 30 various
840 221 138 31 occasions
992 231 34 19 on
1047 219 90 30 which
1157 219 49 29 she

659 263 55 29 had
736 264 78 28 made
836 264 76 28 them
933 262 50 29 her
1002 262 120 28 debtors.
1161 261 46 29 He

658 305 113 28 assured
795 305 49 28 her
865 304 29 29 of
919 303 72 29 their
1008 303 103 28 sincere
1133 301 73 38 good

658 346 98 28 wishes
768 345 44 28 for
823 346 50 27 her
884 344 92 29 future
985 343 156 37 happiness,
1151 342 54 28 and

658 386 34 28 he
705 385 90 29 would
817 385 57 28 also
896 384 50 29 ask
965 384 49 28 her
1026 386 28 24 to
1077 392 61 18 now
1152 381 54 29 and

659 426 65 29 then
734 426 81 29 think
828 424 98 38 kindly
938 423 29 30 of
975 424 48 28 her
1033 432 66 27 very
1113 432 92 24 warm,

658 466 106 38 though
788 466 107 33 absent,
920 463 103 29 friends
1058 462 44 28 for
1131 462 74 28 Auld

657 506 81 39 Lang
752 504 210 40 Syne.(Loud
979 502 149 38 applause.)

694 547 46 26 Mr
767 547 109 33 Dnnne,
903 555 35 18 on
964 542 93 30 behalf
1082 543 28 26 of
1134 542 70 27 Miss

655 585 131 37 Ormond,
807 582 215 40 acknowledged
1047 582 47 28 tha
1119 591 84 18 warm

652 626 191 29 heartednesss
857 625 29 29 of
899 625 48 28 her
960 633 82 27 many
1055 622 106 28 friends
1176 621 26 29 in

652 667 47 29 the
712 667 117 33 district,
844 665 53 29 and
919 663 121 31 thanked
1063 663 76 28 them
1159 662 45 28 for

651 707 46 28 the
710 707 97 37 kindly
820 706 104 38 feeling
944 704 89 30 which
1057 702 144 39 prompted

651 747 74 28 them
751 758 35 17 on
811 747 47 28 the
884 749 110 35 present
1019 744 126 30 occasion
1174 746 28 24 to

649 787 134 28 assemble
802 791 27 24 to
843 786 48 29 bid
917 786 49 28 her
988 784 129 29 farewell.
1159 783 41 28 He

649 838 55 18 was
718 838 61 19 sure
796 827 69 28 Miss
887 825 131 34 Ormond,
1040 825 28 28 in
1083 824 118 35 bidding

649 868 75 27 them
739 867 149 35 good-bye,
903 866 89 28 would
1006 865 63 28 look
1081 864 118 28 forward

650 910 28 25 to
705 907 91 28 future
829 906 128 29 reunions
988 904 66 28 with
1075 904 49 28 her
1155 903 44 28 old

649 948 104 28 friends
792 948 27 27 in
859 947 46 27 the
944 946 115 28 district.
1063 944 136 37 (Hear,

649 988 73 34 hear,
736 987 55 29 and
804 987 150 38 applause.)

685 1028 129 38 Dancing
828 1037 53 18 was
894 1027 68 37 kept
980 1036 36 27 up
1031 1024 66 29 with
1119 1024 80 29 much

649 1069 80 36 spirit
744 1068 42 28 till
800 1068 63 27 2.30
877 1077 62 17 a.m.

694 1163 175 50 Dredging
889 1167 34 37 at
948 1160 208 43 Alexandra.

687 1257 27 30 A
735 1257 105 30 branch
861 1256 30 30 of
910 1256 46 29 the
978 1255 91 39 Otago
1092 1255 110 30 Central

651 1298 121 37 Railway
783 1297 112 40 League
905 1297 58 36 has,
974 1308 28 17 as
1016 1297 47 29 the
1076 1296 86 30 result
1176 1297 28 28 of

649 1351 17 17 a
684 1339 94 38 public
808 1338 131 34 meeting,
964 1339 69 26 been
1052 1337 105 28 formed
1176 1341 28 24 at

651 1378 95 38 Clyde.
786 1378 34 27 In
843 1380 114 36 support
971 1377 28 28 of
1018 1388 16 17 a
1053 1377 148 28 resolution

649 1419 104 36 urging
779 1419 47 26 the
848 1417 158 28 immediate
1028 1417 174 37 prosecution

649 1457 29 29 of
692 1457 46 28 the
752 1457 64 34 line,
831 1456 39 28 Dr
894 1456 80 37 Hyde
987 1456 24 29 is
1024 1456 128 38 reported
1166 1456 37 36 by

648 1498 47 28 the
737 1497 128 29 Dunstan
880 1496 90 29 Times
981 1494 19 16 M
1014 1499 29 26 to
1062 1497 69 28 have
1144 1496 58 29 said

649 1539 76 28 there
746 1548 70 19 were
830 1538 31 27 21
880 1537 139 38 dredging
1034 1537 165 38 enterprises

649 1579 94 27 within
769 1588 81 18 seven
875 1577 77 28 miles
978 1577 29 28 of
1033 1577 167 34 Alexandra,

648 1619 46 27 the
714 1619 100 36 capital
827 1617 29 28 of
871 1617 88 28 which
972 1618 49 27 has
1041 1619 71 26 been
1135 1617 67 37 duly

649 1657 170 29 subscribed.
858 1657 59 28 The
943 1656 71 36 Moa,
1052 1657 147 28 Molvneux

649 1698 161 38 Hydraulic,
832 1697 109 29 Eureka
964 1696 54 30 No.
1044 1697 24 35 I,
1090 1696 110 29 Eureka

648 1737 54 29 No.
713 1739 25 33 2,
748 1738 200 28 Perseverance
957 1737 52 28 No.
1023 1738 23 33 1,
1059 1738 125 27 Persever-

649 1789 66 19 ance
725 1778 53 30 No.
793 1779 25 30 2,
834 1777 96 39 Clyde.
952 1777 130 38 Chicago,
1101 1777 83 28 Earns-

651 1820 108 36 cleugh,
798 1820 140 37 Ngapara,
979 1819 134 34 Victoria,
1145 1818 54 28 and

652 1859 193 28 Manuherikia
859 1859 117 33 dredges
1000 1868 69 18 were
1093 1868 59 17 now
1173 1862 27 23 at

652 1900 74 27 work
753 1910 35 18 on
813 1899 47 28 the
891 1898 158 33 Molvneux,
1075 1897 54 30 and
1154 1897 47 29 the

653 1940 179 29 Manorburn.
864 1939 147 35 Turakina,
1042 1939 55 28 and
1132 1939 68 28 Lion

654 1979 77 29 Rock
769 1979 118 38 dredges
918 1989 71 18 were
1020 1979 88 27 either
1137 1988 48 18 con-

653 2020 123 29 structed
791 2031 30 18 or
831 2020 27 27 in
873 2030 96 19 course
978 2018 29 29 of
1016 2019 185 29 construction

652 2071 35 17 on
719 2061 48 28 the
800 2059 199 35 Manuherikia,
1037 2060 80 27 while
1155 2060 47 27 the

653 2101 105 28 Golden
806 2101 99 34 Beach,
953 2099 105 29 Golden
1107 2099 90 35 Point,

653 2141 137 37 Bonanza,
804 2141 54 28 and
884 2141 99 28 Chatto
1006 2140 88 29 Creek
1121 2146 60 23 Com-

651 2182 94 36 panies
759 2182 53 27 had
830 2181 59 38 just
907 2181 70 27 been
999 2180 110 28 floated.
1150 2180 34 28 Be-

651 2221 72 29 sides
755 2221 77 29 these
862 2220 76 29 there
964 2230 71 19 were
1063 2220 32 28 19
1121 2220 79 29 other

650 2262 93 29 claims
767 2262 82 29 taken
864 2272 37 27 up
926 2261 95 28 within
1036 2271 16 18 a
1073 2261 126 28 ten-mile

649 2303 92 27 radius
764 2303 29 27 of
816 2301 163 29 Alexandra.
1019 2301 59 27 The
1099 2301 100 28 annual

647 2346 62 25 rent
722 2343 64 35 paid
800 2343 37 36 by
853 2342 46 28 the
912 2341 94 29 claims
1019 2341 56 35 (40,
1085 2351 98 28 averag-

646 2383 36 27 -40
715 2391 76 20 acres
816 2381 89 35 each),
930 2385 29 24 at
988 2381 46 28 10s
1057 2390 49 29 per
1127 2391 71 25 acre,

645 2422 148 29 amounted
825 2425 29 26 to
886 2421 85 30 BOO.
1010 2421 58 29 The
1099 2421 99 38 capital

644 2462 29 29 of
704 2463 47 29 the
774 2463 35 29 20
832 2462 118 39 dredges
984 2461 120 38 actually
1130 2462 48 29 sub-

644 2503 108 27 scribed
793 2502 149 28 amounted
988 2506 29 23 to
1063 2503 105 32 BO,OO
1190 2524 5 5 .

643 2541 57 30 The
713 2543 117 28 number
839 2541 30 30 of
881 2552 63 19 men
967 2541 82 39 given
1070 2541 105 39 employ-

643 2587 75 26 ment
725 2587 30 26 to
765 2584 37 37 by
812 2583 64 30 each
888 2583 105 38 dredge
1004 2583 40 36 (in
1056 2583 135 38 working,

643 2624 149 39 supplying
811 2624 68 35 coal,
896 2624 64 37 etc.)
985 2633 56 19 was
1059 2624 39 35 10,
1113 2623 60 29 mak-

642 2665 49 35 ing
710 2676 16 18 a
746 2664 68 30 total
834 2664 43 30 for
896 2664 47 29 the
964 2664 36 29 20
1023 2664 119 39 dredges
1162 2663 30 30 of

643 2706 62 28 500.
745 2705 160 38 Supposing
920 2705 67 27 each
1000 2705 30 28 of
1053 2705 76 27 these
1152 2715 28 17 re-

642 2745 146 40 presented
802 2756 36 19 on
858 2756 34 18 an
915 2755 117 29 average
1046 2745 62 30 four
1122 2755 71 26 men,

642 2798 114 23 women,
782 2787 55 29 and
860 2787 133 34 children,
1006 2788 22 26 it
1040 2787 91 28 would
1145 2797 32 27 ap-

642 2836 64 29 pear
719 2827 61 28 that
799 2826 94 38 nearly
912 2826 77 35 1,000
1011 2836 113 28 persons
1148 2836 45 18 are

642 2866 159 39 depending
814 2878 35 18 on
868 2866 141 39 dredging
1021 2866 44 30 for
1077 2877 16 18 a
1106 2866 74 30 liveli-

642 2907 80 30 hood.
762 2907 58 29 The
852 2908 32 28 21
918 2907 119 39 dredges
1068 2917 63 19 now
1162 2907 28 29 in

641 2948 89 30 actual
741 2948 85 36 work,
837 2960 31 17 or
877 2948 83 29 about
971 2954 29 22 to
1010 2948 76 28 work
1096 2947 96 29 within

642 2999 82 17 seven
738 2988 78 28 miles
828 2988 29 27 of
877 2988 165 35 Alexandra,
1056 2988 54 27 will
1134 2990 59 26 cost

642 3031 28 25 at
682 3027 68 29 least
763 3027 103 35 2,000
879 3027 67 29 each
960 3030 27 26 to
1011 3037 52 19 run
1077 3027 43 29 for
1141 3037 52 19 one

642 3078 72 27 year.
753 3067 66 29 This
833 3068 79 28 made
924 3068 123 34 40,000
1067 3078 49 27 per
1129 3078 65 27 year

642 3110 81 35 spent
735 3107 37 38 by
786 3107 46 30 the
851 3107 118 38 dredges
995 3107 110 39 already
1127 3118 49 19 con-

642 3148 131 34 structed,
787 3148 76 37 quite
875 3152 79 33 apart
972 3149 71 28 from
1063 3148 49 29 the
1134 3152 60 24 cost

643 3188 29 28 of
703 3187 195 29 construction.
937 3188 40 26 Dr
1009 3188 83 35 Hyde
1127 3188 52 26 esti-

644 3227 90 27 mated
748 3227 61 27 that
821 3227 49 27 the
882 3226 118 33 dredges
1023 3227 43 27 for
1088 3236 16 17 a
1129 3235 66 18 vear

643 3270 62 33 past
724 3266 55 28 had
800 3266 145 28 furnished
971 3267 46 27 the
1042 3265 97 38 people
1166 3265 29 28 of

645 3305 126 29 Dunedin
781 3306 66 28 with
856 3306 122 34 50,000
988 3306 42 28 for
1040 3306 47 28 the
1096 3305 99 38 supply

644 3345 31 29 of
686 3345 105 39 dredge
807 3345 131 30 materiat.

803 3442 237 44 Commercial.

685 3533 103 28 Messrs
802 3532 119 38 Dalgety
934 3533 54 27 and
1004 3532 47 29 Co.
1063 3536 92 35 report
1166 3543 29 18 as

649 3573 105 28 follows
766 3585 45 16 :

684 3613 191 29 Rabbitskins.
931 3611 87 30 There
1056 3623 55 18 was
1150 3613 47 29 the

648 3653 77 29 usual
750 3653 163 29 attendance
934 3653 29 28 of
986 3653 100 36 buyers
1105 3656 29 25 at
1148 3663 49 18 our

647 3693 57 29 sale
715 3704 36 18 on
774 3693 132 38 Monday,
919 3693 78 28 when
1018 3693 35 28 all
1074 3693 106 38 descrip-

648 3734 72 30 tions
757 3744 71 20 were
865 3733 144 40 competed
1047 3733 44 29 for
1129 3735 65 27 with

648 3775 156 29 animation.
821 3775 65 27 Best
894 3775 98 27 winter
1000 3775 65 27 does
1075 3775 120 31 brought

652 3814 111 38 13|dto
785 3815 78 36 13|d,
873 3815 91 28 mixed
982 3814 69 37 12fd
1070 3818 28 26 to
1116 3815 81 35 13R

649 3856 61 28 best
732 3855 95 29 blacks
853 3855 53 28 18d
931 3859 28 24 to
988 3855 47 34 18
1035 3855 32 34 d,
1094 3855 101 28 second

649 3896 110 28 winters
774 3895 52 29 lid
839 3897 29 27 to
885 3894 77 36 iHd,
976 3898 128 26 autumns
1117 3895 36 28 8d
1164 3898 29 26 to

727 3945 132 19 summers
872 3934 37 28 4d
926 3938 27 25 to
967 3934 46 29 sd.

686 3974 270 40 Sheepskins.We
969 3974 102 29 offered
1091 3985 15 17 a
1119 3974 76 41 large

647 4016 153 38 catalogue,
819 4015 153 36 comprised
992 4015 163 38 principally
1167 4016 29 28 of

647 4056 101 29 station
762 4055 56 29 and
830 4058 115 35 country
962 4055 140 29 butchers'
1124 4055 70 29 skin.

647 4096 87 29 There
747 4105 54 19 was
814 4105 36 19 an
868 4095 134 29 excellent
1023 4095 118 29 demand
1153 4095 44 29 for

646 4136 36 28 all
713 4135 191 39 descriptions,
936 4135 54 29 and
1015 4135 54 28 last
1094 4135 102 29 week's

647 4176 92 30 values
748 4187 70 19 were
828 4176 70 39 fully
906 4176 209 30 over-manned.
1143 4175 54 30 We

647 4221 83 34 quote
732 4216 214 29 Fullwoolled
959 4217 158 27 crossbreds
1140 4216 55 35 4d

647 4260 28 25 to
707 4256 45 35 od,
776 4256 106 28 shorter
905 4255 38 29 4d
974 4259 28 25 to
1028 4255 67 36 4id,
1120 4255 60 29 Full-

647 4296 113 29 woolled
774 4296 117 29 merinos
905 4296 55 35 3d
973 4300 29 24 to
1021 4296 46 35 4d,
1092 4296 107 28 shorter

649 4336 35 29 3d
697 4340 28 24 to
739 4337 64 34 3d.

685 4376 189 30 Hides.We
898 4377 70 29 have
993 4386 35 19 an
1054 4376 143 29 unlimited

649 4417 118 29 demand
779 4420 29 25 at
824 4418 165 38 quotations.
1030 4417 67 29 Best
1110 4418 87 36 heavy

649 4467 35 19 ox
697 4457 77 29 hides
856 4461 28 25 to
898 4458 45 34 4d,
957 4457 120 29 medium
1098 4458 55 35 2d
1166 4461 29 25 to

649 4497 45 37 3d,
707 4497 72 40 light
792 4497 55 31 and
859 4497 113 31 inferior
989 4501 6 26 1
1004 4498 14 37 f
1023 4497 14 30 d
1053 4502 29 26 to
1094 4498 46 30 2d.

146 109 168 51 Friday,
344 111 239 49 September
612 109 58 46 10,
706 107 106 43 1897

1843 94 196 41 MOUNT
2124 93 226 42 BEKGER
2435 86 142 45 MAIL

649 4587 167 27 HEADACHE,

749 4627 163 26 BACKACHE,

856 4695 193 28 FLATULENCE,

896 4728 75 23 SOCJR
982 4730 133 22 STOMACH
1121 4730 17 22 &

799 4761 89 21 LIVER
900 4761 174 28 COMPLAINT,

783 4795 151 22 PROMPTLY
943 4797 94 21 CURED
1050 4797 38 22 BY

798 4830 147 22 CLEMENTS
957 4831 94 23 TONIC.

649 4895 87 21 TIRED
761 4896 139 22 NATURE'S
924 4897 95 21 GREAT
1041 4898 158 21 RESTORER.

652 4956 32 21 Mr
700 4955 83 23 Charles
799 4956 72 26 Lewis,
886 4957 71 26 miner,
967 4958 98 25 Sulphide
1075 4959 27 25 st,
1112 4958 81 22 Broken

653 4991 50 26 Hill,
720 4991 96 26 N.S.W.,
836 4992 46 21 who
890 4993 68 20 writes
967 4999 25 14 on
1002 4993 51 26 July
1066 4993 29 27 13,
1106 4993 49 21 1893
1167 5001 32 13 :

651 5026 69 21 While
730 5026 77 27 mining
815 5033 26 14 on
850 5026 36 21 the
894 5027 49 20 west
952 5028 54 19 coast
1011 5027 22 20 of
1039 5027 51 20 New
1098 5027 98 27 Zealand,

650 5061 13 22 I
677 5061 117 22 contracted
809 5062 131 20 rheumatism
957 5061 88 27 through
1072 5062 90 27 working
1176 5062 20 22 in

651 5096 35 22 the
695 5098 70 26 water,
776 5097 41 21 this
828 5104 40 14 was
877 5097 64 21 about
947 5097 91 26 eighteen
1045 5104 58 19 years
1112 5104 45 20 ago.
1183 5097 13 22 I

650 5132 90 22 suffered
759 5132 54 22 from
832 5132 48 21 that
896 5133 54 20 most
959 5132 78 26 painful
1047 5132 115 26 complaint
1169 5132 34 21 for

651 5165 79 22 sixteen
739 5172 72 21 years;
816 5165 119 21 sometimes
943 5165 12 21 I
962 5171 40 15 was
1007 5164 41 22 laid
1056 5172 27 19 up
1090 5165 33 20 for
1135 5164 67 22 weeks

649 5201 23 21 at
691 5207 12 15 a
712 5201 57 27 time,
788 5201 58 21 often
863 5200 11 22 I
882 5200 42 22 had
937 5202 22 20 to
969 5207 24 15 no
1010 5207 27 14 on
1046 5200 106 25 crutches;
1162 5206 41 20 you

649 5240 49 19 may
707 5234 80 27 depend
804 5234 12 21 I
825 5234 54 20 tried
896 5240 61 19 every
966 5233 127 21 conceivable
1107 5233 90 25 remedy,

650 5266 41 22 and
708 5266 106 22 consulted
837 5266 81 21 doctors
945 5265 20 21 in
992 5264 29 21 all
1044 5265 36 21 the
1105 5264 94 23 colonies.

650 5301 83 27 Having
746 5301 51 22 been
808 5301 107 21 fortunate
923 5301 21 20 in
955 5300 77 26 mining
1041 5300 10 20 I
1062 5299 60 21 could
1137 5300 66 21 afford

651 5335 37 23 the
702 5342 50 21 very
761 5335 46 23 best
816 5336 77 22 advice.
920 5335 121 22 Sometimes
1051 5334 11 22 I
1073 5334 66 21 would
1159 5334 46 27 gain

650 5372 118 26 temporary
794 5370 67 27 relief,
888 5370 38 21 but
954 5372 36 19 not
1018 5370 27 26 by
1069 5375 39 20 any
1135 5375 69 15 means

651 5405 127 24 permanent.
806 5403 21 20 It
846 5403 17 21 is
880 5409 46 14 now
944 5404 41 18 two
999 5408 58 20 years
1065 5402 54 20 since
1130 5402 11 19 I
1161 5402 43 19 tint

649 5436 54 23 tried
712 5436 104 22 Clements
822 5436 69 21 Tonic.
899 5436 11 21 I
917 5442 40 14 was
962 5434 87 23 induced
1056 5436 22 19 to
1084 5441 115 14 commence

649 5473 37 21 the
711 5479 36 15 use
765 5472 22 22 of
814 5472 18 22 it
855 5471 107 28 (although
988 5469 132 28 reluctantly)
1147 5470 28 27 by
1191 5477 13 15 a

649 5506 117 26 gentleman
779 5504 68 22 friend
856 5505 23 21 of
887 5505 54 21 mine
950 5504 46 22 who
1006 5504 50 21 used
1065 5504 18 21 it
1091 5504 33 20 for
1133 5511 14 13 a
1163 5504 42 20 like

648 5541 120 28 complaint.
795 5540 63 22 After
877 5540 11 22 I
900 5539 42 23 had
953 5539 51 23 used
1022 5539 104 23 Clements
1141 5539 63 21 Tonic

649 5575 33 21 for
698 5575 63 21 about
776 5575 42 20 two
824 5574 84 21 months
917 5575 36 20 the
961 5574 92 24 swelling
1061 5574 22 20 in
1091 5579 35 19 my
1134 5574 64 26 joints

651 5608 141 28 disappeared,
818 5607 41 23 and
877 5607 12 23 I
906 5607 65 22 found
988 5607 11 22 I
1017 5614 41 15 was
1074 5605 125 28 thoroughly

650 5644 71 25 cured,
738 5643 40 22 and
795 5643 51 21 have
863 5644 37 20 not
908 5643 54 21 since
969 5642 51 22 been
1036 5642 95 21 troubled
1149 5641 50 21 with

651 5676 115 22 rheumatic
783 5676 64 28 pains.
874 5676 66 21 There
959 5682 34 15 are
1010 5674 104 23 hundreds
1131 5673 22 22 of
1167 5680 35 21 my

652 5710 93 21 personal
762 5709 78 22 friends
857 5716 65 15 aware
940 5709 22 21 of
976 5709 37 21 the
1030 5709 64 21 above
1114 5708 84 21 facts.

649 5738 69 20 Yours
742 5739 53 20 most
802 5737 118 27 gratefully,
938 5737 84 21 Charles
1039 5736 72 26 Lewis,
1122 5736 75 26 miner,

651 5770 100 27 Sulphide
759 5771 71 26 street,
839 5770 82 23 Broken
928 5770 52 26 Hill,
988 5770 48 21 N.S.
1041 5770 34 20 V.

1614 200 148 54 gEEDS,

1355 329 48 27 will
1416 328 31 27 be
1459 326 98 36 pleased
1576 331 26 22 to
1614 324 94 28 submit
1721 333 51 17 sam-

1352 367 52 35 ples
1417 365 48 27 aud
1479 365 57 36 give
1549 364 145 37 quotations
1712 360 28 28 of
1759 360 30 27 all

1238 404 168 31 Agricultural
1426 403 77 27 Seeds
1517 411 36 17 we
1566 401 80 33 stock,
1666 399 29 27 of
1705 398 84 27 which

1235 444 42 25 the
1290 442 96 36 quality
1399 443 20 25 is
1433 441 41 26 the
1487 440 82 26 finest.

1272 530 168 41 Standard
1512 527 88 40 Bone
1635 526 147 39 Manure.

1269 599 61 27 This
1343 597 138 28 celebrated
1495 597 107 27 Manure
1615 595 43 28 has
1670 603 32 18 no
1715 591 72 39 equal

1237 637 35 26 for
1284 637 104 37 quality.
1426 636 25 27 It
1470 637 20 25 is
1512 635 51 26 rich
1583 635 26 25 in
1632 632 155 34 Phosphates

1235 675 48 26 and
1298 673 193 33 Ammonia,and
1502 673 21 26 is
1532 670 139 35 admirably
1680 668 106 36 adapted

1235 713 36 26 for
1284 718 52 21 root
1356 721 78 25 crops,
1454 720 70 28 grass
1544 709 79 34 lands,
1637 708 49 27 and
1706 707 81 26 wheat

1235 760 79 26 crops.

1268 798 254 28 Caution.Other
1553 797 83 26 makes
1666 794 29 27 of
1717 793 70 27 Bone

1235 837 119 26 Manures
1368 845 39 18 are
1419 836 75 34 being
1504 834 90 27 offered
1609 839 24 21 to
1647 832 101 27 farmers
1760 840 26 18 as

1235 875 41 24 the
1462 872 84 27 brand.
1585 871 83 26 When
1680 870 105 33 buying,

1235 912 70 25 insist
1319 920 31 17 on
1365 920 13 17 a
1400 916 136 29 guarantee
1562 908 75 35 being
1661 906 83 36 given,
1759 915 26 18 as

1236 949 103 25 without
1353 948 48 26 this
1416 947 76 27 brand
1512 956 63 18 none
1588 948 20 24 is
1622 946 116 35 genuine.

1410 1025 203 30 LAWE'S

1235 1077 355 30 SUPERPHOSPHATE
1611 1077 47 28 OF
1679 1076 105 29 LIME.

1419 1138 182 31 CROSS'

1235 1192 355 29 SUPERPHOSPHATE
1610 1190 47 29 OP
1679 1190 106 28 LIME.

1270 1242 66 28 Both
1347 1243 68 26 these
1426 1242 119 27 Manures
1555 1250 40 18 are
1606 1240 27 27 of
1639 1240 61 35 high
1710 1239 77 33 grade

1235 1281 155 38 quality,and
1400 1289 40 19 are
1451 1279 54 28 well
1515 1279 81 28 suited
1607 1279 37 26 for
1654 1287 120 26 encourag-

1234 1322 42 33 ing
1290 1319 40 26 the
1344 1319 97 33 growth
1454 1317 26 27 of
1492 1317 31 27 all
1537 1320 55 23 root
1604 1325 80 26 crops.

1469 1381 34 19 on
1524 1374 200 26 Application.

1399 1442 151 29 PLANET
1574 1443 47 28 Jr.

1306 1495 109 30 FARM
1449 1493 261 30 IMPLEMENTS.

1270 1548 80 26 Write
1371 1557 27 17 or
1420 1547 46 27 call
1485 1547 37 26 for
1534 1546 44 27 full
1592 1545 148 36 particulars
1762 1544 27 27 of

1235 1586 67 26 these
1324 1585 113 27 valuable
1461 1584 166 36 implements,
1645 1583 79 26 which
1744 1591 41 17 are

1234 1625 24 24 in
1270 1632 42 17 use
1324 1623 30 34 by
1367 1623 41 25 the
1420 1621 166 27 thousandsin
1595 1620 60 27 New
1665 1619 118 27 Zealand.

1301 1699 117 30 FRUIT
1439 1698 129 36 TREES,
1588 1696 130 37 ROSES,

1235 1751 264 31 STRAWBERRY
1533 1748 157 36 PLANTS,
1723 1748 62 36 &c,

1381 1801 37 29 Of
1437 1800 67 30 Best
1524 1799 120 37 Quality.

1234 1882 282 58 NIMMO!
1540 1881 243 67 BLAIR,

1327 1959 96 28 SEED
1446 1956 247 30 MERCHANTS.

1434 2004 149 27 DUNEDIN.

1233 2080 47 50 y
1284 2079 158 30 ICTORIA
1459 2076 145 31 LIVERY
1618 2074 167 31 STABLES

1320 2147 71 22 PEEL
1404 2146 111 26 STREET,
1530 2143 168 23 LAWRENCE.

1232 2215 35 42 T,
1296 2215 120 52 Dwyer
1462 2224 7 31 :
1517 2223 7 32 :
1580 2210 203 53 Proprietor.

1268 2302 59 29 The
1339 2312 67 28 very
1419 2302 61 27 best
1495 2300 129 37 Stabling
1640 2298 143 38 provided,

1230 2343 67 29 with
1310 2353 16 18 a
1340 2342 102 29 Groom
1454 2341 101 37 always
1568 2340 30 28 in
1610 2338 173 30 attendance.

1229 2436 27 28 A
1278 2434 162 29 Handsome
1464 2432 56 30 and
1546 2429 236 41 Well-appointed

1327 2493 155 35 Hearse
1506 2502 52 24 on
1586 2490 103 35 Hire.

1264 2587 161 30 First-class
1458 2585 94 38 Single
1586 2584 55 29 and
1673 2583 110 30 Doable

1226 2627 143 39 Buggies;
1390 2627 67 35 also,
1472 2624 109 31 Ladies'
1595 2623 55 30 and
1670 2623 96 30 Gentle-

1226 2669 87 28 men's
1331 2667 102 30 Saddle
1446 2666 114 29 Horses.

1291 2775 21 24 0
1329 2773 20 24 0
1368 2772 24 25 K
1453 2772 67 25 AT
1580 2770 172 26 THIS!

1291 2850 102 26 BOOTS
1410 2853 37 23 tor
1461 2851 42 25 the
1519 2850 82 30 Great,

1319 2895 73 26 Boots
1412 2897 36 22 for
1470 2896 42 23 the
1526 2895 90 29 Small;

1290 2938 72 24 Boots
1377 2937 37 25 for
1433 2937 40 25 the
1491 2937 80 31 Short,

1322 2982 71 23 Boots
1410 2982 38 23 for
1464 2982 41 23 the
1522 2982 55 23 Tall
1592 2989 7 22 ;

1292 3026 72 24 Boots
1377 3025 37 25 for
1432 3026 41 25 the
1491 3025 97 32 Young,

1320 3066 74 24 Boots
1411 3066 37 24 for
1462 3066 41 24 the
1520 3065 49 25 Old
1579 3072 8 23 ;

1322 3128 55 26 And
1394 3128 102 26 BOOTS
1512 3128 48 25 and
1576 3127 105 27 SROBS

1332 3245 43 35 K
1425 3245 257 41 &AILLIE'S,

1241 3319 115 31 Opposite
1371 3316 159 27 Commercial
1550 3317 82 32 Hotel,
1651 3316 134 33 Roxburgh

1263 3433 131 28 (STCome
1411 3433 47 25 and
1475 3435 92 28 inspect
1578 3432 42 26 the
1635 3432 80 26 Stock.

1232 3544 36 54 J
1272 3588 12 13 #
1345 3544 49 38 H.
1456 3542 327 44 PEARSON,

1331 3608 68 21 ROSS
1412 3608 98 26 PLACE,
1524 3608 165 26 LAWRENCE,

1273 3653 265 35 CONTRACTOR,
1558 3652 181 36 BUILDER,

1480 3703 54 19 AND

1367 3733 276 32 UNDERTAKER.

1228 3809 145 29 Contracts
1387 3807 85 30 taken
1482 3808 44 29 for
1538 3808 138 29 Builders'
1695 3808 85 30 Work

1346 3849 30 29 of
1388 3859 83 28 every
1484 3848 177 39 description.

1288 3920 199 22 ESTIMATES
1517 3921 195 22 PREPARED.

1261 3980 26 29 A
1300 3979 197 29 well-assorted
1522 3979 87 29 Stock
1630 3979 30 30 of
1679 3979 83 29 Furni-

1226 4024 60 24 ture
1299 4020 100 37 always
1412 4031 36 17 on
1461 4020 84 28 hand.

1262 4059 133 29 Funerals
1406 4059 154 29 conducted
1573 4059 29 28 in
1612 4059 36 29 all
1661 4062 75 35 parts
1751 4059 29 30 of

1226 4100 46 28 the
1298 4100 124 28 District.
1462 4099 106 29 Hearse
1593 4099 136 38 provided
1757 4100 23 28 if

1226 4140 136 39 required.

1232 4214 195 56 COBB
1496 4215 53 55 &
1613 4215 167 59 CO.'S

1343 4294 170 21 TELEGRAPH
1538 4294 69 21 LINE
1633 4294 35 21 OF

1277 4332 129 30 ROYAL
1426 4334 98 28 MAIL
1545 4333 187 30 COACHES.

1431 4385 148 30 Lawrence

1266 4427 155 28 Beaumont
1544 4426 66 29 Moa
1623 4427 63 29 Flat

1266 4467 98 28 Teviot
1543 4467 159 30 Alexandra

1266 4507 86 39 Clyde
1547 4508 146 31 Cromwell

1266 4549 174 28 Arrowtown
1547 4548 184 36 Queenstown

1480 4588 66 29 And

1304 4636 57 28 Alll
1381 4636 198 29 Intermediate
1604 4636 104 29 Places.

1268 4716 78 30 Cobb
1359 4715 55 29 and
1438 4715 75 30 Co/s
1535 4716 154 39 Telegraph
1714 4716 69 30 Line

1230 4757 29 30 of
1272 4756 86 38 Royal
1371 4755 68 29 Mail
1462 4755 121 30 Coaches
1605 4757 77 29 leave
1704 4756 60 29 Law-

1230 4807 79 19 rence
1328 4796 44 28 for
1393 4796 48 28 the
1460 4796 154 29 Beaumont
1633 4796 56 29 and
1708 4796 57 29 Rox-

1230 4836 91 40 burgh
1339 4847 82 29 every
1444 4836 69 40 day;
1533 4837 55 30 and
1609 4837 76 31 leave
1708 4836 57 31 Rox-

1230 4879 91 37 burgh
1352 4878 44 28 for
1428 4879 167 35 Alexandra,
1629 4880 154 35 Cromwell,

1231 4921 180 32 Arrowtown,
1425 4918 55 29 and
1501 4918 183 37 Queenstown
1701 4929 80 29 every

1229 4959 136 38 Tuesday,
1391 4958 144 39 Thursday
1557 4960 56 29 and
1636 4960 147 38 Saturday,

1230 5000 132 37 reaching
1371 4999 184 36 Queenstown
1564 5000 47 29 the
1620 5010 74 18 same
1702 5010 65 18 even-

1230 5040 58 38 ing.
1329 5043 167 35 Passengers
1509 5039 77 29 leave
1604 5040 130 28 Dunedin
1747 5040 38 38 by

1232 5081 46 29 the
1292 5080 63 28 8.15
1369 5090 63 18 a.m.
1456 5080 90 35 train;
1567 5080 76 28 leave
1663 5079 105 36 Queens-

1232 5124 72 25 town
1319 5130 34 18 on
1368 5129 74 19 same
1456 5120 68 37 days
1536 5123 30 25 at
1579 5121 16 27 5
1604 5130 75 25 a.m.,
1691 5120 79 28 reach-

1232 5160 48 38 ing
1294 5158 156 40 Roxburgh
1468 5163 29 24 at
1510 5159 16 28 8
1541 5169 77 28 p.m.,
1632 5158 55 29 and
1700 5159 71 29 arriv-

1232 5200 50 37 ing
1301 5202 29 26 at
1351 5199 148 29 Lawrence
1521 5203 29 25 at
1578 5200 62 28 1.45
1661 5209 66 28 p.m.
1750 5210 36 19 on

1233 5239 143 36 following
1390 5238 77 37 days.

1270 5278 130 28 Dunedin
1421 5277 129 39 Booking
1566 5277 84 30 Office
1663 5278 44 28 for
1720 5278 50 29 Pas-

1233 5327 114 30 sengers
1360 5317 55 29 and
1428 5317 109 30 Parcels
1548 5329 7 18 :
1581 5317 70 31 N.Z.
1665 5317 123 40 Express

1235 5358 74 30 Co/s
1324 5358 93 30 Office,
1431 5360 202 33 Manse-street,
1648 5358 139 29 Dunedin.

1271 5397 81 29 Head
1378 5397 100 29 Office:
1512 5397 173 36 Peel-street,
1709 5397 59 29 Law-

1235 5447 89 20 rence.

1367 5477 39 31 H.
1427 5477 118 31 CRAIG
1564 5482 24 25 &
1609 5477 68 38 CO.,

1571 5524 181 39 Proprietors.

1237 5594 162 31 VOUNG
1411 5594 94 38 MEN,
1527 5595 78 30 write
1630 5598 29 29 to
1682 5607 45 21 me
1746 5597 43 31 for

1327 5636 127 29 valuable
1463 5637 59 28 free
1533 5637 78 29 Book
1622 5639 167 39 concerning

1237 5675 167 39 yourselves.
1459 5675 141 31 Professor

1238 5715 156 40 Specialist,
1421 5717 36 29 40
1491 5715 203 43 Collins-place>
1702 5741 8 13 ;
1719 5719 53 31 Mel-

1236 5756 115 31 bourne.

1952 190 143 31 >ECORD
2135 190 150 41 ])EIGN.

1952 222 14 24 I
1968 231 127 30 ECORD
2134 219 47 25 Xi
2182 230 104 30 EIGN.

1944 313 76 30 nable
2044 313 48 29 the
2119 312 94 39 public
2237 315 28 26 to
2291 311 82 30 Dress

1832 364 30 6 ~*
1909 355 117 30 suitable
2035 357 28 25 to
2074 353 47 29 the
2133 353 134 35 occasion,
2280 352 14 29 I
2305 353 68 28 have

1934 405 182 31 REDUCED
2135 404 134 29 PRICES

1822 450 29 29 of
1865 459 45 28 my
1924 449 77 35 large
2020 445 54 29 and
2087 445 93 28 varied
2194 445 95 35 btock,
2302 447 69 27 viz.:

1896 500 85 36 Suits,
1994 498 38 31 3
2049 498 31 29 3s
2091 510 7 24 j
2121 496 141 37 Trousers,
2279 498 55 29 15s.

1895 541 118 35 Factory
2028 556 10 4 -
2052 538 81 27 made
2175 538 84 34 Suits,
2300 540 70 32 21s;

1972 582 136 32 Trousers,
2122 577 31 28 6s
2167 576 45 29 6d.

1846 633 71 35 Ties,
1933 631 81 39 Caps,
2029 630 110 33 Braces,
2155 629 58 36 &c,
2227 630 35 28 6d
2277 630 73 28 each.

1818 675 78 28 Hard
1912 673 55 29 and
1983 671 61 30 Soft
2057 670 61 29 Felt
2143 674 76 32 tiats,
2246 672 28 27 Is
2295 670 74 29 each.

1837 754 111 22 REDUC1
1953 754 11 11 T
1978 755 5 9 4
1985 753 35 21 NS
2035 752 32 20 IN
2081 752 54 20 ALL
2149 752 97 20 OTHER
2258 752 89 20 LINES.

1915 819 38 42 E,

1816 877 105 21 tailor
1946 877 16 20 k
1987 873 195 23 gentlemen's
2206 873 164 21 outfitter.

1875 917 258 30 Scotland-street,
2154 912 162 29 Roxburgh.

1895 1012 25 30 J
1979 1009 390 36 FINLAYSON,

1901 1063 159 23 barrister
2073 1061 62 21 and
2148 1061 155 25 solicitor,

2013 1108 162 33 Lawrence,

1818 1178 67 29 Will
1911 1175 96 31 attend
2032 1174 47 30 the
2097 1173 152 36 Roxburgh
2274 1171 94 30 Court.

1819 1332 100 36 Money
1929 1333 28 24 to
1966 1327 78 31 Lend
2053 1339 35 18 on
2098 1326 134 29 Freehold
2244 1325 126 37 Security

1849 1430 213 28 CHRISTMAS
2090 1429 24 27 &
2142 1427 90 29 NEW
2263 1426 107 28 YEAR

1849 1461 12 22 ;
1989 1467 222 31 NOVELTIES.

1858 1511 137 38 (Suitable
2011 1510 44 29 for
2071 1509 102 37 Young
2187 1508 53 29 and
2255 1507 76 38 Old).

1929 1592 28 28 A
1970 1590 134 38 complete
2117 1589 105 38 displav
2236 1588 29 28 of

1819 1632 129 28 FANCY
1980 1629 134 34 GOODS,
2149 1627 219 30 CHRISTMAS

1868 1670 136 36 CARDS,
2044 1668 105 34 TOYS,
2189 1667 134 36 BOOKS,

1942 1708 233 33 MAGAZINES,
2196 1709 49 29 &c.

1816 1788 148 24 BARGAINS
1983 1788 40 22 ON
2041 1787 56 22 THE
2115 1785 136 23 SHILLING
2269 1784 98 22 TABLE.

1940 1854 160 28 Inspection
2120 1851 122 29 Invited.

1872 1941 58 56 F.
1977 1935 340 60 JEFFERY,

1821 2017 194 27 BOOKSELLEE,
2030 2015 129 26 CHEMIST,
2174 2014 81 21 NEWS
2274 2013 94 22 AGENT

1966 2055 11 14 (i
1983 2043 166 26 STATIONER,
2162 2042 38 21 &C.

1884 2081 140 29 TEVIOT
2053 2077 250 31 DISPENSARY.

1900 2342 172 38 General
2108 2340 171 42 Grocer,

1838 2486 499 35 SCOTLAND-STREET,

1978 2636 222 31 ROXBURGH.

1813 2747 216 55 HUGH
2102 2742 259 44 BRUCE,

1903 2813 200 31 BOARDING
2131 2811 139 35 HOUSE,

1839 2866 317 32 Whitehaven-stkeet,
2178 2862 153 29 Lawrence

1877 2911 142 40 (Opposite
2035 2911 115 38 English
2165 2908 130 37 Church.)

1823 3002 80 21 FIRST
1922 3001 84 21 GLASS
2029 2998 245 24 ACCOMMODATION
2296 2998 55 20 FOR

1899 3029 57 22 ma
1971 3027 182 23 TRAVELLING
2169 3026 110 22 FUGLIO.

1858 3111 78 30 Good
1960 3110 130 39 Stabling
2114 3109 55 29 and
2188 3107 129 30 Paddock

1962 3151 254 29 Accommodation.

1897 3231 167 29 Charges
2084 3229 159 28 Moderate.

1876 3392 137 31 ILLERS
2075 3392 97 30 FLAT
2228 3389 137 36 HOTEL,

1976 3544 122 24 MILLERS
2123 3542 79 23 FLAT.

1849 3812 32 30 P.
1903 3810 108 30 Lafpey

2159 3806 165 41 Proprietor.

1812 3965 257 31 DISSOLUTION
2096 3964 47 30 OF
2171 3960 167 32 PARTNER-

2042 4019 100 29 SHIP.

1810 4113 166 40 JOHNS
2029 4113 33 37 &
2108 4107 249 44 M'COMBK,

1952 4172 157 28 MILLERS
2128 4170 99 29 FLAT.

1870 4255 125 31 AVING
2007 4255 155 29 Purchased
2175 4255 46 28 the
2231 4253 130 28 Business

1862 4307 8 6 -
1907 4297 29 29 of
1960 4297 48 29 the
2033 4297 60 28 firm
2122 4296 30 29 of
2183 4294 91 29 John's
2305 4301 54 20 and

1813 4337 147 35 M'Combe,
1974 4337 23 29 it
2009 4337 56 28 will
2087 4337 34 28 be
2143 4335 84 29 taken
2247 4342 65 20 over
2329 4343 31 17 as

1811 4378 71 30 from
1895 4378 48 29 the
1959 4377 64 30 15th
2036 4377 65 35 iust,
2119 4376 53 29 and
2195 4374 54 30 will
2263 4374 80 29 hence-

1811 4419 118 29 forward
1955 4419 35 28 be
2016 4417 106 30 carried
2141 4427 34 18 on
2202 4414 87 29 under
2314 4415 47 27 the

1811 4469 81 19 name
1905 4458 29 30 of

1848 4499 47 30 All
1928 4502 130 27 accounts
2096 4498 93 38 owing
2220 4497 72 28 must
2326 4494 35 29 be

1811 4540 101 28 settled
1931 4543 29 24 at
1979 4549 77 18 once.

1964 4595 33 30 E.
2035 4591 185 37 JOHNS,

1825 4647 116 22 GROCER
1954 4648 62 21 AND
2033 4647 135 22 GENERAL
2183 4643 164 24 MERCHANT.

2011 4711 155 22 AGENCIES:

1812 4751 176 29 Manchester
2001 4750 63 29 Fire
2077 4750 148 28 Insurance
2241 4748 47 30 Co.

1812 4791 159 28 Australian
1980 4789 108 29 Mutual
2095 4789 149 29 Provident
2253 4787 109 37 Society

1817 4896 126 57 WM.
1972 4892 387 68 KINASTON,

1875 4981 242 47 Hermitage
2152 4980 145 41 Street,

1987 5040 221 35 Roxburgh,

1816 5103 237 35 CARPENTER,
2080 5102 173 30 BUILDER
2275 5124 6 7 .
2302 5123 7 8 .
2331 5124 6 7 .
2360 5123 7 8 .

1817 5176 7 8 .
1846 5176 6 8 .
1875 5176 6 8 .
1904 5177 6 7 .
1931 5153 165 30 PICTURE
2122 5152 167 37 FRAMER,
2310 5161 56 20 and

1961 5216 264 43 Undertaker,

1816 5311 110 29 Picture
1940 5310 169 40 Mouldings,
2122 5310 119 35 Glasses,
2260 5310 104 38 Paints,

1882 5351 56 29 and
1962 5351 227 39 Paperhangings
2214 5353 30 29 of
2262 5352 36 29 all

1926 5391 182 39 descriptions
2121 5392 28 27 in
2166 5392 89 29 stock.

1816 5441 103 32 Orders
1931 5442 87 31 taken
2039 5442 44 30 for
2102 5443 99 40 supply
2214 5443 29 31 of
2255 5442 113 31 Timber

1958 5485 30 28 in
2001 5494 54 28 any
2068 5485 157 37 quantities.

1816 5567 89 31 W.K.
1917 5567 105 38 having
2042 5568 114 29 secured
2175 5579 16 18 a
2210 5567 158 31 First-class

1976 5633 235 47 HEARSE,

1816 5708 25 30 is
1855 5705 135 43 prepared
2002 5709 30 27 to
2051 5706 120 31 conduct
2189 5707 133 31 Funerals
2339 5708 29 31 in

1917 5747 37 29 all
1966 5750 76 35 parts
2055 5746 31 30 of
2098 5747 49 30 the
2158 5748 118 31 district.

2747 208 439 61 DIMANTIDE

2625 311 105 32 WAIT
2755 311 76 30 FOR
2853 309 54 31 NO
2932 306 370 38 MAN.(Shakesphere.)

2402 406 154 56 NEVER
2575 406 94 29 before
2681 405 29 28 in
2723 405 47 28 the
2783 404 105 38 history
2901 403 30 28 of
2944 403 47 28 the
3015 400 124 31 author's
3152 399 141 30 residence
3312 398 28 28 in
3363 396 90 40 Otago
3472 397 49 29 has

2490 447 67 28 such
2570 457 15 18 a
2597 446 106 37 variety
2716 445 29 30 of
2754 444 70 37 style
2838 445 70 27 been
2921 442 103 30 offered
3038 445 28 25 to
3080 453 16 17 a
3109 439 219 38 discriminating
3340 438 97 39 people
3449 447 30 19 as
3499 437 22 29 is

2399 496 61 21 now
2473 487 134 38 showing.

2474 527 122 29 Colonial
2616 527 54 28 and
2695 525 177 30 Continental
2897 524 99 36 Sheep,
3013 523 119 37 Foreign
3155 521 170 34 Silkworms,
3350 520 48 28 the
3417 518 103 30 Cotton

2399 566 92 29 Fields
2504 567 29 28 of
2546 565 130 38 England
2689 565 54 28 and
2758 564 127 28 America
2898 558 81 33 have'
2991 563 70 27 been
3085 560 125 39 stripped
3231 560 43 28 for
3287 559 47 28 the
3352 567 119 30 purpose
3493 557 28 29 of

2639 607 47 28 the
2700 606 75 28 show
2789 604 89 29 which
2892 603 47 29 the
2953 602 184 38 Advertising
3149 600 110 30 Author
3272 600 49 29 has
3335 599 45 29 the
3388 598 133 40 privilege

2398 648 29 28 of
2446 648 162 39 presenting
2620 650 29 25 to
2662 646 37 29 all
2712 645 56 29 and
2782 645 113 38 sundry.

2472 687 188 36 Dress-stuffs,
2676 687 149 36 Shirtings,
2838 685 198 35 Flannelettes,
3046 683 98 39 Poplin
3153 682 122 36 Lustres,
3284 681 102 35 Prints,
3397 679 123 35 Sateens,

2401 729 125 35 Muslins,
2541 728 137 35 Galateas,
2692 727 81 34 Hats,
2787 726 168 36 Trimmings
2971 727 39 34 (as
3024 724 95 34 Laces,
3145 723 129 34 Flowers,
3296 721 148 37 Ribbons),
3467 719 54 30 and

2400 779 67 18 as
2479 769 47 28 the
2538 769 68 28 door
2618 777 99 28 swung
2730 776 80 29 open,
2824 766 74 28 what
2911 765 36 29 do
2960 775 55 28 you
3027 765 82 28 think
3123 774 40 17 we
3177 773 93 18 saw

2735 818 49 38 (To
2797 818 35 29 be
2845 817 147 30 continued
3005 817 28 28 in
3046 826 50 19 our
3108 816 88 37 next.)

2544 996 101 30 CASH
2665 994 164 35 DRAPER,
2852 993 203 36 CLOTHIKR,
3074 991 81 29 ..ND
3175 989 207 31 IMPORTER.

2777 1045 71 28 Rosa
2870 1045 96 33 Place,
2986 1044 163 28 Lawrence.

2914 1235 143 30 TAILOR
3085 1235 82 30 AND
3196 1234 162 30 HATTER.

2788 1319 41 21 AM
2843 1317 158 27 acknowledged
3017 1319 21 19 to
3051 1317 25 21 be
3089 1316 74 22 second
3175 1317 22 20 to
3210 1322 53 14 none
3276 1315 33 21 far

2785 1378 139 31 STYLE!

2931 1418 191 37 QUALITY!

3099 1455 314 32 WORKMANSHIP!

2919 1580 157 22 KESIDENTS
3101 1579 36 21 OF
3163 1578 186 22 ROXBURGH-

2744 1610 80 25 Kindly
2834 1609 113 21 remeaber
2961 1609 45 19 that
3015 1608 66 25 owing
3095 1609 21 18 to
3125 1614 35 19 my
3169 1607 98 20 immense
3276 1607 130 25 assortment,
3417 1606 35 20 the
3461 1606 60 20 Show

2793 1638 20 19 iu
2824 1637 36 19 the
2871 1636 104 20 Wiudows
2985 1636 16 19 is
3011 1635 48 25 euly
3068 1641 12 13 a
3089 1641 48 18 very
3147 1634 59 19 small
3216 1635 46 24 part
3267 1632 22 21 of
3298 1640 34 18 my
3342 1633 128 20 Exhibition.

2794 1704 112 25 Intending
2915 1703 117 21 Customers
3043 1702 40 20 will
3093 1701 41 21 find
3143 1701 45 21 that
3198 1701 10 21 I
3218 1701 51 21 have
3280 1700 59 21 mad*
3346 1700 36 21 the
3387 1700 65 21 inside
3458 1700 22 21 of
3485 1707 35 19 my

2742 1731 162 21 Establishment
2921 1730 107 26 especially
3046 1732 67 17 atirac
3123 1729 40 25 ive,
3180 1728 40 21 and
3238 1727 102 24 earnestly
3354 1728 65 20 invite
3436 1734 42 19 you
3498 1729 22 19 to

2743 1761 83 19 saunter
2840 1757 90 27 through
2947 1757 35 21 the
3001 1757 80 21 various
3098 1756 146 26 Departments
3258 1755 41 21 and
3313 1754 83 27 Inspect
3405 1754 36 22 ths
3450 1754 70 22 Latest

2743 1786 105 22 Fashions.

2780 1853 184 29 OPPOSITE
2986 1851 108 30 BANK
3117 1851 47 29 OF
3184 1851 91 29 NEW
3293 1850 192 36 ZEALAND,

3066 1891 161 29 Lawrence.

2551 2035 94 39 Hf

2570 2167 75 28 BEG
2671 2165 48 29 TO
2744 2164 216 30 ANNOUNCE
2983 2163 103 29 THAT
3111 2162 105 29 THEY
3241 2161 108 29 HAVE

2425 2242 449 60 PURCHASED
2909 2241 153 57 THE
3093 2239 402 58 GOODWILL

2691 2353 70 20 OP
2785 2352 53 19 THE
2864 2341 191 31 BUSINESS
3081 2350 32 20 OP
3137 2349 91 20 THE

2516 2422 259 53 Mutual
2808 2422 260 60 MgQucj
3105 2419 124 62 Co.,
3261 2418 155 63 14d.,

2431 2525 139 40 Together
2584 2524 66 30 with
2663 2523 72 30 their
2759 2521 224 37 BUILDINGS,
3003 2520 89 30 which
3105 2520 55 29 will
3172 2519 162 31 henceforth
3346 2530 37 30 go
3396 2520 89 30 under

2869 2564 47 30 the
2930 2575 80 18 name
3022 2562 30 31 of

2396 2645 656 91 DALGETY'S
3092 2645 422 84 STORE.

2471 2855 85 29 These
2578 2851 96 31 Stores
2695 2861 47 19 are
2765 2853 130 35 amongst
2915 2849 48 30 the
2985 2848 118 40 Largest
3123 2847 56 30 and
3198 2847 221 41 Best-equipped
3431 2848 30 30 in
3474 2848 46 31 the

2394 2895 114 38 Celony,
2521 2893 56 30 and
2599 2902 51 20 our
2671 2891 107 30 friends
2799 2901 64 29 may
2885 2889 139 30 therefore
3046 2889 58 37 rely
3125 2898 75 29 upon
3222 2888 72 29 their
3313 2889 207 40 consignments

2392 2937 86 38 being
2490 2936 95 28 shown
2599 2936 30 27 to
2643 2932 47 30 the
2704 2933 64 28 best
2780 2931 157 39 advantage
2950 2930 79 30 when
3043 2929 121 39 exposed
3175 2928 45 30 for
3233 2928 64 31 sale.

2411 3084 121 30 Auotion
2547 3082 76 30 Sales
2636 3081 29 30 of
2679 3079 180 40 Sheepskins,
2872 3079 193 35 Rabbitskins,
3078 3077 98 39 Hides,
3189 3077 113 39 Tallow,
3313 3077 61 39 &c,
3384 3079 117 41 weekly.

2623 3227 76 31 Send
2723 3227 45 30 for
2792 3236 50 19 our
2867 3226 106 30 Advice
2994 3225 88 30 Notes
3107 3225 55 30 and
3186 3225 111 31 Labels.

2588 3360 95 50 T
2743 3357 210 61 Bh.mp
3014 3359 272 51 Ownen

2658 3836 38 29 IS
2721 3834 217 30 ANNUALLY
2964 3833 103 31 USED
3092 3829 107 33 UPON
3224 3827 27 30 A

2393 3915 351 64 QUARTER
2759 3930 37 22 <
2881 3909 237 59 SHEEP
3259 3899 253 59 WORLD

2428 4029 60 30 ITS
2508 4029 236 30 BENEFICIAL
2765 4027 168 31 EFFECTS
2951 4026 81 28 AND
3050 4022 166 31 LASTING
3238 4013 235 36 PROPERTIES

2792 4079 129 30 ALONE
2947 4076 112 30 MAKE
3085 4076 38 28 IT

2392 4140 153 57 TEE
2585 4139 395 59 CHEAPEST
3013 4133 96 59 OF
3144 4131 145 60 ALL
3322 4125 192 61 DIPS.

2392 4241 244 36 EUf'PEOCrjRABLE
2663 4250 73 20 FBOM

2879 4277 103 30 JOHN
3008 4272 218 36 THOMPSON,
3250 4271 157 33 Lawrence,

2801 4331 65 29 And
2887 4331 72 28 from
2981 4329 36 29 all
3041 4327 87 29 Stock
3147 4326 56 29 and
3227 4323 108 31 Station
3358 4322 119 37 Agents.

2438 4412 175 45 MUrray,
2640 4410 176 37 Roberts
2847 4408 79 37 and
2959 4407 89 41 Go.,
3081 4410 81 30 Chief
3187 4410 107 35 Agents
3314 4407 45 28 for
3382 4404 99 36 Otago.

2511 5118 158 57 NEW
2723 5120 250 55 RAPID
3019 5115 388 60 BICYCLES.

2473 5219 116 21 GEORGE
2603 5219 205 21 ENGINEERING
2821 5220 51 25 CO.,
2886 5220 103 25 Likited,
3002 5227 34 13 are
3045 5220 36 20 the
3090 5219 82 21 Makers
3180 5218 23 21 of
3211 5218 36 20 the
3255 5217 49 26 only
3314 5216 82 26 Bicycle
3403 5217 115 26 possessing

2425 5261 7 11 ,
2460 5246 21 21 in
2490 5245 70 28 happy
2568 5246 139 21 combination
2718 5247 36 20 the
2763 5246 115 27 perfection
2887 5247 22 20 of
2914 5247 59 20 those
2978 5247 95 26 qualities
3080 5250 52 16 most
3139 5245 84 21 coveted
3229 5244 27 27 by
3263 5243 133 27 experienced
3406 5243 112 26 Cylists

2566 5278 202 31 STABILITY
2785 5280 6 28 !
2870 5279 121 29 SPEED
3007 5280 6 28 !
3089 5276 243 32 DURABILITY
3347 5276 6 28 !

2443 5318 49 22 This
2502 5318 42 21 fact
2552 5318 37 22 has
2598 5318 83 23 become
2688 5319 104 27 generally
2802 5319 116 27 recognised
2927 5320 22 21 in
2958 5319 104 27 Tuapeka,
3072 5319 41 22 and
3121 5320 21 20 in
3153 5323 139 22 consequence
3306 5316 11 21 I
3331 5323 34 14 am
3379 5315 55 29 daily
3443 5316 75 28 selHng

2394 5346 57 22 these
2460 5346 105 21 Machines
2576 5349 22 18 to
2608 5347 87 26 Cyclists
2705 5348 45 20 who
2759 5348 52 20 have
2820 5348 51 20 been
2879 5347 144 27 disappointed
3033 5347 26 25 by
3068 5347 60 21 other
3137 5346 77 25 makes,
3226 5345 40 21 and
3277 5344 45 21 who
3330 5351 35 14 are
3370 5344 54 26 glad,
3434 5344 84 28 indeed,

2393 5374 33 21 for
2434 5380 33 15 me
2477 5376 21 20 to
2507 5373 60 21 make
2576 5374 58 20 them
2641 5381 25 14 an
2675 5374 110 21 allowance
2794 5374 32 21 for
2837 5374 55 21 their
2901 5374 105 21 discarded
3017 5376 83 19 mounts

2394 5410 56 38 As
2461 5411 93 36 Part
2566 5410 266 47 Paymentfor
2842 5422 24 27 a
2878 5411 187 38 Machine
3073 5411 93 46 they
3175 5420 79 28 can
3269 5409 168 47 Depend
3450 5419 68 27 on.

2448 5499 66 21 Those
2525 5499 45 21 whe
2577 5505 36 15 are
2622 5501 36 19 not
2671 5499 21 21 in
2701 5506 12 14 a
2723 5499 89 27 position
2821 5501 22 19 to
2852 5499 101 27 purchase
2961 5506 39 14 one
3008 5499 23 21 of
3038 5499 59 22 these
3106 5499 53 21 ideal
3168 5498 68 22 steeds
3246 5503 37 16 can
3292 5496 72 22 obtain
3372 5497 55 22 from
3438 5504 33 15 me

2514 5526 71 30 New
2606 5536 55 20 and
2687 5527 199 31 Second-hand
2914 5528 131 30 Bicycles
3066 5527 31 30 of
3119 5537 82 26 every
3224 5525 179 39 description.

2612 5605 356 59 CHARLES
3007 5605 295 68 STOKES,

2552 5684 218 31 MERCHANT
2801 5684 152 38 TAILOR,
2978 5684 72 31 Ross
3081 5682 98 39 Place,
3203 5683 164 32 Lawbbncj.

2803 5738 95 38 Agent
2922 5737 44 29 for
2991 5736 141 38 Tuapeka.

2455 5777 125 23 CakleeMt
2631 5776 140 29 ApplUatio.
2944 5781 64 12 >
3022 5775 99 23 y-'When
3130 5775 103 29 Ordering
3240 5775 98 24 -Mention
3352 5776 128 26 thM-Paper,

3553 220 255 47 Speargrass
3842 218 91 40 Flat
3971 213 134 45 Hotel,

3653 282 101 30 BALD
3775 282 94 30 HILL
3894 279 109 32 FLAT.

3552 364 91 22 JAMES
3654 364 151 21 FALCONER

3664 432 86 30 above
3764 432 86 29 Hotel
3861 430 57 30 will
3930 430 36 30 be
3979 428 89 30 found
4087 437 17 18 a

3634 476 73 26 most
3732 472 180 30 comfortable
3941 470 55 30 aud
4028 467 60 31 well-

3551 514 150 39 appointed
3713 514 94 28 House
3822 514 38 36 by
3882 511 153 30 Travellers
4048 508 56 30 and

3552 555 47 28 the
3610 553 93 39 public
3716 552 152 39 generally.
3907 551 118 29 Patrons
4039 557 65 28 may

3551 594 58 39 rely
3622 604 35 19 on
3670 602 83 29 every
3770 591 138 30 attention
3919 590 86 39 being
4018 589 85 39 given

3551 639 28 26 to
3589 635 72 29 their
3673 633 128 30 comfort.

3550 708 46 30 An
3608 708 158 29 Excellent
3779 707 89 29 Table
3881 706 119 29 Always
4014 703 87 30 Kept.

3612 780 73 39 Only
3701 780 46 29 the
3760 780 68 29 Best
3838 778 120 40 Liquors
3971 777 78 39 Kept

3756 821 30 28 in
3800 820 95 29 Stock.

3553 874 158 29 First-class
3726 873 138 38 Stabling,
3878 872 67 30 with
3962 872 101 29 Groom
4076 871 30 27 in

3744 914 176 29 attendance.

3561 1002 273 42 RAILWAY
3909 1000 197 36 HOTSL,

3643 1070 69 21 ROSS
3730 1069 98 26 PLACE,
3849 1067 168 22 LAWRENCE.

3553 1136 109 39 John
3690 1135 150 47 LafFey,
3869 1133 235 49 Proprietor

3629 1196 80 36 (Late
3722 1194 29 29 of
3763 1194 145 29 Havelock
3920 1194 107 36 Hotel.)

3588 1275 62 30 J.L.
3664 1275 71 39 begs
3754 1277 28 27 to
3795 1274 127 29 intimate
3934 1273 61 30 that
4006 1273 36 29 he
4056 1272 48 30 has

3551 1316 155 39 purchased
3735 1316 49 28 the
3814 1316 88 28 above
3927 1314 177 29 well-known

3552 1356 141 39 Hostelry,
3701 1356 55 29 and
3770 1356 94 39 hopes,
3873 1356 37 37 by
3919 1354 79 29 strict
4010 1357 76 26 atten-

3552 1398 58 29 tion
3622 1401 29 25 to
3663 1397 48 29 the
3720 1396 117 30 comfort
3845 1396 30 29 of
3885 1395 153 30 Travellers
4047 1395 54 28 and

3551 1437 48 30 the
3610 1437 94 39 public
3716 1436 150 38 generally,
3878 1438 29 28 to
3920 1438 74 27 meet
4006 1435 67 28 with
4086 1445 17 18 a

3550 1477 53 30 fair
3615 1477 80 30 share
3707 1477 29 30 of
3747 1479 162 37 patronage.

3587 1517 58 30 The
3669 1517 121 39 Railway
3811 1517 24 30 is
3857 1526 52 20 one
3922 1516 29 29 of
3963 1516 48 29 the
4023 1516 61 29 best-

3549 1558 148 39 appointed
3708 1557 99 30 Hotels
3815 1557 108 29 outside
3931 1556 29 29 of
3970 1556 130 28 Dunedin

3549 1599 98 29 Under
3657 1597 87 30 J.L.'s
3758 1599 202 37 management,
3969 1596 47 28 the
4026 1605 55 20 com-

3548 1639 57 28 fort
3617 1638 29 28 of
3654 1641 112 35 patrons
3775 1637 54 27 will
3838 1637 36 28 be
3884 1636 79 28 made
3973 1646 17 18 a
3999 1636 101 37 special

3548 1678 114 36 feature,
3675 1677 55 29 and
3742 1686 37 20 no
3791 1676 82 30 effort
3882 1675 55 32 will
3951 1676 35 29 be
4000 1674 99 40 spared

3548 1723 28 24 to
3589 1719 65 38 give
3666 1726 83 28 every
3763 1717 180 28 satisfaction.

3548 1791 57 30 The
3617 1791 63 30 best
3692 1789 104 31 brands
3808 1789 31 31 of
3858 1788 106 38 Wines,
3988 1788 111 40 Spirits,

3584 1831 55 29 and
3653 1831 67 29 Ales
3731 1831 102 37 always
3851 1830 68 38 kept
3931 1830 29 27 in
3973 1830 89 28 stock.

3549 1903 127 41 Simpson
3688 1902 56 31 and
3758 1902 97 30 Hart's
3868 1901 66 30 Ales
3948 1901 100 40 always
4062 1912 36 18 on

3793 1944 68 37 Tap.

3548 2016 156 30 First-class
3716 2016 129 39 Stabling
3855 2014 246 31 Accommodation

3555 2076 4 62 L
3560 2079 275 59 \|ASONIC
3876 2076 225 45 HOTEL'

3642 2141 68 22 ROSS
3723 2140 96 26 PLACE,
3833 2139 169 23 LAWRENCE.

3548 2208 34 30 R.
3601 2208 113 30 WEBB
3746 2229 61 9 ....
3857 2231 30 7 ...
3917 2207 181 30 Proprietor.

3584 2290 58 29 The
3873 2289 101 29 affords
3995 2288 37 28 all
4051 2288 48 28 the

3547 2330 131 30 comforts
3690 2330 29 30 of
3731 2341 17 18 a
3759 2330 90 36 home,
3859 2329 56 30 and
3927 2329 24 29 is
3963 2328 133 40 provided

3547 2371 67 28 with
3626 2371 47 28 the
3694 2380 67 29 very
3779 2370 63 29 best
3854 2369 246 29 Accommodation

3546 2410 44 29 for
3614 2410 161 30 Travellers.
3814 2409 158 30 First-class
4003 2408 94 30 Table.

3547 2451 68 29 Best
3633 2450 97 31 Wines
3751 2450 56 30 and
3828 2450 100 40 Spirits
3949 2449 103 39 always
4069 2448 30 30 in

3547 2491 89 28 stock.

3668 2557 132 23 CHARGES
3817 2556 161 24 MODERATE.

3582 2613 59 30 The
3664 2613 159 40 Proprietor
3847 2613 99 30 wishes
3971 2615 30 27 to
4023 2613 76 28 draw

3548 2652 114 41 Special
3680 2653 136 31 attention
3839 2656 30 27 to
3895 2653 47 30 the
3968 2652 131 40 Stabling

3546 2695 248 28 Accommodation
3810 2693 143 39 provided,
3966 2693 90 28 which
4074 2693 25 27 is

3548 2733 153 36 unlimited,
3714 2733 54 30 and
3781 2733 29 30 of
3822 2733 47 30 the
3882 2732 62 30 best
3956 2732 77 29 kind.

3614 2796 230 30 ICTORIA
3918 2796 180 33 HOTEL,

3635 2864 71 22 PEEL
3718 2864 111 27 STREET,
3844 2863 168 23 LAWRENCE.

3571 2956 169 37 Ronald
3768 2954 297 37 Montgomery
4068 2979 10 19 3

3734 3011 180 30 Proprietor.

3547 3104 59 31 One
3627 3104 30 31 of
3676 3104 47 30 the
3743 3106 72 27 most
3838 3102 183 31 comfortable
4040 3103 56 30 and

3570 3144 229 31 best-conducted
3812 3143 153 29 Hostelries
3976 3154 36 18 on
4022 3144 47 29 the

3692 3184 89 37 Otago
3795 3182 159 30 Goldhelds.

3644 3275 57 22 HOT
3722 3273 61 23 AND
3804 3273 74 22 COLD
3895 3273 101 22 BATHS.

3570 3343 110 31 Sample
3699 3342 96 30 Rooms
3814 3349 51 21 for
3882 3340 184 33 Travellers.

3543 3422 165 39 Passengers
3716 3421 86 29 ealled
3810 3421 44 29 for
3861 3421 47 30 the
3915 3422 76 39 early
4000 3422 91 34 Train.

3548 3566 62 58 D.
3654 3565 64 59 M

3750 3562 167 27 ITOH
3948 3562 22 27 B
4001 3563 20 27 L
4051 3563 21 26 L

3602 3708 70 26 THE
3717 3706 159 28 POPULAR
3910 3705 122 32 HOUSE,

3722 3770 200 26 LAWRENCE.

3556 3854 11 17 s
3579 3853 51 16 now
3647 3843 105 32 opening
3770 3851 31 22 up
3819 3842 40 24 his
3882 3840 63 25 First
3967 3841 126 30 Shipment

3559 3889 24 24 of
3599 3887 143 26 SUMMER
3757 3884 168 29 DRAPERY,
3942 3884 132 25 consisting

3557 3932 24 25 of
3588 3932 31 24 all
3629 3934 40 22 the
3677 3933 69 23 latest
3758 3929 117 26 noveltiea
3883 3930 35 23 for
3930 3929 39 24 the
3977 3929 94 29 coming

3624 3979 91 19 seaon,
3733 3969 48 25 and
3794 3970 77 30 prices
3884 3972 23 19 to
3925 3967 87 24 match*

3661 4010 121 27 Millinery
3796 4017 16 14 a
3835 4007 136 30 Speciality.

3737 4147 77 26 Visits
3848 4146 91 24 Milters
3967 4144 43 26 Fla
4061 4145 30 24 rid

3548 4189 127 30 Roxburgh
3686 4195 73 22 every
3774 4187 35 23 six
3827 4186 86 24 weeks.

3682 4351 320 70 SEEDSMEN

3575 4525 130 22 ROYAL
3965 4513 163 28 HRMAJE3TY

3561 4560 159 21 WARRANT
3976 4556 49 20 the
4036 4549 91 29 Queen.

3561 4598 39 28 AW
3605 4598 27 28 BY
3641 4588 493 38 SPECtALWARRAMTTOHAHTHEPrIiNCEBFWALES.

3762 4825 39 25 */

3996 4827 34 28 se

3618 4842 18 21 -i

3899 4850 31 49 %

3847 4855 32 22 35

3583 4863 114 58 Mk

3839 4868 29 17 as

3955 4897 24 20 w

3569 4913 102 73 Pi

3912 4988 42 37 m

3565 5001 104 38 mm

3837 5010 29 22 A

3854 5025 99 37 !U

3821 5046 29 15 *

3912 5052 28 28 m

3840 5064 24 13 ai

3557 5068 54 25 I*.?.

3817 5079 113 36 *

3817 5098 42 17 ax

4097 5104 43 23 '*?>'

3773 5114 54 19 v&s

3923 5177 23 9 -*

3944 5490 32 64 I

3577 5635 175 40 TOTHILL,
3772 5637 173 38 WATSON,
3963 5638 26 30 &
4010 5637 66 37 CO.,

3579 5756 56 28 Sole
3648 5759 88 29 Agents
3752 5758 37 25 for
3803 5759 78 29 Otago
3896 5758 49 24 and
3963 5757 135 25 Southland
4109 5757 7 16 *
