4220 5890
160 220 163 45 Petitions
350 227 32 38 to
409 221 211 44 Parliament.

151 333 59 30 The
234 334 142 39 following
398 336 25 28 is
443 335 48 29 the
504 337 61 27 text
577 334 30 29 of
618 334 46 28 the

114 374 133 38 petitions
267 385 62 19 now
354 376 29 29 in
405 374 158 33 circulation
576 385 28 18 re
616 374 47 29 the

113 414 67 28 Moa
205 415 63 28 Flat
294 420 86 24 estate
411 416 54 28 and
496 414 166 37 Eoxbnrgh-

115 453 99 31 Heriot
226 455 112 38 railway
358 460 30 26 to
411 455 36 29 be
469 453 145 41 presented
633 456 29 26 to

113 494 168 31 Parliament
294 497 78 29 when
387 496 48 30 the
448 496 103 29 session
566 505 94 27 opens.

101 534 3 41 '
113 535 58 29 The
184 537 131 38 petitions
324 538 55 28 will
392 538 35 28 be
436 536 87 29 called
535 536 27 28 in
576 534 27 28 in
614 535 47 27 the

111 587 97 19 course
223 577 29 29 of
263 588 16 18 a
292 578 86 29 week.

252 630 61 21 iIOA
329 630 72 21 FLAT
414 629 113 22 ESTATE.

111 666 29 21 To
150 667 35 20 the
195 667 56 22 Hod.
264 668 36 20 the
313 668 90 26 Speaker
415 668 39 20 and
472 667 100 20 Members
586 666 21 20 of
624 665 35 19 thp

161 701 71 23 House
254 703 23 21 of
299 703 167 27 R?presentative
489 702 21 22 in
534 701 124 22 Parliament

158 738 120 22 assembled.

136 777 44 22 The
195 778 87 26 petition
298 778 22 21 of
334 778 36 22 the
388 778 124 26 underignfd
528 776 97 21 resident?
635 776 21 19 of

111 804 121 27 Roxburgh,
240 806 49 20 Coal
295 806 72 25 Creek,
377 806 49 20 Bald
437 805 43 20 Hill
486 804 55 26 Flat,
548 804 47 20 Moa
600 803 55 24 Flat,

114 832 77 21 Millers
202 832 54 28 Flat,
268 832 113 28 Duniobin,
396 831 209 27 Heriot^Crookston,
616 830 39 21 aud

106 860 102 28 Tapanui,

136 888 93 25 Humb'y
238 888 98 26 shewetb,
353 888 45 20 that
412 888 89 19 whereas
518 887 58 20 there
594 886 17 20 is
630 892 24 13 an

111 915 93 21 absolute
225 915 72 21 dearth
324 915 22 20 of
370 914 48 21 land
441 914 86 21 suitable
549 913 32 20 for
603 913 53 21 close

112 942 120 22 settlement
241 942 97 22 available
348 943 20 20 in
378 949 38 14 our
424 941 75 22 several
514 941 96 26 districts,
627 947 29 14 we

111 970 68 21 would
188 971 35 21 ask
240 978 52 19 your
305 970 130 22 Hononrabl*
451 969 69 21 House
538 971 21 19 to
576 969 81 26 acquire

113 998 37 21 the
159 997 91 22 freehold
260 998 22 21 of
291 997 34 22 the
336 997 91 21 valuable
437 998 64 20 estate
510 997 105 20 knownas
622 996 35 20 the

112 1026 48 20 Moa
177 1025 47 20 Flat
240 1025 81 25 station,
340 1024 23 21 of
378 1025 63 20 about
458 1024 71 25 68,000
547 1030 62 19 acres,
626 1023 33 21 for

112 1053 82 25 cutting
202 1059 29 20 up
240 1053 44 21 into
298 1052 59 22 small
371 1051 70 28 farms,
454 1052 32 20 for
503 1052 35 20 the
555 1051 104 26 following

111 1086 121 15 reasons:—

140 1106 17 23 1.
173 1107 54 21 That
237 1114 29 15 we
275 1107 71 21 labour
351 1107 66 21 under
425 1107 76 21 serious
509 1106 150 23 disadvantage,

115 1134 66 25 owing
190 1136 22 18 to
227 1135 36 20 the
271 1136 56 20 want
337 1135 22 21 of
375 1135 47 20 land
441 1135 32 20 for
487 1134 127 27 settlement,
629 1133 32 21 for

113 1161 68 20 which
191 1168 69 14 reason
271 1162 36 20 the
320 1162 143 25 development
473 1163 21 19 of
505 1169 36 14 our
550 1161 111 21 somewhat

113 1192 79 16 remote
201 1188 90 21 districts
301 1189 16 19 is
326 1189 102 25 retarded,
438 1189 39 20 and
487 1196 37 13 our
530 1189 86 20 families
626 1196 34 12 am

195 1216 37 20 out
240 1215 22 21 of
271 1214 58 22 these
334 1215 90 21 districts
431 1218 21 18 to
457 1216 48 21 seek
514 1215 145 27 employment,

114 1242 80 22 instead
203 1243 23 21 of
233 1243 60 27 being
301 1243 46 22 able
353 1246 21 18 to
380 1243 61 22 settle
450 1251 24 14 on
487 1244 34 21 the
530 1244 56 26 land,
593 1243 68 22 where

115 1270 50 26 they
176 1271 66 20 would
251 1271 52 20 have
312 1277 60 20 every
381 1272 134 26 opportunity
525 1271 22 23 of
556 1272 104 24 becoming

114 1304 121 20 prosperous
252 1298 40 21 and
311 1297 109 22 contented
437 1299 83 22 settlers
535 1299 41 22 and
593 1298 66 21 useful

110 1325 85 20 «iti2ens
204 1326 22 20 to
235 1325 36 21 the
280 1326 61 21 state.

139 1352 19 21 2.
176 1352 36 20 We
228 1353 66 19 would
309 1353 57 25 poiDt
382 1354 38 19 out
430 1352 47 21 that
495 1353 36 21 the
548 1354 47 20 Moa
612 1352 48 21 Flat

114 1380 67 19 estate
190 1379 17 20 is
215 1379 112 27 eminently
336 1379 88 21 suitable
433 1380 32 21 for
482 1380 37 22 the
533 1387 95 19 purpose,
637 1387 22 13 as

97 1406 75 28 ■quite
181 1413 38 14 one
228 1406 54 21 third
292 1406 22 21 of
322 1406 36 21 the
367 1406 66 22 whole
448 1410 98 24 property
562 1408 59 21 could
634 1408 24 20 be

113 1434 109 26 profitably
249 1434 119 21 cultivated.
394 1434 44 21 The
466 1437 73 24 estate,
558 1443 31 13 we
607 1435 52 20 have

114 1460 105 27 authority
242 1461 32 20 for
292 1462 77 25 saying,
390 1462 36 20 has
446 1462 92 21 hitherto
555 1465 37 18 not
607 1462 50 20 been

113 1488 88 26 eropped
211 1488 31 21 for
251 1487 36 22 the
296 1488 48 21 sake
353 1488 22 21 of
382 1490 104 25 cropping,
496 1489 38 21 but
550 1489 76 23 merely
638 1491 21 18 to

113 1517 35 25 get
153 1515 37 22 the
195 1515 46 21 land
251 1515 60 21 down
316 1516 20 20 in
347 1522 68 20 grass;
428 1516 44 22 but.
487 1517 49 20 noth
539 1516 48 21 with
590 1516 59 21 stand
652 1515 4 27 -

114 1544 36 24 iug
158 1542 41 21 this
207 1542 49 25 fact,
268 1543 34 20 the
311 1549 84 19 average
404 1543 55 26 yield
472 1543 52 20 from
536 1544 60 24 1,500
603 1550 55 13 aeies

113 1571 45 19 oats
167 1570 37 20 has
211 1570 50 20 been
271 1570 25 20 65
301 1569 83 21 bushels
393 1571 21 19 to
423 1570 36 20 the
468 1577 45 13 acre
522 1570 31 20 for
566 1570 36 20 the
611 1571 46 23 past

113 1596 59 22 three
181 1603 67 21 years,
256 1596 61 21 while
325 1597 56 21 1.300
390 1603 54 14 acres
454 1597 80 26 turnips
543 1597 52 20 have
605 1592 50 25 been

114 1631 68 17 crown
192 1624 65 22 which
271 1624 53 22 have
336 1624 76 22 cairied
426 1624 71 22 fifteen
514 1624 64 27 sheep
588 1626 22 19 to
621 1624 36 20 the

114 1660 44 14 acre
168 1653 27 21 for
207 1653 47 21 four
266 1651 91 24 months.
381 1652 64 22 Th<ie
462 1652 51 22 facts
527 1660 25 19 go
568 1655 22 19 to
601 1651 54 22 show

113 1681 49 20 that
167 1681 36 19 the
209 1683 95 23 property
310 1681 17 19 is
332 1680 112 26 eminently
458 1681 87 19 suitable
558 1681 32 19 for
604 1680 52 20 close

113 1705 125 26 settlement,
248 1707 40 20 and
305 1713 30 13 we
348 1712 47 19 may
409 1713 35 18 say
462 1707 81 19 further
555 1707 48 19 that
620 1705 36 20 the

117 1733 43 20 who
170 1742 10 11 e
190 1733 21 20 of
219 1733 37 21 the
263 1732 48 22 land
320 1733 18 21 is
346 1732 86 22 suitable
441 1732 32 22 for
482 1733 79 24 cutting
571 1740 28 19 np
613 1732 44 20 into

115 1760 59 24 raall
184 1760 69 29 farms,
263 1760 50 23 with
324 1760 36 23 the
370 1760 105 29 exception
485 1760 22 24 of
515 1761 63 23 about
586 1759 72 25 10.000

115 1797 63 16 acres,
192 1790 38 20 and
246 1790 41 21 this
303 1796 82 19 acreage
401 1790 60 20 could
477 1790 25 21 be
519 1792 36 19 cut
569 1796 29 20 up
613 1789 44 21 into

115 1817 58 20 final]
182 1817 81 25 grazing
271 1823 57 19 runs,
336 1817 49 19 each
394 1817 23 20 of
426 1817 62 20 which
504 1817 66 20 would
585 1817 52 19 have
645 1822 11 12 a

116 1843 137 22 considerable
258 1843 75 22 section
339 1843 23 21 of
367 1843 129 28 agricultural
505 1843 48 22 land
562 1843 95 22 attached

116 1876 22 15 to
146 1871 25 23 it.
199 1871 22 20 Ir
233 1871 98 26 addition,
341 1878 30 13 we
376 1878 47 20 may
432 1879 35 19 say
476 1872 46 21 that
530 1871 27 22 all
566 1872 35 20 the
611 1871 47 20 land

116 1898 77 22 broken
203 1905 27 19 up
240 1905 22 15 so
271 1898 31 21 far
311 1898 57 21 takes
383 1898 40 22 and
439 1899 59 22 holds
512 1899 27 22 all
557 1898 71 23 classes
637 1898 21 21 of

114 1926 84 28 English
207 1933 77 19 grasses
296 1933 49 20 very
355 1926 52 23 well.

140 1954 20 23 3.
173 1955 25 21 In
233 1954 36 22 the
303 1956 61 19 ev*nt
396 1954 23 23 of
449 1955 38 21 the
520 1955 139 22 Government

116 1982 137 23 eonstiucting
263 1982 36 20 the
312 1982 196 25 Heriot-Roxburgh
525 1984 87 21 railway,
623 1982 36 21 the

117 2011 59 18 route
190 2008 37 21 lies
242 2007 89 27 through
347 2008 36 21 the
396 2008 65 22 whole
473 2009 23 21 of
504 2009 35 21 the
555 2011 103 25 property,

116 2035 38 22 the
162 2035 60 22 value
231 2035 21 22 of
258 2035 66 22 which
334 2035 41 22 will
386 2036 84 27 thereby
487 2036 80 22 beeome
582 2036 77 28 greatly

116 2063 113 28 enhanced,
244 2071 23 14 so
281 2063 48 22 that
342 2063 36 22 the
393 2064 99 28 purchase
509 2065 22 21 of
546 2064 36 22 the
595 2066 65 20 estate

115 2091 68 22 would
194 2091 25 21 be
235 2098 12 14 a
261 2098 49 20 very
324 2092 92 20 valuable
434 2093 125 21 investment
574 2093 33 21 for
625 2093 36 21 the

103 2119 3 26 .
113 2119 79 26 colonj.

141 2147 20 21 4.
175 2145 83 23 Besides
271 2145 36 22 the
316 2152 29 14 us-
352 2145 78 23 fulness
438 2147 21 21 of
473 2147 37 22 the
519 2150 97 25 property
629 2147 33 21 for

115 2173 88 28 pastoral
213 2173 39 21 and
263 2173 130 27 agricultural
403 2181 104 21 purposes,
523 2183 11 14 a
545 2175 55 26 large
609 2177 53 20 tract

115 2202 23 22 of
146 2201 54 25 land,
216 2203 120 26 amounting
350 2205 22 19 to
386 2203 77 22 several
480 2203 103 22 thousand
599 2211 64 20 acres,

116 2229 67 22 would
204 2229 26 22 be
248 2229 71 28 highly
335 2231 86 25 adapted
440 2232 23 20 to
480 2232 141 27 fruitgrowing
635 2238 25 15 an

116 2257 93 26 industry
218 2257 46 21 that
277 2257 41 22 will
327 2260 36 25 yet
368 2258 25 21 be
402 2258 24 21 of
433 2259 86 22 colonial
527 2260 134 26 importance,

115 2285 40 21 and
166 2284 36 22 the
211 2284 144 27 development
372 2286 23 20 of
407 2286 66 21 which
489 2287 20 20 in
525 2287 43 20 this
582 2288 80 21 district

117 2311 67 22 would
209 2311 24 21 be
254 2312 79 27 greatly
353 2312 85 23 assisted
455 2313 17 22 if
486 2314 37 21 the
539 2317 66 19 estate
621 2321 41 15 was

101 2338 3 28 i
111 2338 108 25 .variable.

140 2368 39 20 We
190 2366 68 22 would
266 2367 37 21 ask
311 2374 53 20 your
371 2367 132 24 Honourable
510 2370 70 21 House
586 2372 23 19 to
613 2370 50 21 take

116 2395 59 22 these
192 2394 158 23 considerations
365 2395 46 22 into
429 2400 92 24 account,
545 2398 41 22 and
610 2405 52 21 your

114 2422 120 28 petitioners
243 2422 41 22 will
292 2430 49 15 ever
349 2429 57 21 pray.

171 2508 277 23 HERIOT-ROXBURGH
461 2509 143 23 RAILWAY.

141 2549 43 22 The
202 2548 86 27 petition
298 2547 22 22 of
337 2548 36 21 the
381 2548 136 27 undersigned
533 2549 99 21 residents
642 2549 20 22 in

113 2577 37 21 ♦he
177 2575 2 29 ■
438 2575 80 22 district
523 2576 22 21 in
550 2576 36 22 the
592 2577 71 27 colony

103 2604 2 23 ,
113 2605 23 22 of
143 2604 52 22 New
205 2604 96 22 Zealand.

140 2632 93 27 Humbly
249 2630 92 23 sheweth
350 2629 47 23 that
406 2631 36 21 the
448 2630 83 22 settlers
544 2632 88 25 residing
641 2631 20 22 in

114 2659 37 22 the
160 2659 80 22 district
249 2659 92 21 between
358 2657 75 22 Heriot
440 2658 41 21 and
491 2659 121 26 Roxburgh,
622 2659 39 21 and

114 2686 81 28 beyond
212 2688 23 19 to
254 2685 123 26 Alexandra,
387 2692 34 14 are
438 2685 100 27 suffering
555 2692 12 15 a
585 2685 77 23 serious

103 2713 4 27 .
115 2713 103 27 disability
233 2713 67 24 owing
317 2715 22 18 to
360 2713 37 20 the
414 2715 55 18 want
485 2713 22 20 of
517 2713 81 22 railwav
607 2720 39 14 eom-

106 2739 4 28 ■
115 2740 125 22 munieatio'i
259 2740 49 20 with
325 2739 37 21 the
378 2739 103 22 seaboard.
509 2740 32 27 By
555 2747 70 14 reason
639 2740 22 21 of

116 2768 56 21 their
196 2769 78 19 remote
301 2767 99 21 situation
427 2767 50 26 they
501 2774 35 14 are
571 2767 90 27 severely

115 2794 148 27 handicapped,
290 2800 22 15 as
330 2793 54 22 their
405 2794 88 25 produce
510 2801 36 14 can
564 2794 49 26 only
637 2795 24 20 be

102 2822 116 27 .conveyed
244 2823 23 20 to
294 2820 37 22 the
360 2823 58 24 ports
443 2820 23 21 of
494 2820 96 22 Dunedin
621 2821 40 22 and

115 2848 130 27 Inveteargill
257 2848 51 22 with
324 2850 57 25 great
395 2847 40 22 loss
444 2848 22 21 of
475 2848 49 21 time
532 2848 42 22 and
581 2848 80 28 labour,

99 2885 6 14 >
113 2877 41 22 aid
163 2883 21 14 ar
194 2877 64 25 heavy
267 2883 95 20 expense.

140 2904 40 22 We
186 2903 67 22 would
261 2904 59 26 point
325 2906 37 19 out
368 2902 48 23 that
422 2902 36 22 the
463 2903 45 27 gold
512 2903 56 21 fields
574 2910 88 14 revenue

115 2932 53 22 from
178 2931 41 22 this
232 2934 45 22 part
287 2930 22 23 of
317 2930 66 28 Gtago
392 2930 101 28 hasheen,
505 2930 40 23 and
555 2930 107 23 continues

115 2963 22 17 to
154 2960 34 27 be,
204 2967 26 14 an
247 2959 112 27 important
379 2966 68 13 source
457 2959 22 21 of
496 2958 78 23 income
590 2960 22 20 to
626 2959 36 22 the

99 2992 8 13 •
112 2987 150 21 Government,
289 2986 59 21 while
366 2986 21 21 in
406 2986 36 21 the
465 2988 74 19 matter
553 2986 23 20 of
593 2986 70 24 public

115 3014 67 20 works
196 3014 36 21 the
240 3013 89 21 districts
339 3012 118 22 mentioned
466 3012 51 21 have
527 3011 135 29 participated

98 3047 66 20 -very
169 3040 59 22 little.

140 3068 39 20 We
189 3068 65 20 would
265 3066 130 26 rt-specfullv
405 3067 35 21 ask
450 3066 48 22 that
508 3066 35 22 the
555 3067 106 21 extension

114 3094 24 22 of
153 3095 37 21 the
204 3094 81 26 railway
303 3094 52 21 from
379 3094 73 22 Heriot
470 3095 22 19 to
512 3094 148 27 Roxburgh—a

101 3121 3 28 •
115 3123 89 22 distance
210 3122 22 22 of
237 3121 25 22 25
277 3121 108 21 miles-be
400 3121 115 28 proceeded,
520 3121 49 22 with
582 3125 23 17 at
627 3121 36 21 the

114 3149 94 27 earliest.
226 3149 86 27 possible
341 3149 56 25 date,
406 3149 3 27 •
433 3150 32 20 tor
491 3149 36 21 the
558 3149 105 27 following

97 3184 95 14 -reasons
200 3184 31 15 :

139 3204 19 22 1.
175 3204 44 22 The
237 3205 59 21 route
313 3203 19 22 if
347 3203 37 22 the
392 3205 55 20 most
455 3203 73 26 direct,
545 3203 40 22 and
594 3210 69 19 passes

99 3230 4 28 -
115 3231 87 26 through
224 3231 94 23 valuable
345 3231 131 26 agricultural
504 3230 41 22 and
572 3231 89 27 pastoral

95 3258 3 28 •
113 3261 94 25 country,
216 3258 66 23 which
293 3258 42 22 will
343 3259 28 21 be
378 3264 89 16 revenue
475 3258 114 27 producing
594 3261 23 19 to
625 3259 36 21 the

113 3286 37 23 the
167 3287 91 27 railway,
271 3286 40 23 and
320 3286 18 22 is
346 3285 147 29 consequently
503 3285 36 23 the
549 3286 113 27 legitimate

94 3313 4 29 '
113 3315 59 22 rout*
182 3314 21 22 in
212 3313 37 23 the
266 3315 96 21 interests
370 3313 23 22 of
402 3315 36 21 toe
446 3313 81 22 district
539 3314 120 28 concerned,

113 3341 37 23 the
157 3342 82 27 railway
247 3341 59 23 when
315 3347 94 16 cons'rue
412 3341 40 27 ted,
462 3341 42 22 and
511 3341 37 22 the
562 3342 70 27 colony
639 3344 23 20 at

138 3396 20 23 2.
168 3396 61 24 From
238 3396 132 23 calculations
378 3395 67 25 which
454 3402 31 15 we
492 3396 53 23 have
554 3396 39 23 bad
602 3396 59 23 made

115 3424 28 25 by
151 3430 26 15 an
184 3424 133 27 experienced
325 3424 48 22 civil
383 3424 101 26 engineer,
494 3430 31 15 we
534 3431 35 14 are
578 3424 83 22 assured

116 3450 48 25 that
179 3458 40 19 any
236 3451 116 22 difficulties
365 3453 24 20 to
405 3452 27 21 be
440 3452 44 20 met
493 3452 51 21 with
555 3451 66 22 would
637 3452 25 21 be

116 3478 74 23 within
207 3485 10 14 a
227 3478 58 23 small
299 3479 77 24 section
392 3478 23 23 of
425 3478 62 21 about
496 3478 40 23 five
544 3478 65 28 miles,
620 3478 41 23 and

114 3506 37 21 the
165 3506 112 21 mtximum
294 3513 86 20 average
393 3508 44 20 cost
452 3505 67 22 would
536 3509 38 18 not
586 3508 76 19 exceed

115 3532 76 25 £4,000
221 3539 37 21 per
283 3533 62 24 mile;
364 3534 40 20 and
435 3532 145 28 furthermore,
608 3533 54 21 from

114 3559 104 22 estimates
235 3560 61 21 made
315 3560 21 19 of
352 3559 37 21 the
407 3560 70 24 traffic,
490 3560 35 19 th~
534 3560 42 20 line
594 3560 68 21 would

115 3585 55 26 yield
186 3589 22 16 at
215 3586 36 19 the
260 3585 73 20 lowest
341 3585 141 27 computation
491 3585 25 27 2$
523 3592 37 20 per
570 3588 57 21 cent,
637 3593 26 15 on

115 3610 37 22 the
160 3610 73 26 capital
246 3611 75 26 outlay.

139 3638 20 23 3.
178 3632 19 28 i.
212 3638 76 26 aec'.ion
306 3638 21 21 of
343 3640 35 22 ten
397 3640 57 21 miles
468 3640 23 22 of
499 3640 36 22 the
546 3640 42 22 line
597 3648 67 19 passes

113 3664 89 28 through
212 3666 37 21 the
258 3666 47 21 Moa
313 3667 47 21 Elat
365 3668 84 26 station,
454 3669 40 21 and
501 3675 31 15 we
538 3669 126 21 understand

114 3692 48 21 that
175 3699 56 14 some
247 3699 59 19 yean
319 3701 38 18 ago
375 3701 26 14 an
411 3696 52 19 offer
472 3703 41 12 was
522 3696 59 20 made
590 3698 24 18 to
629 3696 36 20 the

103 3730 6 11 ,-
115 3718 142 23 Government
265 3718 27 28 by
302 3719 36 22 the
347 3727 79 16 owners
433 3721 22 22 of
464 3722 46 21 that
519 3723 66 20 estate
591 3723 23 20 to
620 3722 46 27 give

115 3746 43 22 free
176 3748 22 20 to
207 3746 36 21 the
258 3746 143 23 Government
410 3748 37 22 the
460 3748 50 23 land
519 3756 105 21 necessary
633 3749 33 22 for

115 3773 38 22 the
169 3773 92 29 railway,
280 3774 90 27 through
388 3775 66 22 which
465 3776 17 21 it
491 3776 69 22 would
569 3784 46 19 pass
626 3784 40 14 -an

115 3802 54 22 offer
185 3801 66 22 which
270 3809 31 15 we
310 3802 78 22 believe
400 3803 66 22 would
477 3803 49 23 hold
541 3805 52 26 good
602 3807 21 19 at
628 3805 38 21 the

115 3831 82 25 ptesent
209 3830 54 20 time.

141 3856 39 22 We
207 3856 68 22 would
301 3856 59 27 point
390 3860 39 20 out
451 3858 82 22 further
555 3859 47 23 that
630 3858 36 23 the

117 3883 142 27 fruitgrowing
276 3883 94 29 industry
386 3885 18 22 is
412 3892 13 15 a
442 3893 49 20 very
502 3887 114 26 important
628 3894 38 16 one

117 3911 21 21 in
144 3911 36 21 the
191 3911 74 21 Teviot
270 3912 41 21 and
318 3912 117 22 Alexandra
441 3914 152 21 districts—one
599 3915 67 21 which

118 3938 16 22 if
151 3938 95 25 fostered,
266 3939 67 21 would
351 3939 26 22 be
393 3941 61 21 much
470 3942 114 27 expanded,
597 3942 70 27 giving

99 3981 5 9 ,
117 3965 141 28 employment
275 3968 23 19 to
311 3974 12 14 a
339 3970 56 23 great
405 3969 87 21 number
506 3969 23 21 of
546 3976 120 20 prosperous

118 3993 90 23 settlers.
234 3993 29 22 At
281 3997 83 24 present
378 3995 36 22 the
428 4003 87 20 growers
531 3996 53 22 have
592 3998 22 21 to
621 4000 45 19 cart

117 4020 56 22 their
193 4021 51 21 fruit
261 4021 52 21 from
332 4022 54 24 forty
407 4024 23 19 to
446 4024 55 26 sixty
515 4024 58 22 miles
590 4026 22 19 to
629 4024 36 23 the

118 4049 81 20 nearest
215 4048 83 25 railway
313 4049 83 27 station,
406 4050 40 21 and
456 4050 36 21 the
502 4051 50 21 time
562 4051 37 21 has
608 4058 57 15 come

98 4084 5 3 -
118 4073 60 22 when
195 4081 57 14 more
265 4075 99 26 adequate
374 4083 69 15 means
451 4078 23 19 of
491 4078 74 20 transit
574 4080 58 19 must
640 4080 25 21 be

116 4101 108 26 provided,
247 4108 23 14 or
294 4101 36 22 the
343 4103 94 27 industry
454 4107 75 18 cannot
551 4104 58 23 make
625 4113 40 19 any

117 4134 100 21 progress,
235 4129 38 21 but
290 4135 27 15 on
335 4129 35 22 the
386 4134 94 24 contrary
494 4132 17 21 is
520 4131 70 23 bound
608 4134 22 21 to
639 4140 25 20 go

115 4152 51 24 back
172 4156 95 27 steadily.

141 4182 153 28 Furthermore,
311 4190 31 15 we
364 4192 35 15 are
416 4186 76 27 wholly
509 4187 116 25 dependert
637 4195 26 15 on

115 4209 116 22 Southland
245 4211 33 20 for
284 4217 37 15 our
332 4212 75 21 timber
415 4213 98 27 supplies,
523 4214 40 21 and
577 4214 33 22 for
619 4215 44 22 iron

115 4236 57 23 work
181 4237 40 22 and
230 4237 78 27 mining
316 4238 117 29 machinery
442 4247 25 15 on
482 4240 131 28 Invercargill
622 4242 40 22 and

113 4264 97 23 Dunedin
227 4272 23 15 so
266 4265 48 23 that
332 4267 86 23 another
435 4269 103 25 imporant
555 4269 108 23 industrial

109 4292 83 28 branch,
219 4294 47 24 vis.,
292 4295 85 27 mining,
402 4296 17 22 is
440 4297 98 23 seriously
562 4298 99 23 retarded

108 4320 92 25 through-
207 4324 56 17 want
271 4321 23 20 of
303 4323 81 24 railway
393 4325 178 20 communication.

136 4346 66 21 There
217 4346 18 21 is
248 4346 43 21 also
308 4348 21 21 in
347 4348 36 22 the
402 4349 113 28 Roxburgh
532 4351 84 21 district
633 4358 25 14 an

110 4372 109 26 unlimited
228 4374 75 30 supply
311 4376 23 22 of
342 4375 72 30 lignite
423 4376 22 25 of
463 4378 35 24 the
512 4378 46 24 best
572 4379 89 31 quality,

109 4403 40 21 and
158 4403 37 21 the
204 4404 90 27 railway,
305 4405 17 22 if
330 4407 138 26 constructed,
485 4408 68 22 would
569 4416 53 19 open
632 4416 29 19 up

108 4430 56 21 fresh
174 4431 91 21 markets
275 4432 33 20 for
313 4433 41 21 this
362 4433 94 26 product,
464 4435 79 25 greatly
549 4436 112 27 extending

108 4456 37 21 the
166 4458 95 26 industry
284 4458 55 27 here,
360 4461 41 20 and
422 4461 113 27 increasing
553 4463 107 26 profitable

107 4484 147 26 employment.

131 4511 33 23 On
174 4511 36 23 the
219 4520 57 16 score
284 4513 22 23 of
318 4521 98 22 economy
425 4515 41 23 this
478 4517 107 22 extension
596 4517 63 24 could

105 4539 26 21 be
140 4546 50 20 very
198 4541 87 28 cheaply
294 4543 90 24 worked,
393 4550 22 15 as
430 4545 36 20 the
482 4548 83 23 present
583 4546 76 27 rolling

105 4567 67 26 stock,
183 4569 80 26 engine,
277 4570 40 20 and
331 4576 55 21 men,
396 4571 60 21 could
470 4572 27 20 do
512 4572 37 21 the
567 4572 91 25 through

106 4600 38 14 run
164 4595 22 19 to
200 4594 122 29 Roxburgh,
339 4604 23 13 so
379 4598 47 21 that
441 4604 26 15 on
485 4598 47 21 that
550 4606 55 15 score
623 4600 36 21 the

106 4628 89 19 expense
204 4623 68 22 would
281 4618 25 27 be
321 4624 84 27 trifling.

132 4648 40 22 We
195 4650 67 21 would
284 4650 56 22 draw
361 4652 102 21 attention
489 4654 23 19 to
531 4654 37 21 the
593 4654 67 26 heavy

104 4675 67 21 traffic
186 4675 20 20 in
222 4677 83 26 timber,
320 4678 146 27 merchandise,
488 4680 105 27 dredging,
616 4682 42 21 and

107 4701 107 26 hydraulic
231 4704 126 28 machinery,
376 4708 49 24 etc.,
444 4706 66 23 which
531 4709 22 20 at
577 4710 81 24 present

101 4731 71 20 -exists
181 4729 55 27 here,
248 4731 36 22 the
293 4735 85 18 amount
387 4732 22 21 of
419 4734 66 21 which
496 4736 67 21 would
572 4735 25 22 be
605 4743 54 14 more

108 4757 52 21 than
169 4758 130 27 quadrupled
310 4760 48 21 with
376 4760 83 25 railway
475 4764 169 20 communication
654 4771 6 17 ;

108 4784 40 21 and
155 4784 43 21 also
212 4792 30 13 we
251 4786 66 26 might
327 4787 90 21 mention
437 4788 47 21 that
503 4790 58 21 there
573 4790 17 21 is
607 4797 52 14 evn

108 4818 47 14 now
164 4818 13 14 a
186 4818 49 19 very
244 4812 55 28 large
310 4820 105 20 passenger
425 4816 66 21 traffic
500 4816 55 21 here.
583 4817 24 22 In
618 4817 43 22 this

110 4840 118 19 connection
240 4847 30 14 we
280 4847 46 19 may
334 4843 54 20 state
398 4842 47 21 that
459 4844 36 20 the
510 4844 54 21 main
579 4845 50 21 road
638 4846 20 19 in

110 4866 97 25 Tuapeka
216 4867 82 21 Countv
311 4870 53 19 costs
374 4870 37 21 the
421 4870 82 21 Countv
513 4872 84 20 Council
607 4872 52 20 from

110 4892 75 23 £3.600
196 4894 22 21 to
228 4894 77 26 £4,000
313 4896 105 28 annually,
428 4897 40 22 and
483 4898 16 21 if
508 4898 37 22 the
559 4899 47 21 road
619 4906 41 14 was

109 4921 88 22 relieved
207 4922 22 21 of
242 4922 36 21 the
287 4926 83 21 present
377 4924 66 28 heavy
451 4926 66 21 traffic
525 4926 42 22 this
573 4933 88 19 expense

109 4948 69 21 would
194 4950 98 24 certainly
313 4951 25 20 be
355 4952 88 21 reduced
466 4952 26 27 by
512 4953 57 27 quite
588 4954 61 21 three-

110 4974 82 23 fourths
205 4976 22 21 of
235 4976 47 22 that
292 4980 93 20 amount.

134 5002 39 23 We
190 5004 68 22 would
275 5005 36 21 ask
330 5013 53 19 your
400 5006 133 23 Honourable
552 5009 72 21 House
638 5011 22 19 to

105 5032 60 24 grant
174 5037 24 14 us
212 5032 41 20 this
267 5032 48 26 long
330 5033 86 26 delayed
429 5040 93 16 measure
536 5035 22 22 of
576 5037 82 26 justice,

107 5056 41 23 and
157 5064 51 21 your
218 5059 119 27 petitioners
351 5060 42 22 will
402 5068 48 15 ever
462 5068 58 21 pray.

1555 103 201 46 MOUNT
1843 103 230 43 BEHG.ER
2147 94 165 52 WtL.

3386 98 167 54 Friday,
3577 98 237 54 September
3836 95 58 52 16,
3911 95 100 46 18&1

3569 5581 83 22 Printed
3667 5581 39 21 and
3722 5581 108 21 Publishnl
3851 5586 24 21 by
3896 5581 103 21 William
4013 5582 105 21 PanNELL

3623 5614 125 21 Matthkwm
3758 5614 31 20 for
3799 5614 35 20 the
3842 5614 132 26 proprietors,
3984 5614 79 21 DUNNE
4072 5620 46 16 and

3623 5649 134 26 Matthews,
3777 5651 22 18 at
3820 5649 54 20 their
3891 5649 118 25 .Registered
4026 5649 92 28 Printing

3625 5684 70 25 Office,
3715 5683 94 22 Scotland
3819 5685 70 25 street,
3908 5683 118 27 Roxburgh,
4045 5685 66 26 Otago

3619 5720 52 21 New
3689 5720 320 26 Zealand-Friday,September
4018 5719 99 27 10,1897..

699 212 49 56 D
830 212 44 35 A.
948 206 297 43 BUCHANAN,

774 284 72 22 BOOT
873 282 61 23 AND
958 281 77 23 SHOE
1058 277 111 27 MaKER,

739 329 141 30 Scotland
891 345 10 5 -
912 335 107 27 steeet,
1037 324 163 28 Roxburgh.

801 424 93 38 Every
914 421 167 38 description
1104 418 30 29 of

692 477 87 29 Boots
792 486 56 20 and
863 476 88 29 Shoes
966 473 133 30 Supplied
1112 479 34 21 oe
1159 469 84 30 Made

869 526 33 19 to
921 515 143 30 Measube.

691 568 45 30 Pit
745 567 183 30 Guaranteed.
1004 565 47 29 Fit
1059 561 182 31 Guaranteed.

740 659 123 21 repairs
888 657 115 22 neatly
1033 654 158 22 executed.

807 737 25 28 A
854 736 86 28 Trial
963 734 152 29 Solicii'ED.

685 823 41 55 JP
810 821 45 37 A.
932 817 305 44 MILLER,

685 896 134 26 BUILDER,
831 895 107 22 JOINER
951 893 64 21 AND
1033 891 206 26 UNDERTAKER,

778 948 72 28 Ross
870 946 98 35 Place,
988 944 165 29 Lawrence.

688 1046 124 31 PLANS
824 1044 81 31 AND
919 1041 320 33 SPECIFICATIONS

828 1099 27 29 A
875 1096 223 31 SPECIALTY.

689 1192 153 38 Quantities
856 1190 138 39 Prepared
1015 1190 57 28 and
1092 1189 150 28 Estimates

715 1234 88 30 Given
815 1233 44 29 for
870 1231 36 30 all
919 1231 101 29 classes
1032 1230 30 30 of
1075 1227 137 32 Builders'

919 1272 100 29 Work.

861 1364 19 33 I.
967 1357 35 38 B
1045 1357 36 37 L
1126 1355 114 44 OY,

713 1425 198 23 WHITEHAVEN
924 1424 113 27 STREET,
1050 1423 169 21 LAWRENCE.

686 1513 112 29 BOAR.
799 1513 14 14 r
840 1511 82 30 AND
951 1509 220 31 RESIDENCE
1190 1509 50 29 AT

729 1562 258 30 REASONABLE
1006 1561 188 29 CHAttGES.

795 1651 96 29 Mkal9
909 1659 33 20 at
960 1658 51 21 all
1030 1651 104 27 Hours.

702 1742 59 29 The
774 1742 63 29 best
852 1738 243 32 Accommodation
1116 1738 44 30 for
1173 1738 48 30 the

823 1782 159 38 Travelling
997 1781 106 29 Public.

687 1869 102 31 GOOD
804 1867 200 31 STABLING.
1044 1865 96 30 OATS
1157 1864 83 30 AND

797 1908 128 32 CHAFF
945 1907 52 30 ON
1021 1906 106 31 SALE.

758 1983 211 32 ERBERT
1016 1982 101 29 AND
1165 1981 75 35 CO.,

878 2050 169 22 LAWRENCE.

845 2142 153 29 Impobters
1016 2150 69 20 or—

688 2199 201 42 Ironmongery

774 2243 190 42 Agricultural
988 2243 181 40 Implements

948 2291 189 37 Agricultural
1155 2290 87 29 beeds

861 2347 215 32 GROCERIES

707 2408 97 31 TEAS
915 2408 97 30 TEAS
1125 2406 98 30 TEAS

691 2455 128 40 (Ceylon)
908 2454 123 38 (Indian)
1119 2453 120 38 (China.)

691 2533 92 48 W.
854 2532 61 64 J.
977 2532 267 57 Martm,

691 2611 287 32 WATCHMAKER
995 2610 24 31 k
1033 2610 211 31 JEWELLER

781 2664 71 29 Ross
871 2664 98 35 Place,
989 2663 163 29 Lawrence.

691 2744 141 36 Watches,
852 2743 99 30 Clocks
971 2743 55 29 and
1047 2742 146 38 Jewellery
1214 2743 29 29 of

734 2784 37 29 all
784 2784 181 38 descriptions
978 2783 69 39 kepi
1059 2783 28 29 in
1101 2782 96 30 Stock.

706 2834 71 30 Nice
790 2834 138 30 Selection
940 2834 30 30 of
988 2834 79 37 Gem,
1080 2834 144 39 Wedding

819 2879 56 25 and
889 2875 110 39 Keeper
1010 2874 99 40 Rings.

689 2956 19 21 A
722 2955 106 23 CHOICE
847 2955 184 23 ASSORTMENT
1049 2956 38 21 OF
1105 2954 139 23 ARTICLES

710 2988 141 21 SUITABLE
859 2989 56 20 FOB
925 2989 141 20 WEDDING
1076 2988 150 21 PRESENTS.

746 3055 157 39 Spectacles
915 3059 30 26 to
958 3055 62 30 Suit
1032 3055 36 30 all
1083 3055 107 39 Sights.

708 3135 106 31 Watch
845 3144 58 21 and
933 3135 91 30 Clock
1059 3135 119 30 Repaies
1210 3144 17 20 a

891 3180 158 25 Specialty.

688 3255 115 41 Repairs
815 3266 32 20 or
859 3255 102 32 Orders
978 3256 72 30 from
1063 3256 48 30 the
1124 3259 119 36 country

737 3297 38 40 by
795 3300 64 37 post
880 3297 56 30 will
957 3297 106 30 receive
1085 3301 112 36 prompt

889 3337 148 30 attention.

703 3410 113 28 FANCY
841 3410 112 28 GOODS
969 3411 73 26 AND
1060 3410 166 26 DKAPJSRY.

796 3534 5 5 .
837 3516 136 24 WATKRS
1000 3516 90 25 desires
1115 3520 26 21 to
1165 3515 63 26 no;if

738 3564 6 7 .
775 3548 55 25 that
844 3549 42 25 she
897 3548 73 31 keeps
979 3548 25 26 in
1012 3549 70 25 stock
1095 3547 88 27 Ladies
1193 3556 35 17 an

691 3580 114 26 Children
814 3589 12 17 s
844 3581 197 31 Underclothing,
1058 3581 49 24 aud
1117 3582 31 23 all
1167 3581 73 26 kinds

692 3614 23 24 ef
729 3614 116 31 Drapery.
1086 3606 29 38 ,*\
1139 3613 26 33 J
1176 3614 27 29 f
1232 3606 4 40 <

722 3657 80 33 Fancy
815 3658 82 26 Goods
907 3668 15 16 a
936 3657 137 34 Specialty.

728 3701 135 24 Christmas
870 3702 49 25 and
931 3702 54 23 New
1000 3701 62 24 Year
1073 3706 137 26 presents—

815 3753 13 16 a
845 3751 65 26 great
923 3746 88 29 variety
1021 3751 24 19 to
1058 3746 63 24 hand

815 3779 136 30 Inspection
961 3778 95 26 Invited

719 3810 113 32 Painting
845 3812 46 23 and
902 3817 36 19 an
964 3810 151 26 needlework
1127 3812 89 28 tafghf

786 3847 112 21 bummer
910 3843 83 26 <ioods
1008 3852 51 17 now
1073 3853 30 16 en
1120 3845 62 24 haud

696 3899 266 26 Address—Ormond's
972 3900 115 31 Building
1099 3901 131 30 Roxburgh

842 4019 59 21 THE
912 4019 187 23 CELEBRATED

692 4056 171 31 CORNISH
882 4058 205 30 AMERICAN
1105 4059 142 31 PIANOS

834 4103 83 31 AND
941 4104 164 32 ORGANS.

755 4181 118 31 ESSRS
899 4183 169 30 CORNISH
1089 4184 25 29 &
1129 4184 57 31 CO.
1199 4196 47 19 are

746 4233 5 4 •
790 4223 49 29 the
851 4222 64 40 only
927 4223 63 29 firm
1004 4224 30 30 of
1046 4224 90 30 actual
1150 4235 76 20 manu-

692 4262 136 31 facturers
840 4263 30 30 of
887 4263 70 40 high
978 4264 87 40 grade
1078 4264 100 32 Pianos
1190 4267 55 30 and

693 4303 109 39 Organs
826 4304 30 28 in
880 4304 49 28 the
963 4305 104 29 United
1093 4308 93 28 States
1216 4308 29 29 of

691 4343 113 28 Ameria
835 4343 101 39 selling
963 4344 169 42 exclusively
1157 4346 87 30 direct

691 4383 71 31 from
776 4384 47 32 the
836 4384 107 42 factory
953 4388 29 28 to
992 4386 47 31 the
1047 4388 113 38 general
1173 4390 53 38 pub-

689 4425 45 36 lic,
743 4430 29 24 at
781 4427 170 37 guaranteed
961 4428 144 29 wholesale
1115 4429 75 37 price
1200 4430 44 28 for

688 4475 17 18 a
717 4465 90 39 single
819 4465 177 32 instrument.
1034 4466 46 31 No
1094 4473 98 33 agents
1211 4479 32 20 or

688 4504 105 32 dealers
815 4517 46 19 are
882 4506 114 31 allowed
1020 4511 30 28 to
1072 4509 100 31 handle
1195 4510 47 31 the

690 4546 116 30 Cornish
815 4548 145 29 American
974 4547 100 32 Pianos
1082 4561 31 18 or
1120 4550 119 39 Organs.

689 4585 28 29 It
729 4586 24 29 is
763 4586 61 39 just
836 4597 30 19 as
878 4597 65 29 easy
956 4588 44 30 for
1012 4590 49 29 the
1083 4590 110 29 readers
1211 4591 31 28 of

689 4626 55 29 this
756 4637 85 29 paper
852 4631 30 25 to
894 4628 38 29 sit
943 4628 81 30 down
1048 4631 56 28 and
1125 4631 82 29 order
1225 4642 17 17 a

689 4666 85 29 Piano
788 4677 31 18 or
833 4668 93 38 Orgau
939 4668 72 29 from
1025 4670 135 36 America,
1173 4681 31 18 as
1212 4675 28 24 to

689 4706 81 30 order
779 4716 52 20 one
844 4708 71 29 from
926 4708 71 30 their
1007 4710 85 29 music
1103 4714 82 33 store,
1195 4711 46 28 the

689 4746 64 39 only
767 4747 147 30 difference
929 4748 83 40 being
1026 4750 66 38 they
1104 4751 55 28 will
1176 4762 65 19 save

690 4787 70 27 from
774 4787 36 27 50
823 4791 28 25 to
869 4788 49 28 100
931 4798 49 28 per
993 4794 73 25 cent.

729 4825 52 29 We
794 4827 68 29 have
877 4827 109 39 Organs
999 4830 70 28 from
1082 4832 39 27 £6
1133 4835 28 24 to
1174 4832 69 33 £25,

692 4866 99 28 Pianos
802 4868 71 28 from
887 4869 58 27 £34
958 4873 28 24 to
999 4870 67 35 £OO,
1077 4871 54 28 and
1140 4881 41 18 we
1193 4872 49 28 sell

692 4906 43 29 for
748 4907 64 29 cash
826 4917 32 19 or
883 4918 73 29 upon
976 4909 160 30 instalment
1155 4911 88 38 plans,

691 4950 30 25 to
734 4946 56 29 suit
811 4948 47 27 the
882 4949 182 29 convenience
1078 4950 28 29 of
1119 4951 46 28 the
1178 4961 49 27 pur-

691 4986 105 30 chaser.
835 4987 58 29 Our
922 4988 78 40 large
1028 4990 54 28 and
1109 4991 135 38 complete

691 5026 144 38 catalogue
858 5028 54 28 will
937 5029 35 28 be
996 5030 154 28 forwarded
1169 5041 74 28 upon

691 5071 120 35 request.
850 5067 28 29 It
890 5068 23 29 is
927 5068 47 30 the
986 5068 82 31 finest
1076 5070 167 40 description

691 5107 30 29 of
733 5107 100 30 Pianos
845 5108 56 29 and
915 5108 108 39 Organs
1035 5110 92 29 issued
1141 5112 37 37 by
1188 5122 54 27 any

691 5147 61 29 firm
774 5147 30 29 in
825 5148 48 30 the
899 5153 125 34 country,
1036 5150 55 29 and
1105 5150 78 39 gives
1196 5152 47 28 the

690 5188 91 28 actual
793 5188 106 38 factory
912 5188 80 30 value
1004 5189 29 29 of
1045 5200 83 27 every
1141 5191 88 28 instru-

691 5231 76 25 ment
779 5227 23 29 it
815 5228 147 29 describes.
985 5228 76 30 With
1074 5239 83 29 every
1169 5235 59 24 cata-

691 5267 82 39 logue
785 5268 24 29 is
821 5268 148 38 presented
981 5279 52 19 our
1044 5270 102 39 unique
1158 5271 71 29 refer-

691 5318 66 19 ence
771 5308 83 37 book,
896 5308 58 30 The
969 5309 86 29 Heart
1067 5310 29 29 of
1108 5311 48 29 tho
1174 5311 51 29 Peo-

788 5348 89 29 Write
885 5349 45 29 for
938 5350 153 37 catalogue.
1110 5351 132 36 Address,

814 5398 171 31 CORNISH
1005 5399 25 29 &
1053 5400 67 36 CO.,

704 5444 162 28 Washington,
880 5446 55 22 New
947 5446 91 27 Jersey,
1049 5447 59 27 U.S.,
1118 5449 112 21 America.

837 5516 135 29 FIFE'S
1023 5517 222 30 WELFARE—

778 5555 122 31 Treatise
920 5557 98 38 posted
1039 5557 67 31 free.
1145 5558 28 30 It
1190 5559 55 29 will

695 5596 79 29 teach
795 5607 55 25 you
876 5607 74 20 more
964 5599 66 27 than
1042 5599 37 28 all
1101 5599 47 29 the
1164 5609 81 28 years

691 5635 102 39 you've
805 5637 82 29 lived.
925 5639 92 36 Every
1028 5648 106 19 woman
1146 5639 100 29 should

691 5675 66 29 read
788 5675 30 30 it.
860 5676 88 29 Write
980 5677 76 30 Prof.
1090 5678 156 38 Hermann,

695 5715 108 30 French
818 5715 153 40 Specialist,
985 5718 36 30 40
1041 5718 205 41 Collins-place,

684 5755 172 29 Melbourne.

132 5144 105 27 Certainly
250 5145 36 21 the
299 5147 55 20 most
367 5146 94 21 effective
475 5147 100 22 medicine
587 5148 20 21 in
619 5149 37 21 the

106 5177 63 22 world
188 5177 16 21 is
221 5178 114 22 SANDER
348 5179 40 22 and
404 5179 77 22 SONS'
494 5180 162 24 EUCALYPTI

89 5212 4 28 •
105 5212 137 23 EXTRACT.
268 5212 49 22 Test
323 5213 28 21 its
356 5214 113 26 eminently
475 5216 78 24 powwf
555 5216 19 19 ul
582 5217 73 20 effects

106 5247 21 21 in
138 5247 83 26 coughs,
230 5247 62 26 colds,
302 5247 100 22 influenza
411 5264 5 11 ,
438 5247 37 23 the
484 5248 60 22 relief
552 5249 17 22 is
578 5250 66 22 instan-

105 5283 92 19 taneous.
226 5281 26 21 In
266 5281 77 22 serious
352 5289 56 14 cases
420 5282 42 22 and
474 5282 81 22 scciden
567 5290 9 14 s
590 5283 22 21 of
625 5285 19 21 al
649 5292 10 15 s

103 5315 68 25 kinds,
181 5315 26 21 be
214 5315 51 27 they
274 5316 92 25 wounds,
376 5316 69 23 burns,
454 5317 55 21 scald
517 5324 43 19 ngs,

104 5350 85 25 sprains,
198 5350 18 20 it
224 5350 58 25 is,the
291 5350 63 21 safest
362 5350 136 26 remedy—no
508 5352 149 26 swelling—nd

103 5383 156 22 inflammation.
286 5384 51 21 Like
345 5384 113 27 surprising
469 5386 74 21 effects
553 5387 86 26 product
644 5387 14 22 d

103 5417 22 21 in
137 5425 70 19 croup,
216 5418 109 26 diptheria,
339 5418 119 27 bronchitis,
470 5420 149 22 inflammation
632 5422 29 20 of

104 5451 37 20 the
163 5451 65 26 lungs,
242 5451 108 27 swellings,
358 5452 39 21 etc.
422 5452 109 26 diarrhoea,
545 5454 111 27 dysentry,

106 5485 90 21 diseases
205 5486 22 20 of
235 5485 36 21 the
284 5485 87 27 kidneys
378 5487 41 21 and
433 5487 82 26 urinary
525 5494 79 20 organs.
632 5490 25 20 In

106 5527 11 13 i
120 5522 51 19 seat
174 5519 30 22 all
209 5520 99 26 hospitals
313 5520 41 21 and
360 5520 85 22 medical
451 5522 75 25 clinics,
540 5524 92 24 patron!s
645 5524 13 20 d

103 5553 29 28 by
139 5553 40 23 His
188 5555 90 26 Majesty
286 5554 37 22 the
332 5555 57 27 King
397 5555 23 22 of
430 5556 64 27 Italy,
503 5558 93 21 crowned
611 5558 47 21 *ith

102 5590 67 21 medal
178 5590 41 21 and
228 5590 91 26 diploma
327 5591 23 20 at
367 5591 149 23 International
528 5594 117 20 Exhibit.on

102 5622 141 21 Amsterdam.
270 5623 64 20 Trust
343 5630 22 13 m
374 5624 42 20 this
425 5626 103 24 approved
537 5627 72 20 articie
615 5630 41 19 and

102 5649 65 26 reject
176 5648 29 22 all
216 5651 75 19 others.

127 5700 49 22 You
188 5699 52 22 have
249 5700 72 22 ruined
328 5707 53 21 your
390 5702 134 23 constitution
533 5705 123 26 sufficiently

99 5734 29 28 by
141 5734 98 28 drinking
254 5735 84 21 inferior
351 5739 41 18 tea.
418 5736 86 22 Recruit
518 5739 25 25 by
559 5740 97 26 drinking

101 5769 50 26 aaiy
161 5769 64 22 Kozie
235 5771 40 20 tea.
303 5769 21 22 It
332 5769 17 22 is
355 5776 50 21 pure
410 5771 39 20 and
457 5772 182 23 reliable.—Adrt.

1299 792 488 87 AUTUMN

1922 1836 476 89 WINTER

1630 2357 411 89 GOODS

1759 3525 92 94 t

1734 4374 66 94 t

1590 5148 494 58 DUNEDIN.

2430 1529 55 52 ]\f
2491 1530 117 43 ILLS,
2629 1531 132 42 DICK,
2787 1530 38 37 8l
2850 1529 130 38 CO.'S

2672 1589 68 29 1897

2447 1640 189 30 ALMANAC
2660 1651 52 19 and
2735 1639 228 31 DIRECTORY.

2614 1687 82 32 Price,
2712 1685 89 29 ls6d.

2430 1766 88 38 Every
2549 1766 121 31 Fakmki;,
2700 1766 103 34 Miner,

2677 1813 53 27 Mud
2760 1813 133 27 Business
2919 1811 66 28 Man

2508 1866 101 27 Humid
2643 1866 117 28 Procure
2781 1877 17 17 a
2824 1865 86 38 Copy.

2460 1943 56 30 Can
2547 1945 32 26 be
2608 1944 49 28 had
2688 1945 68 26 from
2784 1944 47 28 the
2857 1943 84 28 under-

2609 1993 52 18 ■mei
2676 1983 131 28 tinned—

2472 2042 113 30 Mackay
2658 2056 38 19 ■-~
2710 2042 155 39 Roxburgh

2467 2083 28 29 J.
2510 2082 128 32 Not»nan,
2658 2082 104 30 Rttrick

2467 2123 93 29 JcwiNfi
2577 2133 53 17 ano
2648 2124 144 34 MTombe,
2808 2122 103 29 Millers
2924 2122 62 29 Flat

2467 2164 29 29 J.
2514 2164 29 28 h.
2561 2163 92 33 Kemp,
2670 2162 66 31 Bald
2755 2163 53 29 hill
2823 2162 63 30 Flat

2469 2205 31 29 L.
2520 2204 4 35 ;
2543 2214 61 21 yan.
2618 2204 73 35 Jnr.,
2707 2204 158 30 Alexandra
2879 2204 89 29 South

2470 2246 21 28 B
2516 2244 122 36 NAYLOK,
2655 2246 87 37 Clyde

2495 2329 76 30 ANY
2595 2328 98 31 Ladies
2715 2328 136 40 complain
2865 2328 61 30 that
2940 2329 46 28 the

2538 2369 4 39 i
2552 2381 30 20 e;»
2598 2371 63 30 thev
2677 2370 69 30 have
2757 2369 69 30 been
2841 2369 82 39 using
2936 2369 49 30 has

2430 2412 109 30 neither
2549 2412 127 35 strength
2691 2421 47 18 -io-
2747 2411 113 29 flavour.
2883 2410 27 29 If
2920 2410 64 38 they

2430 2456 43 35 try
2491 2451 85 30 Kozie
2589 2451 29 29 T>
2629 2462 13 17 a
2658 2453 66 38 they
2736 2451 56 28 will
2806 2451 33 29 be
2853 2451 131 29 satisfied.

2429 2493 92 29 Johns
2539 2493 23 29 &
2585 2492 146 36 iV'Combk,
2747 2493 117 38 Agents,
2880 2491 104 30 Millers

2430 2534 70 30 Flat,

2429 2611 553 64 cfas«.v*gg*co.

2504 2743 53 28 and
2573 2742 118 29 German
2707 2741 98 29 Makes
2818 2740 31 29 of
2863 2740 100 28 Pianos
2975 2750 7 17 :

2481 2794 174 25 BRINSMSAD,
2674 2792 139 27 OOLLARD,
2832 2790 99 27 SAMES,

2623 2820 168 26 EAVESTOFF,

2429 2860 203 27 BCHWECHTEN,
2643 2860 71 26 LIPP,
2724 2859 73 21 OORS
2805 2858 18 22 k
2832 2856 150 27 KALLMAN,

2555 2897 166 27 GERHARDT,
2738 2898 124 21 HANSEN.

2467 2970 122 38 Chas.
2612 2969 110 47 Begg
2744 2968 84 38 and
2851 2967 99 38 Co.'s

2429 3038 232 31 EXHIBITION
2693 3037 131 30 MODEL
2854 3036 129 46 PIANO,

2630 3090 58 29 £3B
2707 3098 77 21 NETT.

2427 3170 122 30 STORY
2575 3170 24 29 &
2627 3168 163 30 CLARK'S
2818 3166 164 37 ORGANS,

2525 3220 178 31 KIMBALL
2721 3219 165 36 ORGANS,

2427 3274 82 29 From
2518 3274 58 28 £2O
2585 3277 28 24 to
2622 3269 79 34 £50..
2710 3271 91 29 .From
2810 3270 58 30 £2O
2876 3273 29 26 to
2914 3269 67 30 £SO.

2427 3352 148 30 BESSON
2599 3352 27 29 &
2658 3350 179 31 BOOSKY'S
2858 3349 122 31 BRASS

2562 3390 287 32 INSTRUMENTS.

2427 3472 100 32 Violin
2542 3472 66 31 Bow
2625 3472 154 30 Repairing
2791 3481 19 20 a
2823 3471 156 31 Spicialtt.

2465 3524 104 35 Violin,
2584 3524 65 29 Bow
2663 3523 54 30 and
2733 3523 101 30 Case...
2875 3521 68 40 30/-

2463 3565 185 34 Accordeons,
2662 3564 72 30 from
2805 3587 30 6 ...
2895 3561 48 40 7/6

2494 3645 112 31 CHAS.
2627 3644 103 31 BKGG
2752 3643 81 31 AND
2853 3643 58 33 CO.

2425 3693 82 30 Have
2526 3694 48 29 the
2597 3694 105 37 largest
2724 3692 56 29 and
2800 3695 73 25 most
2884 3691 94 30 raried

2441 3734 63 31 tock
2517 3734 31 29 of
2561 3733 90 30 Music
2661 3733 27 28 in
2699 3732 48 30 the
2757 3732 113 38 Colony.
2909 3731 69 30 New

2522 3774 161 40 Shipments
2698 3772 187 40 Fortnightly.

2609 3825 72 30 New
2700 3825 98 30 Songs.

2461 3867 83 30 Morn
2576 3867 30 31 of
2644 3867 123 30 Sorrows
2769 3865 211 30 —Snowflakes

2424 3907 174 31 Fair—Gate
2610 3908 31 30 of
2658 3906 157 31 Life—For
2834 3907 47 29 the
2903 3905 62 31 Chil-

2423 3949 94 29 dren's
2530 3947 184 32 Sake—Wilt
2726 3947 78 29 Thou
2818 3947 35 29 be
2868 3946 112 30 Mine-

2425 3989 140 30 Sunshine
2596 3987 195 31 Above—She
2824 3987 102 38 Stoops
2950 3991 30 25 to

2423 4029 215 39 Conquer—No
2660 4029 43 29 for
2724 4038 36 19 an
2781 4029 117 28 Answer
2898 4027 82 29 —No

2425 4069 92 29 Man's
2531 4069 87 29 Land.

2557 4120 101 31 Violin
2676 4128 56 21 and
2751 4119 97 29 Piano.

2462 4161 131 30 Andante
2614 4165 30 25 et
2666 4160 119 30 Scherzo
2807 4158 173 40 Capriccioso

2428 4201 114 38 (David)
2620 4200 102 29 Bach's
2763 4202 42 26 Ist
2844 4199 136 28 Concerto

2429 4242 109 38 (Alard)
2542 4241 126 30 —Three
2702 4240 96 30 Pieces
2823 4239 157 40 Classiques

2427 4282 287 39 (Ragghianti)—Les
2719 4281 106 30 Echoes
2829 4279 148 39 (Leonard)

2425 4322 174 29 —Mazurka
2636 4321 35 29 de
2715 4321 119 29 Conceit
2878 4320 102 34 (Ovide

2425 4361 104 40 Musin)
2532 4361 177 33 —Romance
2743 4360 126 40 (Jansen)
2872 4360 107 31 —Sou-

2425 4405 78 28 venir
2516 4405 34 28 de
2564 4405 103 37 Haydn
2684 4403 161 37 (Leonard).

2467 4485 122 41 Chas.
2611 4486 111 48 Begg
2749 4484 83 40 and
2855 4483 76 44 Co.,

2441 4546 33 28 21
2516 4546 119 29 Princes
2670 4546 113 34 Street,
2818 4544 139 35 Ddnedin,

2423 4596 115 41 Having
2562 4607 17 19 a
2604 4596 77 31 Most
2705 4596 129 30 Efficient
2857 4594 72 32 Staff
2947 4594 30 30 of

2425 4637 160 37 Workmen,
2594 4648 51 19 can
2656 4638 101 38 Repair
2766 4636 55 30 and
2836 4640 76 25 Tune
2922 4646 53 28 any

2543 4678 119 30 Musical
2681 4678 172 29 Instrument

2476 4729 52 30 AT
2553 4729 211 31 MODERATE
2786 4727 133 31 RATES.

2472 4793 33 22 To
2521 4798 28 16 be
2562 4793 129 21 Published
2705 4797 25 16 in
2740 4794 113 24 Jakuart,
2869 4791 55 21 1898.

2627 4839 126 30 OTAGO
2783 4839 25 29 &
2834 4838 120 30 SOUTH-

2454 4870 6 24 '
2667 4878 106 30 LAND

2474 4935 153 23 Commercial,
2643 4934 134 24 Municipal,
2789 4932 17 21 &
2819 4932 108 21 General

2582 4977 240 44 DIRECTORY,

2674 5033 55 19 AND

2461 5076 91 32 NEW
2569 5075 181 31 ZEALAND
2764 5073 174 38 ANNUAL,

2648 5127 111 36 1898.

2443 5214 170 31 Fourteenth
2630 5213 75 29 Year
2724 5212 30 29 of
2771 5211 183 30 Publication.

2424 5293 90 38 Demy
2539 5292 53 30 Bvo
2617 5290 64 38 size,
2707 5289 161 39 containing
2888 5289 85 29 about

2441 5332 283 38 900pages,together
2732 5330 65 29 with
2806 5339 147 18 numerous

2477 5372 81 38 Maps
2581 5370 141 30 corrected
2742 5374 28 25 to
2783 5370 73 35 date,
2869 5369 47 29 the

2503 5410 88 29 whole
2604 5410 178 37 handsomely
2796 5409 94 28 bound

2531 5450 29 29 in
2573 5449 84 36 cloth,
2667 5448 193 39 gilt-lettered.

2427 5530 78 30 Price
2516 5532 30 28 to
2560 5527 187 36 Subscribers,
2761 5528 49 28 12s
2823 5527 53 36 6d;
2896 5526 77 30 Non-

2572 5568 185 36 Subscribers,
2768 5569 57 28 15s.

2472 5648 132 37 STOJSE,
2636 5647 82 36 SON,
2749 5647 83 29 AND
2862 5646 67 38 CO.,

2613 5693 179 36 Publishers,

2484 5740 143 31 Crawford
2650 5740 104 35 Street,
2775 5739 139 31 Dunedin.

3250 266 100 24 SEE

3055 338 24 45 ,'
3135 338 91 43 THAT
3247 338 91 45 YOUR
3360 338 108 45 BOOTS
3496 361 24 24 «

3055 412 60 43 ARE
3137 409 153 45 BRANDED
3308 410 44 44 ON
3372 410 66 45 THE
3460 410 90 45 HEEL

3664 446 30 15 •?*.

2794 455 30 27 u

3231 494 50 52 *4
3309 494 43 52 0

2697 737 75 23 S'S^

2568 749 25 20 ■ki

2833 849 80 58 FOB
2944 849 85 58 THE
3062 849 266 59 FOLLOWING
3360 850 174 58 REASON

2527 1007 118 29 FIRST.
2754 1007 7 30 1
2853 1009 158 29 SECOND.
3219 1009 130 30 THIRD.
3549 1011 164 30 FOURTH.

2426 1046 121 30 BOO'vS
2582 1049 63 27 with
2686 1049 54 28 this
2780 1049 42 30 On
2835 1050 55 29 this
2913 1050 92 29 Brand
3025 1049 63 38 only
3128 1049 73 38 Only
3222 1050 47 29 the
3290 1060 66 28 very
3380 1051 61 28 best
3480 1050 134 37 Farmers,
3673 1053 109 34 Miners,

2427 1087 93 30 Brand
2529 1098 34 19 on
2574 1088 48 30 the
2630 1089 58 29 heel
2695 1099 46 20 are
2780 1090 47 29 the
2858 1101 67 27 very
2962 1091 61 28 best
3062 1089 29 29 of
3129 1090 29 29 of
3168 1090 141 29 Materials
3320 1101 45 18 are
3374 1091 66 28 used
3478 1092 52 27 and
3546 1092 33 28 :41
3597 1093 58 26 who
3670 1096 71 24 want
3755 1101 27 19 to

2426 1129 168 38 guaranteed
2604 1135 27 21 to
2640 1129 102 30 Fitand
2782 1130 152 29 Workmen
2964 1141 44 18 are
3034 1141 56 18 em-
3128 1131 28 27 in
3193 1131 54 28 tkis
3288 1131 91 28 Brand
3412 1132 30 28 of
3478 1131 70 38 fee-p
3570 1133 70 27 ilimV
3653 1132 56 30 feet
3722 1132 59 37 dry,
3822 1134 14 26 k

2502 1167 84 31 Wear
2600 1169 67 30 well.
2883 1171 108 38 ployed.
3156 1171 85 28 Boots
3254 1171 54 28 and
3324 1171 93 29 Shoes.
3513 1176 43 34 try
3571 1173 53 27 thin
3647 1172 88 29 Brand
3802 1167 2 43 j
3824 1174 58 26 Umi

2467 1250 73 30 ALL
2560 1251 120 29 BOOTS
2699 1251 172 31 BEARING
3198 1251 50 30 ON
3278 1253 200 29 'tHEHEiL
3515 1253 67 29 *Rl«:
3615 1253 218 31 MANUFaCTI

2744 1293 250 28 CELEBRATED
3307 1293 128 29 BRAND
3456 1294 95 28 BOOr
3576 1294 172 28 FACIOKY
3773 1294 44 28 BY

2709 1355 370 66 SARGOOT),
3126 1354 123 57 SON
3294 1355 44 55 &
3520 1357 104 64 R.\
3677 1381 159 34 dunem,

2479 1423 175 23 WHOLESALE
2681 1425 86 21 ONLY.

3211 1643 250 53 coach
3537 1644 255 52 BnuM

3248 1740 330 33 WHEELWRIGHTS,
3621 1742 147 31 BLACKS
3780 1742 112 31 VIITHS

3959 1530 177 64 er%

3103 1867 302 30 AGRICULTURAL
3444 1869 228 28 IMPLEMENT
3711 1869 82 29 MAN
3799 1870 73 29 UFA

3377 1942 72 29 ROSS
3488 1943 99 34 PIACK,
3627 1944 161 29 LaWKENCE.

3058 2033 74 31 ALL
3171 2033 123 31 KINDS
3333 2034 49 30 OF
3608 2034 228 31 MACHINERY
3910 2038 60 27 Ah.
4027 2036 77 31 AND

3483 2087 203 30 REPAIRED.

3472 2181 111 29 Agents
3603 2190 83 20 for—

3018 2249 229 39 Massey-Harris
3269 2250 120 38 Reapers
3411 2250 54 29 and
3497 2257 5 19 t
3516 2250 101 34 indevs,
3638 2250 177 36 Cultivators,
3841 2253 136 33 fcuitW>,
4008 2253 35 27 I'i'
4056 2252 71 39 ughs

3479 2289 89 30 Horse
3584 2290 98 36 Rakes,

3324 2341 120 32 Peerless
3465 2341 53 37 Oil,
3538 2342 103 29 Binder
3660 2342 101 38 Twine,
3781 2342 48 31 &c.

3071 2424 46 28 AH
3148 2424 88 29 Work
3267 2424 151 29 Entrusted
3441 2427 29 26 to
3495 2423 42 30 Us
3563 2424 52 29 will
3643 2425 115 29 Receive
3784 2424 114 40 Prompt
3925 2425 152 30 Attention.

3341 2504 132 22 CHARGES
3498 2504 134 22 STRICTLY
3660 2505 151 22 MODERATE

3274 2592 75 31 FOR
3387 2592 118 31 SALE!

3650 2592 71 30 FOH
3761 2592 116 32 SALE!

3097 2672 218 32 STAUNCH
3348 2672 91 30 AND
3476 2673 252 30 HAND>OME
3765 2672 373 33 THOROUGHBRED

3475 2827 142 30 Produced
3643 2827 36 40 by

3182 2878 162 32 Yankee
3364 2879 241 30 enterprise
3625 2879 77 31 out
3720 2879 48 29 of
3789 2878 184 31 America.

3281 2919 48 42 Up
3341 2924 29 26 to
3382 2930 54 30 any
3450 2920 112 40 weight,
3574 2920 55 31 and
3641 2919 99 32 carries
3751 2931 17 18 a
3781 2919 88 40 Lady.

3086 2973 176 27 Guaranteed
3272 2973 169 37 thoroughly
3450 2973 88 28 sound
3550 2973 54 28 and
3613 2973 84 37 quiet.
3736 2972 65 28 Will
3811 2982 63 27 pass
3885 2973 113 28 traction
4010 2971 124 37 engines)

3011 3014 96 34 trams,
3121 3012 96 35 trains,
3231 3015 172 32 motor-cars,
3416 3010 99 31 forked
3529 3011 151 40 lightning,
3693 3021 31 20 or
3742 3011 138 39 anything
3900 3011 65 37 else,
3986 3011 113 39 barring
4118 3022 16 17 a

3012 3051 64 39 lady
3090 3052 130 28 mounted
3233 3062 36 18 on
3282 3052 117 28 another
3422 3051 163 29 Newhavem
3605 3052 125 29 Bicyolk.

3087 3130 183 31 FARMERS
3284 3130 143 40 requiring
3439 3130 85 30 Grain
3535 3132 96 36 Drills,
3641 3132 105 38 Turnip
3759 3132 54 29 and
3824 3133 115 29 Manure
3947 3132 94 36 Drills,
4052 3131 82 30 Com*

3014 3171 83 29 bined
3110 3171 95 36 Drills,
3218 3171 66 29 Disc
3296 3172 142 35 Harrows,
3450 3170 133 40 Ploughs,
3598 3172 71 28 Seed
3683 3171 139 37 Cleaners,
3831 3182 32 19 or
3874 3183 54 26 any
3940 3172 80 29 other
4032 3170 101 41 lmple*

3011 3215 91 25 ments
3114 3221 33 19 or
3159 3210 141 30 Machines
3312 3210 97 30 should
3420 3210 66 30 send
3500 3210 45 31 for
3556 3222 51 18 our
3618 3210 152 38 catalogue.

3035 3250 59 21 THE
3107 3250 144 22 COLONIAL
3264 3250 148 21 COMBINED
3430 3249 101 22 DRILLS
3544 3250 62 21 AND
3620 3250 63 21 DISC
3695 3249 145 23 HARROWS
3853 3250 58 23 ARE
3923 3251 58 22 THE
3996 3250 65 23 BEST
4074 3249 32 22 IS

3457 3276 58 22 THE
3535 3276 125 22 MARKET.

3099 3347 306 60 Morrow,
3474 3347 259 48 Bassett
3803 3346 52 51 &
3916 3348 106 65 Co,

3260 3421 181 31 DUNU.DIN
3478 3430 56 21 and
3571 3421 312 36 CHRISTCHURCH,

3323 3473 64 31 Sole
3399 3474 108 37 Agents
3521 3473 28 30 in
3563 3473 68 29 New
3643 3473 120 30 Zealand
3775 3474 45 30 for

3139 3514 79 30 THE
3236 3514 219 30 M'CORMICK
3475 3513 251 30 HARVESTING
3744 3513 183 31 MACHINE
3946 3513 58 33 CO.

3057 3608 388 63 COSSENS
3509 3608 174 60 AND
3751 3610 329 67 BLACK,

3133 3697 234 38 ENGINEERS,
3386 3696 285 37 BLAGKSMITHS,
3691 3697 277 31 MILLWRIGHTS
3989 3698 24 30 &

3415 3737 313 38 IRONFOUNDERS,

3282 3790 362 28 CRAWFORD-STREET,
3683 3790 173 23 DUKEDIN.

3322 3857 383 33 —MANUFACTURERS
3736 3858 87 31 OF

3010 3902 140 39 Pumping
3164 3901 55 30 and
3240 3900 138 40 Winding
3397 3900 172 39 Machinery,
3592 3899 230 31 HYDRAULIC
3843 3899 146 31 MINING
4009 3900 126 30 PLANT

3079 3942 158 39 (including
3251 3941 153 42 Hydraulic
3418 3941 121 38 Giants),
3554 3940 91 30 Sluice
3657 3940 111 37 Valves,
3781 3940 129 31 Elevator
3926 3941 140 40 Castings,

3314 3981 66 29 Iron
3394 3981 57 29 and
3465 3981 76 30 Steel
3556 3981 140 38 Pluming,
3708 3981 60 36 &c,
3783 3981 48 30 &c.

3119 4033 158 31 DREDGE
3304 4032 217 36 TUMBLERS,
3542 4032 185 37 BUCKETS,
3747 4032 129 36 LINKS,
3892 4032 62 36 Ac,
3972 4033 50 31 Ac.

3013 4075 207 35 Waterwheels,
3230 4072 147 36 Turbines,
3391 4071 84 30 Brick
3488 4072 57 29 and
3558 4073 85 29 Drain
3657 4072 69 39 Pipe
3740 4072 117 39 Making
3867 4073 56 29 and
3932 4072 90 30 Wood
4033 4073 100 30 Work*

3094 4116 48 37 ing
3157 4113 173 38 Machinery.
3368 4111 93 31 Horse
3473 4113 120 35 Powers,
3607 4111 194 38 Chaffcutters,
3814 4112 104 40 Turnip
3936 4113 123 39 Pulpers,

3258 4154 55 29 and
3326 4152 36 30 all
3377 4152 81 29 kinds
3472 4153 28 30 of
3513 4152 161 39 Machinery
3687 4153 55 29 and
3756 4153 129 40 Gearing.

3126 4236 20 22 A
3171 4233 80 23 VERY
3277 4233 96 23 LARGE
3398 4232 90 23 STOCK
3512 4232 38 22 OF
3575 4233 144 22 PATTERNS
3744 4233 36 21 TO
3805 4233 102 23 SELECT
3933 4232 86 24 FROM.

3008 4303 216 32 ESTIMATES
3244 4303 132 28 GIVEN.

3544 4302 357 29 CORRESPONDENCE
3921 4302 212 29 SOLICITED.

3026 4388 116 38 Repairs
3155 4386 55 30 and
3223 4395 82 29 every
3318 4384 168 39 description
3500 4384 30 30 of
3543 4383 190 39 Engineering
3745 4384 54 29 and
3816 4384 194 30 Blacksmith's
4023 4383 88 31 Work

3411 4424 144 38 Promptly
3576 4424 149 28 Executed.

3204 4519 104 38 GROWN
3337 4521 39 36 ON
3406 4520 63 37 THE
3498 4521 89 36 HILLS
3615 4521 36 36 OF
3679 4521 103 36 SUNNY
3810 4521 123 38 CEYLON.

3383 4608 397 51 DRINRONLY

3404 4904 110 40 PURE
3535 4905 191 38 BLENDED

3343 4965 89 38 HILL
3453 4964 158 40 CROWN
3624 4963 162 41 CEYLON

3115 5064 63 38 THE
3194 5064 87 38 MOST
3293 5063 158 38 DELICIOUS
3464 5063 23 36 &
3501 5063 196 36 ECONOMICAL
3709 5061 61 37 TEA
3785 5063 30 35 IN
3829 5061 62 38 THE
3905 5061 110 37 WORLD.

3433 5226 90 29 Local
3543 5225 145 28 Agbnts—

3037 5286 35 30 D.
3090 5283 194 35 CORMACK,
3305 5279 171 39 Roxburgh;
3495 5277 123 31 JOHNS
3639 5278 24 29 &
3682 5277 181 37 M'COMBE,
3883 5279 104 28 Millers
4008 5277 71 31 Plat.

3001 5376 41 53 F
3046 5418 11 11 #
3139 5377 34 38 J.
3251 5370 296 42 WILLIAMS,

3025 5445 201 23 HAIRDRESSER
3244 5444 62 22 AND
3324 5439 199 26 TOBACCONIST,

3197 5495 163 29 Lawrence.

3039 5586 151 31 LADIES'
3221 5579 294 35 HAIRCOMBINGS

3085 5636 110 31 MADE
3214 5633 92 31 INTO
3326 5631 143 31 PLAITS.

3006 5724 101 29 Orders
3116 5723 36 37 by
3161 5722 63 38 post
3231 5718 138 40 promptly
3375 5714 130 31 attended
3514 5718 34 24 to.

3623 5358 86 30 OZIE
3723 5357 82 30 TEA.
3844 5359 25 28 A
3882 5358 173 40 stimulating
4064 5360 53 29 and

3657 5398 154 38 sustaining
3823 5408 52 28 cup
3888 5399 28 27 in
3928 5409 121 18 summer
4064 5401 53 26 and

3568 5439 104 28 winter.
3710 5437 36 29 D.
3762 5437 141 36 Couuac*,
3917 5440 105 36 Agent,
4042 5439 56 28 Rox-

3569 5479 98 36 burgh.
