2470 3810
1285 497 111 98 Oxford
1415 497 56 98 and
1490 497 74 98 Inst
1583 497 167 98 Observer.

1285 595 247 20 PUBLISHED
1559 595 191 20 WEEKLY.

1312 641 165 25 SATURDAY,
1508 642 74 22 March
1601 645 42 23 7th,
1669 647 59 19 1891.

1302 684 208 31 Shortening
1545 685 53 30 the
1632 687 92 29 hours
1754 689 32 28 of

1260 722 85 31 labor
1357 725 58 29 will
1431 731 77 24 meet
1523 725 51 30 the
1585 728 199 39 unemployed

1260 765 151 39 difficulty
1422 777 8 23 j
1451 767 55 28 but
1530 766 73 29 this,
1610 776 102 21 means
1736 780 48 18 re-

1261 804 96 29 d-iced
1385 814 108 29 wages.
1536 806 63 29 The
1621 807 66 29 first
1705 816 78 21 com-

1262 845 158 38 pensation
1429 847 48 28 for
1492 857 18 19 a
1537 843 93 33 lower
1652 846 79 31 scale
1753 849 32 29 of

1261 889 154 35 payment,
1427 887 99 29 where
1539 887 24 28 it
1583 897 116 26 occurs,
1720 889 63 29 will

1261 926 37 29 be
1310 926 150 38 certainty
1474 927 61 29 and
1563 929 166 38 regularity
1754 929 34 29 of

1261 965 125 31 income.
1428 967 105 40 Every
1573 976 70 21 man
1684 967 101 31 would

1262 1007 111 37 prefer,
1402 1013 109 32 except,
1538 1008 52 28 the
1615 1007 169 31 ill-advised

1263 1047 127 38 earning
1405 1045 65 40 30/-
1481 1047 48 29 for
1546 1048 48 28 six
1618 1049 76 38 days
1719 1048 64 39 toil,

1264 1087 72 28 than
1364 1088 48 28 six
1435 1088 141 39 shillings
1604 1096 19 21 a
1644 1089 66 40 day,
1733 1089 50 29 for

1263 1127 70 28 four
1347 1127 74 38 days
1437 1128 94 34 work,
1543 1126 61 31 and
1629 1129 52 29 the
1700 1129 87 29 other

1263 1170 61 26 two
1354 1172 88 33 spent
1472 1169 31 28 in
1539 1166 157 43 tramping
1731 1167 54 32 the

1264 1213 130 33 country
1409 1206 30 31 ij
1453 1206 106 32 search
1587 1209 31 29 of
1647 1209 33 29 it.
1722 1207 65 33 But

1263 1248 84 29 these
1387 1250 155 28 moderate
1590 1260 98 29 wages
1737 1261 50 19 are

1265 1288 167 40 cheerfully
1469 1288 144 41 accepted
1655 1289 31 31 in
1728 1292 59 29 this

1265 1329 130 35 district;
1418 1341 45 19 we
1498 1334 82 26 must
1604 1335 52 26 not
1688 1332 100 39 forget

1265 1369 68 29 that
1347 1368 63 41 10/-
1437 1370 58 29 and
1524 1371 66 39 12/-
1613 1382 16 18 a
1650 1372 59 40 day
1738 1383 50 19 are

1265 1410 52 28 the
1333 1411 59 36 city
1402 1416 89 22 rates.
1534 1411 33 28 If
1571 1413 121 35 regular
1702 1414 87 28 work

1267 1459 54 18 can
1337 1449 36 29 be
1385 1451 123 28 secured
1523 1455 33 24 at
1572 1451 60 38 12/-
1646 1461 33 20 so
1700 1463 66 19 nine
1775 1463 13 19 a

1265 1489 52 29 the
1326 1490 101 28 better
1451 1490 50 29 for
1524 1501 168 30 everyone;
1714 1494 74 28 such

1266 1540 60 28 pay
1342 1531 101 29 wou'd
1470 1532 54 28 tell
1547 1532 33 28 of
1608 1542 181 29 prosperous

1268 1570 96 35 times,
1378 1570 104 30 unless
1495 1571 25 29 it
1535 1572 93 30 arises
1643 1572 77 30 from
1735 1573 52 29 the

1267 1611 205 40 squandering
1500 1611 33 30 of
1544 1612 155 31 borrowed
1723 1614 66 29 mil-

1265 1651 87 29 lions.
1395 1652 147 30 Whether
1563 1663 101 28 wages
1678 1655 32 28 in
1730 1665 59 28 any

1267 1692 87 29 trade
1369 1703 51 19 are
1432 1703 32 19 so
1479 1692 74 39 high
1563 1703 33 20 as
1606 1697 31 25 to
1648 1695 140 39 paralyse

1266 1732 52 30 the
1344 1732 129 30 demand
1495 1734 49 28 for
1571 1734 66 29 that
1664 1735 75 29 kind
1761 1734 32 29 of

1265 1773 99 34 labor,
1406 1773 77 30 New
1501 1774 135 29 Zealand
1661 1776 130 28 artisans

1267 1813 99 30 would
1375 1814 40 28 do
1419 1814 68 30 well
1496 1818 31 25 to
1535 1814 149 36 consider.
1727 1816 63 29 But

1267 1864 43 18 we
1319 1854 71 29 take
1398 1854 25 28 it
1430 1855 70 28 that
1512 1855 53 29 the
1573 1859 65 26 rate
1650 1856 31 28 of
1690 1866 102 24 wao;es

1267 1905 31 17 m
1309 1898 114 26 certain
1446 1905 83 20 cases
1558 1896 92 39 being
1672 1896 118 40 beyond

1268 1934 157 30 their.true
1439 1936 119 29 market
1582 1938 90 27 value
1690 1938 26 29 is
1739 1938 52 29 the

1270 1974 194 40 explanation
1480 1976 67 29 that
1558 1976 90 30 while
1670 1977 32 29 in
1730 1977 61 29 En-

1268 2015 101 37 gland,
1384 2016 31 28 in
1425 2016 89 29 olden
1524 2017 99 35 times,
1633 2027 68 19 men
1712 2028 79 19 were

1269 2056 102 38 rarely
1387 2060 54 25 out
1468 2057 32 28 of
1526 2056 95 35 work,
1647 2056 32 30 in
1705 2058 87 29 these

1269 2096 130 28 colonies
1411 2096 52 30 the
1483 2106 53 30 cry
1558 2096 35 30 of
1612 2098 52 28 the
1686 2108 104 19 unem-

1268 2135 110 38 ployed
1389 2136 54 29 has
1455 2137 121 29 become
1599 2138 131 29 chronic.

1310 2175 97 30 There
1436 2186 50 20 are
1504 2178 100 29 forces
1640 2181 33 26 at
1706 2179 86 29 work

1270 2215 141 31 however
1432 2217 67 29 that
1534 2218 74 29 tend
1648 2221 32 26 to
1712 2219 79 30 raise

1271 2266 107 29 wages,
1392 2258 100 29 which
1507 2257 52 30 the
1583 2260 156 28 reduction
1758 2260 34 29 of

1270 2297 94 30 hours
1425 2298 105 30 lessen.
1575 2300 214 38 Competition,

1269 2337 100 30 hailed
1378 2339 40 39 by
1444 2339 138 39 working
1605 2350 69 19 men
1696 2340 96 30 them-

1270 2379 98 28 selves
1396 2380 33 27 in
1453 2380 52 29 the
1534 2380 78 29 form
1642 2381 32 29 of
1715 2381 76 29 Free

1271 2418 106 35 Trade,
1392 2420 55 28 has
1468 2421 115 37 proved
1607 2431 18 19 a
1643 2421 146 30 heartless

1270 2463 141 37 tyranny.
1456 2460 30 29 It
1507 2461 24 28 is
1550 2463 33 26 to
1597 2461 37 30 be
1653 2466 62 25 met
1749 2462 42 39 by

1272 2500 213 36 combination,
1511 2501 123 38 equally
1655 2512 31 19 as
1712 2502 82 29 dan-

1270 2549 118 28 gerous,
1416 2540 102 30 unless
1543 2543 166 28 controlled
1750 2544 43 37 by

1270 2580 125 29 wisdom
1409 2581 60 28 and
1477 2581 59 29 self
1544 2582 143 30 sacrifice.
1731 2582 63 30 The

1270 2623 66 27 rate
1347 2620 35 29 of
1404 2628 103 33 wages
1525 2620 27 31 is
1566 2622 117 40 largely
1696 2633 98 29 regu-

1270 2661 83 30 lated
1361 2663 41 37 by
1413 2662 52 29 the
1476 2663 85 29 labor
1569 2664 119 29 market
1699 2665 32 29 of
1741 2665 51 29 the

1271 2701 102 30 world.
1431 2701 63 31 The
1524 2704 71 39 only
1622 2705 117 29 barrier
1766 2705 26 29 is

1274 2741 174 31 Protection
1462 2743 61 30 and
1550 2744 120 39 beyond
1690 2755 19 19 a
1730 2755 62 21 cer-

1270 2782 63 29 tain
1345 2783 87 29 mark
1442 2784 69 29 that
1521 2784 26 29 is
1559 2795 18 18 a
1586 2786 207 37 questionable

1270 2823 171 38 expedient.
1498 2825 226 31 Combinations
1764 2826 34 29 of

1270 2863 85 30 labor
1363 2868 81 25 must
1458 2864 150 31 therefore
1622 2866 72 30 take
1709 2867 83 39 place

1270 2901 32 32 in
1320 2903 52 30 the
1397 2903 58 31 low
1482 2905 69 38 paid
1580 2908 151 29 countries
1766 2908 26 28 if

1270 2943 74 31 New
1359 2943 132 31 Zealand
1509 2945 26 30 is
1557 2950 55 26 not
1639 2950 32 26 to
1697 2948 95 30 suffer

1270 2985 119 38 beyond
1400 2985 178 31 endurance.
1622 2987 62 30 The
1696 2988 96 31 battle

1271 3025 147 38 probably
1448 3026 64 29 will
1537 3027 73 29 take
1643 3028 85 38 place
1761 3030 33 28 in

1270 3065 136 36 Austria,
1448 3065 151 40 Belgium,
1641 3067 155 43 Germany

1270 3105 60 29 and
1352 3105 117 30 France
1480 3116 8 24 ;
1521 3108 59 28 and
1608 3108 41 30 its
1683 3110 111 30 results

1270 3149 82 25 must
1359 3145 118 40 largely
1486 3147 103 30 decide
1602 3148 52 29 the
1669 3149 78 29 scale
1763 3150 33 28 of

1269 3191 55 22 our
1360 3195 109 28 wages.
1526 3187 82 29 Wise
1643 3188 151 30 unionism

1268 3224 63 30 will
1344 3225 160 40 infallably
1538 3227 134 31 increase
1698 3237 98 32 wages

1269 3265 33 28 in
1315 3265 86 30 these
1411 3267 159 29 countries.

1309 3304 53 31 We
1392 3316 50 19 are
1464 3306 139 31 however
1611 3308 184 42 forecasting

1268 3345 53 33 the
1348 3346 84 30 work
1456 3346 32 30 of
1500 3357 96 29 years.
1647 3349 147 34 Intricate

1268 3387 155 37 questions
1437 3387 64 31 will
1514 3389 77 29 arise
1606 3390 50 29 for
1665 3391 129 40 though-

1270 3426 47 31 ful
1341 3427 171 39 prudence;
1535 3429 61 31 loss
1618 3431 61 31 and
1708 3432 86 30 hind-

1269 3477 90 19 rance
1369 3468 61 29 will
1441 3477 91 21 occur
1537 3469 77 31 from
1620 3472 165 40 elfseeking

1267 3508 179 39 employers,
1452 3509 60 29 and
1516 3520 78 25 men,
1603 3511 48 29 led
1660 3512 40 40 by
1710 3513 85 32 those

1267 3547 101 29 whose
1383 3549 76 38 only
1700 3553 26 30 is
1742 3555 50 29 th

1296 3588 60 37 gift
1366 3589 32 28 of
1407 3589 52 29 the
1604 3591 63 30 Bat
1676 3595 113 39 surely,

1267 3626 116 40 though
1394 3629 115 39 slowly,
1531 3641 100 30 wages
1655 3634 63 29 will
1732 3636 60 29 rise

1267 3668 31 29 in
1331 3668 51 30 the
1425 3673 92 29 worst
1556 3672 72 41 paid
1656 3675 136 41 employ-

1272 3711 107 29 ments.

1916 187 83 31 Then
2021 188 25 30 it
2072 192 84 26 must
2184 187 36 31 be
2242 187 157 40 distinctly

1874 236 68 22 seen
1953 227 67 31 tliat
2029 230 52 28 the
2103 230 188 38 purchasing
2300 237 99 30 power

1874 268 32 29 of
1930 277 111 31 money
2064 270 26 28 is
2114 270 170 39 advancing
2306 270 93 28 faster

1872 309 73 29 than
1955 309 52 30 the
2011 313 66 26 rate
2083 310 32 29 of
2119 321 69 29 pay.
2235 310 31 28 If
2285 321 45 18 we
2346 320 51 19 are

1870 360 28 18 in
1902 347 79 41 erely
1989 360 33 20 co
2026 361 16 17 u
2046 354 65 26 tent
2116 355 31 25 to
2154 354 49 26 cat
2207 352 23 28 si
2234 362 26 18 m
2264 352 19 28 il
2287 361 13 18 a
2306 362 14 17 r
2325 352 48 26 foe
2377 348 20 31 d

1870 395 32 23 to
1914 401 80 18 wear
2005 391 50 29 the
2064 401 79 20 same
2154 395 63 25 sort
2230 392 32 28 of
2271 390 124 37 clothes,

1872 440 37 19 an
1917 429 12 30 .1
1954 434 31 25 to
2010 431 78 30 limit
2107 430 153 31 ourselves
2283 435 32 25 to
2340 432 53 29 the

1871 480 81 20 same
1968 472 78 38 style
2055 472 32 29 of
2098 472 49 29 life
2167 483 33 18 as
2214 479 57 31 ptir
2279 471 113 40 grand-

1869 510 127 37 fathers,
2008 514 80 27 most
2101 522 124 25 persons
2239 514 101 29 would
2356 514 38 28 be

1871 552 67 28 able
1950 556 31 24 to
2001 560 73 20 save
2096 562 31 18 as
2150 550 91 31 much
2263 564 33 18 as
2311 554 82 28 their

1869 591 178 29 forefathers
2069 592 104 38 spent!
2196 589 73 33 This
2290 594 27 28 is
2342 594 57 31 the.

1869 639 39 21 mi
1913 629 155 40 perceived
2082 634 68 36 gain
2170 632 66 30 that
2257 634 134 29 machin-

1870 682 52 27 ery
1936 672 101 36 brings
2047 675 31 25 to
2093 681 92 29 every
2199 674 193 28 maii's-=door.

1873 712 65 28 The
1952 712 61 28 fact
2023 712 25 29 is
2064 722 45 20 we
2119 713 106 37 spend,
2224 713 80 29 what
2314 723 80 19 nac-

1869 751 107 40 hinery
1990 763 87 19 earns
2086 764 47 26 us,
2143 753 58 29 and
2217 754 28 28 in
2260 754 132 38 general,

1870 790 60 30 live
1938 800 52 30 .tip
2017 796 33 25 to
2074 802 55 20 our
2152 794 125 28 income.
2320 794 73 28 And

1872 830 88 32 while
1973 842 64 20 men
2061 841 50 22 are
2131 836 124 27 content
2272 837 34 26 to
2320 833 72 30 take

1872 870 51 32 the
1938 870 118 32 market
2066 874 88 29 value
2163 874 48 29 for
2220 874 80 29 their
2310 873 83 30 labor

1872 913 74 39 they
1954 913 62 29 will
2136 925 30 18 as
2182 925 19 18 a
2214 924 181 28 compensa-

1872 953 64 29 tion
1947 953 52 30 the
2020 954 57 29 full
2093 954 188 40 cheapening
2291 964 105 29 power

1872 994 33 28 of
1918 994 175 39 machinery
2133 995 32 28 in
2183 996 86 27 other
2292 995 100 28 words

1874 1032 79 30 their
1979 1043 109 31 money
2114 1035 62 28 will
2210 1044 38 30 go
2267 1035 127 29 farther*

1873 1070 72 32 This
1955 1074 25 28 is
1992 1076 51 27 the
2051 1075 111 28 second
2170 1076 224 37 compensation

1872 1113 47 29 for
1929 1114 93 29 hours
2049 1116 90 37 being
2166 1116 155 37 regulated
2345 1116 43 35 by

1871 1154 52 28 the
1933 1154 110 40 supply
2068 1156 30 27 of
2115 1154 84 30 labor
2218 1156 61 28 and
2293 1165 101 29 wages

1870 1194 42 39 by
1921 1194 118 30 market
2053 1194 99 31 value*

1912 1243 62 31 But
1982 1243 86 31 there
2079 1244 25 30 is
2117 1243 30 31 in
2158 1252 142 32 progress
2309 1243 86 33 what

1872 1296 71 28 may
1952 1286 36 28 be
2002 1286 115 30 termed
2127 1286 133 30 socialist
2268 1297 127 28 govern-

1872 1328 90 26 ment.
2007 1326 63 29 The
2085 1327 159 29 education
2271 1328 32 28 of
2324 1327 73 29 chil-

1873 1366 75 28 dren
1960 1366 25 29 is
2010 1376 69 20 now
2101 1366 93 30 taken
2223 1366 45 30 off
2281 1367 52 29 the
2343 1368 54 28 in-

1875 1406 132 28 dividual
2017 1407 59 28 and
2086 1407 52 28 the
2147 1410 65 26 cost
2218 1408 179 28 distributed

1874 1454 71 20 over
1983 1446 52 29 the
2072 1457 94 18 comm
2170 1448 95 38 unity.
2331 1447 67 29 The

1874 1489 79 26 state
1975 1487 149 29 exercises
2153 1497 18 19 a
2198 1488 100 29 contol
2323 1497 74 20 over

1873 1526 104 37 mines,
2001 1527 175 38 machinery
2205 1528 59 28 and
2286 1528 111 38 shops;

1874 1566 60 30 and
1956 1566 55 30 has
2040 1567 73 39 long
2135 1568 74 28 been
2230 1568 51 29 the
2303 1568 97 29 foster

1872 1609 108 37 parent
2007 1606 35 31 of
2065 1608 140 38 orphans,
2240 1608 53 30 the
2308 1618 92 20 nurse

1873 1648 61 28 and
1947 1648 144 38 providor
2105 1649 48 28 for
2174 1650 53 28 the
2250 1650 65 29 sick
2336 1650 61 28 and

1874 1688 120 38 hapless
2005 1700 7 23 ;
2025 1688 55 30 the
2113 1688 167 30 Insurance
2308 1698 87 20 asso-

1873 1728 112 30 ciation
1993 1730 49 28 for
2057 1730 49 28 the
2126 1730 158 29 bereaved.
2326 1730 71 29 Pos-

1873 1769 79 39 sibly
1960 1770 25 28 it
1993 1779 69 29 may
2073 1779 118 19 assume
2211 1771 86 28 other
2310 1771 89 28 func-

1873 1809 124 29 tionsof
2003 1810 119 38 employ
2124 1821 31 18 er
2165 1811 58 28 and
2234 1810 161 39 capitalist.

1874 1849 31 29 It
1927 1850 54 29 has
2009 1851 156 28 furnished
2188 1851 152 39 examples
2364 1853 33 27 in

1874 1890 52 29 the
1964 1891 129 40 railway
2142 1891 177 40 workshops
2364 1892 31 28 in

1873 1932 75 27 road
1958 1931 122 39 making
2091 1933 61 27 and
2162 1933 124 37 general
2297 1942 100 28 carry-

1873 1971 61 38 ing.
1979 1971 30 28 It
2017 1982 72 30 may
2101 1972 112 40 supply
2227 1972 53 29 the
2293 1973 105 38 public

1874 2012 74 28 with
1965 2016 101 30 water,
2086 2022 62 29 gas.
2174 2013 60 29 and
2249 2013 40 29 all
2302 2013 95 29 forms

1876 2051 34 28 of
1935 2052 175 40 electricity.
2176 2052 108 30 Prison
2312 2053 87 29 labor

1874 2092 100 38 might
1992 2093 37 28 be
2051 2093 122 28 utilised
2193 2094 49 27 for
2262 2094 53 28 the
2327 2104 70 19 con-

1875 2132 148 29 struction
2036 2132 34 29 of
2089 2133 108 30 houses
2211 2134 49 28 for
2274 2134 124 29 citizens

1875 2172 68 29 who
1970 2172 79 29 have
2073 2174 192 29 contributed
2287 2177 33 26 to
2347 2174 51 30 the

1875 2213 114 30 service
2021 2213 32 29 of
2086 2213 52 30 the
2161 2223 137 21 common
2312 2216 85 29 weal.

1875 2253 61 29 But
1950 2254 69 30 who
2033 2255 72 29 does
2129 2259 54 24 not
2197 2266 49 19 see
2260 2256 52 29 the
2328 2266 69 19 care

1874 2295 71 28 that
1953 2295 28 28 is
1999 2295 142 38 required
2159 2296 32 28 in
2205 2296 108 39 taking
2322 2297 74 29 each

1875 2335 58 38 slip
1946 2335 13 30 ?
1987 2335 166 30 Whatever
2182 2336 24 29 is
2225 2337 173 38 cheapened

1875 2375 31 30 in
1936 2375 59 29 this
2019 2386 69 27 way
2113 2380 32 25 to
2159 2377 113 39 public,
2294 2388 103 19 means

1874 2415 92 30 borro
1971 2416 79 39 wing
2054 2417 60 28 and
2118 2418 56 28 bor
2176 2418 91 28 rcrwin
2271 2428 21 29 g
2296 2429 102 19 means

1875 2456 120 30 further
2009 2457 146 30 taxation.
2199 2458 63 30 Our
2275 2464 124 33 present

1875 2497 174 38 borrowing
2066 2498 55 29 has
2145 2499 88 29 made
2254 2500 25 28 it
2289 2500 111 29 harder

1875 2540 32 25 to
1943 2547 94 28 every
2058 2539 142 39 working
2211 2549 70 20 man
2293 2542 32 26 to
2340 2540 60 40 day

1875 2580 33 25 to
1950 2578 71 38 gain
2060 2588 19 19 a
2115 2579 173 30 livelihood.
2336 2580 64 30 The

1874 2617 103 40 public
2005 2629 57 19 can
2084 2619 96 40 judge
2207 2620 68 30 Low
2307 2622 91 29 much

1875 2659 122 29 heavier
2011 2660 135 28 taxation
2161 2661 73 33 they
2250 2672 57 19 can
2315 2662 82 30 bear.

1877 2699 61 28 But
1948 2709 43 19 we
2004 2699 71 29 hold
2095 2700 68 30 that
2176 2705 86 26 taxes
2291 2702 110 30 should

1876 2749 83 20 come
1972 2740 79 29 from
2081 2741 109 29 wealth
2213 2742 60 29 and
2291 2746 55 26 not
2355 2743 47 29 in-

1876 2780 108 40 dustry
1993 2791 8 24 ;
2025 2781 59 29 and
2099 2782 63 28 also
2176 2782 69 29 that
2267 2783 52 30 the
2329 2783 73 32 land

1877 2821 108 30 should
2012 2826 54 24 not
2098 2822 36 28 be
2163 2822 150 30 alienated
2344 2826 57 29 but

1876 2862 110 34 leased,
2021 2862 75 29 with
2120 2873 40 19 an
2194 2874 54 29 eye
2287 2867 33 27 to
2348 2866 52 28 the

1908 2903 153 29 unearned
2296 2914 31 20 so
2338 2906 62 29 also

1877 2942 95 29 mines
2004 2943 61 29 and
2098 2943 118 32 forests.
2272 2945 38 30 In
2338 2946 62 30 this

1878 2982 147 32 direction
2047 2984 62 29 will
2134 2994 83 22 come
2242 2986 52 29 the
2319 2987 81 31 third

1879 3024 224 38 compensation
2124 3024 50 30 for
2202 3027 200 39 equalization

1880 3063 35 29 of
1921 3073 109 28 wages.

1920 3115 32 29 It
1961 3116 26 28 is
1996 3115 31 29 in
2043 3115 62 30 this
2128 3127 68 29 way
2210 3119 52 29 the
2271 3122 134 27 extreme

1880 3163 140 29 pressure
2031 3156 63 28 will
2114 3157 38 29 be
2170 3162 63 25 met
2262 3160 58 28 and
2335 3170 69 29 pro-

1880 3195 97 29 vision
1999 3195 36 29 be
2055 3196 89 30 made
2166 3198 49 30 for
2234 3200 173 39 everyone's

1881 3238 180 28 sustenance
2071 3236 53 30 the
2134 3247 36 29 pr
2181 3240 89 29 >blem
2283 3250 44 19 we
2336 3240 70 30 take

1880 3275 26 29 it
1920 3276 32 31 of
1976 3276 160 31 socialism.
2179 3278 65 31 But
2258 3290 44 21 we
2325 3286 82 25 must

1880 3319 54 28 not
1943 3317 36 30 be
1989 3317 87 31 blind
2097 3322 33 29 to
2139 3320 54 29 the
2215 3322 115 29 serious
2343 3322 64 29 fact

1880 3357 69 29 that
1961 3358 129 31 Millions
2109 3360 80 31 from
2216 3362 54 30 the
2285 3367 122 35 poorest

1883 3397 69 39 paid
1963 3399 164 37 countries,
2142 3402 76 30 such
2243 3412 34 20 as
2297 3400 96 35 China

1881 3438 59 31 and
1951 3439 160 43 European
2132 3442 89 31 lands
2242 3454 52 20 are
2316 3445 91 30 wait-

1881 3480 54 37 ing
1949 3483 32 26 to
1996 3482 80 30 avail
2104 3482 178 31 themselves
2306 3485 101 30 oour

1882 3518 195 42 advantages.
2129 3522 31 31 It
2182 3534 70 29 may
2275 3525 39 29 be
2335 3525 72 30 wise

1881 3563 32 25 to
1933 3560 103 40 adjust
2055 3570 56 24 our
2125 3567 87 36 petty
2232 3565 174 30 difficulties

1882 3600 60 31 and
1953 3605 56 26 not
2027 3602 44 29 let
2085 3603 42 32 aU
2137 3605 50 29 the
2208 3605 94 31 world
2316 3606 91 31 know

1882 3650 56 21 our
1963 3643 113 31 wealth
2104 3645 42 38 by
2171 3654 55 21 our
2244 3648 163 40 oomplain-

1881 3680 78 42 ings.
1993 3682 74 34 *The
2101 3685 98 30 whole
2221 3687 104 32 future
2360 3688 47 30 his

1882 3722 112 35 before,
2003 3734 35 21 us
2052 3724 49 33 for
2114 3727 92 31 social
2226 3727 108 32 reform
2347 3730 60 29 and-

518 47 164 34 OXFORD
724 53 88 31 AND
856 54 104 34 CUST
1004 54 220 33 OBSERVER
1269 55 230 40 SATURDAY,
1542 57 143 34 MARCH
1728 63 28 36 7,
1799 63 86 32 1891,

1310 181 170 54 FOR
1521 184 228 54 SALE.

1259 281 178 80 DOUBLE
1465 283 162 30 SEATED
1639 283 146 33 BUGGY

1338 323 31 30 in
1387 321 79 41 good
1481 325 97 30 order.
1620 324 104 41 Apply
1739 330 32 26 to

1539 375 56 29 'A.
1613 374 89 40 LEE,

1510 414 85 31 West
1618 416 123 30 Oxford.

649 177 229 58 TOWN
964 178 207 57 HALL

747 247 107 29 EAST
897 245 175 32 OXFORD.

647 325 102 78 THE
771 325 91 31 REV.
886 325 33 35 T.
939 325 230 40 SPURGEON,

711 367 62 29 will
784 368 110 38 preach
903 368 32 28 in
949 368 52 28 the
1013 368 94 29 above
1117 379 53 17 na-

647 406 67 30 med
727 406 80 37 Hall,
823 408 141 38 morning
975 408 60 29 and
1044 410 130 37 evening

649 447 134 40 Sunday,
797 448 107 30 March
920 450 57 34 Bst,

647 522 53 31 ON
716 522 203 38 TUESDAY,
934 522 140 32 MARCH
1087 523 85 38 10th,

825 576 25 22 at
868 576 65 24 7.30.
947 581 57 24 p.m.

660 616 40 22 Mr
710 616 126 31 Spurgeon
846 617 47 24 will
905 617 90 23 deliver
1006 617 38 23 his
1057 615 107 32 Popular

800 659 101 24 Lecture
914 659 99 24 entitled

650 695 97 24 'JOHN
758 695 212 25 PLOUGHMAN
975 696 16 24 S
1001 696 172 25 PICTURES'

699 737 136 25 illustrated
848 739 27 30 bj'
888 737 140 32 Dissolving
1039 737 87 28 Views.

764 796 162 24 SANKEY'S
944 795 119 24 HYMNS

741 858 149 29 Admission,
909 859 52 24 One
978 858 102 32 shilling

834 972 172 33 ANNUAL

653 1024 179 39 SPECIAL
844 1024 110 39 SALE
966 1026 36 37 of
1013 1024 162 39 CATTLE

666 1106 238 35 THURSDAY,
922 1105 148 31 MARCH
1083 1108 91 34 26th,

661 1185 157 25 PRESENT
835 1186 150 24 ENTRIES
1003 1186 162 24 CONSISTS

911 1227 30 16 OP

685 1253 48 23 150
744 1251 70 24 Head
825 1252 15 23 8
848 1251 49 24 and
907 1253 73 30 4year
991 1252 41 25 old
1044 1249 129 26 CATTLE

652 1317 162 24 FURTHER
834 1317 149 24 ENTRIES
997 1316 178 25 SOLICITED

686 1381 33 25 As
741 1390 15 16 a
778 1381 100 24 number
894 1382 27 23 of
941 1382 87 30 buyers
1050 1388 63 16 irom
1135 1382 41 23 the

655 1415 69 23 West
740 1415 74 23 Coast
825 1414 63 24 have
904 1414 123 30 promised
1046 1415 27 22 to
1092 1414 85 23 attend

653 1447 50 23 this
714 1446 55 24 Sale
781 1446 20 23 it
813 1446 47 23 will
874 1447 27 22 he
912 1454 15 15 a
939 1445 70 24 Good
1020 1445 157 30 opportunity

653 1480 26 23 to
689 1478 99 24 Farmer
800 1480 24 22 to
835 1478 95 31 dispose
942 1478 26 23 of
977 1477 64 25 their
1061 1477 47 24 Fat
1128 1477 48 24 and

656 1511 70 25 Store
738 1511 87 25 Cattle.

817 1543 87 24 JOHN
922 1543 143 26 INGRAM,

1020 1573 154 25 Auctioneer.

655 1724 335 41 SLAUGHTERING
1001 1722 177 40 LICENCE

874 1779 7 13 >
914 1780 48 13 -<

653 1807 17 29 I
683 1806 115 39 hereby
811 1807 70 38 give
895 1806 99 29 notice
1016 1805 69 29 that
1105 1805 26 28 it
1152 1805 25 28 is

654 1858 51 28 my
714 1847 149 29 iotention
875 1851 32 24 to
919 1846 93 38 apply
1026 1849 32 25 at
1063 1845 51 29 the
1123 1845 55 29 sit-

654 1889 69 36 ting
738 1886 34 31 of
781 1887 52 29 the
849 1886 115 30 Oxford
980 1885 34 30 R.
1030 1885 42 35 M,
1086 1884 94 31 Court

654 1931 33 26 to
700 1929 39 28 be
752 1928 71 29 held
837 1938 40 18 on
899 1927 51 29 the
974 1929 11 26 1
992 1926 63 34 2th,
1076 1925 104 29 March

654 1969 49 28 for
713 1973 22 24 it
760 1967 216 39 Slaughtering
997 1965 129 30 Licence
1148 1969 31 26 to

658 2008 161 38 Slaughter
833 2018 39 18 on
886 2007 97 29 Rural
999 2006 122 30 Section
1132 2006 48 29 No

658 2050 97 28 15421
784 2048 139 29 Situated
958 2051 32 25 at
1016 2047 96 29 Wood
1116 2046 64 29 side

658 2088 85 31 West
764 2087 124 31 Oxford.

862 2137 177 31 WALTER
1061 2137 122 29 RYDE.

657 2268 240 59 TOWN
954 2266 222 66 HALL,

724 2358 171 27 TUESDAY,
913 2356 119 25 MARCH
1049 2355 69 28 17th,

658 2418 43 36 J.
738 2416 60 38 M,
834 2413 348 45 THOMPSON,

674 2468 48 25 will
733 2468 89 24 deliver
830 2467 39 24 his
881 2466 127 32 charming
1019 2465 105 24 Lecture
1135 2472 31 17 on

780 2508 281 38 ZMZTTSIia

722 2561 52 24 how
786 2562 25 23 to
823 2560 68 24 learn
902 2559 49 24 and
955 2559 52 25 how
1016 2560 27 22 to
1047 2557 72 24 teach

771 2681 308 45 WANTED.

657 2749 152 79 Wanted
839 2748 182 40 purchasers
1051 2747 49 30 for
1127 2747 57 28 150

757 2790 80 39 pairs
851 2790 33 28 of
906 2787 211 31 TROUSERS
1128 2786 59 30 and

657 2830 126 30 VESTS
795 2835 32 25 at
840 2828 68 40 10/6
919 2829 99 29 worth
1028 2826 86 41 .21/-

663 2882 98 26 AB7P
787 2881 97 29 Yards
905 2881 33 27 of
959 2876 224 32 SHIRTINGS

663 2908 31 51 Jf
705 2919 17 39 I
737 2908 27 50 3
808 2924 33 26 at
861 2920 53 30 Six
923 2929 94 30 pence
1034 2929 54 28 per
1108 2917 77 40 yard

660 2962 98 30 woith
780 2961 47 29 Bd.
849 2971 55 28 per
917 2960 85 41 yard.

660 3012 149 79 IRflfl
830 3010 99 31 Yards
943 3011 32 30 of
988 3008 196 32 FLANNEL

689 3068 12 22 i
710 3041 64 49 vU
778 3041 31 48 ii
853 3056 31 23 at
895 3050 44 39 V-
949 3061 19 29 P
971 3061 33 18 er
1017 3061 20 28 y
1039 3049 55 30 aa^
1119 3048 65 30 so^

660 3102 33 26 at
707 3096 200 42 Cooperative
922 3095 103 30 Stores
1037 3100 32 26 at
1081 3093 102 41 l/3yd.

875 3146 36 30 R.
926 3146 41 29 H.
981 3144 165 30 PARISH.

963 3195 74 32 East
1058 3194 128 31 Oxford.

879 3270 41 16 v
920 3272 48 14 --<

700 3311 132 30 Wanted
860 3310 118 30 Known
1001 3308 69 30 that
1089 3306 37 32 A.
1142 3308 38 30 D.

658 3352 125 31 Hassall
804 3350 77 32 Cust
901 3350 54 30 has
973 3360 36 20 on
1051 3349 82 29 hand
1166 3358 18 20 a

656 3394 86 36 large
751 3392 110 38 supply
870 3392 32 29 of
918 3392 110 37 Hemp,
1060 3389 123 34 Manila,

658 3434 59 31 and
736 3433 78 30 Max
836 3430 179 33 BINDING
1034 3429 147 32 TWINE.

750 3561 131 44 FOR
911 3559 177 45 SALE.

660 3618 39 79 A
721 3617 102 35 COW,
846 3617 104 29 calved
960 3615 72 31 Dec.
1053 3616 47 34 27,
1124 3613 61 30 last

748 3657 101 40 Apply
863 3661 33 25 to

821 3707 94 31 Office
936 3707 33 30 of
988 3706 63 32 this
1072 3704 106 43 Paper.

35 172 10 90 I
147 178 107 56 No
254 177 79 80 n
333 178 104 56 cE
449 226 9 9 -

37 276 93 80 ANY
141 275 157 31 PERSON
309 277 95 29 found
413 281 146 37 trespass-

115 317 51 38 ing
184 327 36 18 on
244 327 49 29 n>y
321 318 86 29 Land
429 319 48 29 for
499 329 60 30 any

35 367 129 31 purpose
187 358 161 39 whatever,
369 359 59 29 will
442 359 37 30 be
491 370 67 28 pro-

39 398 116 29 secuted
164 419 7 15 ,

216 456 28 33 j.
268 459 38 30 M.
326 458 152 36 BOOTH,
538 483 5 2 -

327 501 85 29 West
433 500 125 30 Oxford.

40 628 162 78 NOTICE
210 638 60 29 any
279 629 107 28 Person
395 638 33 18 or
433 626 129 31 Persons

121 677 38 19 on
171 668 65 29 foot
244 679 34 18 or
291 667 165 30 horseback
466 668 97 28 found

40 709 186 39 trespassing
240 718 35 19 or
285 709 126 39 passing
431 708 133 37 through

39 760 50 29 my
101 749 75 29 farm
188 749 96 35 lands,
304 749 47 29 for
359 758 61 30 any
433 757 131 30 purpose

41 791 153 30 whatever
208 790 59 29 will
284 791 36 28 be
334 789 188 39 prosecuted.

218 841 33 29 P.
273 838 41 31 M<
333 838 152 35 GRATH,

302 880 86 29 West
398 879 127 30 Oxford.

119 996 387 62 TENDERS.

43 1090 69 78 TO
133 1090 78 30 LET
233 1089 53 29 BY
308 1087 165 31 TENDER
487 1088 48 29 for
550 1098 18 19 a

106 1136 77 24 term
199 1131 31 29 of
240 1132 18 26 4
263 1140 85 25 years
359 1129 79 29 from
448 1127 91 39 April
550 1129 15 28 1

45 1170 90 37 1891,
160 1172 39 28 50
213 1172 97 27 Acres
332 1170 31 28 of
378 1169 82 29 First
483 1168 86 30 Class

44 1211 88 31 Land
145 1217 70 33 part
229 1210 166 35 unbroken,
411 1209 52 29 the
480 1208 87 39 high-

45 1256 46 26 est
99 1263 35 19 or
145 1262 60 28 any
210 1252 106 29 tender
324 1254 54 26 not
387 1250 182 38 necessarily

47 1292 150 39 accepted.

86 1334 61 28 For
155 1333 122 28 further
286 1330 181 41 particulars
477 1331 92 39 apply

45 1377 33 26 to
115 1373 32 29 C.
169 1371 239 35 MEHRTENS,

344 1412 76 29 East
442 1410 126 29 Oxford.

45 1457 123 21 N.8.-This
183 1463 21 14 is
219 1463 14 14 a
248 1457 51 25 pirt
309 1456 23 19 of
342 1456 33 19 Mr
381 1455 113 20 Mehitens
502 1454 64 20 farm.

136 1565 186 31 DOCTORS
344 1564 124 31 BUSH.

44 1631 52 26 fIHO
106 1631 65 25 LET
179 1631 44 23 BY
234 1630 140 24 TENDER
386 1637 57 17 over
450 1630 48 24 200
505 1637 66 17 acres

49 1655 23 34 JL
107 1665 27 24 of
143 1665 66 23 Land
223 1664 50 23 veil
287 1663 47 24 laid
346 1664 69 23 down
426 1663 27 23 in
465 1663 106 30 English

46 1697 85 27 Grass,
141 1697 85 30 plenty
238 1696 27 24 of
273 1698 81 24 water,
367 1703 48 22 any
427 1695 113 30 quantity
547 1694 27 24 of

46 1730 56 23 Fire
115 1729 84 27 Wood,
214 1729 78 29 Sheep
303 1728 72 30 proof
385 1727 86 28 Fence,
494 1727 49 25 and
555 1735 15 16 a

47 1762 90 24 House.

80 1795 86 23 Terms
211 1795 15 22 3
237 1793 101 24 months
349 1794 52 22 rent
420 1792 26 24 in
465 1792 106 24 advance

47 1827 137 31 possession
195 1828 26 22 to
233 1827 28 22 be
272 1826 73 30 given
353 1832 32 17 on
397 1825 57 30 May
467 1825 71 24 lstl8
540 1826 6 13 (
541 1825 28 23 Jl

82 1859 108 24 Tenders
199 1861 26 21 to
237 1859 29 23 be
279 1860 52 22 sent
341 1860 25 21 to

276 1890 24 25 J.
318 1890 30 23 E.
366 1889 111 26 WELD,

397 1922 61 24 East
475 1922 98 24 Oxford.

68 2026 169 31 OXFORD
259 2026 114 31 ROAD
397 2025 152 31 BOARD.

50 2106 205 79 TENDERS
271 2118 51 20 are
332 2106 176 30 invited.for
520 2106 53 30 the

132 2148 158 39 following
298 2148 100 30 works
406 2158 6 18 :

91 2198 62 28 For
178 2199 212 37 constructing
413 2196 110 31 FORD
536 2207 38 19 on

49 2239 158 29 Perham's
221 2239 85 29 Bush
322 2238 94 35 Road,

80 2279 91 30 Plans
183 2280 60 28 and
256 2279 224 40 Specifications
495 2282 31 26 to
535 2279 38 30 be

52 2326 32 23 at
92 2321 53 29 the
159 2320 127 30 Board's
297 2320 91 31 Office
397 2320 100 30 where
508 2323 65 25 ten-

51 2361 67 29 ders
128 2361 60 29 will
197 2361 37 29 be
243 2361 136 30 received
388 2370 40 29 up
442 2363 31 27 to
485 2361 88 29 10-30

52 2411 67 20 a.m.
136 2411 37 19 on
188 2400 198 41 Wednesday,
401 2400 107 30 March
520 2400 54 30 4th

93 2441 63 31 The
164 2442 104 29 lowest
282 2452 34 20 or
329 2451 61 31 any
404 2442 106 29 tender
522 2445 53 26 not

52 2482 181 40 necessarily
246 2482 148 40 accepted.

134 2533 136 29 JAMES
282 2533 39 29 H.
340 2532 173 35 SHARPE,

122 2580 30 16 *
250 2583 90 31 Clerk
354 2587 32 27 to
397 2583 52 30 the
463 2583 111 30 Board.

54 2701 167 31 OXFORD
271 2702 115 30 ROAD
425 2701 151 30 BOARD.

55 2783 44 30 To
111 2783 140 30 Traction
263 2784 118 39 Engine
387 2783 189 38 Proprietors

54 2825 59 29 and
129 2824 111 30 others.

54 2874 164 80 HOTICE
238 2875 25 29 is
280 2875 113 40 hereby
411 2874 89 39 given
512 2874 66 29 that

135 2916 51 31 the
210 2915 128 40 Bridges
355 2926 18 19 a
396 2915 139 31 Culverts
545 2915 31 29 in

51 2957 53 29 the
133 2955 113 31 Oxford
265 2955 85 30 Road
378 2955 125 30 District
524 2965 51 20 are

51 2997 109 30 unsafe
173 2997 49 30 for
236 2996 52 31 the
304 2995 108 32 Traffic
433 3006 8 13 <
451 2995 14 30 f
482 2995 91 30 Trac-

51 3038 64 29 tion
171 3037 199 35 ENGINES,
389 3047 60 29 any
463 3037 114 28 Person

52 3079 91 38 using
157 3078 82 30 them
251 3077 47 30 for
307 3078 74 29 such
392 3076 109 31 Traffic
513 3076 62 30 will

52 3119 39 29 do
100 3129 33 20 so
143 3122 32 26 at
185 3119 78 29 their
273 3129 68 19 own
352 3117 74 36 risk,
442 3117 60 30 and
513 3117 63 30 will

52 3161 38 28 be
124 3159 71 29 held
229 3159 184 38 responsible
446 3157 36 39 by
520 3158 56 29 the

52 3199 103 31 Board
178 3199 48 30 for
246 3199 41 28 all
315 3198 127 40 damage
466 3197 110 30 caused

51 3240 128 39 thereby
193 3241 33 28 to
237 3238 50 32 the
298 3239 65 31 said
377 3237 130 41 Bridges
515 3237 61 32 arid

52 3280 147 31 Culverts.
240 3301 8 4 -

49 3327 50 39 By
114 3326 96 30 Order

99 3376 133 33 JAMES
254 3376 41 31 H.
319 3374 172 38 SHARPE,
521 3361 18 22 A

213 3422 90 31 Clerk
316 3425 36 30 to.
362 3420 53 32 the
425 3420 108 31 Board.

49 3495 92 30 WOT
147 3494 66 31 ICE
232 3495 21 28 is
277 3494 114 39 hereby
406 3493 90 37 given
506 3491 68 30 that

49 3523 36 52 Jj
131 3535 40 30 all
183 3538 79 27 rates
274 3533 199 38 outstanding
496 3531 80 30 alter

49 3575 52 31 the
119 3575 74 29 19th
206 3575 35 29 of
247 3574 107 30 March
369 3572 114 31 willbe
502 3571 74 30 sued

45 3617 58 34 for,
129 3615 131 30 without
268 3615 121 29 further
404 3613 106 30 notice.

94 3665 134 32 JAMES
250 3664 39 31 H.
315 3661 178 37 SHARPE,

207 3709 89 33 Clerk
307 3713 31 28 to
353 3709 53 31 the
421 3707 111 32 Board.
