2470 3810
40 161 77 25 them.
153 162 74 24 These
239 161 79 32 public
326 170 112 21 answers,
450 163 49 24 will
509 163 60 25 then

41 199 72 24 close.
147 198 43 33 My
203 208 70 16 name
283 201 47 23 and
353 201 100 24 address
473 208 46 16 can
539 200 29 24 be

43 236 109 24 obtained
165 240 25 21 at
200 237 42 24 the
255 236 145 26 '^Observer
412 238 75 25 Office
536 237 32 31 by

45 281 45 23 any
114 281 47 17 one
183 274 51 24 who
260 276 84 23 wishes
365 281 24 18 to
408 284 89 23 pursue
528 275 43 24 the

47 311 71 32 study
130 313 26 23 of
168 313 84 30 Graph
256 313 85 31 iology.

78 446 287 32 MOTHERS'
397 446 160 32 PAGE.

81 512 113 21 EDITED
210 514 40 19 BY
267 512 168 21 "MOTHERS'

83 565 50 21 Thk
142 567 63 26 Lady
214 567 79 19 Editor
302 565 72 22 would
382 566 44 20 like
438 570 20 14 lo
468 565 27 20 be
504 572 14 12 a
530 563 53 26 help

56 598 24 20 to
88 599 40 20 the
138 600 97 19 mothers
245 605 28 14 »n
280 599 9 20 I
306 598 118 26 daugh-i'rs
442 598 23 19 of
483 599 38 18 tlie
542 596 43 19 dis-

57 631 61 23 trict,
130 631 40 19 but
180 636 59 14 more
248 630 118 25 especially
386 633 22 16 to
426 629 39 20 the
479 628 62 19 moth
553 634 28 18 rs,

58 662 45 20 and
109 662 82 20 invites
197 661 59 21 them
264 662 10 19 t
282 671 4 8 .
293 662 63 19 write
364 661 22 19 to
391 660 40 20 her
436 658 35 21 for
475 666 43 19 any
521 659 23 19 Lh
554 664 30 19 ng

60 692 52 26 they
121 699 51 19 may
183 692 50 20 wish
243 693 24 20 to
279 694 66 19 ki.ow.
374 692 43 19 She
426 691 55 20 will,
488 697 17 14 n
519 696 67 14 eavor

61 726 24 18 to
99 725 52 24 give
167 725 39 19 the
216 732 11 13 m
247 727 38 17 the
304 725 14 19 b
331 725 22 19 st
370 730 96 12 answers
483 724 25 18 to
526 722 60 19 their

59 756 120 25 questions,
191 755 50 25 and,
254 756 6 20 i
271 763 3 12 i
288 756 47 20 ietu
346 762 21 17 n,
380 761 33 13 wo
422 754 30 20 .Id
462 755 26 19 be
498 753 54 26 glad
561 753 25 19 to

60 788 85 19 receive
154 794 44 19 any
212 788 144 25 suggestions,
375 786 56 26 good
447 786 86 24 recipes
551 784 35 19 f>>r

60 819 100 26 cookery,
179 818 142 25 needlework,
342 825 25 13 or
385 817 64 21 other
452 824 16 12 w
478 824 30 17 se,
535 816 26 20 th
575 816 12 19 t

60 850 55 26 they
125 851 65 19 think
200 851 45 19 will
254 851 27 20 be
294 850 74 21 usefal
386 850 24 19 to
426 850 11 19 t
446 849 39 20 >eir
502 847 85 21 friends

60 882 47 21 and
116 882 119 25 neighbors.
266 883 37 19 All
312 880 184 26 correspondence
515 881 23 18 to
561 879 26 20 be

76 914 105 20 ddressed
190 915 24 19 to
224 914 128 20 "Mother's
368 913 63 25 Help,
454 913 5 9 '
468 912 45 20 o>s
523 910 64 20 rver'

62 946 73 23 Office,
145 946 55 20 East

219 1007 205 17 HOUSEKEEPER

98 1042 77 31 Ways
192 1042 26 24 of
224 1042 94 30 serving
334 1049 33 23 up
378 1042 53 23 cold
453 1042 66 22 meat
530 1042 56 21 with

65 1077 119 29 potatoes.

99 1107 48 24 For
174 1107 105 24 Mutton.
280 1121 33 3 —
315 1106 80 24 Mince
422 1106 42 23 the
492 1105 94 23 mutton

65 1140 84 31 finely,
169 1140 47 23 and
228 1144 55 19 stew
294 1140 21 24 it
326 1140 24 23 in
363 1147 14 15 a
388 1138 62 24 little
462 1145 81 23 gravy,
564 1138 22 23 to

65 1173 81 24 which
155 1173 46 24 add
212 1180 15 16 a
244 1171 201 31 dessertspoonful
463 1171 26 23 of
503 1169 83 25 mush-

66 1213 69 16 room
148 1213 28 16 or
192 1204 89 25 walnut
303 1204 113 30 catchup,
439 1203 49 24 and
500 1211 13 15 a
525 1202 61 24 little

66 1239 89 23 butter.
195 1239 64 23 Stew
278 1237 37 24 till
336 1237 59 27 hot;
413 1235 97 25 thicken
533 1234 53 23 with

67 1278 15 16 a
92 1270 64 23 little
167 1270 69 27 flour,
254 1270 49 23 and
313 1276 66 17 serve
402 1276 29 15 on
444 1276 14 15 a
469 1267 55 23 dish
536 1274 50 16 sur-

65 1302 107 24 rounde.l
186 1302 30 26 by
228 1301 101 24 mashed
336 1302 120 29 potatoes.

100 1334 48 24 For
160 1333 67 24 Beef.
230 1348 29 3 —
261 1333 72 24 Mash
343 1334 120 29 potatoes,
473 1330 77 26 either
560 1330 26 23 in

67 1374 16 16 a
94 1366 66 31 plain
172 1373 61 23 way,
245 1374 26 15 or
281 1366 60 23 with
353 1366 42 23 hot
407 1364 68 27 milk,
487 1363 47 24 and
546 1363 40 23 the

67 1399 56 30 yolk
135 1399 27 23 of
171 1406 29 16 an
213 1406 52 22 egg,
289 1398 48 24 and
348 1397 47 25 add
417 1404 67 16 some
507 1396 79 23 butter

67 1432 48 24 and
133 1431 54 25 salt.
223 1431 63 24 Slice
298 1431 41 24 the
351 1429 53 26 cold
427 1428 55 25 beef
491 1427 44 25 and
548 1427 38 31 lay

66 1464 21 24 it
98 1469 24 18 at
134 1465 39 23 the
185 1464 92 24 bottom
300 1464 27 24 of
336 1472 14 16 a
361 1463 39 30 pie
411 1462 62 28 dish,
497 1460 89 30 adding

66 1500 26 20 to
104 1497 19 24 it
134 1505 67 16 some
212 1496 74 23 sliced
297 1495 124 26 eschalots,
432 1502 96 24 popper,
541 1493 45 23 salt

66 1529 48 23 and
136 1537 15 16 a
172 1528 65 24 little
257 1528 56 24 beef
337 1535 90 24 gravy;
449 1534 71 17 cover
547 1525 39 24 the

65 1561 80 24 whole
172 1561 57 24 with
257 1569 15 16 a
300 1560 65 25 thick
399 1562 67 28 paste
494 1559 26 24 of
545 1558 41 24 the

65 1596 120 29 potatoes,
208 1594 48 23 and
268 1594 71 23 make
362 1592 42 25 the
416 1594 65 23 ©rust
503 1594 24 22 to
539 1591 47 23 rise

65 1626 48 24 like
125 1635 13 15 a
161 1627 39 30 pie
226 1629 74 21 crust.
336 1626 73 24 Serve
437 1625 40 23 the
505 1625 81 30 potato

66 1660 68 23 crust
150 1659 59 24 with
237 1658 42 25 the
305 1659 68 30 point
400 1657 25 24 of
445 1665 14 15 a
484 1657 69 23 knii'e
563 1656 23 23 in

67 1698 98 23 squares
176 1691 28 23 of
212 1691 70 29 equal
294 1691 56 22 size.
383 1689 49 23 Put
444 1688 42 24 the
497 1688 55 24 dish
564 1688 22 23 in

66 1723 44 24 the
121 1731 62 16 oven
195 1724 47 22 and
258 1723 60 23 bake
340 1721 62 24 until
425 1721 43 24 the
490 1723 66 22 crust
568 1719 18 24 is

66 1755 78 31 nicely
155 1755 121 24 browned.
312 1754 73 25 Serve
397 1753 51 24 hot.

101 1787 49 25 Eor
160 1796 45 23 any
229 1787 58 24 kind
309 1787 27 25 of
355 1785 54 25 cold
432 1785 74 25 Meat.
507 1799 31 4 —
541 1784 45 24 Cut

66 1820 46 25 the
122 1824 64 20 meat
197 1821 50 23 into
259 1820 72 24 small
342 1819 25 31 pi
382 1827 46 19 ces,
441 1818 48 24 and
500 1825 86 17 reason

68 1852 70 24 them
150 1853 53 23 well
215 1853 56 23 with
281 1859 88 24 pepper
390 1851 49 23 and
461 1850 45 24 salt
519 1859 7 20 j
542 1849 44 23 add

69 1893 16 16 a
96 1885 63 24 little
170 1885 70 24 shred
251 1885 75 23 onion
337 1884 20 24 if
366 1883 71 24 liked.
472 1882 65 24 Take
550 1881 36 24 the

68 1918 52 23 *:old
137 1920 117 27 potatoes,
276 1918 71 23 mash
369 1917 75 26 them,
463 1915 42 24 roll
520 1914 66 25 them

66 1950 53 25 fine
130 1950 54 24 with
197 1958 14 17 a
232 1949 149 33 rolling-pin,
404 1948 49 24 and
464 1948 56 24 dust
531 1947 55 25 with

67 1991 18 15 a
96 1982 62 25 little
169 1983 61 23 flour
237 1991 7 20 ;
261 1982 71 25 break
350 1989 31 16 an
405 1989 45 23 egg
471 1988 65 24 upon
548 1980 38 23 the

66 2017 120 29 potatoes,
199 2015 50 24 mix
272 2015 33 24 all
324 2014 50 24 well
397 2013 122 31 together,
541 2012 45 25 and

66 2047 75 25 make
152 2048 50 23 into
214 2055 14 16 a
239 2049 66 29 paste
324 2046 28 25 of
370 2046 43 23 the
434 2053 65 16 same
510 2044 76 25 thiek-

66 2087 58 17 ness
136 2087 27 17 as
190 2079 36 25 for
247 2083 68 27 paste
337 2079 36 24 for
395 2078 111 30 ordinary
529 2077 57 30 pies,

66 2113 127 30 stiffening
204 2112 57 24 with
274 2121 13 14 a
309 2111 64 25 little
394 2118 65 16 more
475 2110 71 27 flour,
569 2109 17 24 if

66 2152 128 23 necessary
205 2152 7 20 ;
228 2145 44 23 roll
294 2145 20 23 it
333 2146 43 22 out
397 2144 25 22 in
444 2143 108 30 portions
564 2142 22 23 of

65 2177 145 24 convenient
221 2177 47 24 size
279 2185 5 20 ;
301 2180 45 26 put
353 2175 40 24 the
401 2175 112 24 seasoned
522 2175 64 23 meat

64 2217 65 23 upon
141 2208 68 25 these
231 2208 116 33 portions,
369 2207 47 24 and
438 2207 49 24 fold
508 2207 26 23 in
547 2206 39 24 the

64 2241 72 25 usual
147 2242 54 30 puff
220 2241 71 28 form,
313 2240 74 32 pinch
411 2240 42 24 the
465 2240 72 30 edges
549 2241 37 21 to-

64 2274 92 30 gether,
181 2274 49 24 and
251 2274 36 30 fry
311 2274 68 23 them
404 2272 83 31 slowly
510 2279 32 16 on
554 2271 32 24 all

64 2306 74 20 sides.

221 2369 208 19 NEEDLEWORK.

96 2407 66 24 Wall
173 2407 96 23 Pocket.
270 2421 33 3 —
303 2407 66 24 Take
379 2412 47 23 any
437 2406 80 29 pretty
533 2404 55 24 card

61 2439 51 24 and
123 2439 57 24 bind
192 2440 19 22 it
222 2439 59 24 with
293 2446 90 16 narrow
390 2437 96 24 ribbon.
519 2437 46 24 Cut
574 2444 14 15 a

63 2471 68 32 piece
143 2472 25 23 of
178 2471 129 24 cardboard
319 2471 42 24 the
373 2478 65 16 same
446 2470 83 26 width,
541 2468 47 24 and

63 2504 73 24 twice
152 2503 42 25 the
216 2503 73 31 depth
312 2503 26 24 of
359 2502 43 23 the
423 2502 63 28 card,
510 2501 78 24 either

63 2536 124 31 rounding
196 2536 20 23 it
228 2543 26 16 or
266 2535 114 31 bringing
390 2534 19 24 it
418 2538 26 20 to
456 2541 14 16 a
481 2534 69 31 point
562 2535 25 22 at

64 2569 43 24 the
119 2570 50 29 top.
203 2568 76 24 Cover
298 2569 20 23 it
339 2566 60 25 with
423 2565 45 25 silk
490 2574 29 17 or
540 2573 47 24 any

63 2601 74 23 other
146 2602 79 29 pretty
236 2600 111 23 material
368 2599 78 23 either
467 2598 82 30 puffed
561 2606 27 15 or

63 2632 77 33 plain.
185 2632 88 24 Attach
295 2631 43 24 the
360 2630 56 24 card
439 2635 24 19 to
484 2630 51 24 this
557 2630 31 30 by

64 2665 110 31 seaming
185 2666 40 23 the
237 2666 47 23 two
295 2663 90 26 bottom
396 2663 71 31 edges
477 2662 111 32 together

64 2698 48 24 and
126 2698 57 23 form
197 2697 40 24 the
249 2697 64 23 sides
336 2696 26 24 of
371 2696 40 22 the
434 2695 87 30 pocket
531 2695 55 24 with

63 2729 188 31 wedge-shaped
261 2729 82 31 pieces
352 2727 26 24 of
385 2727 56 24 silk.

98 2763 21 24 A
131 2762 76 31 Gipsy
218 2761 90 26 Kettle.
310 2776 31 3 —
344 2760 48 25 Get
411 2768 66 16 some
489 2758 97 32 knobby

63 2795 72 31 apple
147 2797 48 22 tree
213 2794 109 31 cuttings
332 2802 6 20 ;
356 2793 86 24 choose
453 2793 66 23 three
540 2792 48 23 and

64 2827 70 24 make
146 2827 65 24 them
224 2826 43 24 the
279 2833 66 16 same
355 2825 92 28 length,
458 2825 49 30 gild
519 2823 67 24 them

63 2860 50 25 and
124 2859 59 25 with
195 2858 67 25 them
274 2858 62 24 form
348 2866 14 16 a
376 2857 77 30 tripod
465 2856 120 30 strength-

62 2893 77 29 ening
145 2892 43 24 the
197 2892 89 23 bottom
296 2891 59 24 with
366 2889 94 25 shorter
468 2889 117 30 cuttings.

63 2925 50 23 Use
124 2924 49 25 fine
185 2924 56 24 wire
252 2925 26 23 to
293 2924 80 24 fasten
395 2922 42 24 the
459 2922 79 30 pieces
550 2922 35 23 to-

60 2957 98 30 gether.
192 2957 74 23 From
294 2956 43 23 the
365 2956 45 22 tow
440 2953 105 31 suspend
572 2961 13 15 a

60 2990 76 24 <$hain
147 2991 26 22 to
184 2988 76 24 which
282 2988 21 23 is
326 2986 109 26 attached
457 2994 47 24 any
517 2985 70 24 small

60 3022 65 30 glass
136 3020 75 26 vessel
224 3024 25 20 to
260 3020 59 24 hold
330 3020 103 24 flowers.

257 3091 128 21 EXTRACT.

92 3130 127 30 Economy
230 3129 21 25 is
263 3137 27 16 so
301 3128 132 31 important
445 3128 76 29 apart
532 3127 28 23 of
569 3134 15 16 a

58 3165 116 22 woman's
186 3162 131 27 character,
330 3169 27 17 so
366 3167 130 23 necessary
506 3164 26 19 to
541 3158 43 24 her

57 3203 54 18 own
123 3195 136 31 happiness,
273 3194 45 25 and
339 3201 28 16 so
377 3191 115 26 essential
504 3193 26 23 to
541 3191 43 24 her

57 3228 150 32 performing
216 3227 91 31 rightly
323 3227 42 25 the
376 3226 80 24 duties
467 3225 25 24 of
503 3233 15 17 a
529 3224 55 24 wife

58 3261 50 26 and
120 3261 101 27 mother,
233 3260 55 24 that
299 3260 19 24 it
330 3259 78 30 ought
430 3261 26 22 to
466 3258 63 24 have
541 3257 43 24 the

58 3294 145 33 precedence
230 3292 26 24 of
281 3292 33 25 all
337 3291 70 26 other
428 3290 156 31 accomplish-

58 3328 92 25 ments,
162 3326 47 24 and
220 3325 58 24 take
299 3325 35 24 its
344 3323 60 25 rank
425 3325 58 23 next
504 3325 27 23 to
541 3322 43 25 the

58 3359 55 25 first
125 3359 78 23 duties
226 3357 26 24 of
268 3357 49 24 life.
351 3357 25 23 It
397 3356 31 28 is,
450 3363 133 19 moreover,

58 3399 31 16 an
101 3393 38 22 art
151 3398 26 16 as
194 3389 54 25 well
260 3397 25 15 as
309 3397 14 16 a
336 3389 78 23 virtue
426 3397 5 19 ;
450 3388 48 23 and
510 3394 73 24 many

58 3423 181 29 well-meaning
250 3429 107 23 persons,
379 3421 64 22 from
454 3420 129 30 ignorance

57 3464 28 16 or
96 3454 215 27 ineonsideration,
335 3459 41 18 are
398 3451 124 32 strangely
541 3451 42 24 de-

57 3488 83 26 ficient
151 3487 26 24 in
200 3487 28 24 it.
262 3485 97 27 Indeed,
383 3485 20 23 it
420 3485 22 23 is
453 3486 41 22 too
516 3483 67 25 often

56 3519 128 32 neglected
205 3518 28 26 in
254 3525 16 17 a
292 3518 58 30 girls
373 3515 128 26 education
511 3523 8 21 ;
534 3515 50 25 and

57 3553 43 26 she
110 3552 22 25 is
144 3553 55 24 sent
210 3550 63 24 from
296 3549 44 25 her
361 3548 89 24 fathers
472 3548 76 24 house
558 3550 26 22 to

57 3592 91 24 govern
160 3591 16 17 a
186 3582 90 30 family,
294 3581 101 25 without
407 3580 41 24 the
470 3579 62 25 least
544 3579 40 24 de-

57 3624 56 23 pree
125 3616 30 26 of.
160 3615 56 26 that
233 3614 140 29 knowledge
394 3611 80 25 which
497 3610 87 26 should

57 3648 91 34 qualify
160 3648 42 24 her
209 3647 38 24 for
257 3646 28 25 it.
322 3646 60 24 This
403 3651 20 17 is
446 3643 43 25 the
501 3651 83 17 source

56 3683 28 24 of
92 3680 72 24 much
176 3678 187 25 inoonvenience
386 3676 97 30 though
506 3677 77 23 atten-

56 3714 54 29 tion
121 3720 53 24 may
187 3710 94 34 supply,
293 3711 30 32 by
330 3710 107 31 degrees,
459 3708 43 29 the
513 3709 66 25 want

659 167 26 24 of
693 167 154 27 instruction,
866 169 40 28 yet
918 168 48 23 this
986 169 104 29 requires
1113 168 69 24 time.

658 200 51 23 The
722 200 83 31 family
817 201 21 21 in
852 200 42 23 the
918 200 128 24 meantime
1069 208 56 23 may
1143 203 40 28 get

658 233 53 22 into
723 232 81 24 habits
817 232 78 23 which
912 240 39 16 are
963 241 57 22 \try
1043 233 103 24 difficult
1158 239 26 18 to

660 264 62 24 alter
734 274 5 19 ;
757 265 55 27 and,
833 265 66 23 what
921 265 21 23 is
960 273 80 19 worse,
1063 266 42 23 the
1125 267 58 23 hus-

661 297 83 23 band's
756 298 98 30 opinion
866 298 27 23 of
910 297 39 24 his
962 299 76 22 wife's
1051 299 134 31 incapacity

662 337 56 23 may
730 330 28 23 be
770 330 79 24 mixed
871 333 41 21 too
936 330 107 31 strongly
1066 335 25 20 to
1112 331 75 24 suffer

663 362 52 24 him
727 370 58 16 even
798 365 24 22 to
835 362 69 24 think
915 363 77 31 justly
1005 365 24 21 of
1038 364 41 23 her
1086 364 100 30 gradual

663 395 187 29 improvement.
897 396 43 23 We
969 396 78 24 would
1070 396 117 25 therefore

663 427 118 31 earnestly
803 428 80 23 advise
906 428 32 24 all
963 429 25 23 to
1010 428 71 24 make
1104 438 43 15 use
1164 429 25 23 of

664 467 69 23 every
746 461 156 30 opportunity
911 462 37 23 for
959 461 83 30 laying
1053 462 25 22 In
1099 471 12 14 a
1125 464 63 22 store

664 492 26 24 of
699 492 138 31 knowledge
849 501 32 16 on
894 494 48 23 this
954 493 102 30 subject.

804 607 100 24 MAN'S
916 607 134 24 WOMAN.

699 669 35 25 To
744 670 70 31 begin
825 671 69 28 with,
917 671 43 24 she
972 671 21 24 is
1005 671 38 23 old
1055 671 98 31 enough
1165 673 25 22 to

667 702 67 24 know
744 702 42 24 lut
795 703 74 24 world
880 703 127 31 throughly
1017 711 6 21 ;
1036 709 48 25 yet,
1096 704 95 30 though

666 734 43 24 she
725 735 61 23 need
807 743 75 15 never
900 736 60 24 have
984 737 60 22 been
1068 736 122 27 beautiful,

667 766 42 25 she
722 769 63 22 must
796 767 62 24 have
871 767 56 31 kept
938 768 45 25 her
993 769 84 30 youth.
1113 769 48 24 She
1170 769 20 23 is

668 800 23 22 in
705 807 30 16 no
747 807 68 17 sense
828 809 14 15 a
852 800 64 30 light
1064 801 94 24 neither
1169 801 21 23 is

668 831 41 25 she
737 833 212 23 ovnr-ink'llectnal
958 840 7 21 ;
983 833 42 24 she
1048 834 76 23 would
1146 835 44 22 not

668 863 74 31 speak
754 864 87 28 Greek,
862 873 58 15 even
931 866 22 23 is
964 866 42 23 sho
1024 866 80 23 could.
1139 865 51 25 She

669 897 20 22 is
704 904 15 15 a
741 899 108 22 creature
871 897 26 23 of
916 898 94 24 infinite
1028 900 58 25 tact,
1110 898 80 24 whom

668 937 70 22 every
762 929 71 31 being
851 930 57 23 with
929 930 43 25 the
997 930 109 25 outward
1125 938 63 17 sem-

668 961 84 23 blance
764 963 25 21 of
801 970 14 15 a
835 970 57 14 man
904 962 112 24 interests
1036 962 152 31 profoundly.

671 993 65 23 With
750 993 49 24 him
811 995 44 22 she
866 994 20 23 is
909 995 90 31 always
1021 998 26 21 at
1070 995 45 24 her
1127 995 62 26 best,

667 1026 49 24 and
728 1026 43 24 she
782 1026 120 24 contrives
915 1029 24 22 to
948 1031 40 26 get
1000 1030 43 21 out
1055 1028 25 23 of
1090 1028 51 23 him
1151 1028 39 22 the

668 1059 52 23 best
732 1059 63 23 there
817 1059 28 24 is.
881 1059 48 24 She
950 1059 86 24 listens
1054 1060 64 28 well,
1141 1059 49 24 and

666 1099 76 23 grows
753 1091 162 31 sympathetic
923 1101 25 14 as
957 1092 43 25 she
1009 1092 94 24 listens.
1137 1092 53 24 Has

666 1124 31 23 he
709 1131 14 16 a
735 1124 87 31 special
836 1124 128 29 weakness,
982 1124 43 25 she
1037 1125 53 24 half
1099 1127 91 30 tempts

666 1157 52 23 him
730 1158 25 22 to
767 1157 92 24 belieue
876 1157 20 24 it
907 1165 15 16 a
943 1158 87 23 virtue.
1066 1159 41 22 An
1119 1158 71 30 adept

665 1189 27 23 in
705 1190 39 22 the
756 1190 100 24 subtlest
873 1191 75 23 forms
970 1190 27 24 of
1017 1190 105 31 flattery,
1146 1190 44 24 ste

665 1221 77 24 would
753 1221 63 25 force
828 1222 42 24 the
882 1228 105 19 meanest
1007 1223 26 23 of
1043 1231 28 16 us
1084 1225 25 22 to
1121 1223 69 24 shue

666 1262 59 15 even
737 1254 72 23 when
819 1255 31 22 ho
862 1255 21 22 is
894 1255 28 22 ill
941 1257 26 21 at
978 1264 63 14 ease.
1075 1256 55 22 And
1141 1257 48 28 yet,

666 1285 75 25 above
753 1285 40 28 all,
817 1287 44 23 she
872 1287 107 24 remains
1002 1287 101 23 sincere.
1137 1287 53 23 Her

663 1318 100 23 interest
774 1318 27 23 in
811 1318 52 23 him
885 1319 21 23 is
928 1319 56 28 real,
1009 1319 48 23 and
1081 1319 107 24 survives

664 1350 41 23 the
716 1350 100 31 fleeting
836 1355 115 20 moment.
986 1351 39 24 He
1047 1351 20 23 is
1091 1359 14 16 a
1118 1359 55 16 man
1183 1358 6 16 :

664 1382 55 23 that
730 1383 21 23 is
763 1386 25 21 to
812 1391 48 22 say,
884 1384 38 23 for
943 1384 49 28 her,
1017 1383 42 24 the
1070 1383 120 31 brightest

664 1423 60 22 page
735 1416 27 22 in
774 1417 105 22 nature's
908 1416 68 24 book.
1012 1415 50 25 She
1079 1418 107 29 respects

664 1449 153 28 convention,
843 1449 112 29 knowing
976 1449 55 24 well
1049 1450 69 23 when
1142 1448 44 25 she

664 1488 54 22 may
731 1484 100 22 venture
838 1484 26 21 to
876 1483 27 22 lie
914 1482 201 24 unconvent-onal
1127 1489 5 21 ;
1151 1483 40 30 yet

664 1513 42 23 she
718 1513 21 23 is
751 1513 209 31 unapproachable
983 1514 48 23 and
1043 1514 148 30 irruproaeh-

664 1544 61 25 able.
759 1546 31 25 In
802 1551 83 20 return
897 1546 33 25 he
939 1546 73 25 actors
1023 1546 53 25 her.

729 1677 206 24 CHILDREN'S
959 1678 168 23 PRAYERS.

696 1741 51 24 The
755 1741 85 24 stories
848 1741 49 24 told
903 1742 26 24 of
934 1742 43 24 the
985 1741 96 31 simple,
1088 1741 105 31 trusting

663 1773 62 25 faith
737 1773 27 25 of
774 1773 115 28 children,
902 1782 26 16 as
940 1775 136 24 illustrated
1089 1775 30 30 by
1129 1775 63 24 their

664 1815 104 23 prayers,
781 1815 42 16 are
832 1806 131 32 peculiarly
971 1807 112 31 pleasing-
1088 1809 27 22 to
1122 1808 70 24 those

691 1839 108 24 children
818 1839 28 25 of
863 1847 16 16 a
900 1839 78 31 larger
1000 1840 93 30 growth
1138 1839 54 25 who

665 1872 62 23 have
738 1874 44 21 not
794 1871 135 30 altogether
940 1872 122 31 foigotten
1074 1872 41 25 the
1133 1872 59 30 days

665 1904 26 24 of
701 1904 63 24 their
775 1912 53 19 own
840 1904 114 24 innocent
975 1905 71 28 faith,
1070 1905 47 23 and
1139 1904 53 24 who

664 1937 96 24 cherish
773 1944 14 16 a
800 1944 73 17 warm
884 1937 115 26 affection
1009 1937 37 25 for
1054 1937 42 26 the
1103 1945 87 23 young.

666 1969 74 25 Some
750 1970 27 23 of
786 1969 71 24 these
867 1970 87 24 stories
964 1971 65 23 show
1041 1970 55 24 how
1118 1970 71 30 ready

665 2001 110 25 children
783 2010 40 16 arc
830 2006 25 20 to
864 2003 57 23 turn
929 2004 94 30 precept
1029 2003 52 24 into
1090 2002 102 31 practise

665 2034 49 25 and
725 2034 107 25 demand
842 2034 42 24 the
894 2036 70 30 proof
975 2036 25 23 of
1018 2035 42 24 the
1082 2036 110 30 pudding

664 2068 25 22 in
701 2074 15 16 a
729 2074 50 23 way
791 2067 76 23 which
879 2067 91 25 almost
983 2067 122 31 frightens
1128 2067 65 25 their

665 2099 92 24 seniors
769 2100 42 23 out
822 2099 27 24 of
857 2099 64 24 their
932 2107 90 17 senses.
1057 2101 38 23 As
1107 2107 14 16 a
1132 2099 60 28 rule,

665 2133 116 26 however,
792 2132 43 23 the
845 2134 77 22 wants
933 2133 25 23 of
969 2133 45 23 the
1030 2140 56 23 very
1108 2140 85 22 young

665 2171 41 16 are
728 2163 52 28 few,
804 2163 46 24 and
874 2163 66 25 their
960 2166 110 29 requests
1100 2172 90 16 corres>

664 2196 133 31 pondingly
808 2196 95 25 limited
915 2197 25 25 in
951 2198 62 24 thuir
1025 2204 79 23 scope.
1139 2197 53 24 One

664 2228 64 24 little
740 2229 54 30 girl,
807 2228 87 31 taught
906 2229 55 24 that
973 2231 43 22 she
1036 2229 89 25 saould
1147 2228 44 24 ask

665 2261 54 24 God
734 2261 39 23 for
792 2261 121 24 whatever
934 2262 44 23 she
1000 2262 96 23 wanted
1118 2262 72 26 most,

663 2292 128 31 presented
797 2293 43 23 the
847 2297 93 19 matter
945 2293 77 24 which
1032 2293 39 31 lay
1081 2293 109 24 heaviest

665 2333 66 21 upon
745 2325 45 24 her
799 2325 70 24 mind
879 2325 28 24 in
918 2326 41 24 the
967 2325 123 29 following
1103 2325 85 26 words.;

665 2371 33 4 —
726 2357 45 27 Oh,
786 2357 62 27 God,
861 2357 63 24 bless
944 2358 67 24 little
1032 2358 87 27 kitten,
1143 2357 49 24 and

665 2388 70 25 make
748 2389 74 24 hiin's
834 2388 43 25 tail
1015 2390 47 25 We
1078 2391 61 23 have
1159 2397 33 17 no

666 2421 75 24 doubt
752 2421 45 25 hut
808 2422 54 24 that
874 2421 85 31 length
970 2423 27 24 of
1002 2423 40 24 tail
1052 2423 48 24 and
1106 2422 86 31 length

666 2454 25 24 of
712 2454 59 30 days
793 2461 60 17 were
875 2455 79 25 added
975 2463 67 23 upon
1062 2455 45 24 her
1126 2454 64 25 little

665 2486 132 31 playmate.
832 2486 53 24 One
896 2487 65 24 little
969 2487 80 24 fellow
1069 2487 124 24 confessed

666 2518 41 25 his
716 2518 62 25 fault
801 2520 26 23 to
848 2518 38 25 his
909 2519 89 29 father,
1020 2520 48 24 and
1091 2519 101 32 escaped

665 2551 161 31 punishment
837 2551 26 24 in
874 2560 14 16 a
900 2554 64 23 most
982 2552 78 25 adroit
1082 2559 109 18 mannor.

665 2584 42 23 He
716 2584 49 23 had
778 2583 91 25 broken
879 2592 16 17 a
906 2584 67 31 large
984 2584 90 25 mirror
1082 2585 60 24 with
1155 2584 36 24 his

665 2615 57 28 ball,
735 2615 48 23 and
795 2615 71 24 knew
877 2617 29 23 he
928 2625 49 16 was
998 2616 27 24 in
1047 2617 40 23 for
1107 2624 83 17 severe

665 2647 165 32 punishment.
865 2648 39 24 He
915 2651 63 22 went
997 2650 26 23 to
1045 2649 40 24 his
1106 2649 87 28 father,

666 2680 48 25 and
726 2680 52 24 said
779 2695 31 3 —
837 2680 92 30 Please,
942 2690 70 23 papa,
1025 2690 44 15 can
1090 2682 54 24 God
1162 2681 31 24 do

666 2713 119 30 anything
795 2713 14 23 I
820 2713 44 25 ask
1013 2714 49 24 Yes
1082 2714 108 30 Johnny,

666 2745 37 24 He
802 2768 6 3 .
851 2746 71 28 Well,
935 2755 69 23 papa,
1018 2746 49 25 will
1077 2755 49 23 you
1134 2747 59 24 hear

665 2786 40 16 me
717 2778 42 24 ask
771 2778 61 24 Him
840 2783 39 19 tor
886 2779 137 30 something
1125 2779 48 24 Yes
1183 2786 6 21 ;

666 2811 76 23 that's
752 2810 73 30 right.
860 2811 38 24 Go
1000 2811 70 24 Then
1083 2809 41 26 the
1133 2811 60 24 little

665 2842 75 24 fellow
752 2842 57 24 shut
827 2844 38 23 his
884 2851 55 23 eyes
962 2844 47 23 and
1032 2843 53 25 raid
1087 2858 29 3 —

667 2874 62 28 God,
742 2875 12 23 I
766 2874 74 26 broke
852 2876 42 24 the
906 2876 86 24 mirror
1003 2876 57 24 with
1072 2884 42 22 my
1126 2875 49 24 ball
1185 2883 7 21 ;

665 2906 80 31 please
769 2908 68 24 make
855 2916 61 24 papa
938 2911 44 22 not
1004 2910 26 22 to
1053 2908 28 24 be
1104 2915 85 24 angry.

803 2941 38 23 No
853 2941 75 23 doubt
940 2941 40 23 the
997 2940 79 24 fathor
1096 2940 45 25 felt
1162 2940 31 24 he

665 2978 47 16 was
719 2971 81 24 rather
808 2972 83 31 neatly
898 2972 120 28 cornered,
1027 2972 48 25 and
1082 2972 108 25 couU'nt

667 3011 42 22 say
721 3004 125 30 anything.
880 3005 110 24 Another
1001 3005 62 24 little
1074 3004 62 31 chap
1145 3004 48 24 evi-

665 3035 84 30 dently
760 3037 150 24 entertained
921 3046 57 21 very
989 3037 93 24 limited
1094 3037 98 24 notions

665 3067 129 32 regarding
816 3068 75 24 God's
917 3077 122 22 presence.
1072 3069 40 23 He
1142 3076 50 16 was

665 3099 74 24 heard
750 3099 32 31 by
794 3099 39 25 his
845 3100 116 25 horrified
969 3103 85 28 parent
1076 3099 117 32 finishing

666 3139 32 23 up
710 3131 39 25 his
760 3140 21 15 ei
788 3132 73 30 ening
870 3140 86 22 pi*ayer
964 3133 26 24 in
1003 3132 41 25 the
1066 3132 127 31 following

665 3171 113 17 manner:
778 3179 33 4 —
849 3164 56 24 And
926 3173 64 20 now,
1013 3166 57 24 dear
1092 3165 63 27 God,
1179 3165 14 24 I

665 3198 64 23 must
738 3204 42 23 say
791 3197 128 31 good-bye,
930 3197 39 24 for
980 3205 35 16 we
1025 3205 41 17 are
1078 3205 74 24 going
1164 3199 27 23 to

666 3229 114 31 Glasgow
792 3235 140 22 to-morrow
941 3230 112 30 morning

696 3344 49 24 Not
763 3344 74 31 likely
860 3346 7 23 t
868 3359 33 4 —
901 3347 21 21 A
945 3344 56 31 lady
1023 3353 50 17 was
1095 3346 97 30 leaving

663 3386 15 17 a
689 3377 94 30 charity
795 3377 49 24 ball
863 3377 63 24 after
948 3377 130 30 midnight.
1113 3378 78 25 When

664 3410 42 25 she
719 3417 49 16 was
778 3409 74 24 about
863 3411 28 23 to
915 3413 70 21 enter
1005 3409 45 26 her
1072 3411 81 27 coach,
1178 3419 15 16 a

663 3441 186 32 beggarwornan
864 3441 121 25 stretched
997 3443 42 23 out
1051 3442 45 26 her
1115 3442 75 29 hand,

666 3474 125 31 soliciting
800 3475 70 24 alms.
915 3475 76 24 What

665 3506 52 24 said
739 3508 40 23 the
800 3506 58 32 lady
868 3515 7 21 j
917 3506 57 24 here
995 3506 14 24 I
1039 3508 61 24 have
1132 3507 61 24 been

666 3539 106 31 dancing
781 3539 38 24 for
828 3546 48 24 you
888 3539 34 24 all
932 3539 80 30 night.
1045 3539 48 25 Am
1105 3539 50 26 Ito
1164 3539 29 25 be

666 3570 134 31 plundered
811 3572 54 24 into
876 3571 42 25 the
924 3571 101 31 bargain

699 3603 43 25 An
753 3603 134 29 Irishman,
899 3603 118 33 speaking
1026 3603 27 25 of
1061 3611 16 18 a
1088 3603 61 32 spell
1169 3603 26 26 of

666 3635 118 29 siokness,
795 3636 50 25 said
859 3645 7 16 :
883 3636 13 25 I
906 3636 52 26 laid
968 3636 124 32 spaohless
1101 3636 40 25 for
1151 3636 37 25 six

664 3667 87 28 weeks,
764 3677 24 15 in
800 3669 43 24 the
854 3668 61 31 long
932 3668 87 25 month
1042 3668 28 26 of
1089 3668 105 31 August,

666 3699 49 25 and
727 3708 38 25 my
777 3708 41 25 cry
829 3709 52 18 wqs
892 3704 15 14 '*
919 3701 111 30 Wather,
1042 3701 120 26 watherl'*

495 47 168 33 OXFORD
706 50 88 31 AND
837 50 103 33 GUST
986 51 224 34 OBSERVER
1255 49 230 48 &ATUMAY,
1528 58 145 37 MARCH
1717 65 25 37 7,
1767 65 87 33 1&)1.

1886 3605 101 26 Printed
2011 3608 49 26 and
2089 3609 136 28 Published
2253 3615 31 32 hy
2305 3615 116 27 BicHAim

1918 3648 109 27 Houwan
2047 3652 100 29 Parish,
2173 3659 26 20 at
2218 3657 41 26 his
2277 3659 145 33 Jtegissert<cl

1918 3692 116 33 Printing
2044 3695 85 30 Qffioe,
2152 3696 69 34 High
2244 3701 31 27 &i
2275 3710 40 25 m
2316 3705 11 22 t
2328 3721 9 12 %
2358 3704 64 29 E^i

1920 3735 93 28 Oxford
2030 3737 154 29 Canterbury

1890 182 523 53 RAINBOW'S

1972 254 345 68 PREPARATIONS-

1913 338 172 29 GENUINE
2104 339 116 27 PKEPA
2227 336 100 29 RATIO
2333 338 45 27 XS

2019 395 120 21 M4KUFAI
2151 395 97 21 TUliEl)
2264 394 35 20 BY

1888 433 77 77 W.
1996 434 42 76 R
2067 468 326 42 AIKBOW,

1890 532 50 39 Of
1947 534 105 38 Ferry
2065 534 93 29 Road
2171 532 230 31 Ckristchnrch.

1924 614 158 19 BAINBOW'S
2095 614 165 20 FCISNITUBE
2274 614 110 20 POLISH,

1914 650 47 19 Will
1973 650 58 19 clean
2042 651 28 19 all
2079 651 114 18 Furniture
2203 651 21 18 in
2241 651 80 24 private
2330 651 84 23 houses.

1885 676 73 22 Hotel,
1969 677 52 18 Club
2031 677 84 21 houses,
2130 676 139 24 Sleamchics,
2282 677 28 19 &c
2319 692 4 2 .
2349 675 66 21 better

1886 708 23 13 in
1918 702 57 19 thiee
1986 703 62 18 hodi*
2059 703 51 19 thnn
2131 702 46 19 bees
2192 708 44 14 was
2247 704 66 18 would
2323 703 21 19 in
2356 703 60 19 lime

1886 729 31 22 da.
1928 734 14 12 9.
1970 728 26 18 R<
2002 729 58 23 ti/iire
2071 735 26 12 no
2106 729 82 19 labuur.
2196 729 68 19 leaves
2274 734 27 13 no
2310 734 70 18 giease
2391 734 24 14 of

1886 755 56 17 stain
1952 754 21 18 of
1984 760 40 18 any
2041 755 54 19 Kind.
2137 754 40 19 U^t
2192 754 17 19 it
2226 759 22 15 at
2264 760 57 14 once.
2348 755 66 19 Don't

1886 780 67 24 delay,
1981 780 42 20 I'au
2033 786 39 14 can
2083 782 26 18 do
2123 787 12 13 a
2146 781 52 23 good
2208 781 58 24 da>'s
2276 781 54 19 woik
2341 780 22 20 in
2374 787 41 13 one

1887 806 62 20 hour.
2006 806 58 20 Price
2075 808 22 19 \*>
2116 813 31 18 pei
2158 810 70 17 hotiie.

1940 851 54 20 Who
2004 858 35 14 are
2050 852 123 20 lIAIfsDOV\
2175 853 6 8 r
2195 852 57 20 AJ^D
2266 852 96 21 SON'S?

2020 883 52 25 Why
2087 884 50 19 doni
2151 890 40 18 you
2205 884 59 19 know

1888 913 108 50 THAT
2004 914 124 22 ..Rainbow'*
2139 915 127 24 Invi^oratoi
2280 915 31 19 fc.r
2321 915 48 19 New
2380 915 37 21 life

1964 946 18 13 is
1993 946 5 13 t
2002 941 25 19 lie
2038 942 43 18 best
2094 943 62 17 iilood
2167 941 88 19 Purifier
2269 941 21 18 in
2307 942 35 18 the
2351 942 64 20 w«r>d

1897 969 7 16 t
1914 966 45 19 uUo
1968 972 58 14 cues
2034 968 58 18 JLivtf
2100 974 53 18 c»i^|
2163 969 69 21 lamia,
2242 971 78 15 creates
2328 968 89 24 appiile

1887 992 42 19 and
1945 999 59 13 cures
2020 993 129 21 Im.iw;ebtiuii
2165 994 65 19 better
2240 993 50 20 thuu
2303 1000 43 19 any
2355 995 60 18 oihuc

1888 1018 101 20 Medicine
1996 1025 42 19 30U
2047 1026 39 13 can
2097 1020 80 19 ol,i.iin.

1864 1082 7 10 ,
1939 1063 54 21 Who
2007 1070 36 14 are
2061 1065 134 20 RAINBOW
2209 1065 60 19 AND
2284 1065 92 21 SONS?

2020 1096 52 24 Why
2086 1097 51 19 dmit
2150 1103 41 17 you
2206 1097 60 19 know

1888 1127 10 11 **
1907 1127 9 21 1
1925 1126 73 21 '""HAT
2010 1127 117 20 Rainbow's
2151 1129 130 23 Supeilative
2297 1128 90 20 Mixture
2396 1129 21 20 is

1901 1147 22 30 X
1966 1154 34 19 the
2012 1155 43 18 best
2065 1154 71 23 Cough
2148 1155 90 19 Mi^uie
2257 1156 48 19 that
2324 1161 23 13 as
2367 1161 50 14 ev<r

1887 1179 50 20 been
1945 1180 75 19 offered
2028 1182 22 17 to
2057 1180 35 19 the
2101 1180 78 22 Public,
2189 1181 42 23 why
2245 1181 16 19 it
2272 1187 58 13 cures
2338 1181 80 26 coughs

1888 1207 41 18 and
1940 1207 57 18 colds
2006 1209 23 16 at
2039 1213 51 12 once
2100 1206 67 20 Never
2177 1207 48 18 fails

1940 1261 55 20 Who
2009 1268 37 14 are
2061 1262 128 19 KAIMiOW
2204 1263 60 19 AND
2278 1256 74 27 S6n*S
2360 1261 12 22 1

2020 1293 51 26 Why
2087 1293 52 19 dont
2151 1298 42 19 you
2207 1293 76 20 know?

1889 1328 110 20 THHAT
2020 1329 117 19 Bainbow'B
2148 1329 37 19 Cai
2190 1329 25 19 bo
2224 1329 19 20 ic
2260 1329 111 20 Ointment
2398 1331 21 20 is

1902 1350 22 28 J_
1967 1356 34 18 the
2012 1355 43 19 Leal
2067 1355 61 23 thitiß
2137 1356 21 18 in
2169 1355 36 19 the
2215 1356 61 18 world
2292 1359 33 15 tor
2338 1360 5 12 <
2356 1357 61 24 uiing

1886 1380 62 20 Suies
1962 1387 27 13 on
2004 1381 49 20 Man
2064 1388 22 12 01
2105 1381 65 20 iieast
2189 1381 46 21 lhat
2243 1382 40 19 has
2301 1388 46 14 ever
2366 1384 51 18 beeu

1888 1407 83 20 known.

1946 1463 57 20 Who
2017 1470 34 14 are
2067 1465 127 19 RAINBOW
2208 1465 57 19 AND
2279 1465 96 21 SON'S?

2017 1496 19 18 V>
2046 1496 12 18 h
2060 1515 4 5 r
2061 1503 8 15 >
2086 1498 52 17 dont
2151 1503 43 19 you
2209 1498 55 17 know
2275 1497 11 19 ?

1890 1529 8 7 '
1911 1529 7 17 I
2014 1527 118 20 limnbow'R
2144 1527 121 21 hhenmhtio
2280 1528 88 20 Mixture
2376 1528 41 21 has

1903 1547 22 29 JL
1952 1554 61 19 cuied
2022 1553 115 20 thousands
2147 1554 22 19 of
2177 1555 78 24 people,
2265 1554 17 19 it
2291 1554 20 20 is
2321 1555 98 25 pleasant

1889 1580 22 19 to
1922 1580 54 22 take,
1992 1580 35 19 but
2038 1580 16 19 it
2064 1580 95 20 searches
2169 1581 35 20 the
2211 1584 75 21 system
2297 1583 54 18 fiom
2362 1581 55 22 head:

1888 1606 22 18 to
1919 1606 51 22 foot,
1980 1606 43 19 and
2032 1607 16 18 if
2057 1606 151 22 Bheuinatiiiu,
2220 1608 96 20 Sciatica,
2326 1614 23 13 or
2359 1610 58 18 Gout

1887 1631 19 19 is
1916 1631 22 20 in
1949 1631 35 20 the
1992 1635 87 21 system,
2089 1632 117 21 Riiiubow's
2222 1633 125 20 Rbeumatio
2361 1634 56 21 Mis-

1888 1659 47 18 ture
1945 1657 40 20 will
1996 1658 56 20 drive
2060 1660 18 18 it
2088 1660 44 18 out.

2072 1695 68 22 Price,
2153 1696 29 19 Is.
2195 1695 34 20 fid.

1950 1764 152 21 RAINBOW'S
2118 1766 102 20 INFANT
2234 1766 129 22 CORDIAL.

1886 1796 46 20 The
1952 1796 96 20 MotherV
2059 1797 74 21 Fiien.l
2135 1808 29 4 —
2165 1797 33 20 ihe
2216 1798 83 20 B»bks-'
2315 1800 102 22 CoM+fort.

1895 1830 2 7 '
1915 1827 51 20 This
1977 1828 30 19 Co
2018 1827 42 21 dial
2071 1830 17 17 is
2099 1829 99 20 ijitended
2213 1830 103 25 espressly
2332 1831 33 18 for
2381 1831 37 19 In-

1888 1854 64 22 fants,
1964 1861 23 12 an
1996 1855 17 17 ii
2023 1861 57 13 eose&
2091 1862 55 17 pmii.
2154 1856 102 25 dinpers-es
2267 1856 59 20 wind.
2337 1863 6 12 )
2348 1858 69 22 emula-

1888 1882 31 17 tes
1930 1884 84 19 B\stem,
2024 1882 41 18 and
2076 1882 60 23 keeps
2147 1881 35 20 the
2193 1883 80 22 bowels,
2283 1882 24 19 in
2316 1886 66 16 esder.
2398 1884 21 19 Ife

1887 1906 18 20 is
1917 1907 96 24 perfectly
2031 1912 45 15 sa.e
2095 1912 22 16 to
2136 1912 53 19 take,
2208 1915 23 13 as
2245 1908 17 21 it
2277 1909 97 20 contains
2387 1915 30 14 tt&

1887 1933 121 19 laudanum,
2029 1934 42 20 and
2090 1934 91 21 mothers
2199 1936 43 18 will
2266 1935 68 19 derive
2356 1938 63 22 great

1888 1959 77 22 benefit
1975 1964 24 20 by
2017 1966 64 19 using
2097 1961 22 19 it.
2147 1961 108 24 Everyone
2274 1961 18 19 is
2311 1962 108 25 delighted

1888 1985 52 21 with
1947 1986 27 20 it.
2052 1987 83 19 Price—
2139 1989 24 18 l»
2170 1994 36 20 per
2217 1988 73 21 buttle.

1890 2037 65 21 What
1965 2037 48 21 does
2024 2039 35 19 the
2069 2039 54 23 good
2142 2039 85 22 howsew
2271 2040 28 20 do
2320 2041 25 19 to-
2353 2041 66 27 study

1968 2070 12 14 e
1992 2066 87 23 onomy?
2093 2067 42 18 She
2152 2072 46 14 uses
2219 2067 118 20 Rainbow's

1924 2096 113 21 GOLDEN
2049 2096 72 22 STAR
2135 2097 106 21 BAKING
2252 2098 128 23 POWBER.

1927 2133 93 22 Because
2028 2133 18 20 it
2065 2134 18 19 is
2093 2134 36 19 the
2139 2135 45 19 best
2192 2135 23 19 in
2226 2136 36 20 the
2273 2136 99 20 Colonies

2139 2173 21 14 -♦

1930 2197 120 23 Kainl'ow'B
2059 2199 94 21 ROYAL
2163 2201 94 20 READY
2266 2201 111 23 RELIEF.

1914 2235 33 20 Its
1956 2235 68 24 magic
2034 2242 80 20 powers
2124 2236 18 20 is
2153 2237 80 25 beyond
2243 2238 124 26 describing.
2394 2240 26 21 Is

1887 2267 59 14 eures
1965 2262 120 22 Tooihnche
2100 2263 21 19 iu
2132 2269 12 13 a
2164 2263 81 21 minute
2252 2274 4 14 ;
2271 2265 113 21 Headache
2393 2273 27 14 or

1888 2287 118 24 Neuralgia,
2016 2289 89 24 Cramps
2113 2295 24 12 op
2147 2289 65 20 Pains
2221 2291 23 21 jn
2257 2291 35 19 the
2309 2293 109 21 stomachs

1887 2315 22 20 »t
1919 2319 56 14 onee.
2005 2314 46 21 One
2068 2315 64 20 buttle
2152 2316 19 19 is
2180 2319 60 23 equal
2255 2319 21 17 to
2293 2319 32 20 six
2340 2319 76 21 bottlet

1846 2336 2 21 I
1887 2340 23 19 of
1919 2340 121 24 Painkiller,
2050 2342 43 21 and
2102 2347 40 16 o'ie
2152 2342 51 25 drop
2215 2343 20 21 i&
2242 2344 62 24 eq«al
2314 2349 21 15 10
2345 2345 41 21 ti.e.
2393 2345 24 21 at

1887 2366 31 19 St.
1929 2366 76 27 fdcabs
2015 2367 40 20 Oil.
2137 2368 59 22 Pxice
2206 2370 25 20 as
2239 2375 37 20 per
2286 2370 73 23 bottle,

2144 2408 13 14 ♦

1995 2432 158 22 RAINBOWS
2169 2435 58 20 AND
2241 2436 34 20 SO
2296 2436 17 20 g

1976 2460 98 30 Other
2075 2462 258 38 Preperations-^

1845 2516 1 16 I
1888 2509 64 20 Great
1963 2509 33 19 Ini
2003 2509 9 21 i
2018 2516 27 14 in.
2050 2510 68 22 Tooth
2128 2512 91 21 Powder.

1886 2535 115 24 Liniment,
2012 2537 33 19 for
2054 2538 90 24 sprains,
2154 2544 91 20 mumps,
2255 2540 62 26 pains
2326 2542 37 21 <$©.

1885 2562 88 20 Cholera
1983 2563 43 20 en-1
2032 2563 71 21 DUrrl
2111 2571 45 14 oea.
2186 2567 95 21 Mixture,

1845 2603 1 5 ,
1886 2587 62 21 Scald
1958 2589 41 19 and
2012 2589 55 19 Burn
2078 2590 101 23 Powders,

1845 2618 1 7 1
1885 2613 86 23 Lotion,
1980 2615 33 20 for
2023 2621 56 14 sores
2090 2620 20 16 of
2121 2618 27 19 all
2159 2618 63 19 kinds

1886 2639 94 21 Reliable
1990 2641 17 22 &
2015 2641 68 21 safeL-
2092 2648 74 19 aenges
2177 2644 31 20 lor
2218 2650 46 15 sore
2273 2645 90 23 throats.

1886 2665 61 22 Fruit
1956 2666 77 25 Saline,
2050 2670 119 25 preventive
2178 2672 21 18 of
2208 2671 71 21 sickne
2292 2678 18 16 ts«

1952 2733 25 21 he
1994 2733 98 23 obtained
2102 2735 56 22 from
2176 2736 29 21 »H
2215 2737 36 22 the
2271 2738 137 30 Storekeeper

1886 2765 103 26 throught
1999 2766 38 23 the
2044 2768 68 21 North
2122 2768 30 21 Ca
2198 2770 54 26 bury
2265 2771 100 28 District
2373 2775 46 22 an.4

1885 2792 120 21 Wholesale
2014 2794 54 19 from
2080 2792 35 23 the
2126 2796 199 21 Manufacturers—

1915 2824 187 26 tfEKRYROAD,
2156 2827 237 27 CHBISTCfIUKOH.

2059 2860 75 21 Local
2141 2862 116 21 A«b.nt—

1912 2889 35 22 Mr
1957 2890 26 21 A.
1995 2890 20 19 P.
2025 2890 109 26 Pricbard»
2211 2894 86 24 Oxford.

1912 2916 33 19 Mr
1954 2916 21 21 J.
1988 2916 95 25 Weeber,
2093 2919 53 19 Eaat
2156 2919 89 23 Oxford.

1912 2941 33 20 Mr
1954 2942 25 21 E.
1994 2943 33 20 W.
2039 2944 86 26 Cooper,
2135 2945 60 24 Cust,

1911 2968 78 20 Meßsis
1999 2969 106 27 Oruthers,
2116 2971 60 21 &Co
2189 2973 52 22 Cost
2414 2964 11 10 N

2099 3064 37 21 GO
2163 3065 36 21 TO

1886 3094 227 76 WBEBKRS
2125 3098 146 34 FANCY
2281 3101 135 34 STORE

2057 3149 77 23 EAST
2160 3152 122 23 OXFORD.

1884 3213 42 21 For
1936 3214 128 28 Stationery,
2075 3217 62 27 Toys,
2154 3219 72 27 Fancy
2243 3221 78 25 Goods,
2335 3222 83 22 Razors

1926 3246 42 20 and
1978 3246 94 28 Shaving
2081 3250 110 25 requisites
2204 3253 44 20 and
2257 3254 127 25 Perfumery,

1884 3281 101 27 .irthday.
2008 3283 122 24 Christmas
2151 3288 42 21 and
2213 3290 92 26 Playing
2321 3291 68 21 Cards

1980 3315 92 22 SNUFF
2082 3318 42 20 and
2133 3319 127 23 Tobaconist
2268 3322 78 22 Goods.

1886 3339 66 21 Sliver
1962 3340 113 27 Brooches,
2085 3344 107 22 CLOCKS
2201 3352 54 16 trom
2269 3349 33 19 six
2312 3349 106 26 shillings.

1884 3375 84 22 Picture
1980 3378 77 22 Frame
2076 3381 116 27 Moulding.
2229 3384 85 22 Pioture
2330 3386 88 21 Frames

2071 3407 62 20 made
2152 3410 22 19 to
2184 3410 74 21 Order.

1885 3429 67 21 Sahes
1971 3431 65 25 jeady
2060 3433 74 24 glajted
2154 3436 28 19 all
2202 3436 62 23 sises.
2279 3443 28 16 on
2317 3439 67 25 hand,
2398 3445 24 15 or

2031 3460 101 23 procured
2149 3464 23 17 to
2190 3463 72 22 Order.

1884 3485 68 28 Agent
1963 3487 33 21 for
2005 3488 117 23 EUiadon's
2131 3493 115 26 Neuralgia
2253 3496 79 27 fcrops,
2343 3498 75 21 andW

2005 3520 119 23 Rainbows'
2138 3524 159 27 Preparations.

1321 177 160 75 fOR
1543 180 196 55 SAIdE

1407 315 105 31 SEED
1535 317 101 31 OATS

1343 366 102 41 Apply
1468 367 93 31 Office
1576 369 33 29 of
1620 369 61 30 this
1691 370 107 39 Paper.

1329 449 166 31 PLENTY
1517 450 242 32 SAW-MILLS.

1374 500 115 30 WEST
1522 501 176 30 OXFORD.

1277 581 137 44 BEN
1444 581 356 54 SHARPLIN,

1330 652 159 29 TIMBER
1501 653 244 29 MERCHANT.

1275 733 49 28 All
1339 733 89 28 kinds
1451 733 31 28 of
1498 733 88 29 Sawr
1604 734 123 29 Timber
1741 734 61 28 and

1317 773 157 30 Firewood
1489 774 114 39 always
1614 784 40 19 on
1670 775 89 29 hand.

1275 853 126 36 J^TTo
1431 855 53 27 the
1528 853 107 29 Mill—
1636 853 83 31 Take
1751 855 51 29 the

1275 893 73 29 road
1358 897 31 26 to
1399 894 51 30 the
1475 894 83 38 right
1578 895 100 29 before
1698 896 103 28 reach-

1275 935 54 36 ing
1342 933 127 31 Booth's
1484 934 73 29 Mill.

1418 1046 258 45 NOTICE.

1298 1133 85 29 THE
1407 1133 92 30 REV.
1529 1134 28 30 J.
1579 1133 217 36 BENNIN(V

1275 1185 137 38 recently
1422 1184 164 39 appointed
1602 1190 31 25 to
1647 1185 53 30 the
1733 1185 69 30 Ox-

1274 1225 71 28 ford
1360 1225 124 35 Circuit,
1494 1226 62 29 will
1570 1225 189 40 D.V.preach
1769 1226 31 29 in

1273 1265 84 28 West
1393 1265 113 30 Oxford
1537 1267 76 28 Free
1636 1266 166 29 Methodist

1275 1304 132 36 Church,
1421 1316 39 19 on
1477 1306 132 38 Sunday,
1626 1305 105 31 March
1748 1306 54 29 Bth

1275 1345 142 38 morning
1428 1350 32 25 at
1474 1349 10 25 1
1493 1347 25 28 1.
1540 1347 130 37 evening
1680 1351 32 24 at
1724 1348 78 27 (5.30.

1313 1384 28 29 A
1348 1385 106 30 Public
1466 1387 154 38 reception
1632 1387 61 29 Tea
1704 1390 33 26 at
1748 1387 52 28 the

1277 1436 80 19 same
1371 1427 86 38 place
1468 1437 37 18 on
1531 1427 144 38 Monday,
1695 1427 106 31 March

1280 1467 59 30 .9th
1343 1490 7 12 5
1362 1474 32 23 at
1406 1469 69 29 5.30
1496 1467 122 31 Tickets
1630 1469 45 38 1/-
1692 1467 110 31 Child-

1277 1516 53 20 ren
1346 1509 49 28 6d.
1437 1508 170 30 Addresses
1623 1519 50 18 are
1682 1514 120 35 expect-

1278 1549 37 28 ed
1324 1551 31 26 to
1374 1549 38 29 be
1437 1549 89 38 given
1546 1550 42 39 by
1602 1549 66 31 Rev
1689 1550 115 34 Peters,

1278 1588 159 39 Wagstaff,
1447 1590 150 39 Benniug,
1608 1590 60 29 and
1678 1590 123 39 Pendry

1276 1629 113 29 Messrs
1410 1630 152 30 Meredith
1586 1630 42 30 M.
1642 1630 41 30 F.
1694 1630 39 29 R-
1764 1630 39 30 A-

1277 1669 132 38 Wright,
1424 1661 35 44 T,'
1467 1671 132 34 Hunter,
1618 1671 41 29 H.
1680 1670 123 39 Wright

1449 1710 59 29 and
1529 1711 110 29 others.

1437 1777 63 31 The
1514 1778 122 30 Annual

1278 1817 164 30 SUNDAY
1468 1818 162 30 SCHOOL
1666 1818 135 30 TREAT

1543 1859 104 30 March
1665 1861 81 34 11th,

1275 1898 111 30 Adults
1397 1900 47 29 6d.
1465 1903 32 26 to
1523 1900 143 30 Children
1684 1904 55 27 not
1755 1904 49 26 at-

1357 1941 124 39 tending
1490 1941 53 29 the
1554 1941 110 30 School
1673 1941 46 29 3d.

1576 2013 223 72 fisher,

1312 2099 174 27 GENERAL
1508 2100 259 28 STOREKEEPER

1275 2148 96 43 Teas,
1410 2145 129 44 Coffees,
1577 2145 127 44 Cocoas,
1734 2145 69 39 and

1379 2196 140 40 General
1541 2195 167 39 Groceries

1327 2246 140 32 WEST
1529 2246 222 30 OXFORD.

1275 2380 331 44 GRIFFITH
1623 2380 177 44 BROS.

1275 2490 42 76 In
1333 2488 111 39 taking
1466 2488 64 30 this
1549 2492 201 36 opportunity
1769 2493 33 25 to

1338 2529 97 29 thank
1452 2529 79 29 their
1552 2529 116 31 friends
1695 2530 34 29 of
1750 2530 52 30 the

1273 2569 166 30 OXFORD
1454 2570 61 29 and
1530 2568 107 31 GUST
1657 2571 150 29 Distriots.

1272 2610 50 29 for
1349 2615 69 33 past
1446 2610 114 34 favors,
1581 2610 77 29 wish
1690 2613 34 26 to,
1748 2620 52 20 an-

1273 2660 117 20 nounce
1407 2650 67 29 that
1492 2650 74 40 they
1581 2660 52 20 are
1642 2660 68 20 now
1721 2661 81 19 run-

1277 2692 71 38 ning
1357 2700 19 19 a
1392 2690 66 29 Tan
1473 2691 136 29 between
1630 2690 169 31 OXFORD

1273 2731 61 30 and
1364 2730 326 31 CHRISTCHURCH
1711 2732 91 30 twice

1274 2782 19 19 a
1330 2771 93 34 week,
1465 2771 123 38 leaving
1629 2771 170 32 OXFORD

1275 2812 152 38 Mondays
1454 2811 61 29 and
1539 2812 176 39 Thursdays
1740 2812 60 30 and

1272 2852 163 38 returning
1447 2851 154 40 Tuesdays
1620 2852 27 31 &
1661 2852 137 41 Fridays.

1311 2911 98 40 Depot
1433 2911 50 30 Mr
1503 2911 28 30 J.
1547 2912 170 41 Dempseys
1738 2914 61 31 and

1272 2952 50 29 Mr
1345 2952 29 30 J.
1397 2953 125 38 Loughs
1547 2953 170 31 OXFORD
1739 2954 60 29 and

1275 2994 55 28 187
1354 3002 107 21 corner
1485 2993 33 29 of
1531 2993 194 30 Manchester
1738 2995 60 31 and

1274 3032 170 29 Worcestor
1479 3031 117 33 Streets
1633 3032 166 32 CHRIST-

1272 3071 183 31 CHURCH.

1310 3135 38 31 N.
1370 3137 37 30 B.
1426 3136 98 39 Eggs,
1539 3137 121 37 Butter,
1683 3139 60 30 and
1759 3140 41 29 all

1268 3176 95 39 goods
1400 3177 149 41 oare-fully
1582 3180 157 39 conveyed
1767 3185 33 26 at

1269 3217 105 31 lowest
1391 3221 91 28 rates.

1269 3362 46 45 J.
1338 3362 53 45 T.
1419 3362 198 55 Brown,
1639 3365 41 45 &
1700 3366 100 46 Son

1322 3437 70 21 TIMB
1412 3438 19 19 Tt
1440 3438 20 21 &
1469 3438 73 22 COAL
1553 3439 181 25 MERCHANTS.

1441 3476 164 23 IMPORTERS

1269 3521 36 27 Of
1332 3521 142 27 TIMBER
1502 3524 52 25 and
1584 3525 48 27 All
1660 3527 89 28 Kinds
1773 3528 29 27 of

1324 3566 183 27 BUILDING
1530 3569 211 30 MATERIALS

1459 3621 150 31 CORNER

1272 3661 161 27 GQLQMBQ
1472 3664 18 25 &
1518 3664 96 27 TUAM
1649 3667 151 30 STREETS

1428 3705 200 31 Chrjcstckurch*
