3238 4163
1210 30 58 20 THE
1282 30 56 20 HOT
1353 30 93 21 LAKES
1460 32 165 21 CHRONICLE
1845 37 74 20 JULY
1933 39 32 18 29,
1982 40 50 17 1896

2779 4016 80 17 Printod
2875 4016 39 17 and
2930 4016 102 24 published
3042 4017 26 22 by
3077 4018 20 16 F.
3109 4017 20 18 F.
3145 4018 67 19 Watt,

2803 4039 20 18 at
2831 4040 33 16 t.lio
2872 4038 104 25 registered
2990 4040 87 23 printing
3087 4040 56 18 oflke.
3153 4040 48 18 Hine-

2802 4068 43 11 moa
2854 4064 63 19 street,
2927 4063 90 18 Botorua.

2815 4094 173 21 WEDNESDAY,
3001 4094 69 18 JULY
3079 4096 27 19 29,
3119 4096 50 19 1596,

188 250 45 19 One
249 250 21 19 <if
287 250 33 18 the
331 249 118 20 necessities
459 249 22 19 of
491 249 34 19 the
535 250 80 25 coming
625 250 74 19 Season
712 251 38 20 will
762 252 25 18 be

42 306 24 22 A
106 306 114 24 COOL
260 306 97 24 AND
399 304 332 26 REFRESHING
771 308 155 25 DRINK

68 360 141 21 Untinctured
221 362 25 24 by
255 367 37 16 any
303 359 128 20 Deleterious
448 360 100 19 Chemical
560 360 137 25 Compounds.
726 362 19 18 A
755 362 59 19 drink
826 364 21 17 ;it
857 369 49 12 once

264 414 185 29 Exhilarating
471 414 51 23 and
539 414 166 30 Refreshing,

42 471 38 18 and
94 469 63 20 which
175 469 36 20 will
221 475 63 19 prove
293 476 12 13 a
315 469 120 23 preventive
445 468 147 26 ofDyspepsia
609 470 37 17 and
665 469 27 20 i:il
709 469 94 21 Internal
823 471 103 21 Disorders

69 496 86 19 Aerated
169 496 82 19 Waters
261 496 38 18 and
311 495 100 22 Cordmls,
430 502 15 12 e<
456 495 95 25 mpming
570 496 33 19 the
614 496 73 19 Punst
698 496 123 25 Lemonade,
839 499 35 19 the
886 498 40 22 Mos

41 523 103 20 Delicious
156 522 77 24 Giiger
244 522 44 23 Ale,
303 522 177 24 Highly-charged
499 522 52 19 Snda
565 522 76 24 Water,

299 572 379 38 XOLIKONE,

39 638 10 11 a
61 636 42 14 new
111 630 150 26 Invigorating,
273 631 148 19 non-alcoholic
432 631 102 26 Beverage
545 630 3 29 ;
566 631 55 19 Lime
629 631 60 19 Juice
706 632 89 24 Cordial,
806 633 120 26 Rispherry,

40 657 138 26 Peppermint,
191 657 76 21 Cloves,
279 656 52 20 Pine
340 656 74 26 Apple,
426 657 40 19 and
478 657 74 20 Lemon
564 657 75 26 Syrups
651 659 36 18 and
708 658 137 26 Parsaparilla
861 667 34 13 are
905 661 21 19 all

310 684 155 19 inaiiuiactured
477 690 24 12 on
511 683 34 20 the
555 683 102 25 premises.

229 708 116 20 Lemonade
355 710 40 18 and
406 710 78 24 Ginger
493 710 45 23 Ale,
548 713 72 21 quarts
630 710 40 19 and
677 711 62 25 pints.

64 855 73 32 v/%
188 838 64 45 r\
256 873 13 14 %

423 1032 118 26 FROM

61 1082 45 43 A
140 1081 536 44 WELL-ASSORTED
705 1082 200 45 STOCK

456 1149 53 26 OF

39 1206 177 55 Lamps
503 1205 173 44 Cruets

280 1261 218 45 Brushes

37 1320 193 45 Trunks
498 1318 188 56 Spoons

339 1376 156 45 Locks

37 1434 183 45 Razors
494 1433 138 56 Trays

287 1491 211 55 Teapots
735 1491 190 45 Churns

68 1572 99 26 Lawn
191 1572 145 30 Mowers,
360 1572 95 31 Hoes,
480 1572 118 30 Rakes,
627 1572 128 32 Spades,
781 1572 112 32 Forks,

146 1630 54 26 AT
214 1630 200 26 GREATLY
432 1629 203 27 REDUCED
655 1630 161 27 PRICES.

56 1839 81 23 (Fourth
146 1840 47 22 shop
202 1840 49 18 from
263 1839 100 24 Wellesloy
377 1839 77 24 Street.)
510 1840 47 18 304
570 1839 20 19 &
603 1840 46 18 306
662 1840 106 22 QUEEN
782 1840 119 19 STREET.

34 1954 441 60 GEYSER
550 1955 374 60 HOUSE

63 2048 341 56 Hydropathic
426 2048 160 53 Hotel,
622 2048 269 47 WairakeL

228 2114 35 19 Six
274 2114 58 19 miles
340 2114 53 19 from
404 2114 57 18 Lake
471 2113 70 23 Taupo
553 2114 101 22 (Rotorua
663 2115 49 18 side.
716 2113 3 23 -
719 2113 3 23 )

208 2177 181 26 SUPERIOR
410 2178 336 26 ACCOMMODATION.

232 2234 50 17 ALL
294 2235 53 16 THE
362 2235 134 18 COMFORTS
509 2235 32 18 OF
555 2235 16 17 A
583 2235 76 17 HOME
673 2235 49 18 FOR

277 2270 147 19 TOURISTS
442 2270 65 19 AND
520 2270 155 19 INVALIDS.

29 2342 67 26 Hot
120 2341 189 32 Swimming
332 2343 110 30 Baths,
469 2343 185 26 Kiri-o-Kai
677 2350 34 19 or
738 2345 81 25 New
843 2345 81 26 Skin

106 2383 93 32 Bath,
212 2383 65 26 Hot
291 2383 130 26 Douche
435 2384 113 30 Baths,
569 2385 110 26 Grand.
701 2386 146 27 Climate.

148 2425 172 26 Elevation
341 2425 92 31 1,350
453 2425 63 26 feet
529 2427 102 25 above
645 2432 53 21 sea
712 2427 92 26 level.

32 2474 197 23 COMPETENT
245 2474 120 23 GUIDES
383 2481 122 20 nccompany
520 2476 84 19 tourists
620 2477 21 19 to
658 2476 33 20 the
713 2477 82 19 various
819 2477 65 26 places
904 2479 20 18 of

163 2501 90 21 interest,
264 2501 63 18 which
341 2501 59 19 baffle
411 2502 34 19 the
456 2504 51 17 most
518 2502 60 19 facile
588 2509 45 18 pen,
645 2503 40 19 ami
703 2510 36 12 call
759 2504 48 25 onl}-
829 2505 22 18 be
870 2505 43 18 real-

162 2527 43 18 ized
216 2527 58 19 when
284 2534 54 11 seen.

32 2592 197 23 C6YS6R
249 2594 198 22 VHLLGY
462 2594 91 19 contains
569 2594 35 19 the
623 2594 104 26 following
746 2595 125 26 unequalled
880 2596 30 19 Na-

109 2619 55 18 tural
184 2618 91 20 wonders
297 2618 3 28 :
304 2620 151 21 Tuliuatahi,
477 2627 22 12 or
523 2620 63 19 Great
609 2620 133 26 Champagne
761 2622 100 19 Cauldron
871 2618 3 28 :
890 2622 33 19 the

110 2644 63 19 Great
183 2644 105 20 Wairakei
298 2644 78 26 Geyser
385 2644 3 28 ;
402 2646 34 19 the
447 2646 86 25 Donkey
545 2644 92 28 Engine;
652 2647 33 18 the
696 2647 54 19 Bath
762 2648 21 19 of
793 2648 35 19 the
839 2648 83 24 Fairies;

108 2670 35 20 the
163 2671 114 24 Lightning
292 2671 65 24 Pool;
371 2672 34 19 the
423 2672 88 19 Cascade
527 2672 83 23 Geyser,
630 2679 21 13 or
670 2673 102 25 Dragon's
792 2674 83 24 Mouth;
890 2675 34 19 the

108 2696 66 20 Black
183 2696 88 25 Geyser;
287 2697 35 19 the
334 2697 52 20 Mud
398 2698 89 25 Geyser;
503 2698 33 19 the
557 2698 51 20 Blue
626 2698 69 25 Lake;
706 2700 35 18 the
759 2700 31 19 Oil
811 2700 64 20 Bath:
890 2701 34 19 the

107 2723 83 24 Eagle's
199 2723 62 27 Nest;
275 2724 33 18 the
317 2724 78 18 Devil's
403 2724 70 19 Punch
484 2724 56 19 Bowl
550 2723 4 27 ;
569 2725 35 18 the
613 2725 72 19 Prince
693 2726 22 19 of
724 2726 77 19 Wales'
812 2726 96 19 Feathers
919 2723 3 27 ;

108 2749 35 18 the
162 2749 86 23 Mirror;
264 2750 34 18 the
318 2750 58 18 Twin
397 2750 88 24 Geyser:
500 2752 34 17 the
553 2750 57 20 Coral
629 2752 89 24 Geyser;
734 2752 34 19 tin:
779 2753 67 18 Green
863 2753 59 24 Pool;

110 2775 128 19 Terekerehe
249 2782 22 13 or
289 2776 49 18 Hell
359 2776 88 25 Geyser;
470 2772 35 24 the
524 2777 69 18 Steam
614 2776 106 21 Hammer.
749 2778 85 19 Guide's
852 2780 32 18 fee
904 2784 19 14 to

108 2801 77 24 Geyser
194 2801 79 26 Valley,
285 2804 22 17 5s
316 2801 4 26 ;
336 2802 90 20 distance
436 2804 53 18 from
498 2803 34 19 the
547 2803 60 24 hotel,
623 2806 5 16 1
642 2804 52 19 mile.

500 2870 22 11 or
541 2862 80 19 Ladder
639 2862 85 26 Rapids.
762 2863 43 20 The
823 2864 101 20 Grandest

108 2888 77 24 Rapids
197 2888 20 17 in
229 2888 34 19 the
273 2889 101 18 Southern
386 2888 147 26 Hemisphere;
550 2889 73 25 falling
640 2889 19 18 in
678 2890 31 18 six
729 2889 83 20 distinct
830 2891 93 19 cascades

108 2916 94 22 amongst
213 2913 62 20 weird
285 2915 40 18 and
336 2915 80 25 rugged
434 2921 82 18 scenery
545 2915 95 19 Distance
659 2916 51 18 from
731 2916 34 20 the
783 2917 62 23 hotel,
866 2917 57 19 three

108 2940 64 19 miles.
200 2940 155 19 Saddle-horses
365 2945 20 14 to
394 2941 48 18 visit
457 2942 34 18 the
506 2941 79 25 Rapids
600 2943 22 18 7s
632 2942 26 19 Cd
669 2943 55 18 each.

281 3006 22 12 or
313 3000 35 18 the
358 2999 78 19 Devil's
446 3000 99 25 Trumpet
562 3001 18 18 is
598 3001 44 19 said
661 3004 21 16 to
701 3001 49 20 emit
770 3009 11 11 a
797 3008 95 19 pressure
902 3003 21 19 of

111 3029 5 15 1
122 3026 57 18 SOlhs
190 3027 21 17 of
221 3030 63 14 steam
297 3029 21 15 to
328 3027 36 17 the
373 3026 53 23 inch,
439 3027 52 18 from
503 3033 24 12 an
546 3030 94 21 aperture
650 3028 21 18 of
689 3028 64 18 about
771 3029 73 18 twelve
854 3030 68 17 inches

108 3052 21 18 in
141 3052 102 18 diameter.
273 3052 98 18 Distance
390 3053 24 17 fr,
423 3058 20 13 m
464 3053 54 18 hotel
538 3053 57 19 three
614 3054 40 18 and
675 3060 12 13 a
706 3054 45 18 half
769 3055 69 23 miles;
852 3055 70 19 saddle

107 3079 70 17 horses
187 3081 20 16 to
215 3078 48 19 visit
273 3079 34 17 the
318 3079 70 20 above,
400 3081 23 15 '2e>
433 3079 25 18 Cd
469 3079 55 19 each.

110 3190 79 18 Devil's
200 3190 104 26 Trumpet.
334 3190 19 19 D

108 3216 59 19 horse
178 3215 102 27 or.buggy
291 3218 22 17 'Js
324 3217 26 18 (id

414 3139 64 25 I_S,
496 3140 34 16 *he
550 3138 99 19 Grandest
668 3139 55 18 Falls
733 3139 19 19 in
773 3140 35 18 the
826 3140 95 19 southern

397 3171 44 18 njay
455 3165 23 18 bo
489 3164 71 18 visited
572 3170 24 12 on
606 3164 35 19 the
654 3171 54 12 same
727 3166 117 24 expedition
855 3173 21 11 as
888 3166 34 19 the

384 3197 47 12 once
442 3191 52 18 from
505 3190 54 19 hotel
571 3190 56 20 three
638 3191 39 19 and
688 3198 12 12 a
716 3192 45 18 half
770 3192 69 24 miles;
853 3192 69 19 saddle

590 3277 330 55 Proprietress.

30 3393 163 41 ROTORUA
216 3393 90 41 BOOT
329 3393 25 41 &
372 3393 90 41 SHOE

180 3452 125 40 DEPOT,

25 3830 20 19 A
65 3831 68 25 Large
152 3831 62 19 Stock
234 3833 21 17 of
272 3832 94 25 German,
383 3833 77 18 French

96 3858 41 18 and
147 3858 91 19 Colonial
249 3858 62 19 Hoots
320 3859 76 24 always

193 3884 19 19 in
231 3884 65 19 Stock.

27 3929 68 21 BEST
103 3930 78 19 MATE
186 3930 70 19 RIAL.
292 3929 28 21 K!
331 3929 30 20 ST
374 3930 86 20 WORK

25 4058 165 24 Hand-sev/n
200 4059 79 23 Boots
289 4065 15 16 a
319 4058 140 31 Specialty.

487 3422 33 18 TO
537 3422 58 18 THE
609 3422 106 19 PUBLIC
729 3423 35 19 OF
781 3423 139 20 ROTOKUA.

487 3548 23 20 J-
540 3558 39 12 rua
599 3553 31 18 for
645 3552 53 20 their
704 3553 84 19 favours
802 3554 73 25 during
887 3555 33 18 the

487 3581 44 21 past
542 3579 69 17 fifteen
621 3584 65 19 years,
700 3579 39 18 and
754 3583 21 15 to
792 3580 66 24 notify
877 3580 43 19 that

487 3603 30 19 for
527 3603 35 19 the
574 3605 134 18 convenience
719 3605 21 18 of
749 3606 100 18 residents
859 3606 20 19 in
887 3607 33 17 the

487 3629 49 19 New
548 3629 116 26 Township,
679 3631 40 17 and
729 3637 31 19 my
774 3632 58 18 trado
851 3639 58 18 gener-

487 3655 46 25 ally,
545 3655 11 19 I
567 3655 52 20 have
630 3655 52 20 built

487 3769 63 19 which
563 3775 34 13 aie
607 3776 44 12 now
663 3776 52 19 open
723 3770 32 19 for
766 3770 99 25 business,
881 3772 39 18 and

487 3795 8 18 I
507 3801 32 13 am
559 3795 99 26 prepared
680 3799 21 16 to
714 3797 74 24 supply

626 3846 38 20 Pni
667 3852 29 15 me
717 3847 63 21 Meat

487 3902 17 18 in
517 3902 50 20 both
578 3902 51 20 New
641 3904 39 18 and
692 3904 38 19 Old
740 3904 127 26 Townships.

517 4010 43 23 An
573 4010 152 30 Inspection
740 4013 23 22 is
778 4014 108 23 invited.

692 4067 104 21 HENRY
810 4069 82 19 KIRK.

1322 251 153 33 THE

959 610 240 55 Published
1223 622 144 44 every
1386 611 283 56 Wednesday
1685 611 140 47 Jlfter-

1337 680 135 37 noon,

1162 847 113 41 RATES
1301 848 44 41 OF
1371 849 276 42 SUBSCRIPTION:

1117 920 62 16 PAID
1193 920 29 16 IN
1235 920 129 18 ADVANCE.

1141 950 44 23 Six
1197 951 106 23 Months
1314 953 45 27 ss;

1140 977 53 23 One
1208 978 69 22 Year
1287 978 59 28 10s;

1555 922 113 18 BOOKED.

1599 954 35 23 6s.

1585 980 50 23 12s,

1133 1098 339 35 ADVERTISING
1491 1101 177 33 BATES:

979 1153 66 19 Three
1057 1153 99 26 Shillings
1167 1160 35 19 per
1212 1155 47 18 inch
1266 1161 36 18 per
1312 1155 61 23 issus,
1382 1162 28 19 up
1418 1159 21 16 to
1447 1158 11 16 3
1467 1157 114 19 insertions.
1598 1158 130 25 Subsequent
1736 1159 112 19 Insertions

952 1179 45 19 half
1007 1184 59 14 rates.
1098 1180 80 26 Special
1189 1183 61 17 terms
1261 1182 33 17 for
1303 1181 73 25 longer
1388 1182 87 25 periods.

977 1234 180 19 Announcements
1167 1234 22 19 of
1200 1233 70 20 Births
1281 1234 40 19 and
1331 1234 79 20 Deaths
1421 1242 35 12 are
1467 1235 88 25 charged
1570 1238 22 17 2s
1608 1237 55 23 each,
1684 1240 35 16 not
1738 1238 110 26 exceeding

952 1262 23 16 30
986 1260 72 19 words.
1087 1260 104 25 Marriage
1201 1263 173 16 announcements
1390 1263 28 17 3s.
1446 1261 93 24 NOTE.
1543 1263 110 23 These
1670 1263 111 24 charges
1804 1272 43 15 are

1076 1434 224 47 JOBBIM
1335 1437 400 49 DEPARTMENT.

951 1521 159 33 Invoices,

1002 1563 174 31 Billheads,

1051 1605 105 25 Memo
1169 1606 122 33 Forms,

1103 1647 83 25 Bills
1199 1648 33 25 of
1243 1648 89 30 Fare,

1153 1689 154 26 Business
1332 1691 110 32 Cards,

1202 1731 142 33 Visiting
1366 1733 109 32 Cards,

1284 1773 96 26 Menu
1399 1775 109 31 Cards,

1337 1815 153 33 Luggage
1503 1817 122 32 Labels,

1380 1857 75 26 Ball
1474 1858 235 33 Programmes,

1434 1902 172 32 Circulars,

1505 1944 138 31 Posters,

1555 1987 183 31 Handbills,

1646 2029 198 33 Pamphlets,

1284 2066 67 32 &c,
1454 2068 65 32 S&c.,
1623 2069 57 26 &c.

1009 2147 125 47 Done
1169 2155 50 40 at
1256 2150 81 54 the
1360 2151 224 54 Shortest
1605 2154 181 46 Notice.

1196 2539 71 46 On
1291 2540 113 46 Sale
1437 2545 52 42 at
1524 2543 87 45 the

945 2744 66 17 Plain
1020 2744 47 18 and
1076 2744 80 24 Fancy
1165 2745 67 23 Note,
1248 2745 132 24 Envelopes
1389 2747 31 17 all
1429 2747 65 22 sizes,

945 2767 127 24 Mourning
1081 2768 75 23 Paper
1164 2769 46 17 and
1220 2769 137 23 Envelopes,
1373 2770 152 19 Commercial
1534 2771 142 25 Stationery,

947 2790 114 23 Foolscap
1071 2791 74 22 Paper
1154 2792 45 18 and
1209 2792 91 18 Official
1309 2794 137 23 Envelopes,

946 2813 116 24 Drawing,
1074 2814 114 24 Exercise,
1197 2815 180 19 Memorandum
1385 2817 47 18 and
1441 2817 109 19 Account
1559 2818 83 23 Books,

945 2837 108 23 Ledgers,
1065 2837 117 24 Journals,
1193 2841 51 21 iJay
1254 2839 46 18 and
1310 2839 61 19 Cash
1378 2840 85 23 Books,

945 2860 81 18 Letter
1035 2861 84 22 Books,
1131 2861 106 24 bruanes,
1249 2862 83 19 Water
1433 2864 47 22 &c,

945 2884 124 22 Stephen's
1079 2885 104 23 Writing
1192 2886 46 18 and
1248 2886 106 26 Copying
1363 2887 62 22 Inks,

945 2907 106 23 Blotting
1060 2907 79 23 Paper,
1151 2908 111 19 Business
1271 2910 46 18 and
1326 2910 104 23 Visiting
1440 2911 77 22 Cards,

945 2930 56 18 Blue
1011 2931 97 22 Pencils,
1119 2931 63 18 Lead
1190 2932 47 18 and
1246 2932 64 19 Slate
1320 2933 97 23 Pencils,
1429 2934 47 18 and
1484 2934 83 22 Slates,

943 2954 111 23 Marking
1063 2954 49 23 Ink,
1124 2955 66 18 India
1198 2956 94 17 Rubber
1302 2956 83 23 Bands,
1397 2958 61 17 Gum
1467 2958 46 18 and
1523 2958 114 19 Gummed
1646 2959 82 23 Paper,

944 2977 104 18 Indexed
1058 2977 66 23 Piles,
1139 2978 46 18 and
1194 2979 75 22 Paper
1278 2978 60 25 Clips

944 3000 135 23 Inkstands,
1090 3001 46 18 and
1146 3001 97 20 Bottles.

1176 3103 208 27 SELECTION
1405 3105 47 25 OF
1469 3105 184 27 BIRTHDAY
1675 3106 130 26 CARDS.

947 3250 346 60 NEWS
1359 3253 475 59 AGENCY.

1007 3357 193 56 English.
1227 3358 205 56 Foreign,
1463 3358 89 46 and
1577 3359 202 47 Colonial

1098 3423 179 55 Papers,
1299 3423 282 56 Magazines,
1605 3423 86 48 &e.

946 3499 187 42 SYDNEY
1173 3500 237 44 BULLETIN
1449 3503 32 39 &
1519 3504 317 42 CANTERBURY

1195 3558 146 42 TIMES
1370 3559 61 41 ON
1462 3560 127 41 SALE.

1140 3737 93 70 To
1284 3738 349 71 Tourists.

942 3856 193 58 Agency
1159 3859 77 47 fop
1256 3861 220 47 .Martin's
1502 3864 168 54 Photos
1690 3864 56 47 of
1758 3866 81 54 the

1289 3918 211 47 District.

1992 114 268 76 LAKE
2311 117 334 80 HOUSE

1902 230 341 57 Hydropathic
2286 233 161 53 Hotel,
2495 235 235 46 Rotorua.

2157 315 225 33 ESTABLISHED
2403 316 75 34 1881.

1872 372 71 20 Under
1957 372 36 20 the
2003 375 111 23 patronage
2124 373 23 19 of
2157 374 33 18 Sir
2201 374 33 18 W.
2255 374 87 25 .Tervom,
2359 375 49 19 Earl
2425 377 37 18 and
2481 377 102 20 Countess
2602 376 22 19 oE
2644 376 118 26 Hopetcun,

2043 399 34 20 the
2090 401 55 18 Hon.
2156 401 89 19 Premier
2255 400 38 20 and
2310 402 103 18 Members
2429 402 21 20 of
2461 404 129 19 I'urliament.

1897 503 42 19 The
1950 503 64 19 Hotel
2027 504 16 18 is
2053 503 89 21 situated
2152 512 25 11 on
2189 511 24 12 an
2223 505 92 19 elevated
2328 506 88 24 position
2427 514 24 12 on
2462 508 34 20 the
2506 508 70 20 shores
2592 507 22 19 of
2629 507 56 19 Lake
2700 507 51 19 Eoto-

1873 536 42 18 rua,
1926 531 123 19 convenient
2060 535 20 14 to
2090 531 26 18 all
2128 531 33 18 :hr
2172 531 65 24 eights
2248 531 19 20 in
2279 532 35 19 the
2324 532 89 20 district.

1943 582 114 30 Sulphur
2070 582 52 23 and
2135 582 112 25 Mineral
2260 584 84 23 BatllS
2359 585 21 18 in
2390 585 35 19 the
2437 585 95 21 Grounds
2544 587 22 19 of
2575 586 36 20 the
2621 586 71 19 Hotel.

2004 688 19 18 A
2041 687 107 20 reduction
2164 688 17 18 is
2198 689 58 18 made
2272 691 22 16 to
2305 689 77 25 weekly
2393 696 23 12 or
2427 691 89 25 monthly
2526 691 105 19 boarders.

1873 738 69 19 Guide
1951 738 69 20 Books
2031 740 39 19 and
2079 740 134 19 information
2226 741 62 23 gratis
2299 743 22 18 at
2331 742 56 19 Cook
2403 742 37 19 and
2459 743 58 20 Sons'
2533 744 51 25 (sole
2601 744 81 25 agent-)
2698 743 66 19 offices

2186 766 126 26 throughout
2324 768 34 19 ihe
2369 768 84 26 Colony.

1907 1027 276 68 NOTICe
2216 1031 103 65 TO
2348 1031 381 67 TOURISTS.

1905 1170 64 25 The
1989 1171 217 32 undersigned
2225 1172 28 25 is
2276 1179 74 19 now
2372 1173 140 33 running*
2535 1174 143 33 Buggies
2702 1175 62 26 and

1873 1203 140 26 Coaches
2036 1205 33 24 to
2090 1204 53 26 the
2157 1204 166 33 following
2336 1206 107 32 places
2457 1207 34 25 of
2504 1207 134 27 interest
2657 1208 34 25 in
2711 1208 53 26 the

1871 1236 241 31 neighborhood
2130 1241 33 23 at
2182 1239 128 32 greatly
2335 1239 137 26 red\iced
2496 1242 93 25 rates.
2639 1241 125 32 Special

1871 1270 185 25 reductions
2064 1270 49 26 for
2125 1271 90 32 large
2223 1272 128 32 parties.

1871 1309 330 26 WHAEABBWAEBWA;
2238 1312 173 23 WAIRAKEI,
2434 1314 101 19 TAUPO
2550 1315 20 18 &
2587 1315 61 18 TTTE
2664 1315 93 18 "SPA-'
2760 1309 3 26 :

2012 1335 145 19 TIKITERE
2170 1335 20 19 &
2204 1335 105 19 OKERE
2323 1337 98 19 PALLS
2430 1335 4 24 ;
2448 1337 173 20 WAIOTAPU.

1895 1365 73 19 N.B.-
1976 1366 47 18 The
2032 1366 103 19 Tikitere
2144 1367 53 23 Trip
2206 1373 44 12 can
2258 1373 54 13 now
2322 1368 27 18 be
2359 1369 117 18 extended
2484 1370 25 17 to
2519 1370 39 18 the
2566 1370 60 19 head
2636 1370 26 18 of
2668 1370 95 22 Rotoiti,

1871 1389 85 18 thence
1970 1390 26 17 to
2010 1390 113 22 Rotoehu,
2142 1391 101 23 opening
2255 1396 33 18 up
2305 1397 66 13 some
2388 1392 27 18 of
2429 1392 40 18 the
2490 1392 114 20 Grandest
2617 1394 103 23 Scenery
2741 1394 23 18 in

1871 1412 58 19 New
1938 1412 106 20 Zealand.

2196 1492 23 16 at
2359 1490 78 24 t^ates.

2502 1468 54 15 Darts
2572 1466 22 18 of
2607 1465 39 19 the
2663 1465 86 19 district

1917 1536 47 18 Bus
1970 1536 79 19 leaves
2057 1537 63 18 Lake
2126 1537 86 22 House,
2221 1538 85 23 nailing
2313 1539 25 17 at
2345 1538 31 18 all
2382 1538 83 19 Hotels
2471 1539 46 18 and
2524 1539 116 24 Boarding
2646 1540 94 18 Houses

1893 1559 36 18 for
1938 1559 226 24 Whakarewarewa,
2175 1561 68 18 twice
2253 1561 118 23 forenoon,
2381 1562 69 18 twice
2458 1563 128 19 afternoon.

2411 1689 209 32 araffifSEii

1884 1754 131 26 BOOKING
2029 1754 106 26 OFFICE
2147 1754 60 26 AND
2221 1755 134 25 STABLES
2370 1756 145 25 OPPOSITE
2526 1756 99 26 GRAND
2643 1757 104 26 HOTEL.

1944 1978 24 18 .v-.-'.
1970 1978 7 8 1

2189 2121 22 18 ;?;

2200 2177 8 9 V-

1978 2283 26 13 ,v

2601 2065 7 24 ?
2611 2067 110 43 ASWI

2356 2471 23 43 a

2000 2589 46 23 .very
2052 2590 45 23 Old
2106 2590 64 23 Spkcia

1898 2665 29 33 O

1958 2725 28 7 -....

2011 2787 78 26 D.C.L.
2093 2790 74 23 BRAND

2200 2638 45 18 .-^>.i

2229 2691 59 30 THE

2204 2722 181 36 SCOTLAN

2549 2642 162 33 MELLOW

2616 2698 91 28 mm*

2676 2714 48 18 ":}':

2250 2903 284 66 DISTILLERS
2568 2907 52 61 0
2651 2907 51 62 [p

2186 2994 41 22 -7*
2279 2980 170 35 cMMM/f,
2470 2983 81 28 SOW
2552 2983 63 28 JIM

1870 3117 59 52 L.
2003 3117 67 53 D.
2142 3118 327 54 NATHAN
2535 3119 50 57 &
2651 3121 47 55 C

1909 3239 31 40 A.
1968 3240 72 40 AND
2065 3240 31 41 fi.
2124 3240 127 47 BROOK,

1863 3299 82 23 BOOT
1959 3300 71 23 AND
2047 3300 82 23 SHOE
2150 3300 147 29 MAKERS,

1922 3339 88 21 Fentow
2026 3341 88 23 Street,
2138 3341 106 20 Kotokua.

1863 3380 46 19 And
1931 3382 23 17 at
1983 3381 83 19 Parnell
2089 3382 41 18 nnd.
2158 3382 46 19 New
2211 3382 85 19 market.

2371 3257 135 42 HORACE
2529 3258 176 41 STEWART.

2322 3321 108 21 SADDLE,
2445 3323 125 20 HARNESS,
2585 3323 53 18 AND
2656 3323 99 17 COLLAR

2491 3354 100 21 MAKER,

2365 3389 182 23 FENTON-ST.,
2561 3390 152 19 ROTORUA.

2322 3457 104 22 Saddles,
2444 3457 94 22 Bridles,
2554 3458 94 21 Collars,
2663 3457 91 22 Chains,

2345 3488 56 23 Bits,
2410 3489 79 23 Spurs,
2498 3489 104 18 Harness
2615 3490 66 22 Soap,
2691 3489 40 18 &c.

1889 3441 67 24 Large
1964 3441 40 19 and
2015 3442 68 19 varied
2100 3441 63 21 Stock
2173 3442 23 20 of
2204 3443 91 22 English,
2322 3457 15 8 0
2361 3456 31 9 ,-,
2444 3457 16 8 ,-,
2477 3457 27 5 ~,
2663 3457 23 8 /-,i

1863 3467 16 12 v
1894 3467 49 12 .;.
1963 3468 37 11 ,i
2013 3468 35 11 ni
2063 3469 20 10 ;
2100 3457 3 22 1
2116 3469 14 10 o
2222 3457 34 22 iSi
2322 3457 104 22 Saddles,
2444 3457 94 22 Bridles,
2554 3458 94 21 Collars,
2663 3457 91 22 Chains,

1865 3471 85 20 foreign
1962 3471 39 16 and
2013 3471 5 15 (
2030 3471 74 17 olonial
2117 3471 61 17 boots
2188 3471 38 17 and
2234 3471 63 18 Sho6B
2749 3472 5 8 '

1924 3495 21 17 to
1957 3494 72 20 choose
2041 3496 50 18 from
2102 3497 24 17 at
2136 3495 34 19 the
2181 3497 51 17 most
2345 3488 51 18 Bits
2397 3488 4 26 -
2410 3489 79 23 Spurs,
2498 3489 104 18 Harness
2615 3490 66 22 Soap,
2691 3488 40 20 &0.

1898 3535 216 29 REASONABLE
2136 3535 127 29 PRICES.
2345 3549 118 22 Coachaline,
2472 3555 12 12 a
2500 3549 115 23 waterproof
2631 3549 124 24 preservative

1954 3573 94 19 FhESH
2065 3573 89 20 STOCK
2168 3574 36 19 OF
2321 3571 30 18 for
2394 3571 55 20 kinds
2458 3573 20 17 of
2490 3572 78 19 leather.

1863 3606 169 24 FOOTBALL
2047 3608 98 23 BOOTS
2156 3608 43 26 just
2212 3609 86 20 arrived.
2333 3603 42 28 /-
2375 3603 7 10 1

1863 3647 33 20 All
1913 3648 70 20 orders
2001 3648 39 19 and
2057 3648 76 26 repairs
2149 3649 147 25 expeditiously
2345 3657 73 19 Collars
2425 3658 55 18 made
2494 3659 20 17 to
2527 3664 84 13 measure
2625 3664 23 12 on
2665 3657 32 19 the
2712 3664 32 17 pre-

2027 3676 104 18 extcuted.
2321 3680 56 19 mises
2385 3687 12 11 a
2404 3681 103 23 speciality.
2546 3681 123 25 Lengthened
2681 3681 73 23 experi-

1863 3707 22 19 S.
1900 3707 24 19 E.
1938 3708 149 22 FORDYCE,
2114 3719 9 3 -
2146 3719 8 3 -
2179 3709 118 23 Manager,
2321 3709 45 12 ence
2373 3704 21 17 in
2402 3704 27 18 all
2436 3704 68 19 classes
2512 3705 21 18 of
2538 3703 94 20 Saddler's
2639 3704 59 18 Avork.
2724 3704 31 17 All

2321 3727 64 17 orders
2395 3728 97 23 promptly
2501 3728 90 17 attended
2603 3728 26 17 to.

1867 3755 210 46 Rotorua
2104 3756 194 55 Library

2321 3808 52 44 M
2373 3809 18 18 E
2427 3808 77 45 W.
2545 3809 44 44 J.
2623 3810 43 42 N
2668 3810 79 17 APIER
2750 3808 3 45 -

2321 3871 172 19 BARRISTER
2505 3872 65 18 AND
2588 3871 166 21 SOLICITOR.

1884 3918 13 6 _,
1917 3918 5 6 ,
1973 3917 40 4 ...
2072 3918 28 3 _.
2124 3918 18 6 _,
2183 3918 6 4 .
2321 3902 146 20 Commissioner
2482 3905 20 16 of
2515 3905 32 16 tlio
2561 3904 90 20 Supreme
2665 3904 59 17 Court
2737 3905 18 17 of

1883 3917 163 23 Subscription
2055 3917 4 28 :
2071 3918 43 18 20s
2124 3918 43 18 Per
2175 3918 103 20 Annum.
2517 3927 43 18 ]?,-,;.

1889 3954 89 19 Visitors
1994 3961 47 18 may
2058 3961 85 18 procure
2159 3955 69 19 Books
2246 3956 52 19 from
2322 3957 89 18 Solicitor
2418 3959 21 16 to
2448 3958 31 18 the
2491 3958 48 17 N.Z.
2554 3958 128 18 Government
2696 3959 59 18 under

1863 3980 35 19 the
1907 3980 88 26 Library
2005 3987 27 13 on
2049 3981 87 25 making
2152 3988 12 12 a
2183 3982 79 24 deposit
2278 3983 22 18 of
2436 3981 97 17 Advances
2542 3982 19 16 to
2568 3981 78 17 Settlers

1863 4010 35 15 not
1908 4006 40 19 less
1957 4006 51 19 than
2029 4008 27 23 ss,
2076 4008 40 17 and
2133 4007 125 26 purchasing
2279 4010 21 17 Is
2321 4012 99 17 Victoria
2428 4013 89 20 Arcade,
2528 4013 110 20 Queen-st,
2648 4013 107 18 Auckland.

1863 4038 79 19 coupon
1952 4032 33 19 for
1995 4039 60 18 every
2067 4032 54 20 Four
2130 4033 71 19 books.
2345 4043 22 16 M
2424 4044 20 16 to
2451 4043 53 17 Lcn(l
2513 4050 24 10 ou
2547 4044 14 16 fl
2561 4032 2 31 .
2564 4049 19 11 et
2584 4032 1 31 .
2585 4043 47 17 llolcl
2646 4045 70 17 securit
2737 4046 18 17 at

1891 4060 41 16 xlio
1950 4060 88 23 Library
2060 4065 18 12 is
2096 4065 53 19 opcu
2171 4060 77 25 during
2265 4060 35 19 the
2322 4060 4 29 ]
2330 4072 29 11 ow
2375 4067 50 17 rates
2442 4067 19 16 of
2474 4066 83 17 interest.
2587 4067 71 22 Money
2671 4067 84 19 invested

1863 4090 94 19 evening.
2321 4089 31 17 for
2361 4088 65 18 clients
2436 4090 37 16 free
2482 4090 20 16 of
2510 4089 75 20 charge.

2345 3658 72 17 Collars
2426 3658 54 18 made
2494 3659 19 17 to
2527 3664 84 13 measure
2625 3665 23 11 on
2665 3658 32 17 the
2711 3664 33 16 pro-

2321 3681 56 17 mises
2385 3687 11 11 a
2405 3681 102 22 speciality.
2546 3681 123 24 Lengthened
2681 3682 63 22 experi-

2321 3709 44 12 ence
2373 3704 21 17 in
2402 3705 25 16 all
2437 3705 67 16 classes
2512 3705 21 18 of
2538 3704 94 19 Saddler's
2642 3704 56 17 work.
2723 3704 32 17 All

2321 3727 64 17 orders
2396 3728 96 23 promptly
2501 3728 90 17 attended
2603 3728 26 17 to.

2426 3808 78 45 W.
2544 3810 46 43 J.

2321 3871 172 19 BARRISTER
2505 3872 65 18 AND
2588 3872 166 20 SOLICITOR.

2321 3904 146 17 Commissioner
2482 3904 20 17 of
2515 3905 32 16 tlie
2561 3904 90 22 Supreme
2665 3904 59 17 Court
2737 3905 18 17 of

2517 3927 43 22 Fiji.

2322 3957 89 18 Solicitor
2418 3959 21 16 to
2448 3958 31 18 the
2491 3958 48 17 K.Z.
2554 3958 128 17 Government
2696 3959 59 17 under

2389 3981 38 17 The
2436 3981 97 17 Advances
2542 3982 19 16 to
2568 3981 78 17 Settlers

2789 102 228 44 HINEMM
3049 105 141 56 STORg,

2787 172 167 26 TT7TLLIAM
2975 174 108 21 EOGERS
3098 177 65 21 directs
3175 189 12 16 at
3187 200 5 3 .

2802 194 11 10 *
2823 202 8 13 T
2865 200 78 18 tention
2953 202 22 16 to
2982 201 35 18 the
3026 201 102 27 following
3135 204 40 23 lines

2787 304 102 23 Sultanas,
2900 305 101 19 Muscatel
3010 307 40 18 and
3058 306 92 23 Valencia
3161 313 14 19 R
3177 322 6 12 a
3184 317 8 16 ;,

2839 330 47 20 sins,
2898 332 40 18 and
2947 331 99 20 Currants

2787 356 49 24 Figs
2844 356 40 20 and
2894 357 112 20 Preserved
3017 357 81 27 Ginger,
3111 360 59 25 Spices

2787 382 75 19 Lemon
2872 383 40 19 and
2923 383 81 26 Orange
3015 384 50 19 Peel

2843 409 68 19 White
2922 409 114 26 SugarA
3051 410 108 27 Speciality.

2789 435 48 18 New
2848 435 91 19 Zealand
2946 436 64 25 Dairy
3017 437 139 21 Association's
3161 442 33 22 But.

2891 463 37 18 ter.

2813 486 59 19 TEA.
2932 487 113 20 COFFEE.
3100 490 81 24 COCOA.

2787 535 87 19 General
2888 537 127 19 Assortment
3033 539 20 18 of
3071 539 125 28 Storekeeper

2966 563 73 20 Goods.

2847 600 307 61 HINEMOFSTORE,

2977 696 33 20 T1
3031 696 164 26 OELEIi

2894 753 16 17 A
2923 751 69 20 ECU
3004 752 82 20 I'"EC
3097 753 19 23 r,

2867 786 99 25 Building
2980 787 109 24 Surveyor,
3108 790 32 18 &o.

2791 861 69 23 Agent
2879 859 33 19 for
2931 860 35 19 Hie
2989 861 99 20 Kationnl
3112 863 43 21 Firo
3175 869 26 20 and

2881 885 82 21 Marine
2968 887 115 21 Insurance
3095 889 34 19 Co.

2855 944 87 20 OKO
2958 945 11 19 I
2985 947 18 18 A

2790 1028 244 34 BOARDING
3053 1031 149 39 HOUSE

2790 1089 110 27 Opposite
2916 1089 40 21 the
2971 1091 55 18 Post
3037 1091 46 19 and
3095 1094 108 24 Teleqraph

2966 1117 79 19 Office.

2789 1146 45 19 And
2855 1153 48 12 ne;ir
2924 1147 34 20 the
2978 1148 121 21 Celebrated
3123 1150 80 24 PRIEST

2828 1173 117 20 RACHEL
2963 1176 38 18 and
3015 1176 56 19 other
3083 1176 92 26 PATHS,

2933 1200 144 22 ROTORUA.

2789 1251 109 31 TERMS:
2909 1252 43 19 25s
2959 1258 42 18 per
3007 1254 72 23 week,
3090 1255 26 18 4s
3123 1260 38 19 per
3168 1258 33 24 day

2822 1284 114 40 MRS
2980 1275 225 59 YOUNG,'

2921 1333 173 23 Pbopbietress.

2800 1604 105 32 BAKER
2916 1606 26 30 &
2954 1606 245 34 CONFECTIONER.

2839 1683 85 24 Bread
2938 1685 133 23 delivered
3088 1686 77 30 daily.

2839 1752 153 20 GROCERIE.-

2984 1790 144 21 DRAPERT.

2785 1854 123 19 GENERAL
2914 1856 207 19 STOREKEEPER'S
3129 1858 79 19 GOODS.

2804 1908 40 45 <J.
2876 1908 46 46 R,.
2959 1908 233 52 LIINDON,

2916 1979 166 23 SOLICITOR,

2805 2014 29 21 2G,
2845 2014 218 24 SHORTLAND-BTREET,
3073 2016 116 19 AUCKLAND

2780 2060 155 19 N.B.Attends
2944 2063 80 21 country
3034 2063 68 17 Courts
3110 2063 25 23 by
3147 2064 61 22 special

2780 2085 138 17 arraneemfint.

2836 2141 315 48 mCKLMQ

2791 2220 175 40 COFFEE
3007 2222 189 41 PALACE.

2829 2291 144 31 QUEEN
2994 2293 165 32 STREET,

2777 2352 64 23 Also
2864 2353 107 30 opposite
2994 2352 107 25 Herald
3129 2353 77 32 Office.

2805 2462 51 47 E.
2908 2463 268 54 WATERS,

2875 2543 241 27 PROPRIETOR.

2826 2610 29 26 J.
2876 2611 50 26 W.
2951 2612 209 28 WRIGLEY,

2799 2677 192 19 ARCHI
3023 2679 110 19 TEC
3165 2680 21 22 T,

2906 2711 184 17 ROTORUK.

2803 2774 68 25 Agent
2880 2775 32 19 for
2928 2775 35 19 the
2981 2775 65 21 South
3067 2776 78 20 British
3165 2777 43 19 Firo

2777 2800 40 18 and
2828 2801 79 19 Marine
2917 2801 112 20 Insurance
3040 2803 110 24 Company.

2780 2861 118 32 ONfTED
2921 2862 186 33 INSURANCE
3128 2864 80 36 COY.,

2928 2910 129 18 LIMITED.

2839 2969 153 30 CAPITAL,
3009 2971 143 28 500,000.

2782 3037 88 46 FIRE
2879 3039 54 19 risks
2941 3040 21 18 of
2970 3040 27 19 all
3005 3041 74 18 classes
3086 3041 124 19 undertaken

2848 3067 20 16 at
2879 3065 70 20 lowest
2959 3070 82 15 current
3051 3071 60 15 rates.

2778 3098 75 19 Claims
2862 3100 73 19 settled
2945 3102 103 24 promptly
3058 3102 40 19 and
3111 3102 99 26 liberally.

2789 3147 48 17 New
2846 3149 84 17 Zealand
2940 3150 56 17 Head
3005 3150 63 21 Office
3079 3151 121 24 Wellington.

2813 3176 91 18 Resident
2912 3177 48 20 Sec.,
2970 3178 68 18 James
3047 3180 18 16 S.
3079 3179 99 18 Jajiesox.

2904 3212 101 17 Auckland
3015 3212 75 24 Agent:

2839 3238 24 17 A.
2876 3238 111 22 HEATHER,
2998 3241 76 16 Custom
3084 3241 67 17 Street.

2912 3277 85 17 Rotorua
3006 3277 74 23 Agent:

2825 3309 21 16 F.
2860 3309 21 17 F.
2891 3309 69 21 Watt,
2975 3310 118 18 Chronicle
3103 3311 63 17 Office.

2778 3354 28 17 W.
2814 3354 22 17 L.
2844 3354 99 22 Forster,
2954 3360 43 16 cm;.,
3024 3357 25 16 H.
3061 3357 29 17 W.
3100 3357 112 21 Mitchell,

2780 3493 159 42 FORSTER
2967 3495 25 40 &
3025 3497 185 46 MITCHELL,

2805 3552 112 27 MINING
2935 3554 170 27 ENGINEERS
3126 3556 60 26 AND

2906 3589 187 29 SURVEYORS,

2778 3629 120 19 VALUERS
2911 3632 33 17 OF
2952 3632 101 18 MINING
3064 3634 54 16 AND
3128 3634 84 17 OTHER

2912 3655 167 23 PROPERTIES,

2848 3692 106 20 Hauuaki,
2972 3693 52 17 New
3039 3693 103 18 Zealand.

2800 3754 95 18 Members
2904 3755 20 17 of
2933 3756 32 16 the
2974 3755 47 18 N.Z.
3032 3756 91 17 Institute
3135 3757 20 17 of
3168 3757 33 18 Sur-

2778 3782 71 17 veyors.

2847 3857 119 17 Normanby
2978 3858 65 20 Road,
3054 3857 88 19 Paeroa.

2796 3906 80 43 S~~OTE
2897 3914 63 19 paper
2979 3909 41 18 and
3036 3909 114 25 Envelopes
3167 3909 44 19 with

2859 3934 82 24 printed
2954 3935 91 24 heading
3056 3938 21 15 at
3086 3935 65 25 cheap
3158 3937 53 17 rates

2780 3962 20 16 at
2810 3959 107 20 Chronicle
2933 3961 62 18 oliice.
