4163 6071
96 260 45 28 the
162 260 200 38 Government.
374 261 64 26 took
463 270 37 28 up
526 261 44 28 the
596 270 79 19 cause
701 262 27 26 of

96 298 164 34 Education,
268 298 44 28 Mr
320 298 141 37 Campbell
468 308 55 19 was
533 299 193 37 compensated

93 338 37 26 i'ol
142 336 43 28 his
192 336 90 28 efforts
293 337 52 27 and
357 337 186 36 expenditure,
550 338 54 28 and
611 338 115 36 granted

94 376 166 35 permission
274 379 28 24 to
315 384 48 19 use
377 376 46 26 the
443 374 124 39 building
580 385 29 19 as
622 386 15 18 a
657 376 51 28 Sun-

94 413 54 35 day
174 413 97 27 School
294 414 98 35 during
414 413 43 28 his
479 414 120 28 lifetime.
646 414 79 28 Since

91 449 44 30 his
157 451 81 28 death
257 450 56 30 this
336 451 112 38 Sunday
472 452 98 28 School
590 452 50 28 has
663 462 46 18 con-

91 490 95 27 tinued
199 491 36 26 its
256 489 135 30 existence
412 491 89 28 under
523 491 46 28 the
590 491 134 33 guidance

91 527 29 29 of
131 537 15 18 a
159 528 158 29 committee
331 528 29 29 of
378 529 133 31 teachers,
525 529 63 28 who
602 529 35 37 by
660 529 64 36 long

91 575 83 27 usage
200 576 73 19 seem
300 571 27 24 to
348 568 125 27 consider
493 568 66 35 they
580 578 106 26 possess
709 577 15 18 a

89 604 94 28 vested
197 605 113 28 interest
323 606 29 27 in
365 606 46 27 the
430 611 135 31 property.
611 606 77 31 Now,
703 606 21 27 it

91 651 30 19 so
146 643 133 36 happens,
303 644 59 28 that
385 644 45 29 the
453 644 154 29 Education
630 645 94 28 Board

90 681 68 27 wish
173 684 27 24 to
209 680 76 28 build
299 691 15 18 a
325 691 59 18 new
394 682 93 27 school
496 683 30 25 in
536 683 54 26 this
601 682 123 35 locality,

91 717 54 30 and
158 728 30 19 as
201 719 66 37 they
280 729 45 20 are
338 720 47 29 the
397 719 109 30 natural
520 728 150 21 successors
698 720 30 29 of

91 758 47 29 the
168 762 126 30 trustees,
326 759 66 37 they
421 759 100 29 turned
553 760 71 28 their
658 769 63 27 eyes

91 797 118 28 towards
221 797 56 28 this
297 799 49 27 site
367 798 89 28 which
477 798 23 27 is
518 798 206 36 incomparably

91 834 48 29 the
152 834 59 30 best
222 835 42 30 for
276 835 46 30 the
335 845 116 29 purpose
465 837 28 27 in
514 835 111 30 Nelson.
668 836 56 29 But

91 874 48 29 the
153 875 157 29 committee
323 876 30 28 of
368 875 85 29 ladies
465 875 55 29 and
532 875 78 37 pious
631 884 92 28 young

91 921 66 20 men
169 914 63 27 who
246 914 73 27 distil
332 914 47 29 the
391 915 91 35 gospel
494 914 59 28 into
566 914 46 28 the
635 914 89 27 infant

93 952 78 27 mind
183 961 70 19 were
266 955 49 25 not
327 955 28 25 at
367 952 37 28 all
416 953 103 35 willing
530 955 28 25 to
571 956 93 24 vacate
677 952 46 28 the

91 990 146 35 situation;
256 990 55 29 and
317 994 115 25 matters
438 990 140 29 remained
585 990 139 37 quiescent

92 1028 42 28 fjr
149 1038 17 19 a
186 1028 91 29 while.
322 1030 79 28 After
422 1039 34 19 an
479 1029 116 28 interval
615 1028 108 30 tenders

91 1074 72 21 were
176 1067 87 29 called
275 1067 42 29 for
327 1067 46 29 the
387 1068 118 28 erection
515 1067 30 29 of
555 1077 16 19 a
583 1067 94 29 school
686 1076 36 19 on

92 1105 117 29 another
231 1105 60 34 site,
305 1105 54 29 and
373 1106 46 28 the
436 1106 125 37 question
574 1106 27 28 ot
623 1105 78 37 Camp-

92 1142 78 30 bell's
193 1145 51 28 site
263 1146 81 35 again
371 1144 117 37 cropped
510 1154 46 27 up.
601 1144 58 28 The
679 1143 45 29 old

93 1181 125 37 building
244 1182 36 38 by
304 1183 55 28 this
385 1183 67 28 time
478 1182 55 28 had
557 1185 47 34 got
629 1182 94 28 rather

93 1220 178 38 dilapidated,
284 1221 55 29 and
349 1232 16 18 a
374 1221 114 38 pratical
498 1230 64 19 man
573 1230 57 19 was
641 1220 82 29 asked

94 1262 30 25 to
143 1263 91 33 report
255 1269 36 19 on
310 1260 37 28 its
367 1260 148 31 condition.
559 1260 53 27 His
632 1264 92 32 report

92 1305 57 20 was
162 1297 68 28 such
242 1298 62 28 that
316 1298 46 28 the
376 1297 113 36 Sunday
503 1296 99 29 School
614 1300 28 25 at
655 1306 66 19 once

93 1335 162 30 abandoned
267 1336 22 28 it
301 1335 55 29 and
368 1335 65 30 took
444 1334 71 30 their
534 1335 101 29 classes
654 1335 52 29 else-

92 1373 90 30 where
193 1382 7 27 ;
228 1374 54 29 and
307 1374 47 30 the
384 1374 155 29 Education
566 1375 156 27 committee

91 1412 103 30 offered
214 1413 87 33 them,
314 1413 24 29 if
355 1413 66 36 they
439 1413 91 29 would
546 1413 60 35 give
618 1422 36 27 up
676 1413 46 28 the

93 1452 60 32 site,
167 1455 28 24 to
207 1453 80 27 allow
308 1451 77 28 them
397 1451 46 28 the
456 1460 48 19 use
517 1451 31 28 of
567 1460 16 19 a
595 1460 77 18 room
693 1451 29 26 in

92 1489 48 29 the
153 1491 98 36 Hardy
265 1494 81 25 street
358 1490 100 28 school.
496 1490 27 28 It
535 1498 56 19 was
604 1498 15 19 a
628 1489 94 28 liberal

91 1528 76 33 offer,
190 1529 50 27 but
263 1529 47 27 the
336 1528 112 35 Sunday
474 1528 99 27 School
599 1527 122 28 teachers

92 1565 119 38 thought
235 1566 66 38 they
320 1566 91 29 would
432 1567 122 36 improve
579 1574 35 20 on
635 1566 38 34 it;
693 1575 29 19 so

92 1604 68 37 they
176 1605 82 29 made
279 1606 47 28 the
345 1606 139 35 following
504 1604 167 37 proposition
692 1606 29 26 to

91 1642 47 28 the
151 1643 101 28 Board.
289 1644 72 27 That
375 1643 47 28 the
440 1651 61 19 sum
514 1642 31 28 of
562 1643 73 27 2OO
656 1642 64 27 cash

91 1679 99 31 should
214 1680 33 30 be
271 1681 64 38 paid
359 1684 28 27 to
411 1681 46 29 the
484 1680 112 36 Sunday
621 1679 100 31 School

91 1721 159 28 committee
263 1721 55 27 and
336 1721 162 36 permission
511 1720 58 27 also
590 1720 80 35 given
691 1722 29 25 to

91 1759 73 27 erect
177 1767 16 19 a
206 1757 125 38 building
343 1767 35 20 on
397 1757 46 30 the
463 1758 58 28 site.
567 1757 69 29 Now
657 1765 47 20 con-

89 1795 122 37 sidering
223 1796 61 29 that
296 1796 46 29 the
355 1797 91 28 Board
460 1797 30 27 of
506 1796 154 28 Education
675 1806 44 18 are

89 1834 118 36 morally
220 1834 55 28 and
292 1835 101 36 legally
414 1835 47 28 the
481 1834 114 33 rightful
616 1843 105 19 owners

89 1870 31 29 of
134 1871 46 29 the
200 1876 139 34 property,
353 1872 54 28 and
430 1872 96 28 intend
537 1873 80 36 using
637 1872 23 28 it
677 1872 44 28 for

89 1909 47 29 the
158 1919 67 29 very
245 1920 117 29 purpose
381 1911 102 29 recited
501 1912 28 28 in
551 1912 47 28 the
620 1911 99 29 Crown

89 1952 91 31 grant,
193 1950 15 27 I
221 1958 52 19 can
291 1950 68 35 only
378 1959 48 26 say
439 1950 60 28 that
522 1950 72 27 their
613 1954 108 31 request

88 1983 24 30 is
124 1985 84 30 about
221 1987 47 28 the
289 1987 103 29 coolest
411 1988 74 36 piece
498 1987 29 28 of
543 1987 102 28 brazen
666 1988 34 27 im-

88 2023 123 37 pudence
225 2025 14 28 I
253 2034 64 19 ever
329 2025 84 28 heard
426 2025 35 29 of.
499 2026 60 27 The
579 2025 141 29 chairman

88 2062 31 28 of
128 2062 47 29 the
193 2063 71 28 local
283 2064 158 29 committee
463 2064 108 28 seemed
594 2067 27 25 to
641 2073 80 28 grasp

87 2100 48 29 the
148 2101 131 29 situation
291 2105 90 33 pretty
399 2103 109 35 clearly,
522 2103 40 28 for
581 2112 30 19 as
624 2102 34 29 he
680 2112 26 18 re-

88 2139 124 35 marked,
225 2140 67 38 they
305 2141 65 37 only
386 2141 55 29 had
454 2145 27 25 to
502 2141 65 29 wait
580 2141 55 29 and
656 2141 66 38 they

87 2178 92 28 would
200 2182 44 29 get
258 2180 36 26 all
305 2180 66 35 they
394 2180 117 32 wanted,
525 2189 29 17 so
567 2181 23 27 it
602 2189 56 17 was
679 2189 26 18 re-

87 2215 94 31 solved
197 2219 29 25 to
249 2216 78 39 delay
350 2217 47 29 the
417 2218 186 28 construction
625 2217 29 29 of
672 2217 47 29 the

86 2263 61 19 new
168 2255 93 28 school
275 2257 42 26 till
338 2265 16 18 a
366 2257 87 27 freeze
467 2260 48 23 out
536 2257 77 27 takes
632 2257 88 34 place,

88 2291 90 30 which
192 2292 57 29 will
260 2298 50 23 not
322 2292 33 29 be
367 2302 66 27 very
449 2293 73 36 long.

280 2378 68 34 Life
365 2378 167 28 Assurance.

121 2424 37 30 At
170 2424 47 29 the
230 2427 109 35 present
360 2425 67 28 time
448 2424 76 29 there
546 2434 45 20 are
612 2434 36 19 no
667 2424 54 30 less

87 2463 69 29 than
169 2463 64 29 nine
247 2464 61 37 paid
322 2467 95 32 agents
438 2464 31 28 of
487 2463 59 29 Life
570 2464 150 28 Insurance

86 2502 171 27 institutions
278 2502 162 34 canvassing
462 2501 55 28 this
541 2502 81 27 small
647 2505 73 24 town

85 2539 43 29 for
149 2538 133 29 business.
325 2538 78 38 They
427 2543 139 33 represent
589 2539 61 28 four
670 2538 36 29 dif-

86 2578 90 29 ferent
188 2576 186 35 associations,
383 2577 54 29 and
448 2581 27 25 to
486 2577 34 30 do
530 2587 55 27 any
595 2577 123 30 business

86 2619 30 25 at
128 2616 37 28 all
177 2617 21 27 it
210 2617 23 27 is
245 2616 152 36 absolutely
408 2625 144 27 necessary
562 2617 40 27 for
614 2617 66 27 each
690 2619 29 25 to

86 2653 153 37 depreciate
261 2653 47 28 the
329 2654 95 27 merits
447 2654 29 26 of
494 2654 35 27 all
550 2654 47 27 the
618 2654 99 28 others.

87 2692 56 29 Not
156 2691 60 29 that
228 2691 88 33 alone,
329 2690 50 31 but
396 2691 48 30 the
466 2692 108 29 various
596 2691 122 30 societies

85 2741 75 19 seem
173 2735 28 25 to
215 2731 68 29 have
304 2731 68 28 such
395 2741 16 18 a
432 2731 241 37 superabundance
693 2731 30 29 of

85 2770 66 28 cash
165 2770 61 28 that
238 2770 65 36 they
315 2773 49 24 not
376 2769 66 36 only
463 2770 110 35 employ
595 2770 75 28 hosts
692 2771 30 26 of

85 2811 107 33 agents,
216 2807 49 28 but
287 2808 56 27 also
364 2808 72 28 issue
457 2807 108 36 printed
590 2808 128 28 circulars

85 2845 144 30 broadcast
250 2845 169 37 throughout
440 2845 47 29 the
508 2845 64 28 land
586 2846 129 36 exposing

86 2884 73 30 their
180 2884 92 29 rivals'
297 2888 91 25 rotten
412 2887 69 26 state
503 2884 54 28 and
579 2884 71 29 their
673 2893 28 20 ex-

85 2927 146 31 travagant
240 2926 203 32 management.
475 2922 67 28 Well
551 2923 6 27 I
584 2923 131 27 Business

85 2960 24 28 is
117 2960 132 28 business.
285 2960 58 28 The
353 2959 219 37 policy-holders,
584 2960 61 28 who
657 2960 58 28 find

85 2998 47 28 the
146 3007 100 28 money
257 3000 28 26 to
299 3007 77 27 carry
386 3005 37 20 on
435 2997 47 29 the
494 3007 64 24 war,
573 3007 44 18 are
630 2997 85 37 really

85 3037 47 28 the
155 3036 149 29 interested
327 3036 120 37 parties;
476 3036 49 28 but
558 3036 68 28 have
649 3045 66 28 very

83 3075 72 28 little
167 3080 28 24 to
207 3084 49 28 say
269 3075 27 28 in
316 3075 47 28 the
385 3078 110 25 matter.
531 3074 58 28 The
609 3078 105 32 agents,

82 3122 38 19 on
134 3113 47 28 the
201 3113 79 28 other
299 3112 85 34 hand,
406 3112 70 28 have
498 3122 16 18 a
533 3113 60 28 deal
612 3118 28 23 to
658 3121 55 28 say.

84 3150 85 29 What
190 3150 68 28 kind
281 3150 30 28 of
332 3150 95 28 merits
451 3158 45 20 are
520 3158 143 28 necessary
687 3157 28 21 to

82 3188 107 39 qualify
202 3198 15 20 a
231 3197 64 21 man
310 3192 41 26 tor
365 3197 34 21 an
418 3187 145 31 insurance
571 3198 144 21 canvasser

85 3230 15 28 I
115 3239 44 19 am
173 3232 48 26 not
233 3228 30 30 in
275 3239 15 19 a
303 3228 117 38 position
441 3232 29 26 to
491 3228 161 34 determine,
665 3228 50 31 but

85 3267 87 29 cheek
196 3267 54 29 and
269 3268 48 35 gift
339 3267 29 28 of
384 3268 47 28 the
451 3268 52 34 gab
527 3277 45 19 are
597 3272 53 24 two
670 3278 30 26 ap-

84 3305 125 38 parently
232 3314 144 28 necessary
398 3305 150 37 requisites.
601 3305 15 28 I
646 3305 70 29 have

87 3353 52 19 one
151 3345 30 27 in
200 3353 47 27 my
261 3343 99 28 mind's
374 3353 47 27 eye
435 3348 28 25 at
475 3344 47 28 the
535 3348 110 33 present
657 3353 39 19 mo-

87 3386 87 26 ment.
210 3382 34 29 In
258 3392 96 20 season
367 3382 54 29 and
435 3386 47 26 out
495 3382 30 30 of
535 3392 105 26 season,
660 3383 55 29 this

86 3432 67 18 man
165 3426 96 31 (seems
282 3431 27 19 to
330 3422 121 36 imagine
475 3422 58 28 that
545 3422 44 28 his
601 3423 116 27 infernal

86 3459 108 28 blather
206 3468 65 27 may
290 3459 32 28 be
343 3459 161 28 introduced
516 3460 58 27 into
586 3468 57 27 any
656 3469 45 18 con-

87 3497 138 29 versation
246 3497 55 29 and
322 3498 58 28 into
399 3506 55 28 any
473 3506 146 28 company.
664 3498 54 28 His

87 3539 155 27 utterances
264 3536 35 29 he
315 3536 139 37 evidently
470 3536 137 29 considers
619 3545 45 21 are
677 3537 26 28 in-

89 3576 99 37 spired,
201 3575 54 29 and
273 3574 43 30 his
337 3576 126 36 opinions
482 3575 235 37 unquestionable.

89 3614 54 28 His
155 3614 55 28 size
223 3617 119 34 protects
355 3614 58 27 him
427 3618 28 24 to
468 3624 16 18 a
496 3614 103 28 certain
616 3618 101 29 extent,

88 3651 42 30 for
141 3661 36 21 no
190 3661 66 20 man
276 3652 30 30 of
321 3661 55 28 any
397 3651 100 39 feeling
510 3651 89 31 would
617 3661 61 21 care
690 3656 28 26 to

89 3691 62 28 kick
172 3701 17 18 a
208 3691 86 28 fellow
311 3691 62 28 who
386 3691 94 28 stands
498 3691 83 28 about
598 3691 54 28 five
664 3692 54 28 feet

89 3729 117 37 nothing
226 3728 30 29 in
276 3728 43 29 his
340 3728 93 36 boots;
451 3728 50 29 but
522 3728 34 29 he
577 3738 141 29 presumes

90 3777 37 20 on
139 3767 45 30 the
197 3769 149 36 protection
360 3767 43 30 his
412 3768 105 29 limited
527 3768 94 29 inches
631 3768 87 29 shield

89 3805 60 28 him
160 3806 67 27 with
245 3809 28 24 to
294 3806 79 27 make
395 3815 16 18 a
432 3809 71 24 most
524 3806 194 36 objectionable

89 3852 49 21 use
150 3844 31 28 of
189 3844 44 29 his
245 3847 99 33 tongue
356 3846 29 27 to
398 3844 75 36 vilify
487 3844 36 29 all
541 3844 54 29 and
614 3844 103 39 sundry

88 3882 64 28 who
165 3886 113 25 venture
289 3888 28 23 to
332 3882 75 28 differ
417 3882 67 28 with
497 3883 59 27 him
567 3891 7 26 ;
593 3884 55 27 and
661 3884 23 27 if
690 3887 28 25 at

87 3929 58 28 any
168 3920 67 29 time
259 3929 51 19 one
335 3920 122 37 happens
476 3923 28 26 to
529 3920 125 37 question
675 3921 43 29 his

89 3963 163 24 statements
275 3958 34 29 he
329 3958 80 29 hauls
433 3962 48 25 out
505 3959 29 28 of
562 3959 41 28 his
626 3959 92 29 breast

90 3996 99 38 pocket
201 3996 173 29 voluminous
386 3996 87 29 tables
492 3997 66 28 with
581 3997 137 29 cabalistic

89 4035 109 36 figures,
210 4035 88 28 which
311 4038 29 24 to
352 4035 48 27 the
421 4035 162 28 uninitiated
605 4045 65 26 may
687 4036 31 27 be

89 4073 48 29 the
151 4072 90 29 Prime
264 4072 148 29 Minister's
433 4072 109 38 budget,
557 4072 53 29 and
623 4073 78 29 trium-

89 4112 118 36 phantly
219 4121 63 27 raps
296 4112 75 27 them
385 4111 53 28 and
451 4112 137 33 exclaims,
631 4112 87 28 These

89 4157 45 19 are
155 4149 47 28 the
225 4148 91 37 proofs
390 4148 15 27 I
427 4148 75 28 don't
523 4157 49 27 say
584 4148 67 36 they
664 4158 55 23 are,

89 4195 32 21 or
132 4196 45 20 are
190 4190 48 25 not
250 4185 90 38 proofs
353 4185 30 30 of
398 4186 45 28 the
469 4186 128 37 solvency
618 4187 30 28 of
670 4186 49 35 his,

87 4233 33 18 or
140 4225 46 26 the
207 4223 172 36 bankruptcy
398 4224 30 27 of
447 4223 47 28 the
518 4224 79 27 other
620 4224 97 31 shows,

90 4260 51 30 but
164 4261 15 28 I
203 4270 49 27 say
275 4260 62 29 that
360 4269 36 20 no
420 4269 66 19 man
506 4260 50 29 but
577 4270 16 19 a
614 4260 106 29 trained

90 4303 115 33 actuary
228 4300 24 27 is
275 4302 156 34 competent
450 4303 29 24 to
495 4299 83 36 judge
600 4299 30 28 of
644 4300 76 28 these

89 4338 111 36 figures,
214 4336 55 29 and
281 4337 15 27 I
309 4346 45 18 am
367 4337 102 27 certain
482 4337 61 27 that
555 4336 55 29 this
623 4346 97 27 person

92 4376 56 29 and
167 4375 92 30 others
279 4375 29 28 in
325 4374 47 29 the
392 4384 75 19 same
488 4375 55 28 line
557 4384 45 19 are
614 4375 108 29 neither

90 4423 77 20 more
179 4424 49 17 nor
241 4414 54 27 less
308 4415 66 26 than
395 4423 128 19 common
537 4415 143 27 nuisances
691 4417 29 25 to

90 4452 97 37 people
199 4451 62 29 who
275 4451 69 28 have
356 4451 80 28 other
447 4451 123 28 business
591 4458 28 21 to
642 4451 80 28 think

89 4490 94 28 about.

324 4566 167 35 Municipal.

127 4614 78 31 After
217 4624 16 19 a
246 4613 79 38 delay
338 4613 30 29 of
377 4624 16 18 a
405 4613 96 38 couple
513 4612 30 30 of
552 4612 111 31 months
676 4612 46 31 the

93 4655 143 29 Governor
247 4653 51 28 has
310 4656 29 25 at
350 4652 52 29 last
420 4652 140 29 abolished
581 4653 47 28 the
649 4652 75 28 ward

93 4698 105 32 system
208 4693 29 26 in
249 4691 47 28 the
306 4690 56 37 city
372 4690 54 28 and
437 4691 45 28 the
492 4693 109 34 present
611 4690 113 28 Council

92 4730 69 31 with
173 4731 31 28 it.
240 4729 78 36 They
330 4728 64 29 held
406 4738 17 19 a
435 4728 100 37 special
548 4728 116 36 meeting
673 4728 52 28 last

93 4770 81 34 night
186 4771 28 24 to
226 4767 108 28 console
348 4775 51 19 one
421 4766 123 33 another,
558 4766 54 27 and
634 4769 27 23 to
683 4770 43 31 try

92 4806 56 30 and
168 4805 91 30 devise
281 4813 76 20 some
381 4812 96 20 means
501 4806 29 26 to
550 4803 87 37 spend
649 4812 75 19 more

93 4854 104 26 money
209 4843 91 30 before
313 4852 16 19 a
341 4852 60 19 new
415 4842 112 28 Council
545 4851 56 18 was
613 4841 111 34 elected,

92 4884 51 28 but
164 4883 48 28 the
231 4885 119 32 attempt
369 4889 56 19 was
447 4889 16 19 a
482 4879 106 33 failure,
602 4879 42 28 for
656 4888 68 19 even

92 4922 48 29 the
153 4929 98 27 mayor
263 4928 88 19 seems
364 4922 28 24 at
404 4918 53 28 last
468 4921 28 25 to
506 4917 68 29 have
586 4918 68 27 been
663 4926 46 19 con-

92 4958 94 30 verted
200 4961 28 25 to
241 4966 49 28 my
301 4966 63 27 way
378 4956 30 28 of
426 4955 136 36 thinking,
576 4954 54 28 and
643 4954 83 28 asked

92 4999 47 28 the
153 4996 113 29 Council
279 5000 28 23 to
320 4995 70 27 have
412 5003 16 18 a
447 4994 70 27 little
539 5003 128 17 common
680 4993 30 27 de-

92 5044 96 28 cency.
225 5033 58 28 The
297 5033 56 36 city
374 5031 103 28 fathers
497 5040 71 19 were
588 5030 138 37 evidently

91 5073 144 38 depressed
249 5076 29 24 at
289 5071 48 28 the
358 5073 124 34 prospect
502 5079 76 19 some
598 5069 30 28 of
649 5069 77 28 them

94 5113 56 28 had
163 5111 30 28 of
211 5110 113 36 retiring
336 5109 58 28 into
407 5109 61 28 that
480 5107 105 37 private
598 5107 45 28 life
655 5107 71 28 from

91 5149 92 32 which
197 5148 66 37 they
276 5146 86 38 ought
375 5155 84 20 never
468 5149 28 26 to
508 5146 70 28 have
589 5145 136 36 emerged.

92 5189 65 30 And
170 5188 48 29 the
230 5196 117 19 manner
365 5185 30 29 of
413 5185 72 29 their
505 5185 109 33 leaving
633 5184 23 27 is
677 5187 50 25 not

93 5227 67 30 such
174 5235 30 20 as
216 5224 65 35 they
296 5232 53 20 can
361 5222 29 29 in
404 5223 46 28 the
463 5223 90 27 future
567 5222 78 36 point
659 5220 68 29 back

92 5271 29 24 to
145 5276 30 18 as
195 5262 157 36 something
372 5264 29 25 to
422 5260 34 29 be
478 5259 87 37 proud
578 5259 35 29 of.
651 5259 76 36 They

93 5306 35 28 do
152 5309 50 23 not
222 5301 81 29 retire
324 5300 38 37 by
383 5299 45 29 the
450 5298 129 29 effluxion
598 5297 30 29 of
646 5299 81 33 time;

93 5344 68 37 they
186 5342 35 28 do
244 5344 50 24 not
317 5338 99 34 resign.
459 5337 77 37 They
560 5346 46 19 are
628 5335 100 38 simply

93 5381 98 30 kicked
205 5382 47 25 out
273 5378 47 37 by.
330 5377 46 29 the
398 5375 145 37 indignant
561 5378 166 32 ratepayers,

93 5421 94 27 whose
200 5417 84 28 funds
304 5416 66 35 they
390 5415 71 26 have
483 5412 178 37 squandered,
674 5413 53 27 and

93 5458 94 29 whose
218 5455 127 29 interests
376 5452 66 34 they
479 5451 70 28 have
578 5449 149 36 neglected.

94 5498 73 28 That
179 5497 23 27 is
214 5495 48 28 the
276 5491 89 31 actual
383 5490 89 38 finale
493 5490 31 28 of
538 5490 47 28 the
609 5488 119 37 (Nile)ist

94 5535 193 36 conspirators.
341 5530 77 35 They
448 5527 118 28 finished
597 5535 36 27 up
658 5527 70 27 their

94 5584 92 20 career
198 5572 29 30 in
241 5581 17 20 a
270 5577 118 23 manner
397 5565 107 38 worthy
515 5566 29 29 of
554 5563 173 32 themselves.

94 5615 59 26 The
179 5612 127 37 question
328 5608 29 28 of
375 5608 46 28 the
443 5615 97 19 sewers
553 5604 116 36 cropped
682 5614 45 26 up,

94 5652 55 30 and
163 5651 75 37 they,
251 5646 132 37 knowing
404 5643 152 38 absolutely
573 5642 117 38 nothing
703 5641 25 30 of

93 5693 77 28 what
183 5701 54 18 was
250 5696 154 26 necessary,
418 5682 177 31 commenced
614 5682 99 28 discuss-

94 5732 48 33 ing
155 5739 15 17 a
184 5731 101 25 matter
298 5725 89 27 which
401 5723 57 26 will
479 5722 106 34 require
598 5721 46 25 the
656 5729 57 17 care-

94 5752 47 48 fur
154 5763 202 35 consideration
379 5760 30 31 of
426 5758 128 41 practical
579 5767 74 25 men,
674 5757 54 29 and

94 5808 57 29 will
162 5805 159 34 eventually
335 5806 58 24 cost
405 5799 152 29 thousands
571 5800 28 26 ot
611 5797 115 36 pounds.

94 5847 67 29 This
174 5844 66 37 they
254 5847 42 24 set
308 5838 165 31 themselves
495 5841 28 25 to
544 5835 74 30 work
632 5840 48 23 out
693 5844 34 19 on

94 5885 71 28 their
179 5880 159 32 deathbeds.
375 5879 62 27 And
451 5881 28 24 to
492 5876 75 28 show
587 5875 60 27 how
662 5874 48 28 emi-

753 259 96 39 nently
861 261 128 37 practical
1004 271 16 19 a
1038 262 39 29 lot
1097 262 31 28 of
1145 262 162 29 councillors
1322 262 65 36 they

759 309 49 23 ire,
821 300 68 36 they
910 303 73 25 went
1004 300 58 28 into
1086 300 47 28 the
1152 300 125 37 question
1291 301 32 28 of
1342 310 28 19 ex-

753 338 127 35 cavating
900 338 47 28 the
968 338 46 29 silt
1033 343 49 24 out
1100 339 31 28 of
1149 339 47 28 the
1216 348 96 19 sewers
1331 339 54 28 and

752 376 153 37 depositing
927 376 21 28 it
969 385 36 19 on
1028 377 47 29 the
1097 377 111 29 athletic
1229 377 106 36 ground
1348 386 34 20 on

752 414 47 28 the
822 414 66 28 mud
908 414 57 28 flat.
1003 415 68 28 Now
1091 416 65 27 here
1180 416 22 27 is
1227 425 15 17 a
1265 425 62 17 sum
1345 414 42 29 for

752 461 74 19 some
838 451 31 29 of
879 462 69 27 your
961 453 70 29 sixth
1048 453 129 29 standard
1196 453 127 29 scholars.
1361 453 28 29 If

751 496 53 23 two
820 492 80 27 miles
919 491 32 28 of
969 493 167 35 egg-shaped
1158 502 97 18 sewers
1276 492 109 28 contain

752 538 35 19 an
808 538 114 28 average
945 529 82 38 depth
1053 530 30 29 of
1100 530 53 29 five
1173 530 96 29 inches
1282 530 30 28 of
1330 530 55 33 silt,

752 568 122 28 fourteen
898 569 95 28 inches
1016 569 79 31 wide,
1119 569 76 28 what
1220 569 83 35 depth
1328 570 55 27 will

754 606 58 27 that
825 607 47 27 silt
884 615 80 19 cover
982 616 34 18 on
1040 607 75 33 eight
1136 616 75 19 acres
1234 607 29 28 of
1281 607 88 37 proble-

752 645 112 28 matical
877 645 99 28 cricket
989 646 106 34 ground
1107 647 12 26 ?

787 682 58 28 The
857 691 59 19 new
929 683 129 27 elections
1068 683 54 27 will
1134 683 62 27 take
1208 683 75 36 place
1296 684 29 26 in
1338 683 46 28 the

751 727 92 23 course
857 720 30 28 of
906 719 46 30 the
967 720 138 38 following
1117 720 108 35 month,
1239 721 54 29 and
1306 720 77 30 there

750 759 55 28 will
818 759 32 29 be
863 769 75 19 some
952 760 70 28 little
1035 761 134 28 variation
1192 771 59 18 rom
1267 770 50 19 our
1325 770 44 27 pre-

752 801 61 24 sent
825 798 111 28 dulness
948 798 100 36 during
1060 798 47 28 the
1119 798 150 29 discussion
1283 808 36 19 on
1337 799 48 28 the

750 838 61 34 past
824 834 136 31 misdeeds
972 836 30 29 of
1009 835 47 30 the
1070 835 45 30 old
1133 835 125 35 Council,
1271 836 54 29 and
1338 836 47 29 the

750 875 132 35 promises
895 874 31 29 of
935 875 100 29 reform
1049 874 84 39 likely
1147 879 28 26 to
1188 875 32 30 be
1234 875 63 30 held
1309 876 73 29 forth

750 913 35 35 by
799 914 47 28 the
858 922 63 19 new
938 913 169 30 candidates.

884 989 58 30 The
959 989 133 30 Midland
1109 989 140 39 Bailway.

784 1037 36 29 So
840 1037 42 29 far
904 1047 31 20 as
952 1037 169 30 Parliament
1133 1039 24 28 is
1169 1038 155 29 concerned
1336 1039 47 29 the

749 1075 102 37 Colony
871 1075 51 29 has
943 1075 87 38 nobly
1051 1075 70 30 done
1143 1077 35 28 all
1192 1076 23 29 it
1227 1086 56 20 can
1296 1077 35 28 do
1343 1081 26 25 to-

748 1114 89 29 wards
858 1114 48 29 the
931 1114 173 38 prosecution
1128 1115 31 30 of
1178 1115 48 30 the
1256 1115 127 29 Midland

750 1153 132 35 Railway.
918 1153 29 28 It
955 1162 62 20 now
1026 1157 70 25 rests
1107 1154 64 28 with
1182 1154 47 28 the
1237 1155 145 36 Company

748 1194 29 25 to
790 1190 35 29 do
836 1191 73 29 their
922 1191 89 30 share.
1046 1192 45 37 By
1105 1192 46 29 the
1164 1192 119 37 English
1305 1192 77 34 mail,

749 1229 90 29 which
861 1230 107 29 arrived
985 1230 104 37 to-day,
1104 1232 14 27 I
1139 1231 67 29 read
1223 1241 16 19 a
1251 1234 93 34 report
1356 1231 30 29 of

749 1277 34 18 an
830 1268 139 28 interview
1016 1268 122 29 between
1152 1269 44 27 Mr
1207 1269 82 28 Allan
1303 1269 77 29 Scott

749 1305 31 28 of
799 1305 193 29 Christchurch
1017 1306 55 28 and
1095 1315 17 19 a
1135 1310 121 33 reporter
1276 1307 30 28 of
1335 1307 47 28 the

748 1342 66 29 Pall
825 1343 73 28 Mall
911 1344 119 29 Gazette.
1068 1343 45 30 Mr
1134 1344 99 30 Scott's
1254 1344 127 38 opinions

749 1382 53 28 and
827 1383 182 28 asservations
1033 1382 65 29 read
1122 1382 54 30 like
1201 1392 17 20 a
1240 1392 139 21 romance.

748 1421 77 28 After
836 1422 95 35 falling
943 1422 58 27 foul
1014 1422 30 27 of
1063 1422 45 27 Mr
1123 1422 116 33 Froude,
1253 1422 47 29 the
1312 1423 50 28 emi-

748 1463 67 23 nent
827 1458 141 32 historian,
982 1459 41 28 for
1040 1459 103 37 having
1190 1460 120 28 damned
1332 1460 48 29 the

748 1498 86 27 credit
847 1498 30 27 of
889 1498 46 28 the
1099 1498 35 29 he
1146 1502 60 31 gets
1218 1499 115 36 poetical
1343 1508 37 19 on

747 1535 46 27 the
814 1534 86 37 grand
918 1535 97 28 results
1034 1539 28 24 to
1084 1535 33 29 be
1138 1536 124 28 attained
1283 1536 36 36 by
1331 1536 47 28 the

748 1573 155 29 settlement
911 1573 31 29 of
948 1573 150 29 thousands
1106 1573 30 29 of
1141 1573 81 29 small
1230 1573 149 37 capitalists

748 1621 36 19 on
796 1611 46 29 the
857 1611 79 29 lands
948 1614 28 26 to
988 1611 33 29 be
1034 1612 127 36 acquired
1183 1612 37 36 by
1237 1612 48 29 the
1300 1613 59 28 Com-

747 1658 73 27 pany
832 1657 7 26 ;
858 1649 54 28 and
931 1649 34 28 he
986 1649 63 28 tells
1069 1650 43 27 his
1134 1649 113 28 listener
1258 1649 62 30 that
1333 1650 47 29 the

748 1687 142 38 Company
913 1697 46 20 are
980 1689 28 28 to
1030 1691 138 27 construct
1189 1689 50 30 235
1261 1687 81 32 miles
1353 1688 31 30 of

747 1727 54 26 line
814 1731 28 23 at
865 1736 16 18 a
903 1729 57 26 cost
981 1726 31 29 of
1029 1729 54 26 two
1105 1727 56 29 and
1181 1728 200 35 three-quarter

748 1764 127 33 millions,
888 1764 49 30 but
950 1764 65 37 only
1028 1764 61 29 half
1098 1764 136 29 a-million
1244 1765 30 29 of
1280 1764 99 39 capital

748 1803 54 28 will
830 1803 33 28 be
893 1813 153 26 necessary,
1074 1813 29 19 as
1129 1804 48 28 the
1202 1804 55 28 sale
1281 1804 31 28 of
1330 1804 48 28 the

747 1841 123 28 valuable
889 1841 93 28 blocks
1001 1842 31 27 of
1047 1841 67 29 land
1130 1841 57 29 will
1206 1841 98 29 realise
1328 1850 52 20 one

747 1879 54 28 and
814 1881 138 35 a-quarter
972 1879 121 30 millions
1112 1879 37 38 by
1169 1879 47 30 the
1239 1879 68 31 time
1328 1880 48 29 the

747 1918 61 29 half
827 1918 108 29 million
961 1917 23 30 is
1009 1918 148 38 expended.
1194 1919 55 30 For
1272 1928 17 20 a
1312 1928 66 20 man

747 1957 62 28 who
822 1957 51 27 has
893 1957 131 28 travelled
1046 1957 118 35 through
1187 1957 47 28 the
1255 1960 124 33 country,

747 1994 55 28 and
815 1994 67 28 then
893 1994 66 29 read
970 1994 44 29 Mr
1021 1994 82 29 Allan
1114 1994 99 29 Scott's
1223 1994 155 36 allegorical

747 2032 173 37 description,
939 2032 48 30 the
1006 2032 123 29 business
1150 2037 92 32 aspect
1265 2032 31 30 of
1312 2032 24 30 it
1356 2034 24 28 is

747 2070 95 37 funny.
891 2071 144 34 However,
1057 2071 81 29 when
1157 2071 47 29 the
1227 2070 153 38 capitalists

747 2109 69 29 have
838 2114 79 32 spent
937 2110 48 28 the
1005 2109 62 28 half
1091 2109 117 34 million,
1231 2110 67 36 they
1321 2110 59 28 will

747 2148 71 29 have
842 2149 76 28 these
951 2148 177 37 magnificent
1152 2148 106 35 forests,
1282 2148 25 29 if
1332 2148 48 30 the

747 2187 101 26 former
860 2186 147 36 capitalists
1025 2187 35 27 do
1081 2190 48 24 not
1150 2188 89 26 arrive
1258 2187 30 27 in
1300 2196 81 24 eager

747 2224 103 29 crowds
872 2227 28 26 to
921 2226 123 36 compete
1065 2224 42 29 for
1127 2224 88 36 them,
1228 2224 55 30 and
1303 2224 77 30 there

747 2272 45 18 are
805 2263 95 34 plenty
913 2264 30 26 of
952 2272 78 26 spare
1051 2264 123 26 millions
1194 2267 29 23 at
1246 2264 84 26 home
1352 2266 28 24 to

747 2298 82 30 finish
853 2299 56 29 this
932 2299 85 30 track.
1060 2299 50 38 My
1133 2299 113 39 opinion
1271 2299 24 30 is
1320 2299 61 30 that

747 2338 80 28 Allan
851 2339 75 27 Scott
945 2338 50 28 has
1016 2338 138 29 mistaken
1176 2338 44 28 his
1241 2338 136 29 vocation.

747 2375 45 28 He
814 2375 85 36 ought
919 2379 28 24 to
969 2376 108 27 remain
1096 2377 30 26 in
1138 2376 117 27 London
1268 2376 55 27 and
1336 2385 27 18 as-

747 2413 56 36 pire
816 2417 28 24 to
857 2412 46 29 the
918 2413 107 28 honour
1036 2413 31 28 of
1075 2413 154 37 occupying
1241 2412 45 30 the
1300 2413 78 28 chair

748 2451 112 29 vacated
889 2451 37 37 by
954 2451 48 30 the
1030 2451 56 30 late
1116 2451 141 30 lamented
1288 2451 93 30 Baron

748 2490 200 26 Munchausen.
1221 2490 121 26 Korari.

764 2563 219 35 (Continuation
996 2563 34 37 of
1043 2565 91 33 News,
1147 2573 42 20 see
1201 2563 50 29 4th
1262 2564 99 36 Page.)

1326 117 117 44 THE
1497 113 187 46 LYELL
1733 110 188 49 TIMES,
1976 104 307 58 SATURDAY,
2343 113 138 53 JUNE
2535 114 57 51 26,
2650 115 104 44 1886.

910 2651 137 39 Mining
1064 2651 151 31 Notices.

746 2738 83 32 THE
853 2738 157 32 UNITED
1032 2737 151 33 ALPINE
1215 2737 163 40 QUAETZ

771 2795 152 32 MINING
945 2795 202 37 COMPANY,
1163 2794 188 33 LIMITED.

746 2911 208 32 mENDERS
966 2922 49 21 are
1026 2911 173 32 INVITED
1210 2911 45 33 for
1265 2911 113 33 DEIV-

750 2942 28 48 J-
815 2966 74 32 ING
899 2969 58 30 300
968 2966 109 32 FEET
1089 2966 32 33 of
1130 2966 59 33 this
1200 2966 179 44 Company's

742 3020 55 35 No.
814 3025 18 31 7
846 3023 151 33 LEVEL.

783 3137 233 40 Specifications-
1033 3147 57 21 can
1116 3137 36 31 be
1175 3146 70 22 seen
1269 3137 32 31 at
1328 3136 51 32 the

743 3193 179 46 Company's
950 3193 101 41 Office,
1079 3192 98 36 where
1211 3192 41 35 all
1283 3192 71 35 TEN-

743 3253 108 33 DERS
874 3254 60 32 will
957 3254 37 32 be
1018 3253 213 33 RECEIVED
1255 3264 40 30 up
1316 3256 31 30 to
1361 3255 18 30 4

743 3311 112 32 o'clock
867 3321 85 31 p.m.,
969 3321 39 22 on
1032 3309 202 39 TUESDAY,
1250 3309 52 34 the
1326 3309 53 34 6th

743 3368 58 45 day
821 3368 34 35 of
875 3368 115 39 JULY,
1007 3369 86 32 1886.

784 3483 25 33 A
837 3483 128 33 Deposit
991 3482 34 34 of
1049 3484 61 32 lO
1133 3484 32 32 to
1199 3492 182 34 accompany

745 3541 73 33 each
832 3541 113 34 tender.

785 3643 63 34 The
870 3643 102 35 lowest
995 3654 33 24 or
1051 3653 59 34 any
1129 3643 104 34 tender
1256 3645 54 33 not
1329 3653 34 23 ne-

745 3702 139 42 cessarily
898 3702 147 41 accepted.

991 3759 135 35 JAMES
1145 3758 154 40 INGUS,

1183 3803 155 40 Manager.

769 3856 4 48 '
784 3860 95 44 Lyell,
896 3860 73 33 18th
989 3860 90 39 June,
1095 3861 87 32 1886.

919 3958 120 31 Public
1056 3958 153 31 Notioes.

809 4040 301 29 FENNELL'S
1162 4039 155 29 HALL.

747 4117 142 28 FRIDAY
907 4118 21 27 &
948 4116 208 34 SATURDAY,
1168 4115 98 30 JULY
1277 4116 18 27 2
1314 4115 22 28 &
1354 4116 27 28 3.

930 4191 223 37 Re-appearance
1170 4190 32 31 of

748 4238 158 61 JOHN
947 4237 229 37 DRISCOLL
1215 4234 165 46 FOLEY,

857 4290 158 37 (Comedian
1041 4290 55 30 and
1119 4288 158 37 Humorist)

984 4337 115 28 assisted
1110 4336 39 38 by

803 4384 111 33 MISS
947 4384 169 33 LAURIE
1150 4382 173 39 BLOOM,

922 4429 69 35 (Mrs
1008 4429 27 28 J.
1051 4429 37 28 D.
1100 4428 107 36 Foley.)

749 4475 35 29 In
796 4475 72 30 their
888 4475 112 38 unique,
1022 4474 103 30 refined
1147 4474 56 28 and
1225 4474 159 38 Laughable

886 4514 223 34 entertainment,
1124 4513 123 35 entitled,

809 4559 506 63 SUNBEAMS

751 4637 179 37 Introducing
944 4638 44 28 Mr
1001 4638 86 35 Foley
1097 4637 55 29 and
1165 4637 68 29 Miss
1243 4637 31 29 L.
1284 4637 100 29 Bloom

783 4676 31 28 in
827 4675 46 29 the
886 4676 96 29 Latest
994 4676 139 28 Novelties
1153 4675 30 29 of
1201 4675 49 29 the
1272 4677 77 27 time.

751 4765 90 28 Prices
854 4774 30 19 as
902 4765 88 28 usual.
1026 4765 90 28 Doors
1138 4774 71 27 open
1228 4766 71 33 7.30,
1312 4774 55 20 com-

922 4811 96 21 mence
1032 4805 28 27 at
1072 4804 18 29 8
1102 4802 113 30 o'clock.

880 4882 44 38 A.
944 4882 314 47 RICHARDSON,

758 4963 198 33 nHEMIST
1001 4963 94 32 AND

788 5049 327 48 Palmerston-St.,
1141 5050 213 52 Westport.

753 5159 24 29 A
788 5158 74 38 large
881 5159 55 29 and
957 5158 190 31 well-selected
1168 5158 81 30 Stock
1270 5158 32 30 of
1322 5159 67 29 New

787 5198 101 35 Drugs,
902 5198 163 32 Chemicals,
1074 5198 220 35 Homoeopathic,
1305 5198 33 28 Pa-

822 5239 60 25 tent
894 5235 54 28 and
968 5235 173 38 Proprietary
1161 5235 159 34 Medicines,

858 5275 132 36 Sponges,
1020 5273 175 35 Brushware,
1220 5274 48 28 Per-

890 5312 118 36 fumery,
1033 5311 88 30 Toilet
1151 5311 84 38 Requi-

926 5351 72 33 sites,
1008 5350 103 29 Elastic
1122 5350 78 29 Stock-

959 5390 71 34 ings,
1037 5389 150 36 Kneecaps,

1005 5426 125 31 Anklets,

961 5463 106 31 Ladies'
1111 5463 52 40 Sup-

926 5509 84 27 ports,
1051 5502 166 30 Abdominal

891 5541 92 33 Belts;
1002 5541 121 33 Trusses,
1134 5541 37 28 all
1185 5542 68 28 sizes

857 5580 109 29 various
983 5584 132 34 patterns,
1129 5581 55 35 &c,
1197 5581 90 30 Horse

823 5619 54 28 and
902 5620 88 27 Cattle
1016 5619 159 34 Medicines,
1199 5621 56 31 &c,
1276 5621 45 26 &c.

757 5725 124 35 Country
911 5724 100 28 Orders
1039 5724 139 36 carefully
1204 5724 131 27 attended
1354 5725 35 31 to,

798 5762 80 39 Lyell
889 5761 246 39 Ageucy:Lyell
1147 5762 94 31 Times
1253 5761 94 32 Office.

755 5867 34 32 A.
802 5866 273 36 RICHARDSON,
1086 5866 302 33 Palmerston-street.

1572 248 137 38 Mining
1735 246 152 32 Notices.

1425 332 163 30 MANUKA
1623 329 94 30 FLAT
1754 326 101 31 GOLD
1892 322 145 31 MINING

1534 376 190 38 COMPAQ,
1753 374 175 34 LIMITED.

1415 489 109 28 mHE
1552 485 198 31 ORDINARY
1777 478 269 34 HALF-YEARLY

1504 538 177 31 MEETING
1702 536 31 31 of
1749 532 196 33 Shareholders
1957 532 28 28 in
1999 530 47 29 the

1413 592 85 28 above
1528 592 144 35 Company
1700 589 57 29 will
1785 587 34 29 be
1848 585 65 29 held
1942 587 28 25 at
1998 583 48 28 the

1413 643 160 38 Registered
1597 640 85 32 Office
1712 640 30 30 of
1768 640 48 29 the
1840 639 152 36 Company,
2018 638 28 27 at

1413 695 87 37 Lyell,
1535 704 36 19 on
1602 691 208 34 SATURDAY,
1840 689 65 29 26th
1935 684 110 36 JUNE,

1414 749 74 35 1886,
1502 751 29 27 at
1550 749 16 28 6
1578 746 112 35 o'clock,
1702 755 67 29 p.m.

1648 848 143 34 Business
1802 857 6 22 :

1482 908 42 28 To
1554 906 116 30 Receive
1691 905 147 29 Directors'
1864 902 103 37 Report
1990 899 55 30 and

1550 959 120 29 Balance
1684 957 84 29 Sheet
1781 964 8 27 *,
1808 955 64 34 and,

1479 1012 40 29 To
1777 1007 55 30 and
1845 1006 138 30 Auditors.

1694 1070 123 31 JAMES
1835 1066 141 35 INGLIS,

1869 1122 141 35 Manager.

1446 1174 91 41 Lyell,
1551 1175 63 31 14th
1629 1176 83 34 June,
1726 1176 76 28 1886.

1477 1261 251 30 APPLICATION
1749 1260 74 28 FOR
1844 1257 131 30 LEASE.

1559 1366 104 29 Nelson
1677 1364 178 30 South-West
1867 1360 160 32 Goldfields.

1671 1403 66 31 12th
1750 1404 83 33 June,
1849 1403 75 29 1886.

1441 1454 42 31 To
1502 1464 57 20 the
1577 1455 130 31 Warden
1724 1462 35 21 at
1778 1454 171 28 Murchison

1410 1510 35 58 I
1466 1508 161 28 HEREBY
1648 1508 84 35 apply
1749 1507 43 28 for
1814 1515 17 19 a
1853 1503 193 37 Gold-Mining

1482 1546 87 28 Lease
1589 1545 29 29 of
1638 1545 48 29 the
1706 1544 81 29 lands
1811 1542 165 30 hereinafter
1999 1541 30 28 de-

1408 1584 113 34 scribed,
1547 1585 30 28 in
1600 1583 166 30 accordance
1796 1581 69 30 with
1888 1581 48 30 the
1961 1579 82 31 Gold-

1408 1623 110 36 Mining
1529 1623 101 28 Leases
1643 1620 181 38 Regulations
1844 1620 32 28 of
1890 1620 68 28 New
1978 1619 49 28 Zea-

1407 1660 76 35 land,
1496 1660 56 29 and
1564 1660 15 28 I
1592 1668 89 29 agree,
1699 1668 76 28 upon
1796 1658 48 29 the
1866 1656 131 39 approval
2017 1664 28 29 oj

1406 1699 57 30 this
1483 1698 177 38 application,
1673 1701 29 27 to
1723 1700 113 27 execute
1848 1706 17 20 a
1876 1696 73 30 lease
1970 1704 74 29 upon

1404 1738 49 28 the
1467 1737 73 28 basis
1552 1737 106 28 therein
1670 1736 99 33 stated,
1786 1736 33 32 |if
1838 1735 47 28 the
1904 1735 141 27 Governor

1407 1775 72 30 shall
1491 1775 81 30 think
1585 1775 72 38 fit.to
1669 1777 81 35 grant
1762 1773 145 37 the]same.

1690 1825 123 30 JAMES
1831 1823 142 33 INGLIS,

1851 1862 156 38 Applicant.

1441 1967 90 28 Name
1543 1966 56 29 and
1611 1966 110 28 address
1730 1964 93 28 in'full
1831 1963 32 29 of
1868 1962 139 38 applicant

1474 2005 97 29 James
1584 2004 97 37 Inglis,
1694 2002 88 38 Lyell.

1443 2056 76 38 Style
1540 2056 89 30 under
1651 2055 93 30 which
1768 2055 22 28 it
1813 2054 25 29 is
1860 2053 131 30 intended
2013 2055 29 27 to

1476 2096 117 28 conduct
1638 2095 46 29 the
1724 2093 125 30 business
1912 2091 130 30 Advance

1477 2135 103 36 Quartz
1594 2133 110 36 Mining
1716 2133 153 38 Company.

1441 2188 106 27 Extent
1558 2187 31 28 of
1855 2183 187 28 forSixteen

1477 2225 55 30 and
1545 2224 91 31 a-half
1645 2233 85 20 acres.

1443 2277 149 28 Minimum
1606 2276 161 28 numberrof
1776 2284 65 18 men
1863 2274 133 36 proposed
2014 2276 28 24 to

1476 2314 33 31 be
1521 2314 146 38 employed
1678 2314 38 38 by
1733 2313 48 30 the
1799 2313 85 29 lessee
1885 2311 89 30 For
1996 2310 46 30 the

1475 2354 61 27 first
1564 2354 77 28 three
1669 2353 122 30 months,
1820 2354 18 25 2
1867 2359 83 24 men;
1980 2349 46 28 sub-

1476 2390 153 38 sequently,
1659 2389 83 30 when
1770 2390 31 27 in
1830 2388 51 28 full
1910 2387 85 34 work,
2026 2387 17 28 6

1476 2438 75 20 men.

1442 2482 124 28 Amount
1585 2480 31 29 of
1633 2480 100 37 capital
1755 2478 134 38 proposed
1902 2481 28 26 to
1948 2477 34 30 be
2000 2477 28 28 in-

1476 2519 128 29 vested
1606 2519 127 33 12,000.

1442 2571 138 39 Proposed
1592 2570 125 40 mode|of
1732 2569 125 37 working
1873 2568 48 30 the
1939 2566 102 31 land

1476 2611 136 36 Ordinary
1625 2610 82 29 mode
1719 2610 31 28 of
1759 2611 95 35 quartz
1867 2608 117 36 mining.

1442 2663 106 28 Precise
1594 2661 113 36 locality
1777 2660 85 28 Owen
1918 2658 123 28 District.

1476 2700 135 31 Bounded
1649 2710 37 20 on
1723 2699 47 30 the
1801 2697 82 31 north
1918 2697 38 38 by
1994 2695 48 30 the

1476 2740 130 30 Zelandia
1627 2740 96 32 Lease,
1737 2747 36 21 on
1790 2738 48 29 the
1850 2736 81 30 south
1945 2735 37 38 by
1994 2736 48 28 the

1474 2778 111 30 Broken
1599 2777 61 29 Hill
1681 2778 95 32 Lease,
1789 2785 36 21 on
1838 2778 59 26 east
1909 2774 56 29 and
1975 2778 68 25 west

1475 2817 37 36 by
1525 2817 98 28 Crown
1635 2815 88 29 lands.

1439 2869 84 29 Term
1542 2869 42 29 for
1594 2867 92 30 which
1704 2866 73 30 lease
1797 2865 26 30 is
1843 2864 195 39 requiredls

1474 2917 88 28 years.

1439 2961 79 28 Time
1526 2960 31 29 of
1563 2959 191 37 commencing
1759 2955 282 40 operationsWhen

1474 3000 73 29 lease
1559 2998 24 29 is
1594 2997 123 38 granted.

1440 3102 59 29 The
1520 3101 86 30 above
1627 3101 167 37 application
1807 3100 54 30 and
1879 3109 55 26 any
1952 3097 73 36 objec-

1406 3142 59 28 tion
1477 3140 106 29 thereto
1595 3140 57 28 will
1665 3140 32 28 be
1710 3138 85 28 heard
1804 3142 28 24 at
1841 3138 47 28 the
1896 3136 145 29 Warden's

1406 3179 85 30 Office
1504 3182 29 25 at
1546 3177 170 36 Murchiwn,
1729 3186 37 20 on
1778 3174 186 36 TUESDAY,
1974 3173 66 30 28th

1407 3218 239 37 SEPTEMBER,
1660 3218 77 31 1886.

1440 3269 64 35 Any
1524 3277 99 27 person
1645 3265 119 35 desiring
1785 3267 28 26 to
1834 3263 88 37 object
1944 3265 29 26 to
1994 3262 47 28 the

1406 3306 73 29 issue
1491 3305 30 30 of
1530 3315 15 18 a
1559 3305 109 35 Mining
1686 3304 85 28 Lease
1792 3311 75 28 upon
1888 3301 48 29 the
1957 3300 84 30 above

1407 3344 165 38 application
1599 3346 85 31 must,
1707 3341 100 29 within
1827 3342 34 27 30
1880 3340 72 28 clear
1974 3338 68 37 days

1406 3384 70 29 from
1489 3383 48 30 the
1557 3382 63 29 date
1641 3382 31 29 of
1690 3380 67 30 such
1777 3378 175 40 application,
1967 3380 76 26 enter

1406 3424 44 27 his
1472 3422 135 37 objection
1627 3424 28 25 at
1675 3420 47 28 the
1736 3420 152 33 .Warden's
1908 3417 84 29 Office
2014 3420 30 25 at

1407 3460 89 37 Lyell.

1510 3497 153 30 ALFRED
1681 3495 34 30 A.
1736 3492 202 36 CORFIELD,

1811 3534 54 30 Pro
1877 3532 131 32 Warden.

1487 3575 146 31 Warden's
1649 3574 93 35 Office,

1441 3615 90 37 Lyell,
1545 3614 65 28 11th
1627 3615 83 32 June,
1724 3614 76 27 1886.

1475 3695 251 30 APPLICATION
1748 3694 75 30 FOR
1841 3692 133 29 LEASE.

1541 3800 103 29 Nelson
1658 3798 178 29 South-West
1848 3796 159 29 Goldfields.

1661 3836 63 30 14th
1737 3834 82 37 June,
1833 3836 76 30 1886.

1442 3892 40 28 To
1500 3899 57 19 the
1575 3890 130 29 Warden
1722 3896 35 20 at
1775 3888 208 28 Murchison

1409 3944 37 59 I
1464 3941 161 31 HEREBY
1649 3940 84 38 apply
1752 3939 43 29 for
1814 3949 16 19 a
1850 3937 194 38 Gold-Mining

1481 3981 87 29 Lease
1581 3980 31 28 of
1628 3979 47 29 the
1696 3978 81 29 lands
1797 3977 166 29 hereinafter
1983 3975 44 30 des-

1409 4019 99 34 cribed,
1532 4019 30 28 in
1585 4017 170 29 accoadance
1783 4015 69 30 with
1881 4016 48 28 the
1959 4012 82 32 Gold-

1409 4057 110 36 Mining
1531 4056 99 28 Leases
1641 4053 179 38 Regulations
1841 4059 27 23 ol
1887 4053 68 28 New
1976 4052 49 29 Zea-

1409 4095 76 35 land,
1497 4094 56 31 and
1564 4094 17 29 I
1599 4103 88 27 agree,
1700 4102 75 28 upon
1794 4091 48 30 the
1863 4090 132 38 approval
2015 4088 31 31 of

1409 4134 56 27 this
1479 4133 176 35 application,
1667 4134 29 25 to
1717 4133 111 25 execute
1841 4139 17 18 a
1871 4130 86 26 Lease
1968 4137 74 26 upon

1410 4170 46 29 the
1468 4170 73 29 basis
1553 4167 108 31 therein
1679 4167 99 33 stated,
1791 4166 24 29 if
1832 4166 47 30 the
1902 4165 141 30 Governor

1410 4209 71 28 shall
1492 4207 82 29 think
1585 4207 32 27 fit
1628 4210 30 24 to
1670 4209 82 32 grant
1765 4205 48 28 the
1825 4214 84 19 same.

1660 4253 103 31 JOHN
1783 4253 190 34 PHILLIPS,

1852 4292 156 37 Applicant.

1445 4347 91 29 Name
1545 4346 55 29 and
1614 4345 110 29 address
1733 4344 30 28 in
1772 4344 50 28 full
1832 4343 31 29 of
1872 4343 171 37 applicant

1479 4386 76 29 John
1568 4384 126 38 Phillips,
1707 4383 85 30 Owen
1805 4382 91 29 River.

1446 4438 76 35 Style
1535 4436 88 29 under
1634 4436 91 28 which
1736 4436 23 27 it
1770 4436 24 27 is
1802 4434 131 28 intended
1943 4436 29 26 to
1981 4442 47 20 con-

1480 4475 66 29 duct
1574 4474 48 29 the
1652 4473 126 29 business
1832 4471 112 30 Eureka
1974 4470 70 31 Gold

1480 4514 110 37 Mining
1607 4513 153 37 Company.

1446 4567 104 27 Extent
1562 4565 30 28 of
1607 4563 107 36 ground
1735 4563 110 37 applied
1856 4562 43 29 for
1899 4561 146 30 Sixteen

1482 4603 56 30 and
1550 4602 92 31 a-half
1651 4610 83 21 acres.

1447 4657 150 30 Minimum
1609 4655 118 29 number
1738 4654 31 29 of
1785 4663 66 19 men
1872 4652 134 39 proposed
2016 4655 30 26 to

1480 4695 33 29 be
1526 4694 146 37 employed
1684 4694 36 35 by
1739 4693 46 27 the
1806 4692 175 28 lesseeFor
1997 4691 49 29 the

1480 4734 62 27 first
1564 4732 97 29 twelve
1686 4731 121 33 months,
1830 4731 19 27 2
1872 4737 82 27 men;
1985 4728 45 30 sub-

1482 4771 154 36 sequently,
1647 4769 80 28 when
1738 4770 30 27 in
1777 4769 50 26 full
1837 4768 83 31 work,
1930 4770 34 25 12
1973 4776 73 19 men.

1447 4822 125 30 Amount
1592 4821 32 29 of
1643 4819 100 38 capital
1767 4818 133 39 proposed
1921 4822 29 25 to
1963 4818 32 29 be
2007 4818 26 29 in-

1485 4860 126 29 vested
1614 4860 127 32 12,000.

1449 4911 138 37 Proposed
1609 4910 80 29 mode
1708 4909 30 28 of
1755 4909 125 35 working
1892 4909 46 28 the
1950 4908 98 29 land

1485 4949 88 29 Usual
1585 4948 113 29 method
1711 4948 30 28 of
1756 4953 95 31 quartz
1864 4947 116 35 mining.

1450 5002 108 27 Precise
1568 5000 231 36 localityOwen
1811 5000 121 27 District.
1957 4999 73 27 Boun-

1485 5038 53 29 ded
1553 5047 35 19 on
1601 5038 82 28 north
1696 5037 37 37 by
1747 5037 136 28 Southern
1898 5037 63 27 Star
1967 5036 82 30 lease,

1486 5086 37 20 on
1536 5077 47 28 the
1596 5079 58 25 east
1673 5076 37 36 by
1727 5076 47 27 the
1788 5075 118 27 Wakatu
1921 5075 79 33 lease,
2013 5083 36 19 on

1487 5115 48 28 the
1547 5118 67 24 west
1627 5114 54 28 and
1693 5113 81 29 south
1787 5113 36 36 by
1834 5113 97 28 Crown
1944 5113 88 27 lands.

1451 5166 82 30 Term
1546 5165 42 30 for
1604 5165 92 30 which
1718 5164 73 30 lease
1811 5164 23 29 is
1855 5163 194 39 requiredls

1484 5214 89 26 years.

1451 5256 79 29 Time
1536 5255 31 30 of
1570 5254 192 38 commencing
1769 5252 281 39 operationsWhen

1485 5294 72 29 lease
1570 5294 24 28 is
1605 5293 124 38 granted.

1451 5370 59 30 The
1529 5370 85 30 above
1635 5369 165 38 application
1821 5368 55 29 and
1896 5377 54 28 any
1964 5367 71 38 objec-

1418 5409 59 29 tion
1489 5409 106 28 thereto
1608 5409 55 27 will
1675 5408 33 27 be
1718 5407 85 28 heard
1813 5411 29 24 at
1851 5407 48 28 the
1907 5406 143 28 Warden's

1418 5446 83 29 Office
1514 5450 28 25 at
1553 5445 169 33 Murchison,
1736 5454 37 19 on
1786 5443 185 35 TUESDAY,
1983 5443 66 28 28th

1419 5485 236 32 SEPTEMBER,
1673 5485 76 28 1886.

1451 5525 64 33 Any
1534 5532 99 28 person
1654 5523 120 33 desiring
1794 5524 29 25 to
1845 5520 89 37 object
1955 5523 28 25 to
2001 5520 48 28 the

1418 5562 71 31 issue
1499 5561 30 30 of
1545 5571 15 20 a
1574 5560 109 38 Mining
1695 5560 85 30 Lease
1800 5568 74 29 upon
1895 5558 48 31 the
1965 5557 85 30 above

1418 5602 165 36 application
1603 5604 83 29 must,
1708 5600 97 28 within
1829 5600 35 27 30
1884 5598 73 28 clear
1980 5598 68 35 days

1418 5641 70 27 from
1501 5639 47 29 the
1570 5638 62 29 date
1652 5638 30 28 of
1698 5637 66 29 such
1785 5636 176 38 application,
1974 5639 76 24 enter

1419 5679 42 29 his
1480 5678 133 38 objection
1635 5680 28 26 at
1684 5678 47 28 the
1754 5676 143 30 Warden's
1917 5674 84 30 Office
2022 5677 28 27 at

1418 5718 88 34 Lyell.

1522 5752 153 31 ALFRED
1693 5751 33 30 A.
1746 5749 201 37 CORFIELD,

1818 5791 56 28 Pro
1887 5790 128 30 Warden.

1498 5831 144 29 Warden's
1656 5829 95 34 Office,

1453 5870 90 35 Lyell,
1558 5869 65 29 18th
1636 5869 83 34 June,
1733 5868 74 29 1886.

2582 244 120 31 Public
2731 245 151 31 Notices.

2082 456 112 82 \M
2219 473 335 67 'B6-ADTDMN
2591 479 31 60 &
2656 479 174 60 WINTER
2872 475 368 61 DRAPERY--'B6.
3267 470 109 84 gg>

2347 620 246 66 JOHN
2655 623 452 61 FBNNELL

2082 723 61 31 Has
2155 725 85 31 much
2258 727 125 38 pleasure
2401 729 30 30 in
2453 728 177 37 announcing
2649 731 28 26 to
2697 727 47 30 the
2766 726 171 30 inhabitants
2958 726 30 30 of
3009 727 37 37 L3
3047 737 5 8 T
3054 726 35 30 ell
3114 726 56 31 and
3194 727 182 38 surrounding

2457 769 119 28 districts
2598 768 47 29 the
2668 767 102 29 arrival
2794 767 30 28 of
2840 777 16 18 a
2875 767 126 28 LARGE

2593 1018 273 29 COMPRISING

2117 1088 96 42 The
2235 1091 158 42 Latest
2415 1092 226 41 Novelties
2660 1092 86 39 and
2770 1089 214 42 Fashions
3005 1089 38 40 in
3067 1089 166 40 Ladies'
3254 1090 86 39 and

2424 1146 154 41 Gents'
2607 1146 208 50 Wearing
2833 1145 200 50 Apparel,

2081 1233 70 34 And
2172 1234 109 33 invites
2303 1246 39 21 an
2365 1235 165 41 inspection
2554 1236 33 31 of
2607 1235 52 33 the
2681 1247 91 26 same,
2798 1237 109 38 feeling
2930 1247 68 20 sure
3022 1237 66 31 that
3112 1237 44 31 for
3183 1237 192 38 VARIETY,

2231 1279 189 38 QUALITY,
2437 1280 59 30 and
2509 1279 139 32 VALUE
2665 1280 70 40 they
2750 1279 160 31 CANNOT
2925 1279 36 31 be
2977 1280 248 32 SURPASSED.

2081 1460 131 41 Ladies
2216 1462 8 17 1
2260 1461 73 41 and
2367 1462 198 41 Children's
2614 1462 216 41 WINTER
2873 1461 144 40 HATS
3056 1460 38 40 in
3134 1461 53 39 all
3228 1461 146 54 Shapes.

2116 1651 110 30 Ladies'
2241 1651 157 30 WINTER
2410 1651 164 31 JACKETS
2587 1653 56 29 and
2655 1653 117 29 CAPES
2784 1653 29 29 in
2826 1650 37 32 all
2874 1654 48 29 the
2934 1655 109 29 Newest
3057 1656 104 39 Shapes
3174 1658 55 28 and
3243 1658 97 38 Styles.

2227 1728 89 38 New
2335 1729 190 37 Feathers!
2566 1729 88 38 New
2674 1729 175 39 Flowers!
2890 1732 88 38 New
2998 1733 231 49 Trimmings!

2079 1809 78 41 gg*
2178 1808 50 33 All
2253 1808 52 33 the
2332 1809 96 33 NEW
2456 1809 59 32 and
2542 1809 290 34 FASHIONABLE
2860 1813 167 31 WINTER
3054 1814 133 33 DRESS
3210 1815 164 38 STUFFS,

2383 1882 69 34 And
2471 1883 236 36 TRIMMINGS
2728 1886 33 33 of
2777 1897 87 32 every
2884 1886 188 43 description,

2079 2060 141 78 MEN'S,
2257 2062 118 64 BOYS'
2411 2065 71 61 and
2515 2064 180 64 YOUTHS'
2732 2067 214 63 CLOTHING
2979 2068 38 62 in
3047 2069 147 64 Endless
3217 2072 153 77 Variety.

2480 2357 128 39 'CLIFF
2630 2367 170 38 STREET,
2820 2371 148 33 LYELL.

2248 2483 120 31 Public
2385 2483 153 30 Notices.

2079 2566 208 39 BROWN'S
2307 2565 120 39 BOOT
2453 2564 258 39 EMPORIUM

2327 2623 135 28 LYELL.

2157 2700 141 30 BEOWN
2311 2701 31 28 in
2352 2699 138 38 thanking
2501 2698 44 30 his
2563 2707 148 21 numerous

2175 2745 149 24 customers
2354 2740 42 28 for
2425 2744 63 31 past
2515 2738 120 34 favours,
2658 2738 53 28 and

2078 2778 107 37 hoping
2208 2778 43 29 for
2271 2787 17 19 a
2310 2778 182 28 continuance
2512 2777 30 27 of
2559 2776 48 28 the
2626 2785 85 24 same,

2078 2817 100 28 wishes
2189 2819 46 25 too
2248 2816 52 28 call
2313 2816 72 28 their
2403 2815 136 28 attention
2552 2817 30 25 to
2594 2814 45 27 his
2651 2824 60 18 new

2078 2854 78 30 stock
2177 2853 31 30 of
2229 2854 109 29 Ladies'
2363 2853 99 29 Maids'
2484 2852 56 29 and
2558 2852 153 29 Children's

2078 2894 86 29 Boots
2183 2893 32 29 in
2236 2896 77 34 great
2333 2893 116 37 variety.
2484 2891 77 33 Also,
2575 2890 43 29 his
2636 2891 75 37 large

2078 2933 56 28 and
2146 2931 97 29 varied
2255 2931 79 28 stock
2345 2931 32 28 of

2077 2983 120 40 Men.s,
2210 2982 142 32 Youths'
2365 2981 28 32 &
2406 2980 100 40 Boys'
2524 2980 107 31 Boots
2643 2980 68 31 and

2335 3017 118 33 Shoes.

2077 3093 87 28 Fresh
2179 3092 93 29 Goods
2284 3093 121 35 arriving
2425 3091 136 36 monthly,
2574 3090 91 29 which
2678 3090 33 28 he

2110 3131 23 27 is
2146 3130 119 35 offering
2277 3133 29 25 at
2318 3130 88 36 prices
2418 3133 29 24 to
2457 3130 54 26 suit
2524 3129 47 27 the
2585 3128 91 28 times.

2076 3168 46 29 All
2145 3168 141 38 imported
2319 3167 85 38 goods
2434 3166 116 29 marked
2578 3166 31 28 in
2636 3165 75 38 plain

2338 3206 112 40 figures.

2113 3286 131 29 N.B.A
2255 3285 101 37 supply
2368 3286 31 28 of
2418 3285 90 28 North
2521 3283 104 29 British
2639 3285 72 27 Gum

2077 3325 87 29 Boots
2189 3325 56 28 and
2270 3325 70 27 Own
2365 3323 83 29 Make
2467 3322 183 36 Watertights
2674 3322 25 29 al-

2077 3373 75 28 ways
2165 3372 37 20 on
2214 3363 85 29 hand.

2113 3403 117 36 Repairs
2241 3401 143 38 promptly
2394 3400 130 31 executed
2537 3399 56 30 and
2604 3399 107 30 elastics

2078 3441 132 28 inserted.

2105 3517 71 30 Note
2189 3516 48 30 the
2247 3514 272 31 Address-.-JOHN
2539 3514 149 34 BROWN,

2078 3565 90 33 Boot
2190 3565 29 33 &
2245 3563 211 35 Shoemaker
2477 3563 28 33 &
2533 3563 178 40 Importer,

2142 3610 142 36 (Opposite
2297 3609 81 28 Bank
2390 3608 32 28 of
2431 3609 67 27 New
2512 3608 141 33 Zealand.)

2196 3690 188 38 JAMES
2423 3690 172 40 RYAN,

2145 3780 180 29 ENERAL

2446 3778 265 33 TOREKEEPER,

2229 3855 85 30 Cliff
2338 3855 120 34 Street,
2476 3853 87 30 Lyel.

2079 3985 92 31 Goods
2185 3984 133 38 carefully
2330 3983 106 38 packed
2450 3986 27 26 to
2491 3982 37 29 all
2539 3984 76 36 parts
2627 3982 31 29 of
2666 3982 45 28 the

2337 4022 116 28 district.

2095 4147 105 27 BANK
2219 4147 112 27 PRICE
2351 4146 121 28 GIVEN
2491 4146 75 26 FOR
2585 4144 110 28 GOLD.

2910 2488 119 31 Public
3052 2491 151 31 Notices.

2742 2563 162 42 FERN
2951 2568 155 40 FL'AT
3151 2571 219 50 HOTEL,

2899 2628 125 29 UPPER
3053 2632 164 29 BULLER.

2748 2747 37 17 *
2829 2743 87 30 under
2926 2745 46 28 the
2982 2752 195 31 management
3185 2749 30 28 of
3224 2749 45 29 Mr
3280 2750 94 29 Alfred

2740 2780 101 35 Smith,
2852 2782 47 29 the
2911 2783 101 29 former
3023 2787 159 34 proprietor.

2773 2856 93 39 Every
2879 2860 238 30 accommodation
3124 2862 56 29 and
3192 2863 182 30 convenience

2739 2894 41 29 for
2792 2896 141 30 travellers
2945 2897 119 31 between
3078 2900 48 29 the
3138 2902 78 29 West
3228 2902 82 29 Coast
3320 2903 54 28 and

2741 2934 111 34 Nelson,
2873 2935 151 37 Hampden
3047 2938 173 35 Matakitaki,
3243 2941 131 36 Glenroy,

2741 2970 115 37 Maruia,
2870 2973 55 28 and
2936 2973 48 29 the
2997 2975 84 29 Owen
3094 2976 90 30 Reefs.

2741 3048 160 30 Newman's
2914 3049 91 37 Royal
3027 3051 68 30 Mail
3115 3051 71 32 Line
3205 3053 31 30 of
3252 3054 122 30 Coaches

2773 3087 82 29 make
2879 3088 56 29 this
2956 3089 139 38 hostelery
3113 3091 48 29 the
3182 3092 60 29 first
3263 3093 78 36 day's

2808 3129 77 33 stage
2897 3127 71 27 from
2979 3128 76 28 West
3062 3129 84 28 Coast
3154 3133 28 24 to
3193 3131 113 28 Nelson.

2773 3201 125 31 Tourists
2911 3212 52 21 can
2975 3203 33 31 be
3021 3204 132 40 provided
3164 3206 68 31 with
3243 3217 82 29 every
3334 3218 27 21 re-

2739 3242 154 36 quirement
2905 3244 43 28 for
2958 3246 113 35 visiting
3083 3246 47 28 the
3142 3248 77 28 lakes
3231 3249 56 27 and
3298 3258 57 27 mag-

2739 3280 113 29 nificent
2864 3283 183 36 surrounding
3059 3288 124 33 country.

2773 3319 105 28 Horses
2891 3320 54 28 and
2964 3323 145 34 equipages
3123 3333 16 18 a
3152 3323 151 38 speciality.

2921 3366 189 42 ALFRED
3132 3370 163 49 SMITH,

3172 3416 166 37 Proprietor.

3056 3600 170 21 WHOLESALE
3255 3602 57 19 AND

3130 3639 101 19 RETAIL

2842 3785 114 27 Dealers
2969 3785 29 27 in
3012 3785 37 28 all
3062 3785 179 36 descriptions
3254 3785 31 28 of

2756 3831 106 29 FARM
2897 3831 80 29 AND
3013 3831 120 29 DAIRY
3167 3831 190 30 PRODUCE.

2740 3909 100 28 Hotels
2848 3908 56 29 and
2915 3909 132 28 Families
3053 3909 101 29 waited
3167 3918 36 20 on
3215 3909 42 29 for
3265 3909 109 29 Orders.

2774 3985 100 30 Orders
2893 3985 139 30 delivered
3050 3989 29 26 to
3100 3986 38 29 all
3158 3989 76 35 parts
3246 3996 16 19 o
3292 3986 48 29 the

2998 4024 124 29 District.

2913 4100 72 30 Note
2999 4100 48 30 the
3060 4100 124 30 Address

2759 4147 115 30 rS'W
2892 4147 107 28 OLF
3069 4147 115 27 AND
3264 4147 92 33 CO.,

2792 4185 74 29 Next
2888 4185 47 29 the
2960 4185 191 29 Government
3168 4184 155 38 Buildings,

2887 4224 86 26 Cliff
2993 4223 119 30 Street,
3130 4224 105 26 Lyell.

2097 4225 360 38 WELCOME
2528 4223 166 44 INN,

2341 4282 104 28 Lyell.

2191 4358 154 33 ELLEN
2374 4356 234 34 WILLIAMS

2097 4409 49 58 [IT
2169 4410 144 35 returning
2331 4407 102 30 thanks
2450 4407 42 28 for
2513 4410 62 33 past
2596 4407 118 31 favours,

2154 4447 65 36 begs
2236 4451 28 24 to
2284 4447 101 26 inform
2402 4447 50 26 her
2470 4445 103 27 friends
2592 4444 55 27 and
2668 4444 47 27 the

2082 4485 90 39 public
2191 4485 61 29 that
2274 4484 49 29 she
2346 4484 51 29 has
2418 4484 58 36 just
2497 4482 155 38 completed
2671 4491 29 19 ex-

2083 4525 102 28 tensive
2204 4524 138 28 additions
2365 4523 55 28 and
2438 4521 161 30 alterations
2619 4525 29 24 to
2666 4520 50 28 her

2082 4562 142 36 premises,
2242 4562 55 28 and
2316 4561 46 27 the
2385 4560 208 28 accomodation
2611 4559 24 27 is
2653 4567 63 19 now

2299 4597 193 39 unsurpassed.

2083 4677 73 34 Ales,
2181 4677 103 33 Wines,
2307 4677 55 27 and
2384 4676 98 37 Spirits
2507 4675 30 29 of
2558 4674 159 30 First-class

2256 4715 112 36 Quality
2381 4715 65 35 only
2458 4714 74 37 kept.

2153 4790 78 30 Good
2249 4790 127 35 Stabling
2393 4789 255 29 Accommodation.

2256 4838 128 28 ELLEN
2408 4838 207 33 WILLIAMS,

2464 4877 220 26 Proprietress.

2820 4313 186 38 GEORGE
3037 4314 42 37 E.
3103 4314 193 46 LEVIEN,

2743 4375 124 30 Member
2877 4375 29 29 of
2911 4375 47 29 the
2965 4375 236 30 Pharmaceutical
3208 4375 107 38 Society
3320 4374 56 31 and

2828 4415 238 27 Pharmaceutical
3085 4415 166 28 Conference
3263 4415 31 27 of

2950 4452 85 29 Great
3052 4453 117 33 Britain,

2748 4508 203 62 SUEGEON
2989 4507 175 35 DENTIST,
3194 4508 182 36 CHEMIST,

2906 4548 78 27 AND
3004 4547 205 33 DRUGGIST,

2958 4586 206 35 (REGISTERED.)

2744 4664 55 28 For
2811 4664 34 28 20
2857 4672 78 29 years
2953 4662 149 38 practising
3122 4663 31 29 in
3171 4662 205 39 Marlborough,

2745 4702 55 29 and
2812 4702 55 29 late
2880 4701 32 29 of
2929 4702 104 28 Nelson
3052 4701 129 34 districts,
3193 4702 25 28 is
3237 4711 62 20 now
3317 4712 45 27 pre-

2843 4739 83 38 pared
2939 4742 28 26 to
2981 4740 94 28 attend
3087 4741 130 35 patients,
3230 4741 55 28 and

2781 4796 72 30 CAN
2883 4796 52 28 BE
2965 4795 226 29 CONSULTED
3226 4795 119 29 DAILY

2748 4875 98 27 Rooms
2870 4881 30 21 in
2924 4873 186 29 Commercial
3139 4873 112 32 Hotel,
3274 4873 103 28 Lyell.

2663 5031 130 41 TEY

2085 5167 37 80 3
2164 5174 1131 67 KIHKPATHIGK'S
3345 5175 34 63 Is

2087 5248 35 27 -a

2770 5482 95 89 II

2356 5772 73 40 IT
2504 5769 74 43 IS
2654 5768 151 42 THE
2880 5765 240 46 BEST.-

3591 238 117 36 Public
3734 244 149 32 Notices.

3610 324 247 29 NOTICE.

3415 397 39 27 To
3471 393 45 33 the
3530 398 171 30 inhabitants
3710 405 25 24 oi
3749 402 78 35 Lyell
3839 402 54 28 and
3903 404 129 27 surround-

3642 439 48 36 ing
3702 438 113 30 district.

3553 495 364 59 HENRY~YOUNG

3562 576 28 24 to
3603 574 126 27 intimate
3748 574 59 28 that
3826 575 35 27 he
3885 576 109 27 intends
4018 581 30 23 to

3416 602 56 26 -*-*
3511 613 69 25 start
3592 610 116 38 Baking,
3721 612 54 28 and
3789 612 36 35 by
3847 612 102 39 paying
3970 612 78 30 stricc

3415 649 134 27 attention
3563 654 28 23 to
3604 649 43 28 his
3668 650 121 28 business
3809 656 29 23 to
3860 653 81 27 merit
3962 662 16 18 a
3996 653 52 27 fair

3415 684 80 28 share
3509 686 31 27 of
3548 690 122 33 support.
3708 688 57 28 The
3777 689 72 36 price
3861 689 56 29 will
3929 690 33 27 be

3513 743 76 52 4lb.
3612 745 146 41 LOAF
3817 772 14 6 -
3887 745 61 52 gd.

3449 835 39 30 H.
3507 836 131 32 YOUNG
3651 838 110 30 intends
3774 844 28 24 to
3815 840 99 39 supply
3927 840 47 29 the
3981 849 67 30 very

3415 875 59 30 best
3486 877 105 38 quality
3601 878 30 28 of
3641 878 91 29 bread.
3768 880 23 27 A
3800 880 73 35 large
3883 885 164 24 assortment

3415 915 30 27 of
3466 916 81 27 small
3571 917 84 34 goods
3684 917 81 29 made
3795 928 81 27 every
3900 919 146 36 Saturday.

3417 953 122 37 Nothing
3559 954 51 29 but
3630 955 46 29 the
3701 956 58 28 best
3782 957 167 35 ingredients
3971 958 76 32 used,

3415 992 54 27 and
3482 993 163 39 everything
3657 994 59 29 sold
3728 999 29 24 at
3768 993 141 40 Westport
3921 996 96 36 prices.

3415 1077 197 27 CHRISTENING,
3642 1079 143 26 WEDDING,
3815 1082 56 18 AND
3906 1081 141 20 BIRTHDAY

3499 1117 87 21 CAKES
3604 1119 76 19 MADE
3699 1120 35 19 ON
3753 1119 55 20 THE
3827 1120 140 20 SHORTEST

3603 1158 131 19 POSSIBLE
3752 1159 110 19 NOTICE.

3448 1225 71 28 Note
3533 1225 46 29 the
3592 1226 154 29 Address

3415 1273 110 54 ALL
3546 1272 241 57 NATIONS
3815 1275 232 56 BAKERY

3484 1344 139 36 (Opposite
3635 1343 27 30 J.
3678 1345 89 36 Ryan,
3781 1346 194 37 Storekeeper.)

3523 1426 177 42 JAMES
3747 1429 188 48 INGLIS,

3757 1548 22 27 &
3808 1546 237 33 COMMISSION

3627 1678 207 37 AGENT,

3487 1811 116 30 Cliff
3639 1812 159 35 Street,
3834 1814 141 29 Lyell.

3430 1899 128 39 POST
3600 1900 193 41 OFFICE
3836 1902 190 45 HOTEL,

3615 1961 221 27 LYELL.

3459 2054 224 41 PETER
3713 2056 282 42 MANGOS

3425 2117 128 70 BEGS
3572 2122 28 25 to
3614 2119 102 29 inform
3735 2119 44 29 his
3796 2121 105 28 Iriends
3922 2121 55 28 and
3998 2121 49 29 the

3513 2157 92 36 public
3627 2159 63 28 that
3713 2159 44 28 his
3775 2169 62 18 new
3856 2161 193 28 commodious

3581 2196 87 27 Hotel
3679 2197 24 26 is
3715 2205 64 18 now
3791 2206 81 26 open.

3408 2231 153 31 Travellers
3579 2234 55 28 and
3652 2234 110 29 visitors
3781 2239 29 24 to
3828 2235 56 29 this
3902 2235 133 30 establish

3441 2274 79 23 merit
3532 2272 56 25 will
3600 2272 59 26 find
3670 2272 73 27 their
3752 2273 118 27 comfort
3878 2274 56 26 and
3946 2283 48 18 con-

3476 2307 132 30 venience
3617 2309 169 38 thoroughly
3795 2309 130 31 attended
3937 2314 38 26 to.

3409 2346 58 28 The
3479 2346 148 29 bedrooms
3648 2358 46 18 are
3704 2349 78 34 lofty,
3796 2350 56 26 and
3863 2350 65 27 well
3940 2349 107 36 lighted

3610 2385 56 27 and
3685 2385 160 28 ventilated.

3443 2460 207 29 Comfortable
3678 2462 129 28 Parlors
3833 2471 57 20 and
3909 2463 86 28 First-

3626 2507 82 20 class
3725 2500 105 28 Table.

3426 2535 59 29 One
3508 2535 31 29 of
3556 2536 129 30 Alcock's
3697 2537 79 29 Prize
3789 2538 117 29 Billiard
3918 2538 107 30 Tables.

3408 2613 59 28 The
3480 2613 57 28 Bar
3548 2614 24 27 is
3585 2614 114 29 Stocked
3707 2615 68 28 with
3789 2615 74 33 Ales,
3991 2617 56 27 and

3461 2651 99 36 Spirits
3572 2653 28 26 ot
3617 2653 169 35 guaranteed
3803 2653 103 28 brands
3918 2654 75 36 only.

3442 2688 25 29 A
3484 2690 144 28 first-class
3649 2691 184 28 sixteen-stall
3845 2691 88 30 stable
3945 2693 75 28 iscon-

3408 2728 99 29 nected
3518 2729 70 28 with
3601 2730 57 28 this
3672 2729 86 29 hotel.

3661 2768 127 28 PETER
3810 2766 167 33 MANGOS,

3845 2808 156 35 Proprieor.

3537 2905 122 32 JOHN
3693 2906 227 40 FENNSLL,

3484 2967 194 29 ENERAL

3772 2969 277 28 ITOREKEEPER.

3498 3053 85 30 Wine
3601 3061 56 21 and
3677 3053 97 30 Spirit
3795 3053 171 30 Merchant.

3447 3164 104 37 Money
3568 3164 105 37 always
3693 3165 31 28 in
3744 3163 77 30 hand
3840 3165 43 28 for
3899 3163 115 39 cashing

3668 3203 127 40 cheques.

3445 3317 111 30 Liberal
3568 3317 137 30 advances
3717 3319 82 28 made
3815 3328 36 19 on
3862 3319 109 38 parcels
3984 3319 31 29 of

3626 3357 120 28 retorted
3758 3358 74 36 gold.

3554 3451 81 37 Cliff
3652 3451 122 46 Street,
3798 3452 110 47 Lyell.

3786 3685 148 32 LYELL.

3507 3822 205 42 JAMES
3762 3821 185 48 EDGE,

3507 3909 120 30 HOLE
3636 3909 110 28 SALE
3781 3909 81 28 AND
3906 3908 143 29 RETAIL

3559 3985 340 33 BUTCHER.

3410 4097 100 30 Hotels
3523 4095 55 31 and
3590 4095 133 30 Families
3741 4094 101 30 waited
3863 4104 38 20 on
3913 4094 83 39 Daily
4007 4094 42 31 for

3676 4134 110 27 Orders.

3463 4246 77 28 Meat
3552 4243 148 30 Delivered
3717 4247 28 24 to
3758 4243 38 28 all
3814 4246 77 34 parts
3902 4244 28 27 of
3951 4243 47 28 the

3669 4281 126 31 District.

3412 4388 121 34 NEW
3577 4387 155 34 CHUM
3770 4385 279 41 BUTCHEKY,

3480 4441 130 35 Opposite
3620 4439 153 29 Alhambra
3782 4439 96 30 Hotel,
3891 4438 88 36 Lyell.

3414 4544 292 61 ROUNDED
3758 4542 73 41 ON
3888 4542 136 40 FACT

3448 4687 44 27 Ist
3510 4684 85 38 lady:
3631 4682 102 29 Where
3821 4690 55 28 you
3904 4683 46 35 get
3978 4689 71 29 your

3414 4725 116 35 drapery
3547 4732 72 23 now,

3448 4762 58 27 2nd
3530 4761 87 35 lady:
3653 4760 85 35 Why,
3768 4762 29 24 at
3825 4757 48 28 the
3902 4758 83 27 Hall
4014 4764 34 20 of

3415 4800 166 33 Commerce,
3595 4797 111 29 Nelson.

3450 4841 44 26 Ist
3506 4838 86 36 lady:
3629 4836 73 28 How
3720 4833 162 36 beautifully
3899 4833 63 29 that
3974 4833 75 29 dress

3415 4878 47 28 fits
3473 4877 72 36 you!
3584 4875 98 28 Where
3694 4883 57 18 was
3763 4872 60 29 that
3841 4873 80 27 made
3931 4873 13 26 ?

3450 4915 57 28 Slid
3520 4914 85 35 lady:
3642 4913 38 27 At
3692 4912 33 27 E.
3738 4911 27 28 J.
3780 4910 126 28 Warner
3923 4911 21 27 &
3965 4909 84 33 Co.'s,

3416 4954 48 28 the
3477 4953 82 27 Hall
3571 4959 34 20 of
3617 4951 163 27 Commerce.

3451 4993 43 26 Ist
3507 4990 67 36 lady
3588 5000 8 17 :
3634 4989 73 27 How
3720 4996 62 20 ever
3794 4986 46 28 did
3852 4986 66 35 they
3931 4995 117 26 manage

3417 5034 29 23 to
3459 5030 31 27 fit
3497 5038 56 27 you
3561 5037 29 19 so
3600 5026 89 36 nicely
3702 5026 13 27 ?
3751 5024 80 28 Were
3842 5033 54 19 ~ou
3906 5023 143 29 measured

3417 5070 42 27 for
3471 5069 22 27 it
3503 5069 13 26 ?

3451 5106 57 28 2nd
3522 5105 65 35 lady
3598 5113 9 18 :
3645 5103 43 27 No
3699 5103 6 26 !
3742 5101 16 28 I
3771 5101 101 35 simply
3890 5104 61 25 sent
3971 5100 78 27 them

3419 5155 34 19 an
3466 5144 45 28 old
3525 5143 73 36 body
3610 5141 61 29 that
3692 5139 78 29 fitted
3782 5149 54 23 me,
3849 5139 41 28 for
3902 5148 15 19 a
3930 5143 117 33 pattern,

3418 5184 67 28 with
3499 5183 47 27 the
3559 5181 95 36 length
3669 5180 30 28 of
3707 5179 47 28 the
3767 5178 75 28 skirt.

3451 5223 44 26 Ist
3507 5220 67 36 lady
3584 5229 9 18 :
3631 5219 54 27 Did
3702 5226 56 28 you
3770 5222 44 30 get
3828 5219 59 25 uiat
3897 5219 92 33 pretty
4001 5215 48 28 hat

3417 5259 77 30 there
3506 5259 80 28 also'?

3451 5297 57 28 2nd
3521 5297 85 36 lady:
3643 5294 64 34 Yes,
3720 5293 54 29 and
3791 5301 132 28 everyone
3944 5300 63 29 says
4028 5290 21 30 it

3419 5341 67 24 suits
3498 5346 44 18 me
3555 5344 29 18 so
3596 5333 80 29 well!

3452 5376 43 26 Ist
3521 5373 85 36 lady:
3655 5372 73 27 How
3752 5370 34 28 do
3810 5378 54 27 you
3890 5369 66 28 send
3979 5377 70 28 your

3419 5413 92 27 orders
3525 5417 26 22 to
3564 5412 76 26 them
3650 5411 14 26 ?
3700 5409 44 27 Do
3756 5409 66 34 they
3830 5407 65 27 send
3905 5411 121 31 patterns
4035 5408 12 25 ?

3453 5450 58 28 2nd
3523 5448 66 37 lady
3601 5457 8 18 :
3648 5447 53 28 Yes
3714 5446 6 27 !
3758 5445 14 27 I
3785 5444 63 38 pick
3860 5451 47 21 out
3919 5444 47 27 the
3976 5444 73 27 color

3420 5489 15 28 I
3447 5489 116 36 require,
3577 5487 54 29 and
3643 5486 66 35 they
3722 5484 80 29 make
3810 5484 21 27 it
3839 5484 29 27 in
3881 5493 15 18 a
3909 5482 50 29 few
3972 5483 76 35 days.

3454 5529 43 25 Ist
3511 5527 65 34 lady
3587 5535 9 17 :
3632 5526 53 25 Are
3695 5524 66 34 they
3771 5522 157 27 reasonable
3937 5523 30 25 in
3979 5522 56 26 then-

3420 5565 114 35 charges
3544 5565 12 28 ?

3454 5605 57 27 2nd
3535 5604 85 34 lady:
3657 5602 63 31 Yes,
3744 5610 74 25 very.
3854 5599 15 27 I
3894 5598 57 28 find
3973 5598 76 28 them

3420 5641 188 35 considerably
3629 5640 115 36 cheaper
3765 5638 67 28 than
3853 5647 53 27 any
3929 5637 84 28 house
4034 5637 15 27 I

3422 5684 68 27 have
3504 5692 63 18 ever
3580 5680 71 29 dealt
3665 5678 74 30 with.

3454 5722 43 24 Ist
3521 5720 86 33 lady:
3652 5718 72 25 How
3747 5717 74 26 nice!
3859 5716 14 25 I
3898 5725 44 16 am
3968 5715 81 26 much

3421 5757 106 36 obliged
3541 5762 27 23 to
3581 5763 71 30 you;
3671 5754 63 33 and,
3748 5764 30 18 as
3793 5753 12 28 I
3826 5753 104 38 require
3953 5762 16 17 a
3990 5752 57 27 nice

3420 5802 121 22 costume
3563 5797 54 27 and
3640 5796 47 26 hat
3708 5795 40 28 for
3770 5794 45 28 the
3836 5797 105 27 winter,
3956 5792 13 26 I
3995 5791 52 28 will

3420 5834 133 37 certainly
3577 5833 67 28 send
3664 5833 76 27 them
3762 5832 47 27 the
3829 5831 78 27 order
3928 5830 35 35 by
3984 5835 65 23 next

3420 5873 93 29 coach.
3551 5872 77 28 Good
3641 5871 60 32 bve,
3718 5870 86 33 Man,
3817 5870 70 35 good
3901 5870 58 34 bye.
