2460 3890
1233 170 604 26 DEATH.

1267 217 146 23 Pebham.—
1413 213 65 25 June
1501 214 67 26 24th,
1592 214 72 27 1891,
1695 215 25 23 at
1752 215 40 24 his

1300 254 129 27 residence,
1443 252 132 28 Auckland,
1590 252 28 25 St
1627 253 90 30 Mary's
1724 254 67 30 Eng-

1233 285 13 31 'o
1266 289 143 31 landT^Tohn
1422 290 113 27 Perham,
1547 290 82 24 father
1640 291 25 23 of
1676 290 43 24 the
1742 292 49 23 late

1267 330 105 25 Richard
1383 328 115 28 Perham,
1512 329 116 31 Manager
1640 330 27 23 of
1676 330 41 23 the
1729 330 62 24 Ash-

1241 372 19 21 >
1267 360 132 45 Jey|Qo^g|
1407 361 107 40 Siation;,
1528 368 61 25 East
1610 368 104 29 Oxford;,
1731 370 61 31 aged

1268 401 37 34 79'
1325 403 78 37 years'".

1300 448 83 22 *?S-
1403 451 11 20 •*
1447 441 50 33 i>
1499 445 2 11 :
1507 455 54 18 -^
1583 448 34 27 '.i
1661 448 129 18 ■■'■■■■

1233 516 145 39 OXFORD
1402 516 73 39 AND
1499 516 97 39 CUST
1620 516 217 39 OBSERVER.

1350 602 187 17 PUBLISHED
1556 602 154 21 WEEKLY.

1295 671 165 30 SATURDAY,
1478 678 135 20 September
1628 679 59 22 19th,
1702 680 59 19 1891.

1309 778 132 30 Having
1451 788 38 19 no
1499 778 88 29 other
1602 787 141 30 purpose-
1759 781 33 25 to

1270 828 85 20 serve
1369 819 75 28 than
1458 819 52 28 the
1524 819 69 28 best
1607 819 142 28 interests
1761 818 32 29 of
1829 845 3 4 .

1269 859 53 29 the
1338 858 123 39 Colony,
1486 858 61 30 and
1573 858 113 39 having
1707 858 82 30 criti-
1829 886 4 8 ,

1271 897 81 31 cised
1365 899 32 28 in
1412 899 128 35 plainest
1554 903 93 25 terms
1662 909 80 18 some
1762 897 35 29 of

1269 939 52 28 the
1331 938 204 30 Government
1544 939 165 38 proposals,
1718 938 75 29 with

1269 977 53 30 the
1333 981 118 35 greater
1475 977 151 30 readiness
1656 988 41 19 we
1722 983 70 23 turn

1270 1023 32 24 to
1329 1018 82 29 what
1446 1017 141 31 deserves
1596 1018 111 38 hearty
1739 1027 53 28 ap-

1270 1059 115 39 proval.
1428 1058 64 29 The
1535 1057 107 30 Public
1694 1058 100 29 works

1270 1102 161 25 statement
1444 1099 26 28 is
1485 1108 18 19 a
1517 1099 181 38 production
1725 1099 71 28 that

1270 1139 88 29 bears
1373 1149 40 18 on
1427 1139 40 28 its
1481 1138 64 29 face
1560 1139 51 28 the
1634 1138 102 29 marks
1760 1139 34 28 of

1270 1179 129 37 honesty
1410 1179 60 28 and
1485 1178 146 39 practical
1653 1187 139 30 purpose.

1270 1219 66 28 The
1344 1218 147 35 Minister,
1502 1218 52 29 Mr
1581 1218 130 35 Seddon,
1738 1219 56 28 has

1232 1270 2 31 [
1272 1258 155 39 evidently
1455 1258 189 29 endeavored
1684 1261 33 26 to
1755 1259 39 28 do
1813 1261 3 19 '■

1270 1298 47 30 his
1327 1299 65 29 best
1401 1299 47 29 for
1475 1299 52 29 the
1557 1299 94 30 whole
1678 1298 115 40 Colony

1270 1338 60 30 and
1342 1339 99 29 where
1451 1338 47 30 his
1519 1339 195 32 information
1738 1339 55 28 has

1270 1379 76 29 been
1360 1379 136 34 dubious,
1511 1389 35 19 ne
1555 1379 55 29 has
1622 1379 171 39 personally

1271 1419 110 30 visited
1390 1418 52 30 the
1455 1418 130 31 District
1595 1419 49 29 for
1658 1419 47 29 his
1728 1430 67 18 own

1272 1458 200 31 satisfaction.
1516 1458 55 31 His
1580 1462 84 36 story
1685 1459 27 30 is
1729 1459 66 30 told
1811 1467 3 6 '

1272 1499 33 30 in
1333 1499 51 31 the
1411 1501 149 38 language
1576 1500 33 30 of
1628 1510 39 20 an
1687 1500 109 31 honest

1272 1540 59 29 and
1353 1541 84 38 plain
1464 1551 80 25 man,
1568 1541 97 30 which
1689 1544 107 27 atones

1272 1580 49 30 for
1330 1581 51 29 the
1393 1581 128 30 absence
1534 1581 33 29 of
1582 1581 86 29 usual
1686 1581 110 30 official

1274 1621 199 38 ambiguities.
1778 1640 4 16 :
1780 1647 2 4 ,

1316 1661 65 30 The
1411 1661 206 30 Government
1651 1665 81 26 must
1759 1663 37 29 be

1274 1701 134 30 credited
1437 1702 73 29 with
1520 1702 54 30 the
1601 1705 119 27 earnest
1744 1703 51 29 de-

1275 1743 59 28 sire
1348 1743 33 28 of
1404 1742 124 38 putting
1548 1742 107 39 people
1677 1752 38 19 on
1743 1743 53 30 the

1274 1782 81 29 land.
1397 1782 68 29 And
1480 1783 62 29 this
1564 1783 25 28 is
1612 1792 16 19 a
1646 1786 79 27 most
1743 1783 53 30 im-

1273 1825 124 38 portant
1419 1825 120 29 matter.
1580 1822 31 31 It
1632 1824 73 29 does
1743 1827 54 27 not

1274 1865 83 29 solve
1371 1864 51 29 the
1437 1863 96 31 whole
1547 1865 134 39 problem
1691 1865 33 29 of
1741 1874 56 21 our

1274 1914 129 20 sorrows
1422 1905 156 29 inasmuch
1593 1915 32 19 as
1649 1915 33 19 so
1706 1915 91 30 many

1263 1955 63 22 .are
1343 1945 77 28 unfit
1433 1945 48 28 for
1503 1944 197 39 agricultural
1725 1956 72 28 pur-

1249 2000 2 11 i
1262 1978 87 40 Isiiitsi
1362 1985 60 35 an;d
1424 1983 16 31 i
1447 1994 166 31 pecuniary
1767 1990 30 25 to

1232 2035 2 13 1
1272 2026 71 29 take
1363 2026 172 39 advantage
1552 2026 53 32 .of
1636 2026 52 29 the
1720 2031 78 25 most

1272 2066 107 30 liberal
1408 2067 90 29 offers
1534 2065 48 31 for
1618 2066 94 39 doing
1753 2076 43 20 so.

1251 2107 85 29 ..But
1345 2117 24 19 a.
1377 2107 85 38 large
1470 2107 132 31 number.
1607 2107 32 28 of
1654 2118 67 18 men
1746 2117 53 20 are

1274 2147 68 30 able
1355 2146 60 31 and
1426 2157 92 26 every
1545 2147 119 36 facility
1689 2147 108 30 should

1274 2189 38 29 be
1346 2187 136 31 afforded
1524 2188 92 30 them.
1657 2187 27 30 A
1716 2193 83 25 stout

1274 2238 167 30 yeomanry
1456 2228 26 30 is
1496 2228 53 30 the
1557 2227 77 31 back
1663 2230 79 28 bone
1766 2230 31 28 of

1275 2280 59 28 any
1350 2272 129 36 country
1491 2269 61 29 and
1563 2268 74 30 New
1661 2270 136 29 Zealand

1275 2310 26 29 is
1312 2309 68 31 well
1390 2310 131 38 adapted
1535 2310 48 29 for
1606 2310 86 29 small
1714 2310 83 30 hold-

1274 2350 77 40 ings.
1392 2348 153 32 Wethink
1557 2350 73 29 with
1646 2360 17 19 a
1686 2361 111 19 corres-

1273 2391 136 39 pondent
1422 2391 67 29 that
1498 2391 54 29 the
1572 2391 135 29 taxation
1733 2401 64 29 pro-

1274 2432 101 38 posals
1398 2431 60 29 will
1480 2431 112 29 benefit
1617 2432 86 28 small
1735 2432 60 29 far-

1272 2481 89 25 mers,
1371 2471 140 29 however
1521 2474 139 36 strongly
1671 2481 44 19 we
1728 2481 70 30 may

1274 2511 100 39 object
1398 2515 31 25 to
1448 2511 167 39 graduated
1648 2512 146 29 taxation.

1275 2552 54 29 All
1338 2552 96 29 honor
1448 2555 31 26 to
1495 2552 51 29 the
1566 2551 137 31 minister
1731 2553 66 29 who

1274 2592 73 30 does
1360 2592 48 29 his
1422 2593 67 29 best
1502 2596 32 26 to
1542 2592 88 30 make
1654 2593 24 29 it
1702 2594 95 28 easier

1274 2633 50 28 for
1338 2643 56 19 our
1406 2631 139 31 farmers'
1559 2642 81 26 sons,
1649 2634 61 28 and
1725 2642 67 21 men

1275 2673 68 29 who
1396 2683 69 20 now
1507 2673 57 29 call
1596 2700 3 5 .
1618 2674 181 29 themselves

1275 2717 9 13 *
1295 2714 153 35 laborers,'
1458 2718 31 24 to
1498 2723 103 20 secure
1628 2714 81 30 their
1730 2724 67 21 own

1275 2754 200 29 homesteads.
1517 2754 65 29 But
1628 2764 43 19 we
1718 2759 81 24 trust

1275 2794 70 29 that
1355 2804 58 19 our
1437 2794 105 38 people
1571 2794 61 29 will
1646 2794 89 30 insist
1758 2804 39 20 on

1275 2838 61 27 two
1347 2834 114 39 things.
1504 2834 90 36 First,
1608 2835 69 29 that
1685 2834 50 31 the
1747 2845 51 29 op-

1275 2875 157 40 portunity
1456 2877 33 27 to
1507 2875 122 30 become
1665 2886 18 20 a
1719 2876 80 31 free-

1275 2916 106 30 holder
1394 2916 78 29 shall
1484 2919 53 28 not
1544 2916 39 29 be
1591 2915 206 32 surrendered.

1278 2955 180 31 Lease-hold
1477 2965 35 20 or
1538 2966 103 19 crown
1668 2959 132 38 tenancy

1275 2997 78 29 have
1364 2997 85 29 these
1463 2996 195 40 advantages,
1669 2997 73 40 they
1752 3008 46 19 re-

1275 3037 77 29 duce
1376 3036 52 30 the
1462 3038 125 27 amount
1622 3037 33 30 of
1685 3038 114 38 capital

1274 3076 125 31 needful
1411 3076 49 31 for
1476 3076 95 40 going
1590 3087 40 20 on
1654 3077 51 31 the
1726 3077 73 32 land

1275 3117 61 30 and
1341 3117 62 29 also
1424 3126 71 21 save
1517 3117 52 30 the
1587 3117 129 40 dangers
1738 3120 61 29 and

1277 3161 66 27 cost
1371 3157 31 30 of
1412 3169 3 4 •
1443 3158 236 39 mortgaging—
1679 3158 57 31 but
1768 3160 32 30 in

1275 3198 97 29 either
1382 3208 69 19 case
1461 3197 86 30 there
1561 3199 109 28 should
1689 3199 38 30 be
1747 3200 52 30 the

1275 3238 200 39 opportunity
1496 3238 49 29 for
1566 3238 53 30 the
1642 3242 107 27 tenant
1768 3243 32 26 to

1275 3279 157 40 purchase.
1448 3280 55 29 We
1530 3279 39 29 do
1596 3284 54 25 not
1672 3284 83 27 want
1783 3291 18 20 a

1277 3330 68 19 race
1354 3318 34 33 of
1390 3319 246 39 cosmopolitans,
1651 3320 56 32 but
1728 3325 71 28 true

1277 3359 60 31 and
1359 3359 79 40 patri
1442 3360 59 30 otic
1521 3359 74 33 New,
1606 3360 189 34 Zealanders.

1280 3401 31 29 It
1324 3401 26 28 is
1359 3400 123 39 tJigreal
1503 3402 171 37 possession
1693 3403 33 29 of
1746 3404 53 30 the

1277 3440 53 30 soil
1342 3439 66 32 tha,t
1417 3435 86 35 alone
1515 3442 148 37 produces
1678 3444 75 29 such
1780 3454 17 20 a

1276 3481 115 40 people.
1415 3479 62 31 The
1491 3481 87 30 other
1604 3487 112 27 matter
1752 3484 49 30 for

1277 3531 99 19 sworn
1390 3521 166 30 resistance
1577 3523 25 28 is
1630 3528 32 24 to
1679 3524 120 31 further

1278 3561 179 38 borrowing.
1501 3561 89 30 Some
1626 3562 91 36 hold/'
1733 3565 69 30 that

1278 3597 48 34 Mr
1342 3598 154 46 Sejidpn/s*
1501 3601 105 40 speech
1618 3594 26 40 is
1669 3615 78 29 open
1768 3609 33 28 to

1278 3641 62 30 this
1355 3643 204 29 construction'
1565 3646 4 9 ;
1568 3638 57 35 lbut
1648 3655 46 21 we
1722 3646 79 40 hope

1279 3676 235 45 devoutlJrXtha-t
1530 3679 7 14 f
1535 3679 267 46 iSo3gVsrt!rnmeiit

1279 3723 64 30 will
1352 3723 60 29 live
1422 3734 18 18 a
1451 3724 60 40 day
1524 3725 70 31 that
1606 3731 145 29 ventures
1760 3739 41 22 on

1281 3763 62 31 this
1357 3763 141 42 insanity.

1917 173 46 23 We
1985 173 64 32 hope
2071 174 40 25 the
2131 177 108 24 valuable
2260 179 148 22 -statement

1880 215 59 25 with
1956 217 76 23 which
2055 226 33 15 we
2110 225 59 18 were
2193 221 95 24 favored
2295 221 47 31 -by
2365 221 40 24 Mr

1882 259 91 23 Gorton
1993 259 49 24 will
2062 263 43 22 not
2128 260 28 25 be
2179 260 108 27 allowed?
2301 264 25 23 to
2348 271 56 19 pass

1882 302 102 22 without
2022 302 90 24 careful
2150 304 186 26 consideration.
2381 306 26 24 If

1882 342 65 25 what
1961 344 38 23 Mr
2011 344 91 24 Gorton
2112 346 75 24 found
2199 349 54 23 true
2263 349 27 23 in
2302 349 39 25 Ih'b
2363 358 41 15 ex-

1880 386 107 30 perience
2008 387 20 23 is
2049 388 98 29 capable
2166 389 136 31 ofygeneml
2326 393 75 30 appli-

1881 428 81 24 cation
1973 429 26 23 in
2009 430 48 24 this
2068 428 187 33 neighTwhood,
2268 433 20 24 it
2300 438 66 21 innst
2375 436 27 24 be

1881 478 13 16 a
1906 471 152 31 remarkably
2068 473 61 29 good
2142 473 71 31 thing
2222 475 38 24 for
2282 483 35 17 us.
2352 478 51 24 Our

1881 513 96 24 readers
1990 513 48 24 will
2056 515 131 24 remember
2208 516 29 24 he
2260 517 59 31 long
2340 520 64 25 since

1881 563 59 22 gave
1952 556 20 23 it
1983 563 27 16 as
2021 556 37 24 his
2082 557 99 31 opinion
2204 559 55 25 that
2282 561 20 23 it
2323 560 80 27 would

1880 605 49 22 pay-
1938 600 26 21 to
1970 603 46 18 'use
2028 599 54 30 oafe§j
2092 599 37 24 for
2136 600 119 32 fattening
2263 603 78 31 sheep,
2351 606 49 23 and

1880 646 55 16 now
1947 639 31 24 lie
1989 639 46 25 has
2047 640 98 24 verified
2157 641 37 25 his
2207 646 150 28 expectation
2370 647 32 31 by
2411 651 2 3 '

1881 682 158 29 experiment.
2074 682 118 29 Farmers,
2205 685 26 23 of
2251 693 83 18 course
2356 696 46 17 can

1881 722 53 25 best
1953 723 75 32 judge
2049 724 39 25 for
2109 725 154 31 themselves,
2287 729 44 25 but
2363 731 41 25 Mr

1882 765 91 25 Gorton
1986 767 21 23 is
2019 769 42 22 not
2072 775 14 16 a
2098 776 52 15 man
2164 769 73 31 likely
2248 772 26 22 to
2296 770 29 26 be
2347 773 55 24 mis-

1881 808 74 23 taken
1967 816 30 16 on
2021 809 110 25 business
2154 815 109 25 matters,
2287 814 49 24 and
2359 823 47 17 one

1881 850 85 25 whose,
1983 851 83 31 public
2088 854 134 24 utterances
2242 863 38 16 are
2313 856 91 33 always

1881 894 94 30 worthy
1986 894 42 24 the
2039 897 106 28 greatest
2164 899 99 28 respect.
2299 899 38 24 He
2359 900 47 25 has

1881 935 85 24 shown
1977 936 55 24 that
2042 945 15 15 a
2068 937 37 23 far
2123 937 76 25 bettor
2220 940 64 30 price
2306 949 46 16 can
2374 943 31 24 be

1881 977 114 25 obtained
2007 978 38 24 for
2055 987 43 16 onr
2109 982 53 22 oats
2174 981 63 24 from
2260 982 43 24 the
2324 983 84 33 sheep,

1881 1019 61 24 than
1955 1021 61 23 from
2029 1021 41 24 the
2082 1023 132 27 merchant,
2226 1024 48 24 and
2293 1025 54 25 that
2368 1026 37 24 af-

1881 1065 36 20 ter
1928 1063 108 32 carrying
2046 1064 43 25 the
2098 1065 52 24 said
2162 1068 53 22 oats
2233 1066 34 25 all
2289 1068 43 25 the
2354 1077 52 24 way

1881 1106 26 23 to
2095 1108 60 24 Oats
2176 1117 40 16 are
2249 1118 45 17 our
2327 1113 79 30 staple

1881 1148 76 30 grain,
1969 1149 49 23 and
2028 1150 86 24 double
2127 1151 63 30 price
2201 1152 37 24 for
2260 1153 69 25 them
2352 1158 54 23 netfc

1881 1190 78 24 would
1970 1191 29 23 be
2011 1199 15 16 a
2037 1192 99 24 decided
2147 1195 57 29 gain
2213 1196 24 22 to
2247 1196 97 25 Oxford.
2380 1198 26 25 It

1882 1233 21 24 is
1915 1233 77 24 worth
2003 1233 100 33 looking
2114 1235 59 26 into.
2206 1237 26 24 If
2241 1238 68 26 there
2320 1248 20 16 is
2349 1249 58 23 any-

1884 1275 71 32 thing
1961 1277 26 23 in
1999 1276 21 25 it
2030 1280 26 21 at
2066 1278 31 23 all
2109 1280 166 33 approaching
2286 1282 38 24 Mr
2345 1283 62 25 Gor-

1882 1320 66 23 ton's
1981 1320 147 30 experience,
2164 1323 79 24 would
2276 1328 45 20 not
2366 1327 42 24 the

1884 1360 121 26 Cockatoo
2015 1362 30 24 be
2056 1362 56 26 able
2130 1365 27 23 to
2177 1364 33 25 do
2231 1374 65 16 more
2317 1367 25 25 in
2364 1368 44 25 the

1884 1403 119 31 fattening
2030 1405 69 25 line?
2132 1407 130 32 Certainly,
2283 1417 58 17 even
2377 1411 31 32 by

1884 1445 44 25 the
1939 1446 50 24 sale
1997 1447 27 23 of
2032 1449 62 27 oats,
2107 1448 31 23 he
2150 1449 77 24 would
2236 1451 59 29 gain
2306 1459 14 17 a
2342 1452 64 26 little

1887 1488 79 25 better
1976 1498 195 24 encouragement
2186 1492 38 25 for
2234 1493 38 25 his
2295 1495 115 26 ceaseless

1885 1532 53 28 toil,
1966 1533 42 24 the
2030 1534 104 24 laborers
2156 1536 82 24 would
2270 1538 61 24 have
2364 1540 44 24 in-

1886 1576 97 23 creased
1995 1576 63 24 work
2070 1578 47 22 and
2139 1586 46 16 our
2207 1578 72 33 sheep
2301 1588 59 17 runs
2382 1583 29 23 be

1886 1625 67 17 more
1973 1619 178 32 advantageous
2175 1623 24 22 to
2229 1623 41 23 the
2304 1623 107 26 landless

1886 1668 65 17 man.

1872 1761 24 15 .-..
1913 1747 73 24 .Once
2008 1755 66 17 more
2096 1749 41 24 the
2159 1749 105 26 Eastern
2298 1753 110 30 question

1884 1783 78 25 looms
1974 1787 53 22 vast
2039 1793 64 23 upon
2115 1786 43 24 the
2169 1787 108 29 horizon,
2289 1789 47 24 nud
2358 1790 51 25 this

1885 1821 54 24 time
1952 1822 75 25 under
2037 1823 90 25 altered
2136 1824 197 28 circumstances.
2355 1827 53 26 The

1886 1859 74 29 Turk,
1973 1860 53 25 who
2037 1861 45 25 has
2096 1862 108 25 hitherto
2217 1864 73 24 relied
2310 1873 33 17 on
2366 1865 43 26 the

1884 1900 112 24 interests
2014 1901 28 24 of
2051 1901 42 25 the
2115 1902 131 32 European
2270 1913 88 22 powers
2381 1909 27 21 to

1884 1936 72 25 resist
1978 1937 97 29 Russia,
2110 1940 43 23 lias
2175 1948 55 16 now
2261 1943 147 30 apparently

1882 1973 73 26 .made
1966 1976 75 22 terms
2053 1976 57 23 with
2132 1976 40 25 his
2195 1978 96 24 natural
2313 1987 95 24 enemy;

1867 2009 102 30 ...Undfer
1980 2011 41 25 the
2032 2012 89 32 Treaty
2132 2014 27 24 of
2168 2015 68 24 Paris
2248 2015 26 25 of
2284 2015 64 26 1854
2368 2016 41 25 the

1885 2048 67 26 Turk
1963 2057 48 17 was
2024 2051 76 24 under
2113 2051 133 32 obligation
2258 2055 25 23 to
2305 2053 44 26 bar
2368 2055 41 25 the

1886 2086 142 26 Dardanells
2035 2090 27 22 to
2070 2096 49 17 war
2127 2089 74 32 .ships.
2212 2090 37 32 By
2259 2091 48 25 this
2315 2093 94 30 proviso

1886 2124 88 24 Russia
1986 2132 50 17 was
2046 2128 130 28 prevented
2199 2128 69 31 using
2279 2129 40 23 the
2331 2130 78 24 Black

1887 2161 47 25 Sea
1945 2170 28 17 as
1983 2170 15 17 a
2021 2163 63 25 basis
2107 2164 26 24 of
2153 2165 81 25 attack
2256 2174 64 24 upon
2342 2167 67 25 Med-

1884 2203 134 22 iterranean
2030 2203 120 32 shippiug.
2171 2205 94 32 Turkey
2288 2207 42 24 has
2351 2215 57 17 now

1886 2239 128 25 consented
2041 2242 27 22 to
2088 2241 63 31 yield
2181 2243 53 24 that
2245 2265 3 2 .
2257 2244 82 25 clause
2360 2246 49 24 and

1886 2276 113 31 England
2010 2277 64 25 finds
2086 2279 88 24 herself
2183 2280 70 25 alone
2261 2281 112 32 disposed
2383 2285 26 23 to

1885 2309 87 32 object.
1985 2310 93 25 France
2096 2312 28 23 of
2132 2321 82 16 course
2237 2323 52 16 sees
2312 2316 26 24 in
2362 2316 19 24 it
2394 2324 15 17 a

1885 2347 75 25 check
1969 2349 25 23 to
2006 2348 114 30 England
2132 2352 47 23 and
2190 2354 113 22 consents
2318 2353 26 24 in
2369 2355 40 23 the

1885 2385 102 25 interest
1998 2387 27 24 of
2045 2387 45 24 her
2111 2388 102 25 alliance
2231 2390 57 24 with
2314 2391 95 26 Russia.

1886 2425 124 31 Germany
2021 2426 46 24 has
2077 2434 34 17 no
2132 2427 76 25 direct
2228 2429 108 29 interest,
2359 2432 50 24 and

1886 2463 42 24 the
1940 2464 94 24 smaller
2044 2472 90 23 powers
2143 2474 42 17 are
2195 2470 45 22 not
2251 2469 26 23 to
2300 2468 29 25 be
2352 2477 55 17 con-

1886 2502 101 26 sidei*ed.

1919 2545 97 26 Several
2024 2554 88 24 powers
2123 2556 41 22 ar,e
2175 2549 107 25 desirous
2300 2552 26 23 to
2348 2551 61 33 keep

1885 2584 87 24 Russia
1983 2586 42 22 out
2035 2584 27 24 of
2072 2585 200 33 Constantinople
2284 2589 41 24 but
2347 2597 62 16 none

1885 2629 90 23 appear
1986 2623 25 23 to
2029 2623 83 30 regard
2134 2623 43 25 the
2198 2627 98 28 present
2318 2625 90 26 advan-

1886 2661 55 29 tage
1952 2659 27 24 of
1987 2662 66 28 great
2064 2667 170 25 consequence.
2269 2662 74 26 What
2364 2664 45 24 has

1884 2698 104 26 indued
1999 2699 42 25 the
2060 2699 66 25 Turk
2148 2702 26 26 tp
2195 2702 71 24 inake
2288 2702 41 25 the
2352 2711 56 17 con-

1886 2738 93 23 cession
1990 2737 22 24 is
2023 2740 39 28 yet
2074 2745 14 17 a
2100 2740 82 23 secret.
2216 2740 53 24 The
2286 2740 75 25 result
2384 2743 25 23 to

1886 2774 113 30 England
2011 2775 49 24 will
2072 2775 30 24 be
2113 2783 14 16 a
2139 2778 50 22 oo3t
2201 2778 25 22 oi
2237 2777 92 24 several

1885 2810 65 26 lions
1955 2817 19 18 'a
1985 2818 65 25 year,
2063 2820 27 17 as
2102 2813 41 24 she
2155 2813 49 25 will
2216 2813 59 26 have
2287 2817 25 22 to
2321 2814 88 26 double

1885 2849 44 25 her
1939 2850 56 24 fleet
2006 2851 26 24 in
2044 2850 40 25 the
2094 2851 200 25 Mediterranean.
2328 2853 24 23 It
2369 2853 37 24 in-

1886 2890 87 24 terests
1984 2897 30 18 us
2025 2898 28 17 as
2063 2890 20 24 it
2094 2891 68 25 bears
2174 2899 32 17 on
2218 2891 42 26 the
2272 2892 88 25 transit
2383 2893 26 25 of

1885 2937 45 17 our
1941 2930 88 29 staples
2041 2930 26 24 in
2079 2930 42 24 the
2132 2935 69 20 event
2213 2931 28 24 of
2253 2939 57 17 war.
2344 2931 23 25 It
2387 2932 21 24 ia

1886 2973 15 18 a
1922 2966 101 26 distinct
2042 2968 58 31 gain
2122 2970 25 22 to
2180 2968 90 25 Russia
2303 2969 105 31 brought

1886 3005 72 24 about
1969 3005 31 30 by
2011 3005 43 25 the
2065 3008 99 28 present
2175 3006 108 31 politioal
2292 3007 116 25 situation

1886 3043 49 25 and
1957 3044 87 32 chiefly
2070 3045 31 31 by
2134 3045 41 24 the
2202 3047 153 29 antagonism
2385 3046 24 25 of

1887 3081 93 26 Prance
1991 3082 48 25 and
2052 3078 132 43 German^

2023 3176 3 2 .
2133 3157 36 20 ♦

1903 3213 239 26 WAIMAKARIEI
2159 3214 123 25 WATER
2295 3215 95 25 RACE.

1919 3292 36 24 On
1967 3292 110 31 Tuesday
2089 3293 56 28 last,
2156 3301 59 24 your
2226 3293 181 31 correspondent

1885 3338 50 17 was
1947 3330 82 33 kindly
2040 3331 113 25 favoured
2164 3339 42 24 per
2213 3331 39 25 Mr
2263 3331 73 32 Kirby
2348 3331 58 25 with

1885 3377 14 16 a
1908 3368 48 32 trip
1968 3370 25 24 to
2006 3369 41 25 the
2058 3368 46 27 site
2126 3368 27 26 of
2170 3368 41 26 the
2235 3369 168 27 Waimakariri

1887 3408 157 28 Water-race,
2056 3416 31 17 on
2097 3408 42 25 the
2150 3408 108 25 occasion
2275 3409 23 24 of
2318 3409 32 24 its
2367 3408 39 25 in-

1886 3446 106 29 spection
2013 3447 29 29 by
2065 3445 41 25 the
2132 3446 140 30 consulting
2293 3447 114 29 engineer

1885 3482 40 25 Mr
1936 3483 47 25 Ed.
1995 3483 106 29 Dobson,
2113 3483 54 25 who
2178 3491 48 16 was
2238 3483 169 31 accompanied

1886 3521 31 31 by
1935 3521 91 25 Messrs
2054 3521 105 28 Dobson,
2192 3521 97 30 Sliarpe,
2311 3521 95 30 Wright

1887 3558 144 32 (Secretary,
2037 3561 26 21 to
2075 3558 81 24 Water
2167 3559 62 24 Race
2240 3558 96 31 Board,)
2360 3558 47 24 and

1886 3595 99 32 Pashby
1995 3595 28 26 of
2042 3595 111 32 Katapoi-
2177 3595 39 24 Mr
2238 3595 46 24 Ed.
2307 3594 99 30 Dpbson

1887 3641 48 17 was
1955 3641 56 24 very
2032 3633 139 31 favourably
2198 3632 132 32 impressed
2352 3632 55 25 with

1887 3672 40 24 Mr
1938 3672 101 30 Sharp's
2051 3671 69 31 plans
2127 3671 49 24 and
2188 3678 49 16 >aw
2248 3678 32 16 no
2287 3669 120 32 difficulty

1886 3706 26 23 in
1924 3704 111 31 carrying
2046 3704 68 25 them
2126 3706 50 22 out.
2189 3703 50 24 The
2252 3702 95 25 natuial
2369 3702 37 24 in-

1886 3744 55 25 take
1952 3744 92 24 *ormed
2053 3744 29 30 by
2101 3743 94 31 jutting
2214 3742 69 25 rocka
2305 3749 101 23 appears

1887 3784 26 24 to
1924 3782 61 26 bave
1997 3782 58 25 been
2072 3782 65 25 most
2159 3778 141 33 judiciously
2310 3779 96 26 chosen.

529 55 167 32 OXFORD
737 55 89 32 AND
870 54 103 32 CUST
1017 53 221 34 OBSERVER
1261 49 234 37 SATURDAY,
1510 47 249 33 SEPTEMBER
1780 48 50 38 10,
1860 54 11 26 3
1881 50 68 31 891.

755 178 332 55 NOTICE.
1169 188 14 47 \

1175 232 10 20 i

859 261 13 4 —
872 261 29 4 —
902 261 8 4 -
910 261 37 4 —
947 261 21 3 —
968 260 21 5 *—
1109 260 1 3 ■
1173 252 10 12 *

662 288 166 80 POISON
849 290 26 29 is
889 290 62 29 laid
966 299 38 19 on
1025 289 87 29 Land
1125 292 89 38 ofe-4^

740 329 108 39 cupied
858 332 42 38 by
907 340 36 23 m
945 353 8 12 t
962 333 35 27 at
1021 330 78 30 East
1105 330 5 6 '
1120 329 62 30 and

661 370 87 30 West
762 370 123 30 Oxford.
903 378 3 8 !

820 421 35 29 L.
861 415 11 23 7
872 421 103 29 andP.
1001 419 163 33 GARLIC.

1034 452 79 17 •v-*
1124 447 11 24 k
1152 446 14 23 i
1184 450 8 18 i

688 512 3 4 '
790 512 257 46 NOTICE.
1135 502 8 5 '
1209 497 13 35 ?

699 617 69 40 Any
777 618 114 29 Person
902 628 35 19 or
947 618 127 29 Persons
1083 617 97 28 found

660 658 188 39 trespassing
862 669 38 18 on
910 668 52 28 my
973 657 158 38 Property,
1141 659 40 26 oh

660 698 51 29 the
720 697 136 35 Terrace,
881 697 85 31 West
976 697 118 30 Oxford
1119 694 61 33 will

659 739 38 30 be
712 739 185 38 prosecuted.

820 791 143 31 HENRY
984 792 155 30 ASKEW.

760 917 314 57 NOTICE.

659 1021 79 36 rpiiE
750 1018 90 27 Person
849 1021 53 23 who
911 1019 56 26 took
975 1021 40 24 the
1023 1020 66 31 large
1098 1020 84 31 Hymn

663 1044 23 33 A
723 1054 67 24 Book
801 1053 63 25 from
877 1053 30 25 St
928 1053 125 25 Andrew's
1075 1052 107 28 Church,

660 1096 48 25 last
719 1096 71 29 week,
802 1096 82 31 please
895 1101 81 19 return
987 1096 21 24 it
1030 1097 25 23 to
1077 1096 44 24 the
1143 1103 38 17 or-

659 1139 82 31 ganist
751 1147 41 20 on,
804 1147 27 16 or
842 1138 79 25 before
934 1138 100 31 Sunday
1051 1139 65 23 next.

662 1228 47 31 ST
728 1227 218 31 ANDEEW'S
971 1226 212 31 FESTIVAL.

754 1285 3 4 .
799 1268 90 25 EAST
902 1267 144 25 OXFORD.

693 1338 62 26 The.
757 1337 115 30 Wardens:
895 1337 49 25 and
966 1336 96 26 Church
1084 1336 101 25 Officers

660 1377 27 23 of
696 1376 42 24 the
749 1375 126 25 Parochial
886 1375 103 24 District
1000 1374 27 25 of
1035 1373 100 29 Oxford,
1147 1374 38 24 in-

660 1414 50 23 vite
732 1412 43 25 the
797 1412 141 24 attendance
961 1412 27 23 of
1007 1411 34 24 all
1060 1412 42 23 the
1128 1411 56 31 lady
1206 1421 2 5 ■

661 1452 116 23 members
788 1451 27 24 of
821 1452 42 24 the
875 1451 98 24 Church
985 1451 147 31 throughout
1141 1451 42 23 the

660 1489 110 29 District,
783 1491 25 23 to
817 1498 15 15 a
843 1489 107 31 meeting
961 1490 25 23 to
997 1490 30 23 be
1037 1488 56 25 held
1105 1490 26 23 at
1142 1484 43 29 the

659 1536 139 22 parsonage,
811 1536 30 15 en
858 1527 146 31 Wednesday
1019 1531 69 23 next,
1116 1528 26 23 at
1169 1527 16 23 2

657 1573 60 23 p.m,
726 1565 23 23 in
761 1564 142 25 connection
914 1564 59 24 with
985 1564 40 24 the
1044 1564 74 24 above
1140 1564 45 24 fes-
1202 1572 2 12 :

658 1608 66 25 tiva.l.
1116 1631 1 1 .
1134 1600 18 5 '■"
1201 1609 3 19 :

791 1651 31 23 R.
835 1651 28 23 F.
888 1649 166 25 GARBETT.

790 1687 171 33 Chairmanjpf
971 1687 97 25 Church
1076 1686 108 25 Officers.

680 1793 297 31 PRELIMINARY
997 1793 167 30 NOTICE.
1197 1785 4 12 '

765 1875 312 31 DISTRICTJSCHOOL.

822 1908 74 23 West
914 1908 108 23 Oxforb.

660 1939 36 24 An
709 1939 199 25 Entertainment
921 1940 25 22 in
958 1940 40 22 aid
1009 1939 25 24 of
1054 1940 41 23 the
1114 1939 71 23 Prize
1201 1958 3 4 .

660 1971 71 24 Fund
742 1972 27 24 of
778 1972 40 24 the
830 1971 76 25 above
919 1971 96 28 School,
1025 1971 48 24 will
1086 1971 29 24 be
1126 1971 59 24 held

659 2004 25 24 in
696 2004 43 24 the
752 2004 144 24 Oddfellows
908 2004 66 29 Hall,
989 2004 69 24 West
1081 2004 101 28 Oxford,
1198 1999 3 37 j

660 2045 29 16 on
704 2037 97 31 Friday,
823 2037 104 24 October
950 2037 51 25 9th.
1035 2037 148 24 Particulars
1198 2051 3 5 •

660 2070 24 24 in
696 2079 16 15 a
718 2070 95 24 further
823 2070 72 24 issue.
1198 2073 3 20 i

665 2171 159 38 FARM
885 2171 299 38 PRODUCE.

740 2239 121 30 Notice
882 2247 40 21 to
942 2239 164 29 Farmers.

702 2290 100 30 Those
827 2289 135 31 desirous
984 2289 34 31 of
1041 2289 145 40 bringing

661 2331 91 29 Farm
764 2331 136 29 Produce
909 2331 33 29 of
950 2341 61 29 any
1023 2334 63 26 sort
1095 2334 31 26 to
1131 2331 54 28 the

662 2372 118 30 Oxford
802 2371 126 38 market,
966 2372 61 30 will
1065 2371 120 30 consult

661 2413 80 29 their
764 2423 67 18 own
859 2413 128 29 interest
1013 2413 42 38 by
1079 2413 105 28 adver-

660 2453 96 38 tising
778 2462 81 19 same
881 2453 29 27 in
936 2453 53 28 the
1018 2451 167 30 OXFORD

661 2492 60 30 and
737 2491 102 31 CUST
851 2491 227 38 OBSERVER,
1091 2501 38 21 an
1149 2491 48 31 is-

663 2543 52 21 sue
725 2543 34 19 or
771 2538 59 24 two
858 2533 204 29 before-hand.

744 2614 180 30 WANTED
939 2614 166 30 KNOWN.

694 2707 34 22 To
737 2706 102 29 Carters,
846 2705 76 25 Horse
930 2713 101 20 owners,
1041 2705 48 25 and
1096 2705 89 25 others.

661 2743 14 24 I
687 2752 41 15 am
740 2743 115 31 prepared
867 2745 26 22 to
902 2743 87 31 supply
1001 2744 75 24 Straw
1085 2743 72 25 Chaff
1162 2744 26 23 at

662 2780 82 25 lowest
755 2784 98 21 currant
865 2785 70 19 rates.

810 2826 22 25 R
853 2825 188 29 M'DONALD,

971 2865 62 24 East
1054 2865 100 24 Oxford.

710 2976 219 38 TELEGRAPHIC
954 2976 179 39 MESSAGES-
1185 2969 4 19 ;

705 3067 200 40 Telegraphic
943 3067 152 40 Messages
1131 3079 56 19 can

663 3124 70 22 now
754 3117 38 29 be
821 3118 68 27 sent
907 3115 61 30 and
989 3116 138 29 received
1156 3120 32 25 at

662 3162 78 30 East
748 3161 117 30 Oxford
881 3161 128 30 Station.

726 3274 50 39 R.
804 3274 56 36 H.
894 3274 233 47 PARISH,

797 3316 88 29 East
912 3316 139 30 Oxford.

696 3366 92 32 Special
799 3366 63 25 lines
874 3368 24 23 te
910 3367 28 24 b«
950 3366 51 24 sold
1021 3366 47 24 this
1091 3366 95 29 month,

663 3412 26 22 at
701 3409 47 25 Isss
757 3409 61 25 than
831 3408 137 24 Wholesale
980 3410 59 26 oosti
1059 3408 52 26 aad
1131 3417 56 16 con-

663 3451 118 32 siderably
794 3450 80 29 below,
880 3451 78 30 prices
970 3450 104 31 charged
1085 3450 43 30 for,
1135 3451 52 24 .the

664 3503 66 17 same
741 3495 105 31 quality^
856 3493 96 25 articles
974 3496 26 22 at
1023 3493 166 32 Co-operative

666 3539 89 24 Shores..
815 3539 53 31 i)iw<j

697 3578 136 25 LADIE'S
839 3578 169 28 ULSTERS,
1032 3578 52 33 7/6,
1108 3578 79 25 worth

666 3622 71 32 12/6/
757 3625 9 12 ■■'
803 3633 5 6 -
821 3624 48 19 .->>••■•

698 3665 66 23 ALL
777 3664 104 28 WOOL,
895 3663 138 25 FRENCH
1046 3664 142 29 MERINO,

668 3708 35 31 2/-
716 3708 78 23 worth
819 3708 44 32 8/-.

667 3749 69 24 ALL
748 3749 106 28 WOOL,
868 3750 154 23 ENGLISH
1044 3750 49 23 and
1115 3750 75 25 COL-

669 3790 102 28 ONIAL
783 3790 161 26 FLANNEL
957 3792 35 33 1/-
1005 3791 75 26 worth
1093 3792 49 33 1/4.

45 170 223 127 (Divine
303 170 161 40 Services.

225 245 96 24 Sunday
337 250 63 16 next

78 310 53 25 The
142 309 31 25 U.
186 309 35 25 M.
234 309 29 24 F.
273 308 105 26 Church,
392 306 68 24 West
478 304 91 26 Oxford

47 367 33 6 —
82 355 39 23 11.
138 355 57 22 a.ni;
215 352 52 24 Rev
279 351 15 24 J
321 350 113 29 Benning
457 347 111 31 Subject:

54 400 14 10 41
79 396 61 25 Real
153 395 119 31 Religion,
282 394 5 9 '
307 393 48 24 and
377 395 25 22 at
424 392 65 28 6.30,
513 398 58 23 p.m.

74 439 63 30 Why
148 446 40 16 are
199 445 36 16 we

80 481 63 23 East
166 480 90 24 Oxford
279 480 65 22 2.45.
367 485 51 23 p.in
453 475 114 31 Subject:

291 522 47 24 and
360 522 26 22 at
416 520 63 27 6.30,
509 526 60 23 p.m.

47 567 40 22 Mr
99 567 28 22 A.
150 566 81 23 Bunn.

64 689 41 26 TO
129 689 165 27 FARMERS,
316 687 131 25 TIMBER
469 686 85 24 MER-

47 727 141 28 CHANTS,
199 725 181 28 BUILDERS,
394 727 17 22 &
425 723 144 26 OTHERS.

74 792 193 22 UNRESERVED
291 791 148 21 CL3AETNG
463 789 80 22 SALE.

284 823 42 20 OF.

51 857 520 40 BUILDINGTIMBER

292 901 41 22 AT

47 933 49 30 Mr
108 934 43 28 W.
163 932 257 30 LAIJGESEN'S
430 931 114 29 MILL.

209 972 89 30 View
319 973 90 27 Hill.

375 1035 90 28 FEET
468 1054 6 5 -

47 1144 122 75 JOHN
183 1144 167 29 INGRAM
371 1143 54 29 has
434 1142 137 30 received

121 1184 194 29 instructions
336 1184 80 28 from
444 1182 49 29 Mr
523 1183 46 28 W.

46 1224 160 38 Laugesen
230 1228 31 25 to
289 1223 71 29 hold
387 1233 18 18 a
432 1221 139 38 Clearing

51 1264 68 30 Sale
137 1265 32 29 of
188 1264 46 29 his
262 1264 86 30 stcck
376 1264 32 28 of
441 1264 130 33 Timber,

169 1314 54 30 BY
256 1314 193 35 AUCTION,

286 1369 41 24 ON

66 1406 225 30 THURSDAY
314 1405 111 32 SEPT.
441 1407 90 37 24th,

108 1457 41 28 At
173 1457 51 29 the
238 1458 95 29 above
349 1456 142 30 Sawmill.

88 1508 62 29 The
162 1508 92 30 Stock
268 1508 162 39 comprises
441 1519 6 19 :
449 1525 40 5 —

47 1549 110 34 20,000
197 1549 75 29 Feet
314 1550 33 28 of
381 1549 65 29 Red
486 1548 82 35 Pine,

178 1589 118 29 Boards
310 1589 60 29 and
387 1588 182 40 Scantlings.

48 1629 109 37 10,000
199 1629 74 29 Feet
327 1629 105 29 White
486 1629 81 36 Pine,

178 1670 118 28 Boards
308 1669 60 30 aud
385 1669 182 40 Scantlings.

45 1710 112 38 ■tfo,ooo
178 1710 74 29 Feet
268 1709 92 30 Birch
378 1710 128 37 Timber,

189 1752 67 33 3xl,
283 1752 69 32 3x2,
390 1752 70 33 4xl,
497 1752 70 33 4x2,

188 1792 70 34 4x3,
289 1791 69 34 6xl,
395 1791 68 35 6x2,
500 1791 68 34 6x3,

189 1832 70 34 6x4,
296 1833 73 37 Bxf,
402 1833 68 35 Bxl,
509 1833 60 28 Bx2

190 1873 71 33 Bx3,
275 1875 69 31 Bx4,
355 1873 59 28 and
426 1873 71 38 Bxs,
538 1873 30 28 in

190 1912 122 38 lengths
320 1913 80 28 from
413 1915 15 26 7
442 1917 30 24 to
483 1914 38 27 24
531 1914 38 27 ft.

51 1992 108 36 60,000

291 2082 132 21 ALSO:—

50 2115 13 26 1
70 2114 18 27 0
97 2112 145 41 Working
251 2113 154 36 Bullocks,
418 2115 59 28 and
488 2124 81 29 gear,

47 2153 63 30 and
125 2155 16 28 2
156 2154 142 39 Draught
326 2154 122 31 Horses.

82 2204 51 24 The
145 2204 95 24 Timber
251 2205 20 23 is
280 2204 33 24 all
336 2205 75 23 sound
435 2204 48 24 and
505 2204 65 25 fresh

47 2238 50 25 cut,
122 2236 48 24 and
192 2236 50 25 will
265 2237 29 24 be
317 2236 51 25 sold
397 2236 98 25 without
529 2237 42 25 the

49 2268 107 32 Slighest
164 2269 109 24 Reserve.
308 2269 190 31 Arrangements
521 2270 50 24 will

47 2301 32 24 be
101 2301 70 25 made
193 2303 25 23 to
237 2305 41 28 get
297 2302 43 25 the
363 2301 98 26 Timber
484 2303 87 24 to*the

48 2333 109 31 Railway
169 2334 48 23 and
228 2335 96 24 Loaded
337 2336 53 23 into
403 2336 91 23 Tracks
507 2338 26 22 at
555 2343 15 16 a

49 2374 56 23 very
117 2367 44 23 low
173 2370 59 21 rate.
267 2367 170 30 Conveyances
449 2368 49 24 will
510 2371 61 22 meet

49 2400 39 23 the
101 2400 113 30 Morning
225 2400 71 24 Train
308 2404 25 20 at
347 2400 67 25 West
434 2400 90 25 Oxford
546 2407 27 18 to

47 2439 90 23 convoy
158 2432 128 31 intending
308 2432 142 31 purchasers
473 2435 25 21 to
529 2433 42 24 the

49 2463 50 23 sale
112 2463 47 24 and
169 2465 82 22 return
263 2465 28 22 in
303 2466 61 23 time
388 2467 25 22 to
435 2465 71 24 catch
529 2466 42 23 the

49 2495 112 32 Evening
181 2496 82 25 Train.

46 2538 135 26 Luncheon
192 2540 121 29 provided.
328 2540 56 24 Sale
393 2541 25 23 at
428 2540 72 24 11.30
515 2548 56 17 a.m.

211 2572 83 23 Terms
305 2574 25 21 at
344 2571 63 24 Sale.

146 2603 86 25 JOHN
251 2604 143 28 INGRAM,
418 2604 153 25 Auctioneer.

98 2700 195 45 TOWN
330 2700 194 45 HALL.

150 2755 111 38 EAST
291 2755 176 39 OXFOED.

65 2799 89 26 CUST
178 2800 146 25 CHRISTY
353 2800 193 26 MINSTRELS

189 2848 81 20 WILL
291 2848 73 21 GIVE
386 2849 45 20 AN

120 2884 371 37 ENTERTAINMENT,

47 2929 61 31 For
132 2930 52 29 the
203 2931 113 29 benefit
330 2931 32 28 of
376 2941 39 18 an
434 2931 50 29 old
514 2931 58 30 Ox-

189 2976 69 28 ford
275 2976 155 29 Resident.

48 3020 194 28 THURSDAY,
257 3020 204 24 SEPTEMBER
484 3021 87 24 24TH.

49 3060 111 33 Songs,
182 3060 107 37 Jokes,
307 3068 67 22 and
398 3061 173 37 Chckuses,

89 3107 74 29 with
172 3106 51 29 the
237 3106 178 39 Screaming
426 3107 104 29 Farce.

89 3152 83 29 THE
197 3152 80 30 OLD
301 3152 231 30 KENTUCKY

152 3197 138 30 COURT
318 3197 152 30 HOUSE.

80 3256 53 26 The
140 3259 174 30 management
326 3259 78 23 trusts
416 3256 55 26 that
482 3257 44 25 the
536 3258 37 24 in-

47 3290 127 25 habitants
185 3296 26 18 ot
222 3291 91 23 Oxford
327 3290 44 24 will
385 3292 61 22 most
465 3291 109 31 liberally

46 3323 112 32 respond,
171 3323 49 24 and
232 3323 74 25 assist
318 3324 29 31 by
359 3324 153 30 patronising
531 3324 42 24 the

47 3357 207 28 Entertainment,
266 3364 27 17 or
312 3357 29 31 by
360 3356 148 32 purchasing
529 3357 43 25 tic-

47 3389 54 25 kets
112 3394 26 19 to
148 3390 64 23 raise
223 3397 15 16 a
249 3397 54 16 sum
316 3389 89 24 of'-£2O
417 3394 24 18 to
453 3397 54 23 pay.
511 3394 36 20 tor
559 3397 14 16 a

47 3422 89 24 section
149 3423 25 22 of
195 3421 69 23 Land
288 3422 49 22 and
359 3421 93 30 House,
472 3422 38 23 for
531 3422 43 23 the

47 3454 54 25 wife
113 3455 25 23 of
150 3462 32 16 an
193 3453 41 24 old
246 3453 90 24 Oxford
359 3453 125 24 Resident.
520 3454 52 23 Tic-

48 3486 54 25 kets
114 3495 56 22 may
183 3488 26 22 he
221 3485 136 32 purchased
369 3486 60 23 from
444 3486 38 23 Mr
490 3486 83 31 Paget,

49 3520 38 23 Mr
100 3519 83 30 Kirby,
197 3519 38 23 Mr
244 3519 29 23 R.
285 3518 95 27 Fisher,
389 3518 39 23 Mr
437 3518 33 25 R..
481 3519 92 27 Parish,

49 3552 49 23 and
110 3551 38 24 Mr
160 3551 67 26 Pole,
240 3550 67 23 View
319 3549 61 24 Hill.

49 3647 116 79 MISS
201 3644 172 31 BEEVES,
411 3644 111 30 desires
542 3648 34 26 to

143 3689 70 38 give
230 3688 115 29 lessons
364 3685 30 29 ir
418 3684 156 44 Drawiug,

49 3729 61 28 and
125 3728 119 28 Flower
253 3726 151 38 Painting.

149 3771 104 31 Terms
269 3770 74 38 10/-
356 3778 55 30 per
435 3772 131 36 quarter.
