2393 3770
28 131 72 30 (N.B,
112 138 33 16 no
166 130 90 29 sewing
273 130 141 30 machines,)
427 130 70 23 while
506 130 41 23 the

26 177 68 16 more
107 169 146 23 industrious
265 168 26 23 of
301 168 40 23 the
352 176 55 15 men
421 169 60 23 after
488 169 62 23 their

26 207 60 30 days
98 206 64 24 work
174 209 26 21 at
223 206 38 23 tlio.
275 205 54 23 Mill
341 213 27 15 or
378 205 27 23 in
416 206 40 22 the
468 205 78 28 Bush,

26 246 79 22 would
116 245 56 30 split
185 244 107 30 shingles
302 244 38 23 till
352 244 57 23 nine
421 252 28 15 or
460 246 43 21 ten
523 245 25 22 at

25 283 79 30 night,
117 282 47 24 and
176 282 30 24 be
219 289 30 23 up
270 282 25 23 in
319 281 47 24 the-
383 281 112 30 morning
518 280 30 31 by

28 320 117 30 daylight,
157 322 24 22 to
198 320 40 29 dig
260 319 64 24 their
344 318 102 32 gardens
468 318 82 24 before

25 357 59 30 they
96 362 63 19 went
171 360 24 21 to
207 357 63 24 their
281 357 111 30 ordinary
404 356 74 27 work,
502 357 43 23 the

27 402 164 23 consequence
202 395 24 21 of
248 394 33 22 all
303 394 49 22 this
373 401 49 15 was
441 394 52 22 that
515 401 34 15 we

26 432 89 29 nlwnys
128 432 47 22 had
187 440 15 14 a
213 435 45 19 tew
269 431 95 29 pounds
381 432 25 21 to
418 437 66 16 come
503 430 44 23 And

27 476 31 22 go
70 476 40 15 on.
144 468 51 23 But
203 469 27 22 in
240 468 38 21 the
289 470 96 27 present
397 467 46 29 day
465 466 84 29 people

26 515 28 16 as
66 515 14 16 a
92 507 51 24 rule
155 508 89 23 cannot
257 507 67 29 begin
337 508 25 22 to
383 506 65 23 work
470 505 78 23 before

27 552 69 17 seven
110 553 27 16 or
148 545 66 30 eight
236 544 25 22 in
286 544 39 24 the
347 543 128 30 morning:
493 542 57 31 they

27 584 67 21 can't
105 581 46 23 live
164 584 24 21 at
199 581 64 23 their
274 581 57 23 wort
348 581 44 23 but
402 586 66 18 must
493 580 57 29 keep

26 626 15 15 a
53 619 71 23 horse
136 627 26 15 so
171 627 26 15 as
211 621 23 20 to
249 619 27 22 he
289 618 53 24 able
366 620 25 21 to
414 618 79 23 attend
514 617 34 23 all

26 656 42 23 the
81 655 69 27 balls,
162 655 76 31 plays,
251 654 103 31 skating,
367 656 45 22 etc.
426 654 32 23 Of
467 661 81 16 conrse

26 694 55 29 tliey
106 695 67 20 must
194 691 91 29 smoke,
309 700 63 16 wear
395 691 56 30 high
456 691 92 23 -heeled

26 730 79 27 shoes,
118 730 45 24 and
175 738 71 23 paper
254 729 96 29 collars,
361 730 46 23 and
417 729 130 24 moleskins

25 776 41 15 are
77 770 43 21 not
133 769 24 21 to
181 769 26 21 be
218 768 104 29 thought
334 768 32 22 of.
402 768 52 22 The
477 767 72 23 wives

26 807 65 21 must
108 807 44 20 not
174 804 30 23 be
227 804 86 23 behind
343 804 61 23 <heir
426 803 122 23 husbands

28 841 48 23 and
87 841 169 31 consequently
270 841 65 29 print
346 841 93 23 dresses
451 848 39 15 are
512 840 35 30 ig-

24 878 76 24 nored
112 878 48 24 and
172 879 75 23 hence
259 878 60 24 suits
331 877 49 25 and
397 877 94 24 dresses
513 877 35 25 for

25 916 42 24 tie
77 916 118 31 juveniles
208 917 62 22 must
289 915 30 24 be
328 915 105 32 ..bought
455 915 94 23 instead

23 954 26 23 of
73 954 70 29 being
165 953 76 23 made.
277 952 90 31 Verily,
392 953 42 23 the
455 954 95 29 present

25 991 58 31 days
107 999 40 16 are
177 990 77 24 belter
287 990 28 23 in
348 990 66 24 these
444 991 106 29 respects

24 1030 63 25 than
122 1030 42 24 the
207 1030 48 23 old.
301 1029 77 28 Then,
412 1029 46 28 Sir,
494 1029 56 24 look

24 1070 25 22 at
61 1076 43 16 our
116 1067 74 25 social
202 1067 155 31 advantages,
371 1075 43 15 our
438 1066 109 29 Schools,

25 1106 133 27 Churches,
190 1105 49 24 and
263 1105 110 30 Chapels.
407 1105 49 24 Are
489 1105 58 30 they

23 1143 123 30 nothing?
168 1143 48 23 and
227 1142 55 24 last,
295 1142 43 24 but
361 1144 43 22 not
426 1142 68 27 least,
514 1150 34 16 we

23 1189 42 16 are
77 1181 83 30 slowly
171 1180 113 31 perhaps,
297 1176 43 27 but
349 1180 78 30 surely
437 1180 58 23 ltan
505 1180 43 30 ing

23 1220 27 22 to
62 1219 30 23 do
103 1219 104 24 without
220 1222 133 26 mortgages
365 1218 56 24 and.
437 1225 26 15 so
486 1218 61 23 have

23 1263 34 16 no
68 1256 101 23 interest
180 1256 26 23 to
217 1262 54 23 pay.
298 1254 30 23 In
340 1250 137 27 conclusion
489 1255 11 22 1
510 1262 36 20 as,-

24 1299 49 20 seri
87 1296 100 23 without
199 1295 50 23 fear
260 1294 26 23 of
296 1293 129 24 successful
448 1295 95 22 contra-

23 1333 91 24 diction
128 1335 53 22 lilzat
194 1333 41 23 the
247 1334 97 28 present
352 1333 62 21 state
427 1331 24 23 of
463 1331 83 31 things

23 1380 39 16 are
71 1373 120 30 infinitely
202 1372 76 22 better
291 1371 57 24 than
362 1371 42 23 the
427 1371 47 27 old,
498 1371 48 23 and

21 1413 53 23 that
87 1411 40 24 Ihe
140 1419 66 16 same
228 1418 87 23 energy
338 1410 24 24 c!i
376 1411 83 30 played
482 1418 63 20 now,

21 1449 55 23 that
89 1448 111 24 obtained
212 1448 23 22 in
250 1448 38 23 the
300 1447 40 25 old
354 1448 76 23 would
444 1447 101 30 produce

22 1488 43 24 the
77 1495 66 16 same
154 1488 87 23 results
251 1495 26 15 or
289 1495 60 15 even
361 1486 83 28 better,
458 1486 49 24 and
526 1487 20 23 it

21 1525 81 24 would
122 1533 59 15 soon
203 1524 28 23 be
254 1531 54 16 seen
332 1524 53 23 that
407 1524 68 23 there
508 1533 37 14 are

21 1570 75 15 worse
110 1562 78 30 places
202 1562 60 23 than
286 1559 89 26 Oxford
397 1562 26 22 in
448 1561 97 30 general

21 1599 49 23 and
82 1599 42 23 the
137 1599 138 30 Esplanade
287 1599 27 23 in
325 1598 139 31 particular.

54 1642 72 30 Why,
141 1641 47 28 Sir,
199 1641 41 24 the
262 1650 57 22 very
338 1641 49 25 fact
409 1641 26 23 of
455 1649 44 16 one
522 1641 26 24 of

20 1688 60 23 your
89 1679 58 25 staff
157 1679 98 30 settling
265 1679 26 23 in
314 1678 53 25 that
390 1678 98 25 favored
511 1679 34 23 lo-
578 1698 3 2 .

20 1718 73 30 cality
106 1718 159 29 conclusively
277 1725 85 22 proves
374 1717 56 24 that
442 1717 41 24 the
496 1716 46 25 Es-

21 1755 106 30 planade
149 1755 20 23 is
192 1754 93 31 rapidly
308 1754 164 31 approaching
503 1755 43 23 the

21 1791 63 24 ideal
96 1799 26 16 so
133 1791 90 30 vividly
234 1792 143 29 pourtrayed
390 1791 31 31 by
440 1791 103 24 Jubilee.

56 1829 45 23 Let
126 1837 27 15 us
180 1829 73 29 adopt
267 1847 3 3 .
287 1828 147 24 Cromwell's
467 1831 80 22 motto

48 1866 74 24 Trust
133 1865 26 24 iri
173 1865 53 25 God
235 1865 47 23 and
295 1865 59 31 keep
366 1874 60 22 your
448 1867 99 30 powder

97 1911 27 16 or
136 1904 25 22 in
173 1904 69 22 other
253 1903 75 23 words
341 1903 58 30 keep
418 1911 33 16 on
473 1904 74 30 doing

22 1942 140 30 something
173 1942 76 24 useful
263 1942 49 24 and
324 1942 94 30 expend
434 1950 27 16 as
484 1942 63 24 little

20 1979 27 22 in
60 1980 112 26 luxuries,
185 1978 47 25 and
251 1978 14 23 I
284 1987 37 15 am
345 1979 67 30 quite
435 1987 53 16 sure
510 1988 36 16 we

21 2016 65 24 shall
94 2016 61 25 have
166 2024 87 17 reason
265 2018 25 23 to
303 2016 78 25 thank
404 2017 40 24 the
467 2018 78 30 provi-

21 2054 75 24 dence
108 2055 54 24 that
173 2055 109 23 directed
289 2063 43 16 our
341 2060 65 26 steps
416 2057 25 22 to
449 2056 98 24 Oxford.
581 2076 2 3 ,

219 2093 81 23 Yours
312 2094 40 22 &c.
447 2115 2 3 .
581 2100 2 7 '

331 2131 55 23 The
404 2131 109 24 Hermit.
581 2134 2 23 j

104 2274 70 23 TEE
187 2274 78 23 NEW
288 2274 178 25 TAXATION.

56 2353 50 28 Sir,
141 2353 21 24 A
174 2355 79 30 pretty
273 2354 83 24 cackle
378 2363 59 23 your
458 2364 90 17 corres-

19 2392 109 29 pondent
146 2391 164 24 MacLnehlan
331 2392 45 24 has
397 2394 72 23 made
491 2403 57 15 over

20 2435 42 23 my
72 2429 121 24 strictures
205 2435 33 17 on
256 2428 38 25 his
317 2428 72 26 letter
411 2430 24 23 in
459 2440 24 14 re
503 2432 41 24 the

20 2464 60 25 JSew
92 2465 126 24 Taxation.
255 2465 65 24 Your
339 2468 207 29 correspondent's

20 2502 90 33 figures
122 2503 57 24 look
188 2503 63 28 well,
264 2512 26 15 as
301 2511 73 24 paper
385 2505 160 26 calculations

21 2549 46 17 can
89 2542 90 31 always
202 2542 30 24 be
265 2543 71 24 made
367 2545 25 23 to
426 2545 36 23 do.
496 2548 50 23 But

20 2580 94 29 agaiust
136 2580 69 23 them
228 2581 19 21 is
272 2581 97 30 arrayed
393 2582 42 23 tt-e
466 2583 79 25 whole

21 2616 90 30 weight
122 2616 26 24 of
159 2617 41 24 the
212 2617 115 24 financial
338 2618 109 25 intellect
459 2620 27 23 of
503 2621 42 24 the

19 2653 85 24 world.
140 2654 133 31 Adjusting
284 2663 43 16 our
339 2656 84 28 scales,
444 2665 44 17 we.
501 2661 44 28 put

19 2691 131 24 financiers
171 2692 48 25 like
242 2693 58 24 Peel
324 2694 47 23 and
400 2695 143 31 Gladstone,

19 2729 110 30 political
158 2731 147 24 economists
337 2732 48 24 like
423 2733 123 27 Professor

21 2766 117 32 Bonauiy,
162 2768 77 27 Price,
263 2769 49 23 and
338 2769 117 30 Fawoett,
489 2773 54 30 phi-

20 2806 125 31 losophers
157 2808 47 23 like
216 2808 68 24 John
305 2809 84 25 Stuart
412 2811 62 28 Mill,
497 2813 48 23 and

19 2846 106 24 Herbert
146 2846 108 31 Spencer
274 2848 27 24 in
324 2857 45 16 one
392 2858 46 23 cup
461 2851 24 23 of
505 2852 41 24 the

19 2884 107 28 balance,
134 2885 49 23 and
189 2885 25 23 in
220 2886 40 23 the
272 2886 70 24 other
354 2887 67 24 John
430 2888 116 25 M'Lach-

18 2921 50 28 lan,
92 2922 49 23 and
153 2930 25 15 as
190 2930 74 22 many
284 2931 66 16 more
372 2925 27 24 of
416 2926 42 23 the
481 2935 65 16 same

19 2961 93 23 mental
124 2961 86 23 calibre
222 2969 25 16 as
259 2961 30 24 he
302 2962 58 25 like?
372 2966 25 22 to
415 2964 62 25 have
490 2966 56 24 with
581 2955 2 44 j

18 2997 61 25 him.
93 2998 62 24 Who
167 3006 43 16 can
223 2999 75 24 doubt
309 3001 77 24 which
399 3002 50 25 side
461 3003 27 24 of
505 3004 41 23 the

17 3037 64 26 geale
114 3037 51 25 will
199 3037 55 25 kick
288 3039 43 24 the
372 3041 87 24 beam?
494 3043 52 24 The

17 3076 110 29 majority
139 3076 26 23 in
178 3076 41 24 the
236 3079 97 27 present
346 3078 82 24 House
451 3080 28 23 of
498 3081 47 23 Ee-

18 3113 177 30 presentalives
216 3114 47 23 will
287 3114 66 24 learn
376 3118 26 22 at
425 3117 41 24 the
489 3119 57 23 next

17 3150 112 29 election,
144 3153 52 24 that
207 3153 119 25 numbers
338 3163 39 16 are
388 3156 113 25 nowhere
519 3157 25 23 in

17 3190 41 24 the
70 3198 53 16 raco
135 3190 37 25 for
183 3199 81 24 power
275 3192 103 24 without
390 3193 153 34 knowledge.

216 3229 78 25 Yours
307 3230 43 25 &c.

327 3269 69 23 Turn
400 3277 110 18 -em-out.

581 3348 2 12 1

46 3391 95 25 Copied
158 3399 66 17 from
238 3400 48 16 the
300 3394 96 24 Sydney
412 3395 79 26 Echo.

48 3435 22 24 A
87 3434 97 28 b,al!oon
207 3436 48 29 trip
267 3436 24 23 to
310 3436 88 26 Mount
421 3439 119 26 Vesuvius

14 3475 52 16 was
78 3468 63 24 tried
146 3468 89 30 during
257 3469 42 23 the
311 3469 47 24 late
382 3472 126 29 eruption*'
513 3474 26 23 in

15 3500 70 24 order
108 3502 25 22 to
146 3501 68 23 make
226 3501 118 24 scientific
366 3503 173 27 observations;

15 3533 134 24 iEronauta
163 3533 127 24 succeeded
304 3534 26 23 in
341 3535 117 32 hovering
478 3545 61 18 near

14 3565 45 24 the
68 3567 76 22 crater
166 3566 57 30 long
235 3567 93 29 enough
351 3569 25 21 to
396 3568 54 24 take
473 3578 65 16 some

14 3597 50 24 fine
74 3597 186 25 instantaneous
271 3599 165 31 photograghs
454 3602 26 23 of
494 3603 43 24 the

14 3629 72 24 ashes
102 3630 46 24 and
171 3630 84 23 smoke
275 3632 90 23 thrown
386 3640 32 22 up
442 3632 30 31 by
495 3636 40 22 the

15 3661 110 28 volcano,
138 3662 93 24 besides
243 3662 42 25 the
297 3663 54 25 lava
363 3665 89 24 torrent
470 3665 65 26 flow-

13 3693 44 31 ing
68 3696 43 23 out
123 3694 26 26 of
158 3695 42 26 the
212 3703 51 20 oew
275 3702 84 19 crater.

662 138 284 33 MOTHERS'
980 143 156 33 PAGE.

657 203 111 21 EDITED
841 206 169 22 "MOTHERS'

657 256 49 19 Tare
715 256 63 26 Lady
787 258 79 20 Editor
875 260 72 20 would
956 261 45 20 like
1011 263 22 19 to
1041 263 28 19 be
1079 270 13 13 a
1103 263 54 27 help

629 288 22 19 to
660 288 39 20 the
709 290 98 19 mothers
816 290 45 20 and
878 290 118 27 daughters
1015 294 22 20 of
1055 295 38 20 the
1112 295 44 21 dis-

628 319 60 25 trict,
700 321 42 20 but
752 327 59 14 more
820 322 118 27 especially
957 326 23 19 to
997 325 40 21 the
1049 326 102 26 mothers,

628 351 45 20 and
679 352 82 20 invites
766 352 61 21 them
833 354 23 19 to
863 354 64 20 write
933 355 69 21 toher
1006 357 148 28 foranything

630 382 51 26 they
690 389 52 20 may
752 383 50 21 wish
813 385 24 19 to
848 385 66 21 know.
942 387 44 20 She
996 388 45 20 will
1046 390 108 20 endeavor

629 415 23 19 to
667 414 50 25 give
735 416 59 19 them
813 417 40 19 the
871 417 49 20 best
938 423 96 17 answers
1051 421 24 20 to
1093 421 61 20 their

627 446 119 24 questions,
758 446 50 25 and,
821 448 22 18 in
854 449 81 23 return,
947 451 73 19 would
1030 452 26 19 be
1065 452 54 25 glad
1129 453 23 19 to

627 477 83 19 receive
721 482 44 20 any
778 479 146 23 suggestions,
943 481 56 24 good
1015 482 85 25 recipes
1117 483 36 18 for

627 507 97 26 cookery,
745 508 142 25 needlework,
896 531 4 2 .
909 517 24 13 or
952 512 121 26 otherw.se,
1101 514 52 19 that

612 538 67 26 'they
688 540 66 20 think
759 538 50 23 'will
820 541 26 21 be
859 542 75 20 usefal
951 544 24 20 to
991 544 58 21 their
1067 545 85 21 friends

624 571 45 19 and
680 572 118 22 neighbors.
829 572 38 20 All
875 576 185 25 correspondence
1078 578 24 19 to
1125 577 27 20 be

625 602 120 21 addres-eJ
754 604 23 19 to
811 604 110 21 Mother's
938 606 68 26 Help,
1031 608 122 21 'Observer

627 633 71 25 Office,
708 634 56 21 East

765 670 250 31 NEEDLE.WOBK.

661 712 50 23 The
724 712 82 32 Fancy
820 714 72 24 Work
903 715 117 25 Table.
1021 717 49 25 The
1086 726 64 17 new-

628 747 36 21 est
676 745 48 23 and
736 754 64 16 most
811 747 97 31 eleynnt
930 749 158 26 table-covers
1110 760 40 16 are

629 776 76 30 those.
710 778 58 24 with
780 779 90 24 colored
884 781 64 24 satin
964 785 101 26 centres,
1088 792 61 23 pow-

628 806 70 26 deVe.il
715 811 58 23 with
795 814 169 23 conventional
985 815 57 30 gold
1065 816 84 30 sprigs,
1157 837 2 2 .

628 841 103 24 finished
742 842 35 25 off
785 844 40 23 the
837 843 74 26 broad
922 845 96 27 borders
1041 848 26 24 of
1076 848 74 25 white

628 873 116 29 sheeting,
773 875 125 27 decorated
929 879 56 24 with
1008 881 142 31 arabesques

627 906 97 30 painted
735 909 24 22 in
771 909 33 24 oil
816 910 86 28 colorsj
914 912 49 23 and
975 912 106 24 outlined
1089 914 60 24 with

626 938 56 31 gold
704 940 93 25 thread.
843 942 52 24 The
917 945 94 29 general
1034 945 70 25 effect
1126 947 27 24 of

626 971 67 24 these
705 973 21 22 is
736 973 67 31 quite
825 975 134 33 charming,
982 978 48 23 and
1042 978 56 31 they
1109 987 41 15 are
1157 988 1 4 1

627 1004 68 23 made
706 1004 27 24 in
752 1007 94 23 various
870 1008 61 24 sizes
954 1011 25 22 to
1000 1010 50 24 suit
1072 1011 77 24 either

627 1036 52 31 tiny
691 1036 75 25 tables
778 1046 26 17 or
815 1046 59 17 ones
895 1040 27 25 of
941 1048 68 18 more
1029 1042 120 26 extended

627 1069 156 26 dimensions.
837 1069 97 27 Similar
965 1074 64 24 table
1067 1083 80 18 covers

627 1102 79 24 would
718 1103 29 25 be
768 1103 111 31 pleasant
898 1106 66 23 work
986 1109 26 22 to
1031 1108 71 24 make
1121 1112 26 21 at

625 1135 79 27 home,
738 1136 131 31 procuring
895 1138 62 24 from
989 1139 113 25 Withers'
1131 1150 14 14 a

625 1173 83 23 square
719 1167 28 24 of
752 1174 47 18 one
809 1168 27 24 of
844 1169 63 24 their
917 1169 78 33 lovely
1004 1172 50 30 airy
1062 1173 87 24 shades

625 1199 27 23 of
661 1199 74 28 satin,
747 1200 47 24 and
806 1201 119 26 sufficient
943 1211 80 17 cream
1036 1204 111 33 sheeting
1153 1225 3 2 .

623 1233 26 21 to
660 1231 63 24 form
735 1240 14 15 a
761 1232 84 24 border
855 1234 74 24 about
940 1236 38 22 six
988 1237 83 24 inches
1083 1239 66 23 wide.

625 1262 76 25 Plush
713 1265 65 23 table
789 1272 82 18 covers
893 1275 41 15 are
945 1269 25 23 to
990 1267 30 25 be
1043 1277 57 16 seen
1123 1270 25 24 in

623 1297 69 29 great
711 1296 90 32 v;ri'ty
823 1302 26 19 at
876 1298 51 26 lh
951 1300 115 30 Withers,
1100 1310 49 25 any

626 1328 69 24 when
722 1330 115 31 glancing
863 1338 56 18 over
940 1333 43 24 the
1004 1335 143 32 exquisitely

626 1360 93 25 shaded
741 1364 68 23 tones
837 1363 26 25 of
893 1371 64 18 color
978 1367 124 24 combined
1124 1369 24 23 in

627 1392 73 30 them,
713 1401 46 17 one
771 1397 89 23 cannot
870 1397 89 25 refrain
971 1398 60 25 from
1044 1406 14 17 a
1069 1403 79 27 grate-

627 1425 36 23 ful
675 1433 70 17 sense
756 1427 27 23 of
792 1428 149 25 satisfaction
963 1431 53 24 that
1036 1432 43 24 the
1089 1432 60 32 days

627 1458 97 30 printed
735 1459 48 24 and
795 1460 99 24 damask
902 1461 76 25 cloths
990 1472 40 14 are
1038 1467 55 28 past
1102 1465 47 23 and

628 1497 70 23 gone,
721 1491 48 23 and
791 1491 55 26 that
873 1500 55 18 now
956 1495 38 24 for
1015 1495 87 33 dining
1123 1505 27 18 or

628 1523 107 30 drawing
761 1531 69 17 room
858 1526 61 23 such
947 1528 118 29 exquisite
1093 1530 57 23 sub-

628 1554 96 24 stitutes
736 1563 40 15 are
787 1557 148 29 procurable.
971 1559 77 25 Small
1067 1568 83 17 covers

630 1587 27 23 of
665 1587 94 30 printed
771 1589 126 29 plushette,
910 1591 47 23 and
969 1592 68 24 those
1048 1594 25 22 of
1084 1593 66 31 plain

628 1618 132 31 plushette,
787 1628 41 16 are
861 1622 128 33 charming
1011 1632 82 18 covers
1116 1626 36 24 for

629 1651 73 24 small
713 1652 78 24 tables
800 1654 23 22 in
835 1657 114 22 constant
959 1664 52 20 use,
1031 1657 43 25 the
1085 1658 67 25 addi-

628 1684 53 23 tion
705 1685 25 24 of
738 1693 14 15 a
764 1684 49 25 ball
835 1686 77 33 fringe
934 1688 130 33 rendering
1083 1691 69 25 them

628 1724 55 24 very
695 1718 127 31 complete.
991 1724 3 2 '

823 1791 137 23 EXTBACT.

661 1842 171 11 vutjrvauons
843 1842 63 13 irom
918 1842 43 14 tne
983 1842 16 14 i*
1006 1842 60 15 arm.
1100 1842 53 17 The

628 1860 39 23 cat
678 1859 21 24 is
710 1860 90 31 always
808 1861 103 32 friendly
922 1868 26 18 at
959 1864 104 31 milking
1084 1866 60 25 time

659 1896 79 25 Never
753 1898 90 25 inform
866 1899 42 29 the
930 1901 49 24 calf
1001 1902 78 26 which
1101 1912 51 23 way

627 1936 45 22 you
684 1929 61 24 wish
757 1931 26 23 to
794 1931 67 25 drive
872 1931 61 25 him.
945 1931 67 28 "'...

661 1965 55 25 You
728 1975 46 17 can
792 1968 64 24 draw
878 1977 67 16 more
966 1970 62 25 milk
1050 1972 64 25 from
1136 1981 16 16 a

628 2005 51 17 cow
691 1998 59 24 than
761 2007 49 23 you
821 2008 45 16 can
878 2003 79 27 pound
970 2006 49 21 out.

661 2035 21 24 A
693 2037 93 25 rooster
797 2037 83 25 makes
891 2048 14 15 a
913 2041 80 31 pretty
1014 2041 47 24 fair
1071 2043 81 24 watch

628 2067 80 33 dog
708 2069 21 24 if
738 2077 47 23 you
797 2070 149 27 understand
956 2076 91 22 rooster
1058 2074 59 26 talk.

661 2107 52 23 The
736 2108 40 23 oia
798 2109 46 31 dog
866 2117 62 23 says,
988 2112 78 25 Don't
1087 2114 63 30 whip

628 2145 54 21 me;
705 2147 48 22 you
775 2148 46 16 can
844 2143 69 23 teach
936 2143 43 25 the
1001 2145 99 31 puppies
1123 2154 27 17 so

627 2171 81 26 much,

661 2210 40 26 An
712 2211 41 25 old
764 2211 124 33 boundary
905 2214 68 26 fence
983 2216 22 25 is
1016 2217 66 25 often
1093 2225 58 25 very
1158 2238 2 5 .

628 2243 108 25 effective
746 2244 25 24 in
788 2244 103 34 keeping
912 2247 131 32 happiness
1063 2250 35 25 off
1107 2249 43 27 the

626 2275 80 30 place.,

659 2312 51 24 The
721 2313 64 25 devil
796 2314 44 24 left
851 2323 63 18 more
936 2317 59 25 than
1016 2318 38 24 his
1076 2320 74 25 horns

626 2345 47 24 and
684 2345 59 25 hoof
754 2347 24 24 to
790 2346 41 25 the
842 2356 101 24 average
954 2358 56 17 cow.

659 2382 67 26 Once
737 2384 25 24 in
774 2392 15 16 a
800 2385 72 25 while
882 2387 21 24 it
915 2388 72 31 really
997 2396 59 24 pays
1073 2389 77 26 better

627 2416 25 22 to
680 2423 30 23 go
738 2424 14 16 a
779 2417 91 32 fishing
897 2419 62 25 than
991 2420 21 24 it
1039 2421 57 25 does
1123 2425 26 22 to

625 2447 88 31 plough
837 2466 2 1 .
847 2465 4 2 .
865 2461 6 3 -
888 2465 7 9 ...
904 2458 16 16 ;-.
936 2455 3 3 '
967 2453 3 4 '
1065 2467 5 8 ..

659 2485 21 22 A
692 2485 47 24 colt
751 2486 21 23 is
793 2486 49 25 like
861 2496 15 16 a
895 2489 128 32 schoolboy
1056 2491 94 32 willing

628 2518 24 22 to
665 2518 93 24 wrestle
769 2519 60 25 with
840 2528 47 24 jou
898 2521 21 24 if
938 2521 32 26 he
992 2531 45 17 can
1056 2526 40 29 get
1107 2525 41 24 the

626 2549 54 25 best

625 2664 186 61 LOCAL
826 2675 34 58 &
870 2668 273 63 GENERAL.

658 2800 252 25 Entertainment.
911 2802 47 25 We
981 2803 46 32 beg
1038 2806 24 24 to
1084 2806 66 25 draw

626 2850 44 16 our
680 2844 104 24 readers'
797 2845 118 25 attention
929 2848 25 22 to
966 2846 42 25 the
1030 2847 51 25 fact
1095 2849 56 25 that

626 2885 42 24 the
680 2885 60 25 Gust
757 2886 99 31 Christy
879 2888 125 26 Minstrels
1027 2891 48 24 will
1097 2893 54 29 give

625 2928 61 23 their
708 2929 101 30 popular
838 2930 199 27 Entertainment
1056 2934 28 23 in
1106 2935 43 25 the

625 2970 73 24 Town
724 2971 57 24 Hall
803 2980 30 16 on
856 2973 128 32 Thursday
1014 2978 67 22 next.

616 3025 7 4 -
657 3013 77 31 Apart
767 3015 60 24 from
852 3015 41 25 the
920 3016 112 26 intrinsic
1045 3027 4 5 >
1065 3021 85 24 merits

623 3055 26 24 of
669 3056 41 24 the
736 3057 173 31 performance,
941 3060 42 24 the
1007 3062 141 26 benevolent

623 3098 78 30 object
712 3099 38 24 for
774 3100 78 24 which
864 3101 41 24 the
917 3103 188 26 entertainment
1128 3106 27 25 is.

623 3140 67 31 given
703 3141 87 25 should
801 3143 26 23 in
838 3143 67 25 itself
926 3143 29 25 be
967 3168 2 2 .
976 3145 124 26 sufficient
1123 3150 25 23 to

624 3183 65 25 draw
700 3192 15 16 a
723 3185 109 24 crowded
843 3186 84 24 house.
1021 3206 2 3 .

621 3251 15 5 ....
656 3227 78 26 Band.
738 3236 29 15 of
778 3226 114 29 Hope,
893 3229 51 24 The
956 3232 68 23 usual
1030 3254 3 2 .
1042 3234 108 30 monthly

624 3270 109 31 meeting
743 3279 49 16 was
814 3270 59 25 held
893 3274 31 23 at.
941 3272 42 25 the
1005 3274 32 24 U.
1061 3276 34 24 M.
1119 3277 29 24 P.

598 3333 2 4 ,
613 3317 3 6 '
625 3310 103 30 Church,
742 3312 68 25 West
822 3313 91 24 Oxford
943 3323 37 15 on,
997 3316 153 34 Wednesday

624 3354 66 31 Sept.
702 3355 67 28 16th,
783 3356 40 24 the
835 3357 53 25 Bev
908 3357 26 24 J.
957 3357 127 34 Benning,
1094 3370 52 22 pre-

624 3397 87 32 siding;
746 3398 53 25 The
822 3399 88 25 Misses
920 3399 157 32 'H."Ahcal],
1112 3404 35 25 M.

602 3448 2 8 1
623 3440 121 29 Knowbs,
753 3444 4 2 '
767 3441 48 24 and
839 3442 34 25 M.
899 3443 89 29 Smith,
1023 3453 60 23 gave
1116 3455 31 17 an

622 3483 114 32 amusing
758 3485 126 25 recitation
907 3486 102 25 entitled
1057 3489 90 25 Cousin

621 3525 98 26 Maud's
740 3527 54 25 visit
858 3530 42 23 ten
919 3529 108 31 juvenile
1057 3532 89 26 friends

621 3577 61 22 gave
698 3577 14 17 a
733 3570 135 25 humorous
890 3571 118 33 dialogue,
1032 3574 116 33 detailing

621 3611 42 24 the
675 3612 108 25 troubles
795 3614 49 23 and
856 3614 69 24 trials
938 3615 25 24 of
973 3618 41 21 ten
1026 3617 72 24 Band
1121 3618 26 24 of

620 3652 71 32 Hope
703 3654 65 32 boys,
785 3655 81 25 whieh
882 3664 49 17 was
954 3658 86 32 highly
1062 3668 83 23 appre-

619 3695 86 26 ciated.
740 3698 53 25 The
828 3699 104 26 Masters
970 3702 48 24 and
1041 3702 104 26 -Misses

1242 158 136 26 Grimwood
1389 161 57 24 then
1456 169 63 24 sang
1529 164 41 23 the
1606 164 159 30 Temperance

1338 202 26 24 in
1374 203 63 24 their
1447 204 70 24 usual
1529 205 112 32 pleasing
1650 214 111 20 manner,

1237 242 61 25 Miss
1310 244 31 23 E.
1357 246 70 23 Grim
1430 247 66 23 wood
1515 248 191 31 accompanying
1728 256 32 16 on
1792 249 2 6 '

1238 284 43 24 the
1293 285 172 30 Harmonium.
1499 289 103 25 Masters
1623 288 31 27 t>.
1673 291 88 24 Fisher

1237 328 47 24 and
1297 328 24 25 J.
1334 329 70 30 Reid,
1417 331 60 26 each
1489 332 153 25 contributed
1664 341 14 16 a
1701 334 58 23 reci-

1236 371 86 29 tation,
1335 373 41 24 the
1392 373 108 31 juvenile
1521 378 55 28 part
1595 375 27 25 of
1642 376 41 24 the
1705 384 53 23 pro-

1235 420 106 22 gramme
1352 415 71 31 being
1431 416 107 31 brought
1559 421 26 20 to
1604 427 25 16 a.,
1640 418 64 24 close
1726 418 31 31 by

1236 453 59 25 Miss
1303 456 32 23 A.
1346 456 79 25 Smith
1436 458 83 30 giving
1528 468 13 14 a
1549 460 64 23 phort
1620 460 136 24 recitation.

1234 496 51 23 The
1298 498 52 23 Rev
1361 498 130 26 Chairman
1505 501 59 23 then
1578 501 54 25 read
1644 509 31 15 an
1688 508 69 24 essay

1234 546 37 18 on.
1277 539 42 25 the
1330 540 144 33 advantages
1486 543 27 24 of
1531 543 56 25 tutal
1608 544 147 29 abstinence,

1234 582 91 24 written
1338 583 31 33 by
1381 584 39 25 Mr
1429 585 160 31 Richardson,
1597 587 46 24 and
1652 587 104 30 brought

1232 631 14 16 a
1258 627 64 22 most
1334 627 128 24 successful
1474 629 108 30 meeting
1599 631 24 21 to
1646 638 12 14 a
1682 630 72 27 close,
1796 629 2 24 i

1231 665 31 31 by
1269 668 168 31 pronouncing
1446 670 40 23 the
1495 669 159 26 benediction.

1262 718 38 25 An
1337 720 203 27 Extraordinary
1568 724 123 24 Meeting.
1728 724 22 23 A

1230 763 92 23 certain
1334 764 82 25 farmei
1430 766 26 23 in
1473 766 41 24 the
1538 767 89 24 Oxford
1653 767 101 24 District

1231 805 73 26 while
1328 807 106 31 walking
1455 809 76 23 round
1554 809 39 24 his
1620 817 62 17 ewes
1704 809 48 24 and

1228 848 76 25 lambs
1313 856 48 18 was
1371 850 120 31 surprised
1503 853 25 22 to
1540 859 38 16 see
1586 851 27 25 in
1622 859 29 16 an
1660 851 91 32 adjoin-

1229 892 43 31 ing
1283 892 115 32 paddock,
1411 893 66 24 what
1488 894 118 31 appeared
1613 896 25 23 to
1651 894 28 24 be
1691 902 14 17 a
1716 895 35 24 lot

1229 935 26 24 of
1263 943 83 23 young
1365 935 79 25 lambs
1467 937 114 31 capering
1603 937 81 29 about;
1707 936 44 25 but

1228 977 77 25 which
1316 978 89 25 turned
1416 980 44 23 out
1474 981 24 22 to
1509 979 29 24 be
1556 981 44 22 not
1620 979 48 24 less
1690 980 60 23 than'

1219 1021 51 23 -ten
1282 1020 72 24 hares
1363 1020 99 31 playing
1472 1019 120 32 together.

1260 1074 32 24 St
1304 1073 128 26 Andbew's
1443 1075 162 30 Festival,
1606 1076 52 24 The
1676 1078 74 24 meet-

1229 1117 42 30 ing
1282 1117 27 24 of
1317 1117 75 25 ladies
1403 1120 26 22 at
1441 1119 41 24 the
1493 1119 146 31 Parsonage,
1651 1120 26 23 in
1694 1127 58 16 con-

1229 1160 95 23 nection
1345 1159 60 24 with
1429 1160 28 23 St
1479 1161 123 25 Andruw's
1635 1161 116 29 Festival,

1227 1208 49 17 was
1298 1201 131 32 adjourned
1449 1203 39 25 till
1510 1203 152 33 Wednesday
1684 1208 65 24 next,

1227 1244 43 23 the
1282 1245 67 28 23rd,
1361 1247 26 22 at
1399 1246 42 23 the
1452 1253 64 17 same
1528 1248 60 22 hour
1606 1246 47 23 and
1674 1246 75 31 place,

1227 1286 80 32 owing
1317 1289 24 22 to
1353 1287 41 25 the
1398 1287 149 32 inclemency
1553 1288 28 24 of
1587 1288 42 25 the
1637 1288 113 25 weather.

1261 1340 98 24 Oxfobd
1382 1340 111 24 Market.
1528 1341 42 24 Mr
1590 1341 99 32 Ingrain
1717 1349 37 16 re-

1228 1385 66 29 ports
1305 1384 54 24 that
1375 1383 31 25 he
1423 1384 58 24 held
1503 1392 16 16 a
1540 1392 57 23 very
1621 1384 131 26 successful

1229 1427 51 23 sale
1291 1426 27 25 of
1326 1428 45 23 cat'
1375 1426 24 25 le
1409 1426 49 25 and
1477 1427 73 30 sheep
1570 1434 33 17 on
1626 1426 126 32 Thursday

1230 1468 53 24 last.
1295 1468 86 31 Owing
1392 1476 32 16 no
1436 1469 73 24 doubt
1521 1471 24 22 to
1557 1469 42 24 the
1621 1471 48 22 wet
1679 1471 73 22 weat-

1228 1510 45 25 her
1285 1510 74 25 Stock
1367 1510 27 25 of
1397 1511 33 24 all
1437 1511 146 31 description
1590 1511 53 25 sold
1655 1511 97 32 readily.

1229 1552 78 25 There
1318 1561 49 16 was
1379 1561 31 16 an
1422 1555 70 29 entry
1504 1554 25 24 of
1540 1554 14 23 8
1564 1554 61 24 lines
1636 1554 27 24 of
1673 1554 79 30 sheep,

1228 1595 42 24 the
1282 1595 115 31 principal
1408 1598 54 28 part
1473 1596 27 24 of
1509 1596 76 24 which
1597 1603 62 17 were
1677 1596 72 30 Hog-

1229 1641 60 28 gets.
1307 1638 38 24 All
1353 1638 75 24 found
1432 1638 142 31 purchasers
1582 1639 26 24 at
1616 1638 77 32 prices
1705 1641 49 22 sat-

1230 1681 113 31 isfactory
1355 1682 25 23 to
1391 1681 43 24 the
1443 1681 91 28 sellers,
1547 1683 50 22 also
1610 1682 31 23 80
1653 1681 61 24 head
1730 1681 27 23 of

1229 1732 85 24 young
1324 1723 75 26 cattle
1409 1732 62 17 were
1483 1724 52 25 sold
1547 1726 26 23 at
1595 1732 34 19 an
1647 1723 107 26 advance

1230 1767 26 24 of
1262 1767 76 25 about
1350 1768 35 31 5/-
1397 1775 43 23 per
1447 1767 62 25 head
1521 1768 59 24 from
1593 1768 43 24 the
1645 1766 109 32 previous

1231 1809 160 25 sales/There
1406 1817 50 17 was
1467 1817 17 17 a
1494 1812 83 29 strong
1594 1809 101 24 demand
1717 1809 38 25 for

1231 1856 64 21 store
1307 1852 61 31 pigs,
1379 1852 48 24 and
1433 1852 71 24 those
1516 1852 52 25 sold
1580 1852 98 24 realised
1690 1853 63 24 from

1232 1894 229 33 7/rtQ.lO/-.each.
1519 1919 2 4 .
1746 1892 3 38 ]

1262 1937 22 24 A
1305 1936 107 32 clearing
1434 1937 49 24 sale
1505 1937 27 25 of
1559 1937 121 25 furniture
1706 1937 48 24 ard

1229 1979 85 25 effects
1338 1987 47 17 was
1406 1979 63 25 held'
1486 1987 31 17 on
1540 1982 104 22 account
1665 1980 27 25 of
1712 1979 41 25 Mr

1229 2021 94 29 Biddle,
1347 2021 48 25 and
1416 2021 153 32 satisfactory
1592 2022 79 32 prices
1693 2029 61 19 were

1227 2064 109 28 realised^
1516 2086 3 4 .
1613 2086 4 6 ,

1229 2117 33 25 St
1274 2118 110 23 Andrew
1394 2126 11 14 s
1417 2117 130 29 Festival,
1582 2118 45 24 We
1635 2126 41 16 are
1683 2118 70 31 given

1229 2161 26 24 to
1266 2159 149 25 understand
1427 2160 54 24 that
1491 2167 15 17 a
1519 2159 94 25 Flower
1625 2159 68 26 Show
1704 2159 50 24 will

1229 2203 28 24 be
1279 2202 55 25 held
1368 2210 31 17 on
1423 2203 33 24 St
1487 2203 125 25 Andrew's
1636 2201 116 30 Festival,

1229 2246 62 25 Nov.
1304 2246 60 25 30th
1375 2248 68 26 next,
1466 2246 48 24 and
1536 2246 79 31 prizes
1636 2246 26 25 of
1684 2245 69 25 value

1229 2288 50 25 will
1291 2288 28 24 be
1330 2288 73 32 given
1414 2288 37 23 for
1470 2288 42 27 the
1523 2288 57 25 best
1599 2288 109 26 exhibits
1729 2288 28 25 of

1227 2330 96 24 flowers
1335 2330 47 25 and
1394 2330 66 25 fruit.

1261 2374 96 24 Water
1367 2374 77 28 Race,
1479 2373 32 25 At
1523 2382 14 16 a
1549 2373 88 32 special
1646 2373 108 34 meeting

1226 2417 26 23 of
1272 2417 42 26 the
1326 2417 90 24 Oxford
1428 2417 89 28 Board,
1540 2417 58 24 held
1619 2419 134 31 yesterday,

1226 2459 20 24 it
1264 2466 48 17 was
1324 2459 96 25 decided
1432 2460 24 23 to
1465 2459 56 24 hold
1533 2467 56 16 over
1599 2459 43 24 the
1659 2460 95 25 tenders

1228 2502 36 23 for
1286 2501 168 33 constructing
1486 2500 43 28 the
1552 2500 98 28 Branch
1673 2503 83 25 Water

1181 2548 1 20 I
1228 2544 64 25 Race
1319 2544 63 25 from
1393 2544 149 27 Ashworth's
1564 2548 23 24 to
1611 2546 40 26 the
1674 2547 80 33 Depot

1229 2587 69 24 Road
1310 2587 64 24 until
1386 2588 40 24 the
1437 2591 58 22 next
1514 2589 111 32 ordinary
1648 2590 105 31 meeting

1229 2629 27 25 of
1265 2629 42 24 the
1317 2629 89 29 Board,
1426 2629 27 26 in
1476 2638 165 26 consequence
1663 2633 28 24 of
1711 2632 43 25 the

1229 2671 120 34 objection
1361 2673 71 24 made
1443 2673 32 33 by
1487 2681 64 18 some
1563 2674 26 25 of
1596 2674 41 25 the
1662 2683 93 18 owners

1229 2715 24 25 of
1263 2716 133 30 properties
1420 2718 25 24 to
1454 2716 30 26 be
1496 2716 139 28 benefitted.
1668 2719 31 27 In
1711 2720 43 26 the

1230 2760 72 22 event
1331 2759 25 24 of
1378 2760 41 23 the
1441 2760 121 31 objectors
1584 2765 53 26 not.
1651 2761 106 33 altering

1230 2801 61 24 their
1302 2801 82 25 minds
1397 2801 30 33 by
1438 2803 56 25 that
1516 2803 69 30 time,
1608 2805 42 25 the
1674 2805 82 27 Board
1796 2813 2 30 |

1229 2843 50 25 will
1291 2843 118 26 endeavor
1419 2847 26 22 to
1456 2845 72 25 make
1545 2847 72 24 other
1644 2855 111 25 arrange-

1230 2890 80 21 ments
1321 2888 26 23 to
1359 2895 68 18 serve
1438 2888 69 25 those
1518 2889 54 26 who
1583 2898 44 24 say
1673 2892 58 31 they

1230 2929 94 31 require
1335 2930 41 24 the
1387 2932 83 26 water,
1479 2931 97 32 leaving
1587 2935 43 21 out
1641 2933 33 24 all
1683 2934 72 25 those
1796 2925 2 40 j

1229 2971 55 25 who
1295 2971 31 25 do
1335 2974 45 22 not
1388 2973 110 25 consider
1508 2974 20 25 it
1555 2975 80 26 would
1657 2976 30 26 be
1709 2985 48 25 any
1796 2981 2 24 I

1230 3014 135 32 advantage
1376 3015 26 25 to
1420 3015 63 26 have
1502 3024 15 18 a
1538 3018 110 32 running
1669 3021 87 24 stream

1229 3055 106 33 through
1348 3058 61 24 their
1420 3060 116 32 property
1548 3060 88 33 during
1647 3062 43 26 the
1712 3063 45 26 hot

1228 3100 114 24 weather.

1237 3273 3 3 .
1327 3249 66 25 Hint
1405 3259 47 17 for
1463 3252 60 26 New
1534 3253 125 28 Zealand.

1351 3300 79 18 seems
1440 3297 26 22 to
1478 3295 30 26 be
1529 3299 144 31 something
1693 3301 63 24 radi-

1230 3322 62 33 cally
1303 3331 85 25 wrong
1409 3325 75 27 about
1505 3337 44 17 our
1568 3330 189 35 Parliamentary

1218 3358 4 8 !
1230 3356 116 33 drafting.
1358 3358 95 27 Almost
1464 3368 72 25 every
1546 3361 41 26 bill
1595 3363 55 26 that
1672 3373 85 23 passes

1219 3389 32 23 :is
1270 3389 76 24 found
1366 3391 167 34 inumeditttely
1558 3396 141 27 afterwards
1732 3401 25 23 to

1192 3432 28 11 --'
1229 3420 63 26 need
1297 3442 2 1 .
1306 3439 2 4 .
1314 3424 159 26 amendment
1496 3434 68 18 more
1565 3443 19 20 p
1586 3437 27 16 or
1635 3430 47 25 less
1715 3439 41 18 ex-

1230 3454 100 25 tensive.
1367 3455 74 26 What
1464 3459 93 25 would.
1566 3464 97 23 bkome
1685 3464 27 26 of
1743 3473 15 17 a

1229 3486 91 30 private
1331 3492 80 21 man's
1424 3490 107 27 business
1543 3493 22 25 if
1570 3493 86 34 Nearly
1667 3497 34 24 all
1718 3497 40 26 his

1228 3521 124 25 contrasts
1362 3522 61 25 need
1435 3524 127 33 patching,
1574 3526 113 34 altering,
1710 3530 48 26 and
1779 3531 5 5 '

1228 3552 107 32 revising
1346 3561 27 16 as
1384 3563 63 19 soon,
1455 3565 27 16 as
1490 3558 57 32 they
1559 3568 60 19 were
1630 3562 71 28 made
1712 3564 12 23 ?

1263 3624 172 29 Goveraess
1463 3629 88 31 Edith,
1566 3641 36 17 we
1624 3636 49 24 will
1704 3645 54 19 now

1228 3659 259 32 parsethesenten.ee,
1513 3667 5 11 '
1529 3666 95 26 refused
1643 3663 42 30 fclie
1703 3671 45 26 pie.
1752 3672 5 9 1

1231 3689 74 25 What
1316 3690 23 26 is
1350 3692 68 26 John
1428 3695 31 24 ?'*
1492 3696 108 32 Edifeh-r
1631 3700 100 28 J^hnis
1743 3711 15 16 a
1796 3718 2 5 -

1183 3728 4 13 '

442 13 171 31 OXFORD
657 13 88 31 AND
787 14 104 33 OUST
939 16 228 37 OBSERVER
1210 23 232 40 SATURDAY,
1466 27 245 33 SEPTBMBEE
1733 32 48 33 19,
1806 31 74 29 1891

1848 3604 101 25 Printed
1973 3607 48 25 an-3
2061 3608 93 25 PubJisl
2165 3623 13 11 c
2179 3610 16 23 d
2206 3610 30 31 by
2261 3610 110 25 Bichard

1882 3647 107 26 Holman
2011 3650 96 30 Parish,
2131 3654 26 22 at
2173 3652 40 24 his
2232 3653 139 30 Eegistered

1882 3690 113 34 Printing
2007 3693 82 30 Office,
2111 3693 66 33 High
2201 3695 86 27 Street,
2310 3696 61 25 East

1877 3733 98 30 Oxford,
1985 3736 157 27 Canterbury.

1946 145 133 47 FOR
2109 149 175 48 SALE.

1891 232 29 29 J.
1943 230 40 32 M.
2006 235 238 40 VE&RAM/S,
2263 240 109 32 Latest

1855 272 252 40 STOCKWHIP,
2128 277 85 31 Price
2241 280 47 30 6d.

1909 314 106 39 Apply
2032 315 93 31 Office
2135 319 31 27 of
2180 319 60 30 this
2264 321 106 41 Paper.

1888 423 73 38 O-.
2020 428 306 49 SIMIITZEEL,

1846 473 76 37 ZINC
1948 475 54 37 TIN
2035 478 63 36 AND
2135 480 103 37 SHEET
2268 483 100 36 STEE

2044 531 134 24 worker

1877 564 85 41 High
1986 567 108 37 Street,
2117 570 77 32 East
2216 573 124 31 Oxford.

1845 653 38 24 All
1895 653 70 27 kinds
1977 656 27 24 of
2020 659 92 30 Pumps
2123 660 74 24 Fixed
2210 664 22 21 &
2248 663 118 31 Repaired

1955 701 25 21 at
1992 700 42 24 the
2047 700 108 26 shortest
2166 705 87 24 notice.

1841 785 306 62 FIREWOOD

2060 861 305 68 FIREWOOD

1840 947 102 78 THE
1963 950 199 40 undersigned
2176 954 73 38 begs
2266 961 31 23 to
2312 957 54 28 in-

1924 988 79 30 form
2027 991 46 29 his
2102 993 115 31 friends
2232 996 59 29 and
2312 997 54 30 the

1841 1028 121 37 general
1983 1030 112 38 public,
2114 1033 67 28 that
2197 1034 37 29 he
2252 1037 25 27 is
2293 1047 74 28 pre-

1839 1068 94 39 pared
1948 1072 31 26 to
1996 1072 109 40 supply
2133 1074 153 31 Firewood
2299 1077 64 37 &c,

1840 1112 32 25 at
1881 1114 123 26 current
2014 1117 87 24 rates.

1971 1152 40 32 H.
2033 1156 194 40 HAWKER,

2103 1197 76 31 East
2199 1199 124 33 Oxford.

1842 1305 171 32 OXFORD
2055 1309 184 32 LIBRARY
2278 1312 86 32 AND
2378 1304 7 29 '

1931 1347 194 33 KEADTNGr
2144 1351 127 32 ROOM.

1840 1426 52 25 The
1920 1427 91 26 Oxford
2038 1429 103 33 Library
2167 1432 22 24 is
2215 1441 60 23 open
2297 1443 68 24 every

1842 1470 112 31 Tuesday
1965 1472 50 23 and
2037 1472 120 33 Saturday
2188 1476 92 30 nights,
2300 1477 63 25 from
2375 1481 7 7 *

1841 1513 14 22 fi
1867 1513 33 22 80
1910 1520 68 23 p.m.,
2000 1516 24 22 to
2045 1516 15 22 8
2071 1522 69 24 p;m.,
2164 1517 47 25 and
2243 1526 31 17 on
2296 1528 69 24 every

1841 1554 118 24 alternate
1971 1556 128 33 Thursday
2122 1559 134 30 afternoon,
2287 1562 77 31 (Sale-

1840 1596 69 33 days)
1932 1597 63 25 from
2008 1599 59 24 230
2072 1602 70 28 'p.m..
2158 1602 26 23 to
2197 1604 13 21 5
2222 1610 58 22 p.m.
2314 1604 51 25 The
2373 1609 9 9 '

1842 1638 108 32 Reading
1963 1640 76 25 Room
2052 1641 21 24 is
2085 1649 62 24 open
2171 1644 25 25 to
2218 1644 44 26 the
2283 1646 83 31 public

1842 1681 69 33 (free)
1917 1683 65 31 daily
1993 1683 63 25 from
2064 1686 11 22 1
2081 1687 12 22 1
2107 1693 68 21 a.m.,
2198 1693 24 21 to
2235 1688 132 30 Sundown,

1841 1724 123 33 (Sundays
1993 1728 126 32 excegted)
2152 1730 47 24 and
2229 1731 68 25 wh^n
2322 1732 43 25 the

1841 1767 102 32 Library
1970 1769 22 25 is
2020 1777 68 24 open.
2140 1771 51 26 The
2219 1774 145 32 circulating

1844 1809 102 32 Library
1957 1812 111 24 contains
2080 1813 74 28 1,700
2165 1814 116 30 volumes,
2302 1824 64 17 com-

1842 1853 94 31 prising
1945 1860 5 17 :
1958 1854 137 32 History,
2109 1855 106 31 Science,
2233 1858 132 32 Theology,

1842 1891 152 35 Biography,'
2028 1897 84 25 Travel
2144 1900 48 23 and
2221 1900 145 30 Adventure,

1842 1937 80 24 Books
1933 1938 38 25 for
1982 1938 40 25 the
2042 1939 90 32 Young
2143 1942 40 23 &c.
2218 1942 57 24 This
2296 1944 22 24 is
2341 1952 27 16 a-

1841 1982 100 29 mongst
1962 1980 44 25 the
2016 1981 90 31 largest
2128 1983 48 24 and
2189 1984 52 25 best
2264 1986 101 25 selected

1841 2021 102 33 Library
1954 2023 26 24 in
2008 2024 59 24 New
2081 2025 114 25 Zealand.
2229 2027 21 24 A
2261 2029 113 26 number,

1841 2064 87 26 ofnew
1950 2065 75 26 books
2048 2067 47 25 will
2117 2068 92 32 shortly
2229 2069 29 26 be
2279 2071 85 25 added.

1841 2108 52 23 The
1905 2109 148 24 Committee
2075 2108 47 26 Will
2135 2112 27 23 be
2174 2112 53 30 glad
2239 2116 25 21 to
2277 2114 89 24 receive

1842 2149 175 25 contributions
2041 2152 27 23 of
2093 2153 102 25 suitable
2220 2155 75 24 books
2317 2157 48 23 and
2380 2167 5 15 <

1840 2191 139 32 periodicals
2002 2193 36 25 for
2049 2194 42 25 the
2102 2193 106 36 Library
2225 2198 47 24 and
2284 2185 101 39 Read-^

1841 2234 43 31 ing
1912 2243 75 17 room.

1988 2278 112 26 Edward
2111 2281 109 30 Reeves,

2118 2323 65 24 Hon.
2197 2324 135 27 Librarian,

1893 2361 172 37 Subscription
2078 2365 37 32 2/-
2128 2373 48 18 per
2195 2366 122 30 Quarteb.

1884 2471 228 43 TERMINUS
2154 2477 136 41 HOTEL

1975 2523 95 27 WEST
2098 2526 143 30 OXFORD,

1842 2594 59 25 MR.
1914 2595 24 25 J.
1951 2596 82 24 KIRB
2037 2598 19 23 Y
2069 2598 59 31 begs
2139 2601 25 23 to
2172 2601 113 24 intimate
2292 2605 24 22 to
2324 2599 43 28 the

1842 2627 155 26 inhabitants
2004 2629 28 24 of
2039 2629 89 28 Oxford
2138 2633 44 24 and
2192 2632 41 25 the
2242 2636 124 31 travelling

1842 2659 82 31 public
1931 2660 23 24 in
1964 2662 139 31 particular,
2115 2664 53 25 that
2176 2666 28 24 he
2215 2666 43 25 has
2270 2669 98 24 secured

1842 2699 14 17 a
1868 2691 64 26 lease
1943 2693 27 25 of
1979 2693 50 26 this
2041 2695 54 25 first
2103 2697 62 24 class
2176 2698 81 30 Hotel,
2267 2700 48 25 and
2323 2700 43 26 ha-

1842 2724 59 32 ving
1920 2726 130 32 throughly
2069 2729 151 27 refurnished
2237 2732 42 25 the
2291 2742 74 20 same,

1843 2756 32 26 he
1886 2757 22 25 is
1918 2766 56 18 now
1985 2762 116 29 prepared
2112 2764 26 23 to
2147 2763 58 25 offer
2211 2765 102 26 comfort
2319 2767 46 24 and

1844 2791 181 25 accomodation
2044 2795 107 31 superior
2170 2798 25 23 to
2215 2805 47 24 any
2280 2798 27 24 in
2326 2798 42 26 the

1843 2822 104 26 district.

1902 2855 116 27 LIQUOB,
2046 2858 85 28 WINE,
2161 2861 57 21 AND
2244 2862 74 22 BEEB

2002 2895 24 21 of
2035 2895 37 21 the
2081 2896 47 22 best
2138 2898 87 26 quality.

1847 3052 154 50 MISS
2020 3056 182 57 POLE,

1893 3112 473 49 DRESSMAKER

1847 3209 99 79 AND
1985 3212 124 31 teacher
2151 3214 32 29 of
2217 3213 152 32 Scientific

1927 3252 253 41 Dress-cutting,'
2200 3254 99 40 (Pupil
2337 3257 33 29 of

1846 3290 76 31 Miss
1964 3292 140 41 Keating,
2140 3294 226 40 Christchurch)

1849 3331 108 32 Ladies
1970 3333 125 32 Dresses
2109 3335 78 30 from
2198 3334 47 38 5/-
2254 3338 32 27 to
2296 3330 72 45 10/-,

1811 3403 4 9 ,
1846 3371 129 32 Bodices
1995 3378 53 27 cut
2068 3377 61 28 and
2159 3377 94 35 fitted,
2284 3377 85 30 Price

1850 3411 59 41 2/6.
1917 3413 81 31 Next
2006 3415 75 30 door
2085 3419 32 26 to
2122 3415 49 31 Mr
2176 3417 42 30 Le
2222 3417 149 31 wthwaite

2017 3455 116 33 WEST
2155 3457 191 31 OXFORD/

2259 3521 126 38 ___f
