2540 4020
685 3262 66 24 Hort,
760 3261 59 26 jun.,
829 3269 23 14 v.
861 3262 83 26 Knight
960 3263 43 20 and
1017 3265 95 22 another.
1113 3277 28 5 —
1142 3266 55 24 This
1207 3276 45 15 was

659 3295 29 14 an
707 3288 75 22 action
792 3288 98 27 brought
901 3290 30 26 by
947 3289 37 22 the
1000 3290 104 30 plaintiff,
1122 3298 50 18 who
1187 3295 20 22 is
1219 3303 31 15 an

659 3315 135 27 auctioneer,
803 3316 89 26 against
898 3315 37 22 the
941 3316 142 30 defendants,
1090 3321 153 28 storekeepers

659 3344 22 19 to
690 3349 94 14 recover
794 3342 47 23 £34
855 3344 45 20 14s.
914 3344 32 21 2s.
960 3344 45 21 and
1016 3344 102 30 interest,
1128 3347 70 23 bein»
1212 3349 39 23 the

658 3372 95 19 amount
761 3369 27 21 of
799 3369 45 22 loss
858 3370 133 22 occasioned
1002 3371 30 27 by
1041 3379 14 14 a
1063 3373 83 23 re-sale
1156 3375 26 22 of
1189 3384 61 16 some

658 3394 76 28 sheep,
749 3395 38 22 the
796 3396 89 28 buyers,
897 3396 90 23 Messrs.
999 3398 89 28 Knight
1097 3401 44 22 and
1153 3402 63 28 Hair,
1228 3408 24 18 at

658 3422 37 22 the
711 3422 48 23 first
774 3423 53 24 sale,
837 3423 85 27 having
937 3424 69 23 failed
1023 3429 22 18 to
1065 3428 111 26 complete
1193 3430 58 23 their

657 3449 117 27 purchase.
804 3450 22 21 It
837 3457 94 21 appears
944 3450 56 28 that,
1015 3455 25 19 at
1055 3460 13 14 a
1080 3455 47 21 sale
1141 3455 27 22 of
1178 3457 71 27 stock,

658 3475 91 24 Messrs.
773 3476 89 28 Knight
885 3477 45 22 and
954 3478 56 22 Hair
1033 3487 59 15 were
1115 3481 90 25 bidders
1227 3488 23 18 at

659 3503 43 22 Mr.
714 3503 79 23 Hort's
806 3504 99 26 auction,
921 3504 44 23 and
981 3505 93 23 became
1084 3509 131 26 purchasers
1227 3512 26 21 of

657 3537 61 15 some
729 3532 39 20 130
779 3538 26 15 or
815 3532 39 21 140
864 3530 75 29 sheep,
951 3534 134 27 amounting
1096 3538 22 18 to
1127 3536 62 22 £159
1205 3539 43 21 10s.

656 3557 48 22 The
721 3558 46 21 sale
786 3558 54 21 took
858 3557 64 28 place
933 3566 29 14 on
980 3566 14 14 a
1009 3560 119 29 Saturday,
1146 3563 45 23 and
1211 3565 37 22 the

656 3584 101 28 delivery
767 3584 27 22 of
805 3585 37 22 the
857 3585 71 22 flocks
939 3593 57 15 were
1007 3589 24 19 to
1047 3587 27 22 be
1088 3589 66 23 made
1165 3598 30 14 on
1210 3591 38 23 the

656 3611 102 28 Monday
767 3611 123 28 following.
919 3612 50 22 One
979 3613 27 21 of
1010 3613 40 23 the
1059 3614 134 25 defendants
1203 3619 46 21 and

656 3638 37 22 the
712 3638 103 28 plaintiff,
833 3639 111 27 however,
963 3640 121 28 happened
1103 3646 22 18 to
1144 3643 54 23 dine
1214 3648 34 19 to-

654 3664 80 28 gether
753 3673 28 14 on
799 3663 37 25 the
855 3667 144 27 intervening
1022 3667 99 29 Sunday,
1141 3670 67 23 when
1230 3672 18 22 it

655 3692 125 28 transpired
795 3692 50 22 that
859 3693 85 22 certain
959 3694 83 31 parties
1061 3692 45 26 had.
1124 3697 57 22 been
1197 3705 51 20 per-

655 3718 79 23 mitted
750 3722 23 19 to
786 3720 51 21 take
848 3727 63 21 away
920 3720 58 22 their
986 3721 71 28 sheep
1066 3729 31 15 on
1106 3722 38 23 the
1155 3724 93 29 Sunday

655 3746 110 26 morning,
776 3746 46 22 and
839 3746 46 22 had
895 3747 116 23 contrived
1021 3751 23 19 to
1058 3749 51 27 pick
1121 3749 37 23 the
1168 3751 77 27 flocks,

655 3779 59 20 upon
731 3772 74 22 which
824 3773 91 23 Messrs.
930 3774 88 27 Knight
1033 3775 47 22 and
1090 3776 58 22 Hair
1156 3778 90 22 refused

654 3800 23 19 to
693 3798 51 22 take
761 3799 59 22 their
836 3800 45 22 lots
891 3808 5 19 ;
916 3800 18 22 it
951 3808 45 14 was
1012 3803 129 22 contended
1159 3804 31 26 by
1208 3805 37 22 the

653 3824 103 28 plaintiff,
764 3825 49 22 that
818 3833 69 21 every
894 3827 95 27 possible
996 3829 128 26 reparation
1134 3829 44 23 had
1188 3831 56 23 been

653 3850 100 23 afforded
763 3855 23 18 to
802 3852 36 22 the
853 3852 140 29 defendants,
1004 3854 42 22 but
1055 3855 54 27 they
1118 3856 91 22 refused
1222 3862 23 18 to

652 3878 88 21 receive
749 3878 39 22 the
797 3879 76 27 sheep,
886 3880 44 21 and
940 3880 71 22 hence
1022 3880 38 22 the
1069 3887 91 22 present
1169 3883 74 23 action

652 3910 71 15 arose.
752 3905 67 22 After
832 3912 15 14 a
859 3912 55 20 very
922 3905 139 27 lengthened
1076 3908 166 27 investigation,

653 3930 36 22 the
706 3930 175 23 Commissioner
890 3932 118 27 suggested
1018 3933 50 22 that
1083 3934 38 22 the
1134 3942 50 15 case
1199 3936 45 22 had

652 3956 72 23 better
733 3964 29 20 go
774 3960 22 19 to
807 3965 13 15 a
828 3957 114 24 reference
949 3966 6 20 ;
971 3958 28 23 he
1008 3960 51 22 said
1142 3969 60 16 were
1214 3963 29 23 all

551 51 101 32 THE
676 52 110 32 NEW
805 53 229 34 ZEALAND
1055 56 228 33 GAZETTE
1304 58 101 31 AND
1425 58 328 33 WELLINGTON
1776 61 290 32 SPECTATOR.

683 136 51 24 that
751 144 63 16 more
836 138 56 23 than
914 139 92 30 enough
1028 139 36 23 for
1087 139 38 24 the
1144 140 61 24 local
1220 148 53 16 con-

683 170 117 30 sumption
813 171 45 22 will
869 171 29 23 be
909 171 115 31 produced
1036 172 46 23 this
1095 179 89 18 season.

718 202 67 31 They
796 211 38 15 are
847 211 55 24 very
909 205 96 22 anxious
1017 212 30 16 on
1059 204 39 24 the
1114 205 89 32 subject
1221 207 25 22 of
1261 215 12 14 a

682 235 92 31 regular
796 237 191 23 communication
1007 237 71 31 being
1095 238 55 31 kept
1168 246 30 23 up
1218 240 55 22 with

681 267 47 24 this
740 273 60 26 port.
835 268 53 24 The
907 270 176 24 determination
1097 270 24 24 of
1142 271 39 23 the
1203 272 70 23 Com-

680 308 62 23 pany
753 305 23 19 to
788 308 126 24 encourage
926 307 72 18 steam
1015 303 153 31 immediately
1190 312 83 24 among

681 333 59 24 their
758 334 150 30 settlements,
928 335 47 24 will
993 336 30 23 be
1043 344 15 15 a
1074 344 68 16 cause
1160 337 28 23 of
1208 343 65 25 great

681 367 142 23 satisfaction
830 372 23 18 to
861 367 71 23 them.

713 417 45 23 We
769 417 57 23 have
838 418 59 23 been
908 419 114 23 informed
1036 420 50 23 that
1098 420 37 24 the
1147 421 89 24 natives
1249 426 22 19 at

680 449 207 24 Ki-warra-warra
897 459 38 16 are
943 453 115 31 torturing
1066 461 14 14 a
1091 454 76 23 native
1174 461 97 23 woman,

680 482 34 24 for
732 482 87 31 having
829 484 59 23 been
909 485 73 30 guilty
994 486 27 22 of
1037 486 66 24 theft.
1140 486 44 24 We
1205 487 66 24 know

679 520 40 18 not
735 515 38 24 the
784 516 64 23 truth
859 517 26 23 of
902 517 45 23 this
965 522 130 25 statement,
1116 519 41 24 hut
1168 520 44 23 call
1233 521 38 23 the

679 550 111 22 attention
798 550 25 22 of
827 549 40 24 the
875 550 80 24 Police
963 551 139 31 Magistrate
1109 557 23 18 to
1139 552 39 24 the
1184 559 87 25 report.

679 581 26 23 If
713 583 19 22 it
742 582 29 23 be
784 586 59 25 true,
855 583 39 24 the
906 585 88 22 natives
1007 585 72 30 ought
1095 590 23 18 to
1130 585 28 24 be
1170 586 66 23 made
1248 592 23 19 to

676 614 45 24 feel
734 614 48 24 that
794 616 53 31 they
859 624 38 16 are
909 616 72 24 under
998 618 90 23 British
1106 618 64 29 Law,
1190 619 29 31 by
1233 620 38 24 the

677 648 147 31 punishment
837 649 74 24 which
930 650 81 23 should
1030 651 29 23 be
1071 652 111 24 awarded.
1219 653 52 23 The

676 681 106 24 isolation
794 682 26 23 of
834 682 39 23 the
892 687 43 19 two
949 691 63 16 races
1033 685 21 22 is
1065 685 69 23 much
1155 691 23 17 to
1192 686 28 22 be
1233 694 37 15 re-

676 714 88 31 gretted
772 724 5 19 ;
791 723 41 15 nor
842 724 42 15 can
894 724 33 16 we
937 717 54 23 look
1002 717 97 24 forward
1109 723 23 18 to
1141 718 38 23 the
1192 719 78 30 period

676 747 66 24 when
753 748 38 23 the
801 749 89 23 natives
902 750 44 22 will
958 750 45 23 feel
1021 750 50 23 that
1081 750 54 32 they
1148 751 59 23 form
1217 757 53 26 part

676 780 25 23 of
710 788 14 15 a
735 780 89 24 British
834 783 148 29 community.

66 132 95 23 exceeds
161 134 6 12 7
173 132 39 23 the
222 132 116 23 estimates
357 132 35 23 for
404 132 58 24 Port
479 132 129 25 Nicholson
625 134 32 31 by

65 172 63 17 more
137 165 55 23 than
205 165 95 24 £1500.
337 164 25 24 It
372 165 19 23 is
401 169 51 19 true
464 165 50 24 that
525 173 35 17 we
572 167 83 31 charge

65 197 38 24 the
116 197 156 24 Government
283 198 50 30 brig
344 197 45 24 and
406 198 40 23 the
456 199 112 24 mounted
581 200 74 31 police

65 235 22 19 to
95 230 37 23 his
142 234 94 20 account
242 239 6 20 ;
263 230 41 24 and
318 238 33 16 we
359 230 27 24 do
396 238 33 22 so,
438 231 99 24 because
547 232 55 31 they
613 240 41 24 ap-

64 271 54 24 pear
137 266 22 20 to
177 270 28 16 us
218 263 102 24 needless
336 271 119 24 expenses,
469 272 26 16 so
515 265 36 24 far
572 273 26 16 as
615 266 38 24 the

65 296 89 29 Colony
164 296 21 22 is
204 296 132 24 concerned.
371 296 44 24 We
429 298 73 31 really
513 298 87 24 believe
612 307 42 15 our

65 328 104 24 Colonial
187 329 120 31 Secretary
325 330 19 22 is
363 330 121 23 ambitious
504 331 26 23 of
546 332 108 31 rivalling

64 363 57 23 New
133 361 75 24 South
218 362 86 28 Wales,
318 366 24 20 at
353 362 57 24 least
421 364 21 22 is
454 364 39 22 the
506 365 113 30 enormity
630 365 26 23 of

62 397 30 22 its
101 394 158 31 expenditure.
293 395 70 24 Were
372 395 158 24 Government
541 397 111 31 expendi-

63 433 49 19 ture
128 427 69 24 taken
210 435 24 16 as
253 435 14 16 a
284 428 75 30 guide,
372 437 33 15 we
423 429 76 31 might
512 429 93 32 already
623 430 29 24 be

62 460 94 25 deemed
178 459 39 25 the
237 461 84 23 second
342 462 24 23 in
394 462 142 31 importance
559 463 27 23 of
609 463 43 24 her

62 493 122 31 Majesty's
197 493 106 24 Colonies
319 495 23 23 in
354 494 64 24 these
433 503 60 16 seas.
531 495 52 24 The
601 496 49 23 Go-

60 531 119 19 vernment
190 526 23 24 of
224 527 59 23 New
298 527 101 24 Zealand
410 527 46 24 will
469 529 141 31 necessarily
621 529 29 23 be

60 560 122 31 expensive
210 560 24 22 in
255 562 129 29 proportion
408 565 23 18 to
454 562 31 22 its
507 561 142 31 population,

60 593 77 23 unless
147 592 147 31 exceedingly
300 592 53 24 well
363 594 113 29 governed
484 603 6 20 ;
511 595 42 23 but
561 595 89 31 though

60 626 45 23 this
116 630 63 19 must
189 625 29 24 be
234 625 38 24 the
284 633 66 21 case,-
356 626 63 24 there
431 634 43 16 can
484 627 29 24 be
525 635 29 16 no
567 636 82 16 reason

59 659 34 24 for
102 658 40 24 the
154 662 148 28 extravagant
311 659 45 23 and
366 661 183 23 unwarrantable
560 661 90 32 footing

59 699 60 23 upon
131 691 74 24 which
214 691 39 24 the
266 692 93 24 officials
370 701 38 15 are
423 694 89 30 aiming
522 699 24 18 at
556 694 94 32 placing

58 725 30 24 all
116 724 40 24 the
172 727 3 3 '
184 724 125 24 Auckland
339 726 194 24 establishments.
588 727 60 24 For-

58 757 102 31 tunately
177 757 39 24 the
234 758 74 23 Lords
329 759 26 22 of
370 759 38 23 the
426 759 118 31 Treasury
559 760 58 23 have
634 769 15 15 a

57 792 63 22 voice
135 792 25 22 in
172 790 46 24 this
229 795 90 25 matter,
332 792 45 22 and
389 799 33 15 we
439 797 83 26 expect
533 797 22 19 to
568 792 55 24 hear
634 801 14 15 a

57 825 99 24 decision
166 823 75 24 which
252 824 47 23 will
307 824 30 23 be
346 828 60 20 most
413 825 148 31 unpalatable
573 830 23 19 to
607 826 40 24 the

56 857 61 25 folks
128 858 24 22 in
161 857 39 23 the
212 857 85 23 North.

775 847 120 24 COURT
913 848 45 24 OF
976 848 194 25 REQUESTS.

1302 138 52 22 here
1370 146 25 15 as
1411 139 21 22 if
1443 140 26 21 of
1482 146 43 14 one
1541 139 86 27 family,
1645 141 47 22 and
1710 141 18 22 it
1744 142 19 21 is
1776 150 14 13 a
1805 143 47 30 pity
1861 143 33 21 for

1302 165 83 22 friends
1409 169 22 18 to
1455 167 107 25 disagree,
1588 167 64 21 when
1677 167 55 22 both
1755 172 81 23 parties
1857 176 37 14 are

1302 191 98 23 desirous
1410 193 26 21 of
1442 192 68 27 doing
1520 192 59 22 what
1591 193 19 21 is
1619 193 142 23 honouaable
1771 194 46 22 and
1830 195 49 26 just
1887 203 5 18 ;

1300 218 135 27 gentlemen,
1443 225 46 21 you
1499 219 56 21 have
1564 218 68 23 dined
1643 220 101 27 together
1753 225 24 17 at
1785 220 38 22 the
1831 228 62 15 com-

1301 249 142 18 mencement
1452 244 26 22 of
1485 244 43 22 this
1537 247 138 21 transaction
1676 257 28 4 —
1705 246 28 22 do
1746 254 25 14 so
1789 248 67 26 again
1871 252 22 18 at

1301 270 36 22 the
1560 272 140 23 Arbitrators
1715 280 58 15 were
1793 277 23 18 at
1831 281 61 18 .once

1300 298 88 26 named,
1400 298 45 22 and
1459 298 38 21 the
1509 298 86 27 parties
1610 298 40 22 left
1661 299 37 23 the
1712 300 69 22 Court
1791 300 102 27 together

1300 324 130 26 apparently
1443 325 93 21 friends.

1325 352 66 24 Hart,
1407 352 104 23 Mocatta,
1529 351 43 20 and
1588 352 43 26 Co.,
1649 359 20 15 v.
1687 353 75 26 Henry
1779 354 61 21 Reid.
1842 364 28 5 —
1873 354 17 24 It

1300 378 117 27 appeared,
1428 378 57 22 from
1495 378 39 24 the
1546 378 100 27 opening
1663 379 114 28 evidence,
1790 380 48 22 that
1849 380 42 22 this

1300 411 43 14 was
1361 412 14 14 a
1393 405 45 21 suit
1452 404 118 28 involving
1586 411 12 15 a
1609 405 49 21 title
1672 409 24 18 to
1710 406 61 27 land,
1791 407 46 21 and
1853 407 37 22 the

1301 430 172 23 Commissioner
1483 430 48 22 told
1547 430 38 22 the
1602 432 82 22 suitors
1699 433 48 22 that
1758 433 28 22 he
1803 433 44 22 had
1860 441 30 15 no

1295 457 142 27 jurisdiction
1454 458 24 22 in
1495 457 39 22 the
1551 460 91 25 matter,
1662 459 44 21 and
1727 459 38 22 the
1781 467 50 15 case
1846 467 44 15 was

1299 483 137 23 withdrawn.

1327 511 43 20 The
1386 518 61 18 tame,
1465 517 22 15 v.
1501 511 91 25 Telford.
1594 522 29 4 —
1623 510 66 28 Upon
1706 512 37 22 the
1760 512 93 27 hearing
1868 513 24 22 of

1299 536 43 23 this
1359 545 58 19 case,
1428 539 17 21 it
1460 534 82 25 turned
1558 540 39 19 out
1616 538 49 21 that
1682 538 61 22 there
1758 546 45 15 was
1817 546 13 16 a
1846 540 43 22 dis-

1298 564 68 26 puted
1375 565 93 21 balance
1479 564 27 21 of
1518 564 49 22 £26
1581 565 32 20 3s.
1629 564 42 26 9d.,
1689 566 83 27 arising
1786 569 39 19 out
1840 566 24 22 of
1877 574 12 14 a

1299 590 63 23 claim
1381 590 119 28 originally
1509 591 134 26 amounting
1658 595 22 18 to
1694 592 59 22 jCIB7
1770 594 42 20 12s.
1842 593 46 22 The

1299 617 171 23 Commissioner
1487 617 54 22 read
1555 617 37 22 the
1610 617 51 22 11th
1671 618 73 22 clause
1756 619 27 21 of
1796 619 37 22 the
1845 621 44 21 Act

1299 643 25 22 of
1332 644 99 28 Council,
1442 647 14 19 4
1471 644 21 21 &
1506 644 13 20 5
1537 644 58 26 Vie,
1611 644 44 22 No.
1665 647 20 24 6,
1698 645 72 22 which
1785 646 103 22 declared

1298 670 48 21 that
1353 678 12 14 a
1373 671 102 26 disputed
1487 670 91 21 balance
1586 670 26 21 of
1619 677 44 21 any
1669 675 94 18 amount
1770 673 118 27 originally

1298 698 122 26 exceeding
1429 698 54 25 j650,
1494 696 67 23 could
1571 701 41 17 not
1620 697 29 22 be
1659 698 143 27 adjudicated
1810 699 25 21 in
1851 699 36 22 the

1298 724 67 21 Court
1375 725 26 21 of
1410 726 115 26 Requests.
1555 724 48 21 Suit
1617 723 123 27 dismissed,
1753 722 71 24 which
1836 726 51 22 does

1297 753 40 18 not
1354 751 103 26 preclude
1478 750 37 21 the
1535 750 67 21 claim
1621 750 68 27 being
1707 752 71 26 urged
1801 753 23 21 in
1850 752 37 22 the

1297 777 109 26 Supreme
1417 778 74 21 Court.

1328 804 80 25 Alfred
1415 804 126 21 Hornbrook
1551 811 21 13 v.
1583 804 71 20 Isaiah
1668 805 113 25 Crowther,
1794 806 33 22 £8
1836 807 33 20 6s.

1324 833 25 19 A.
1359 832 67 24 Hort,
1433 832 57 25 jun.,
1503 838 21 14 v.
1536 831 36 20 the
1579 837 63 19 same,
1653 831 34 22 £8
1698 833 43 21 17s.

1325 858 42 20 The
1377 865 56 14 same
1442 867 21 13 v.
1473 858 80 21 Robert
1567 858 110 24 Cummins,
1689 858 48 22 £32
1744 860 33 20 ss.

1324 886 97 25 Timothy
1433 886 99 21 O'Meara
1543 893 20 14 v.
1579 886 52 21 Wm.
1643 886 133 25 Goodfcllow,
1784 886 47 22 £\b
1842 887 42 21 10s.

1323 912 28 21 In
1362 913 62 21 these
1434 913 50 22 four
1493 919 70 19 cases,
1576 912 37 22 the
1631 912 123 22 defendant
1771 913 114 22 Cummins

1296 938 18 21 is
1323 940 36 20 the
1370 943 82 18 master
1462 939 27 22 of
1499 939 38 21 the
1549 940 60 26 Sally
1617 940 69 24 Anne,
1704 940 44 20 and
1758 940 38 21 the
1812 940 73 21 others

1294 965 68 28 going
1371 966 58 22 from
1440 966 53 22 Port
1507 966 125 22 Nicholson
1643 971 22 16 to
1676 966 127 22 Auckland.
1833 966 52 22 Pro-

1295 999 47 15 cess
1352 1000 44 14 was
1407 992 78 22 served
1494 999 61 21 upon
1567 993 36 21 the
1613 994 86 20 several
1709 993 81 27 parties
1800 1000 24 14 as
1833 993 52 28 they

1296 1025 55 15 were
1360 1020 70 21 about
1439 1023 22 19 to
1477 1018 64 22 leave
1557 1019 38 21 the
1610 1019 105 22 harbour.
1743 1019 48 22 The
1809 1019 76 22 defen-

1295 1045 64 23 dants
1369 1054 57 14 were
1436 1046 78 26 called,
1525 1046 42 21 but
1582 1046 39 21 did
1638 1051 40 17 not
1694 1053 92 15 answer.
1814 1046 71 27 Judg-

1295 1075 72 19 ments
1391 1080 58 15 were
1471 1072 92 22 entered
1587 1080 30 20 up
1642 1073 87 32 against
1751 1073 68 27 them,
1841 1073 44 21 and

1295 1100 119 21 execution
1424 1100 43 22 will
1476 1099 76 22 follow
1562 1102 22 19 to
1595 1100 38 21 the
1647 1100 104 26 Thames,
1767 1107 25 14 or
1802 1100 83 22 where-

1295 1133 77 15 soever
1381 1126 38 22 the
1429 1126 82 28 parties
1521 1133 52 21 may
1582 1126 89 28 happen
1683 1130 21 17 to
1713 1126 36 21 be.

1321 1152 124 28 Thirty-six
1453 1170 3 4 .
1463 1160 62 15 cases
1541 1159 56 15 were
1617 1152 103 28 disposed
1739 1152 30 28 of,
1786 1153 45 21 and
1847 1153 37 22 the

1295 1180 68 21 Court
1372 1179 125 28 adjourned
1513 1183 23 18 to
1551 1180 105 26 Tuesday
1665 1179 60 27 26th,
1739 1180 143 27 (yesterday.)

1295 1206 65 27 Upon
1377 1206 38 22 the
1434 1206 78 26 whole,
1530 1206 38 21 the
1586 1206 148 27 proceedings
1753 1206 56 22 have
1826 1207 57 21 been

1294 1233 129 27 productive
1447 1234 22 20 of
1491 1232 69 22 much
1581 1233 66 27 good,
1672 1233 46 21 and
1740 1233 59 23 have
1816 1234 67 26 given

1293 1260 91 26 general
1400 1260 144 21 satisfaction.
1573 1260 48 21 The
1632 1260 87 26 dignity
1733 1260 25 21 of
1765 1260 38 21 the
1816 1261 69 21 Court

1294 1293 43 15 was
1350 1286 50 22 well
1414 1286 125 28 preserved,
1551 1286 45 22 and
1607 1286 37 22 the
1654 1287 71 26 effect,
1736 1285 55 23 such
1801 1294 24 14 as
1839 1287 44 21 will

1293 1313 65 22 make
1382 1321 30 14 an
1433 1313 132 28 impression
1586 1320 62 20 upon
1669 1313 63 21 those
1755 1313 50 22 who
1826 1314 57 22 have

1293 1340 96 22 hitherto
1407 1340 131 22 considered
1554 1340 63 22 there
1631 1347 44 15 was
1686 1347 29 14 no
1732 1339 42 23 law
1788 1340 23 22 in
1828 1340 55 22 New

1293 1366 107 22 Zealand.

88 922 54 24 The
168 922 87 31 barque
284 921 111 31 Oriental,
420 923 103 31 Captain
545 924 100 29 Wilson,

56 955 88 25 arrived
155 963 30 15 on
203 955 85 31 Friday
305 955 54 29 last,
381 956 86 31 having
491 957 72 24 sailed
587 957 58 24 from

56 988 124 32 Plymouth
192 996 29 16 on
233 988 39 25 the
283 988 64 24 22nd
357 988 67 25 June.
466 990 48 23 She
534 990 43 24 has
598 992 47 24 170

54 1020 142 33 immigrant's
218 1021 37 25 for
275 1021 124 30 Taranaki,
419 1023 45 23 and
482 1023 47 23 will
548 1023 97 31 proceed

55 1056 62 23 there
129 1055 57 24 after
196 1054 94 32 landing
300 1063 136 24 passengers
448 1056 46 23 and
501 1064 64 16 some
577 1064 68 24 cargo

54 1089 39 23 she
104 1088 43 24 has
155 1089 36 23 for
201 1088 151 30 Wellington.

87 1122 101 31 Though
198 1129 34 16 we
243 1122 57 23 have
319 1122 74 23 notice
413 1122 26 23 of
461 1130 85 24 papers
563 1126 24 19 to
607 1122 37 24 the

57 1155 56 25 18th
122 1155 60 23 June
192 1155 60 23 from
265 1154 103 31 London,
381 1163 34 15 we
427 1155 58 24 have
492 1160 41 19 not
540 1155 104 25 received

57 1196 56 23 any;
133 1196 42 15 nor
191 1196 44 15 can
252 1195 34 16 we
305 1188 65 24 learn
387 1188 50 23 that
455 1197 46 23 any
518 1189 46 23 late
580 1189 64 24 dates

55 1222 56 23 have
121 1221 59 23 been
191 1221 104 24 received
311 1221 31 32 by
361 1221 45 24 this
426 1223 147 30 opportunity
582 1232 6 19 ;
610 1230 34 16 we

56 1263 36 15 are
103 1254 113 25 therefore
227 1254 54 32 only
293 1255 49 23 able
354 1259 23 19 to
388 1254 91 24 furnish
492 1263 41 16 our
553 1255 91 24 readers

56 1288 53 24 with
120 1288 38 23 the
179 1296 106 16 rumours
302 1296 33 16 we
356 1288 56 24 have
431 1288 73 24 heard
522 1289 64 23 since
605 1289 39 23 the

55 1321 79 23 arrival
147 1321 25 23 of
186 1321 46 23 this
243 1322 82 22 vessel.

88 1355 52 23 The
151 1354 68 24 latest
229 1354 64 24 dates
310 1354 103 24 received
430 1355 23 23 in
466 1355 100 24 London
584 1355 57 24 from

57 1388 54 25 Port
123 1387 127 24 Nicholson
262 1395 57 16 were
330 1392 24 19 to
365 1388 39 23 the
415 1388 47 23 2nd
476 1389 111 30 January.

86 1421 53 23 The
156 1421 143 23 Parliament
317 1421 46 24 had
380 1422 57 23 been
456 1421 123 30 dissolved,
601 1421 42 25 but

54 1463 32 15 we
96 1454 57 24 have
165 1459 41 19 not
216 1455 70 23 heard
297 1455 66 23 when
373 1455 39 24 the
421 1456 63 23 writs
496 1456 36 23 for
543 1456 40 24 the
593 1463 50 16 new

55 1488 139 24 Parliament
216 1495 60 17 were
297 1489 137 23 returnable.
481 1489 53 23 The
556 1490 87 23 excite-

54 1526 62 19 ment
123 1529 46 16 was
180 1529 56 23 very
246 1526 65 26 great
323 1521 43 24 and
378 1522 100 30 general,
497 1522 46 24 and
559 1530 35 15 we
605 1530 38 16 are

54 1554 94 24 assured
158 1555 104 30 strongly
273 1555 24 23 in
307 1555 81 23 favour
400 1555 26 23 of
440 1555 40 24 the
501 1555 142 24 Ministerial

53 1595 113 16 measures
179 1588 73 23 which
263 1587 44 24 had
317 1588 38 23 led
365 1593 23 18 to
400 1588 46 24 this
455 1588 107 24 election.

86 1621 65 24 Lord
156 1621 63 24 John
225 1621 103 30 Russell,
340 1622 20 23 it
366 1629 46 16 was
420 1622 84 29 stated,
514 1630 47 16 was

53 1655 34 22 for
104 1654 39 24 the
155 1655 55 31 City
220 1655 26 23 of
384 1655 55 23 with
452 1663 14 16 a
476 1655 45 24 fair
535 1660 108 27 prospect

54 1688 24 23 of
92 1688 68 31 being
171 1688 80 31 placed
264 1692 22 20 at
297 1688 38 24 the
346 1688 58 24 bead
417 1688 26 24 of
457 1689 40 23 the
509 1689 63 31 poll.'

83 1721 120 24 Accounts
213 1721 46 24 had
269 1722 58 23 been
338 1722 104 23 received
452 1722 24 23 in
498 1722 110 32 England
620 1723 25 23 of

54 1755 89 23 Canton
152 1754 86 31 having
249 1755 58 23 been
318 1754 70 24 taken
406 1755 44 23 and
469 1756 71 31 being
558 1757 24 22 in
601 1756 41 24 the

50 1789 135 30 possession-
191 1787 26 24 of
231 1788 38 24 the
281 1788 88 23 British
381 1788 93 25 Forces.

85 1821 50 23 The
149 1822 118 31 Company
278 1821 57 24 have
354 1822 82 31 agreed
453 1827 24 19 to
496 1822 39 24 the
554 1823 86 23 forma-

51 1855 48 22 tion
109 1855 26 23 of
149 1863 14 15 a
174 1859 60 19 town
245 1859 25 19 at
280 1855 140 31 Wanganui.
455 1855 47 24 We
513 1856 89 23 believe
610 1857 30 23 its

52 1893 78 19 extent
140 1888 19 23 is
175 1892 23 19 to
220 1888 30 24 be
269 1893 43 19 two
329 1888 105 24 hundred
450 1889 45 23 and
504 1889 51 32 fifty
567 1898 73 16 acres.

50 1921 50 24 The
123 1921 130 24 allotments
277 1929 37 16 are
336 1926 24 19 to
387 1922 28 23 be
445 1927 94 27 quarter
567 1931 73 16 acres.

52 1954 76 24 Those
139 1954 48 24 who
198 1954 55 24 hold
266 1959 94 26 country
366 1955 79 23 orders
457 1961 23 18 to
492 1956 30 23 be
540 1957 100 23 selected

50 1988 45 22 will
106 1988 29 23 be
146 1988 95 23 entitled
251 1992 23 19 to
284 1996 30 15 an
330 1988 120 23 allotment
467 1989 37 22 for
522 1990 57 22 each
597 1997 43 16 one

49 2018 102 25 hundred
159 2027 73 16 acres.
269 2020 50 23 The
339 2024 95 27 country
451 2020 79 23 orders
548 2020 92 32 already
639 2015 2 8 1

51 2053 48 23 sold
110 2057 23 19 to
142 2053 28 23 be
180 2053 101 23 selected
297 2053 71 29 there,
390 2057 94 20 amount
496 2058 24 19 to
536 2053 104 24 between

49 2091 43 18 two
118 2086 103 24 hundred
248 2086 47 24 and
321 2086 52 31 fifty
393 2086 45 24 and
453 2088 71 30 sixty.
571 2088 69 23 After

50 2120 118 30 satisfying
179 2119 64 24 these
252 2120 80 23 claims
344 2119 38 24 the
396 2120 120 31 Company
523 2120 47 24 will
581 2121 59 24 have

48 2154 124 30 remaining
199 2153 70 24 about
297 2161 42 15 one
368 2153 105 24 hundred
492 2154 45 23 and
560 2154 80 32 eighty

50 2194 68 21 acres,
137 2194 25 16 or
174 2186 69 24 about
257 2194 68 16 seven
335 2186 104 24 hundred
451 2187 46 23 and
507 2187 52 31 fifty
571 2189 67 22 allot-

50 2224 80 19 ments.
174 2220 26 23 If
210 2220 64 24 these
285 2227 38 16 are
331 2220 142 31 judiciously
485 2220 108 31 disposed
606 2222 30 29 of,

49 2252 51 31 they
109 2252 45 24 will
165 2260 79 17 secure
255 2257 23 20 to
290 2253 130 31 Wanganui
435 2262 15 15 a
460 2254 65 30 large
536 2255 102 24 resident

49 2286 135 30 population.
220 2286 45 24 We
276 2286 58 32 hope
351 2294 62 16 some
431 2292 164 26 arrangement
614 2289 26 23 of

50 2327 13 15 a
72 2319 84 24 similar
168 2319 58 24 kind
236 2320 46 24 will
288 2320 29 23 be
328 2320 66 24 made
406 2324 24 20 to
448 2325 77 19 create
543 2329 15 15 a
575 2325 61 20 town

48 2356 23 19 at
81 2352 138 30 Manawatu,
232 2353 106 31 enabling
354 2354 25 27 it,
398 2354 104 31 thereby,
521 2359 23 19 to
556 2363 80 16 secure

50 2393 25 15 an
87 2386 88 30 equally
186 2387 117 23 extensive
312 2387 103 24 interest.

81 2419 49 24 The
153 2420 58 23 New
229 2420 101 24 Zealand
349 2420 120 31 Company
487 2429 60 15 were
566 2422 67 24 about

50 2451 106 33 inserting
185 2461 30 15 an
237 2453 163 24 advertisment
419 2455 26 22 in
473 2454 40 24 the
536 2455 97 24 London

48 2493 85 24 papers,
152 2488 132 30 requesting
302 2488 85 30 parties
405 2491 24 20 to
446 2488 58 23 send
523 2488 23 23 in
563 2493 70 19 state-

50 2523 69 19 ments
130 2528 23 15 as
165 2524 22 19 to
199 2520 39 24 the
250 2524 70 20 terms
330 2528 63 24 upon
404 2521 76 23 which
488 2521 56 31 they
560 2522 73 24 would

50 2552 102 25 establish
161 2558 73 19 steam
241 2554 101 23 between
349 2554 39 23 the
399 2554 139 31 Company's
546 2556 87 24 several

50 2585 142 25 settlements.
229 2587 52 24 The
289 2587 126 31 Company,
426 2595 33 16 we
469 2588 95 30 believe,
576 2589 57 24 have

50 2618 134 25 determined
192 2624 24 19 to
226 2620 90 31 expend
333 2622 98 28 £5,000
451 2626 23 19 to
493 2622 140 31 accomplish

51 2651 41 24 this
103 2653 110 24 desirable
232 2654 83 32 object.
370 2655 42 23 We
429 2662 61 24 may,
509 2655 123 30 therefore,

50 2690 76 26 expect
134 2690 22 20 to
168 2686 58 25 have
237 2695 15 16 a
261 2688 55 23 boat
326 2688 25 23 in
369 2695 15 16 a
399 2688 44 23 few
461 2688 95 24 months
576 2697 57 15 run-

49 2719 51 30 ning
109 2719 100 25 between
219 2720 47 24 this
285 2725 59 27 port,
363 2721 106 30 Porirua,
489 2722 143 30 Manawatu,

192 2753 126 31 Taranaki,
331 2754 45 24 and
387 2754 39 24 the
444 2755 90 24 Nelson
553 2756 80 24 settle-

50 2791 64 19 ment.
151 2787 57 23 This
220 2792 143 26 arragement
374 2788 46 24 will
428 2788 54 24 tend
492 2793 24 19 to
529 2790 104 30 equalize

50 2817 33 24 the
102 2819 124 32 advantage
255 2821 26 23 of
311 2821 39 24 the
368 2822 88 23 several
479 2822 152 25 settlements.

51 2850 133 33 Complaints
196 2854 70 24 about
274 2854 38 24 the
324 2854 111 32 difficulty
453 2855 27 23 of
504 2857 128 22 communi-

52 2886 67 23 cation
131 2895 37 15 are
180 2886 113 25 therefore
303 2887 74 32 likely
387 2892 23 19 to
422 2896 66 16 cease
500 2897 39 15 ere
551 2890 62 30 long.

81 2918 73 25 There
165 2928 46 16 was
223 2929 13 15 a
247 2925 77 27 report
333 2921 50 23 that
401 2921 99 31 Captain
513 2922 120 25 Hobson's

52 2948 94 36 hostility
157 2957 23 20 to
199 2954 39 23 the
258 2954 139 32 Company's
420 2955 145 24 settlements
586 2964 46 16 was

49 2981 49 27 both
116 2986 121 33 throughly
257 2987 140 25 understood
411 2988 46 24 and
476 2990 155 30 appreciated.

50 3015 97 28 Rumour
158 3020 72 31 spoke
242 3021 25 24 of
281 3021 37 24 his
328 3022 78 24 recall.
420 3041 4 3 .

1922 142 85 23 human
2023 151 81 20 enemy
2117 143 19 23 is
2152 148 39 18 not
2208 145 135 29 necessarily
2359 155 26 14 or
2397 148 108 28 instantly

1923 169 61 22 fatal.
2012 169 49 22 The
2070 175 78 22 parent
2162 173 136 25 approaches
2310 174 38 21 the
2362 182 77 19 young
2454 179 50 22 ohe,

1922 195 71 23 which
2008 204 56 19 now,
2083 197 65 26 being
2150 198 55 27 fust,
2217 202 47 18 acts
2271 199 39 22 the
2325 205 48 20 part
2380 200 25 22 of
2412 208 13 15 a
2435 200 70 27 decoy

1922 221 65 28 duok,
1999 230 44 15 arm
2061 231 24 14 so
2099 228 76 23 strong
2190 226 19 21 is
2226 225 37 22 the
2277 226 138 22 attachment
2431 227 25 22 of
2467 228 38 21 the

1921 253 86 22 parent,
2017 251 46 21 aad
2072 258 25 13 so
2112 251 107 27 perfectly
2230 251 106 27 ignorant
2351 253 18 21 is
2381 253 39 22 she
2431 254 26 21 of
2467 254 38 21 the

1922 278 80 19 nature
2012 276 26 22 of
2049 275 40 22 her
2105 277 103 27 enemies,
2226 278 47 21 that
2289 278 40 22 she
2353 279 19 21 is
2390 280 115 27 generally

1921 304 23 18 at
1950 303 61 21 'once
2019 302 80 22 lanced
2108 303 23 21 in
2142 303 59 22 what
2211 304 37 21 the
2259 305 105 27 practical
2375 306 81 21 whaler
2466 307 39 21 de-

1920 329 134 23 nominates'
2137 331 60 26 /(/%,'■'
2213 331 50 21 that
2275 332 26 26 is,
2313 332 38 21 the
2370 332 72 27 lungs,
2459 334 46 21 and

1920 354 150 29 ocbSSiottelly,
2079 356 36 22 the
2123 357 87 24 -hearty
2230 357 48 22 The
2295 359 69 20 result
2378 359 26 21 of
2421 359 54 22 such
2489 367 14 14 a

1917 381 85 23 «ound
2010 381 24 22 in
2045 379 41 28 the;
2186 384 72 21 above
2274 384 30 21 all
2321 385 65 21 other
2401 386 102 26 animals,

1918 406 20 22 is
1951 407 116 27 instantly:
2074 409 60 27 fatal,
2153 411 44 21 and
2212 410 52 22 thus
2279 410 38 22 the
2336 411 106 28 losses,—
2443 412 61 22 often

1918 433 104 23 incurred
2038 435 28 26 by
2081 435 36 21 the
2134 436 130 22 Greenland
2279 437 46 22 and
2340 438 76 21 Davis'
2427 439 78 22 Straits

1920 459 98 28 whalers,
2019 472 30 5 —
2049 461 22 21 in
2083 462 121 22 thousands
2214 464 26 21 of
2251 463 97 23 fathoms
2358 465 27 21 of
2395 465 45 22 line
2451 466 53 21 with

1918 492 121 17 numerous
2066 487 117 28 harpoons,
2202 489 19 22 is
2245 490 103 22 avoided.
2391 492 22 21 A
2434 491 70 23 whale

1918 513 72 22 under
2009 514 104 29 ordinary
2129 517 174 21 circumstances
2320 516 40 22 has
2376 520 22 19 to
2416 519 28 20 be
2463 526 40 14 ex-

1917 538 95 24 hausted
2026 541 30 27 by
2066 542 104 26 repeated
2186 543 78 26 diving
2279 543 77 22 before
2371 543 38 23 the
2425 552 39 14 use
2481 546 24 21 of

1918 565 37 22 the
1964 566 66 23 lance
2040 574 42 16 can
2100 568 25 23 be
2141 569 123 28 attempted
2264 579 28 5 —
2295 569 96 23 whereas
2405 571 51 21 with
2465 571 39 22 the

1917 592 43 22 cub
1969 600 24 14 as
2004 601 13 14 a
2033 594 146 29 decoy-duck,
2188 595 38 23 the
2241 596 83 22 female
2334 604 41 14 can
2386 597 27 21 be
2424 597 80 23 lanced

1918 619 93 22 without
2029 621 37 21 the
2082 623 97 26 harpoon
2195 629 57 15 even
2268 622 69 27 being
2352 623 62 22 used.
2442 624 62 22 Thus

1916 652 44 19 you
1968 647 110 27 perceive,
2086 649 41 21 Mr.
2136 649 83 26 Editor,
2228 649 38 22 the
2274 653 62 17 coast
2343 649 82 23 whaler
2433 651 71 22 works

1918 672 51 21 with
1980 675 173 26 comparatively
2162 682 55 20 very
2227 676 65 22 small
2298 683 85 15 means.
2398 677 48 21 The
2451 685 52 14 men

1917 699 118 27 employed
2045 708 37 14 are
2093 701 48 27 paid
2154 701 57 22 from
2221 702 38 22 the
2273 702 99 27 produce
2388 703 26 21 of
2426 704 36 21 the
2473 705 31 21 oil

1916 724 45 22 and
1975 726 88 27 baleen,
2073 727 45 22 and
2133 728 37 21 the
2187 728 53 27 only
2256 729 129 22 distinction
2403 730 100 22 between

1915 755 83 19 master
2009 753 44 21 and
2059 761 53 15 man
2127 754 44 22 will
2185 755 151 27 occasionally
2349 756 27 22 be
2385 757 36 21 the
2430 764 75 20 power

1917 778 25 21 of
1949 778 37 22 the
1996 779 83 23 former
2087 785 22 17 to
2117 781 66 21 resist
2191 781 38 22 the
2238 783 133 26 temptation
2380 783 26 21 of
2416 784 86 22 arrack.

1915 804 48 22 The
1973 813 54 14 men
2037 806 52 22 thus
2098 808 101 26 engaged
2211 808 71 22 admit
2291 809 48 21 that
2350 809 38 21 the
2404 809 70 23 whale
2484 811 19 21 is

1915 831 24 22 in
1949 832 67 22 much
2024 833 73 22 better
2104 835 113 21 condition
2224 842 25 14 or
2255 835 23 21 in
2287 835 64 21 other
2359 836 70 22 words
2437 836 66 22 fatter

1917 858 64 21 when
1991 861 192 26 unaccompanied
2196 861 53 21 with
2256 861 40 22 her
2302 869 83 20 young,
2401 863 41 21 but
2448 863 54 28 they

1915 891 37 15 are
1957 889 40 18 not
2005 887 108 26 prepared
2119 887 36 22 for
2159 887 114 28 attacking
2279 889 55 21 such
2338 899 26 5 —
2365 888 56 22 their
2427 889 36 28 objectj
2467 894 37 18 ect

1915 912 27 20 of
1951 912 77 22 attack
2037 913 18 21 is
2069 913 37 22 the
2120 914 83 22 female
2219 914 49 22 who
2286 915 39 21 has
2341 916 101 27 recently
2452 924 50 19 pro-

1916 938 71 22 duced
1998 940 58 20 their
2066 947 75 20 young
2156 948 49 20 one,
2216 941 46 21 and
2275 941 56 27 they
2339 942 90 28 destroy
2439 943 61 22 both.

1913 964 48 22 The
1965 966 51 26 fast
2026 966 98 28 harpoon
2140 967 68 27 being
2224 972 22 17 to
2263 967 37 23 the
2315 976 92 19 persons
2423 969 79 23 imme-

1915 990 83 30 diately
2009 994 101 26 engaged
2124 994 71 22 worth
2214 994 30 22 all
2255 994 37 22 the
2305 995 82 22 whales
2397 997 23 21 in
2436 998 67 20 exist-

1914 1025 69 26 ence^
2005 1020 66 27 Upon
2082 1020 36 22 the
2129 1020 67 22 death
2205 1021 28 21 of
2245 1021 37 22 the
2292 1025 80 24 parent
2379 1022 37 22 the
2425 1030 78 20 young

1914 1052 43 15 one
1975 1046 19 22 is
2014 1046 97 28 dragged
2129 1047 116 27 alongside
2263 1048 37 21 the
2320 1048 59 27 boat,
2398 1049 46 21 and
2461 1042 40 30 trie

1913 1071 101 28 harpoon
2028 1074 123 27 extracted,
2169 1074 94 22 without
2279 1075 39 21 the
2334 1075 102 27 slightest
2451 1084 51 14 care

1913 1098 69 28 being
1998 1100 67 22 taken
2082 1104 22 18 to
2120 1108 103 20 preserve
2238 1102 39 20 the
2291 1109 78 20 young
2381 1110 50 19 one,
2449 1110 52 20 sup-

1913 1126 80 33 posing
2002 1126 17 21 it
2030 1126 53 22 then
2094 1128 91 27 capable
2195 1128 26 21 of
2237 1136 14 13 a
2262 1132 100 23 separate
2374 1129 111 23 existence
2493 1130 6 21 !

1916 1152 44 21 The
1973 1152 58 23 dead
2050 1154 81 22 female
2151 1154 70 22 whale
2235 1155 19 21 is
2265 1162 50 14 now
2326 1155 94 27 brought
2430 1160 22 18 to
2462 1156 38 22 the

1913 1179 89 27 station,
2014 1180 45 22 and
2068 1180 52 22 here
2131 1188 17 14 a-
2153 1181 58 21 little
2227 1182 142 26 preparation
2384 1183 44 21 and
2438 1190 61 15 some

1913 1212 100 20 expence
2021 1207 42 21 has
2072 1214 30 14 no
2113 1207 69 23 doubt
2197 1208 58 22 been
2270 1209 117 26 incurred;
2404 1209 36 23 the
2451 1211 48 21 ani-

1913 1232 44 22 mal
1967 1233 18 21 is
1995 1234 83 27 simply
2087 1234 95 22 skinned
2193 1235 48 26 (the
2257 1235 51 21 skin
2326 1236 45 21 and
2387 1237 112 21 sub-cata-

1912 1265 71 16 neous
1992 1260 33 21 fat
2034 1261 27 21 of
2068 1261 36 21 the
2113 1261 78 26 whale,
2204 1261 147 27 constituting
2359 1262 38 22 the
2407 1263 94 22 blubber

1912 1286 27 20 of
1956 1288 107 25 practical
2079 1288 69 26 men.)
2184 1288 49 22 The
2247 1289 100 26 pectoral
2363 1290 137 22 extremities

1911 1319 39 15 are
1959 1314 108 22 removed
2077 1317 22 19 at
2110 1315 36 21 the
2157 1314 106 22 shoulder
2274 1315 68 27 joint,
2354 1316 46 22 and
2409 1317 37 21 the
2457 1321 44 18 ter-

1912 1340 109 22 mination
2033 1341 26 21 of
2067 1341 37 21 the
2113 1341 63 28 spine
2184 1343 131 26 supporting
2325 1342 38 22 the
2371 1347 64 22 great
2444 1343 55 23 late->

1911 1366 33 21 ral
1958 1366 73 24 flukes
2045 1368 19 21 is
2080 1371 37 19 cut
2134 1368 38 22 off.
2200 1368 48 22 The
2264 1368 79 22 baleen
2358 1369 20 22 is
2393 1370 105 22 removed

1911 1392 56 23 from
1979 1394 28 22 its
2017 1394 103 22 situation
2138 1395 24 21 in
2172 1394 39 22 the
2227 1402 71 21 upper
2310 1395 45 27 jaw
2364 1404 5 19 ;
2385 1397 52 27 and,
2447 1404 25 15 as
2480 1399 19 20 it

1911 1427 93 21 appears
2012 1424 23 18 to
2045 1428 37 15 me
2092 1422 51 26 only
2156 1422 155 27 occasionally,
2313 1434 28 4 —
2343 1430 50 14 care
2402 1423 19 22 is
2431 1423 67 24 taken

1911 1449 23 18 to
1950 1451 88 19 extract
2054 1448 38 22 the
2108 1449 30 21 oil
2154 1448 58 22 from
2229 1449 38 21 the
2284 1453 45 17 two
2344 1450 56 22 rami
2417 1451 25 21 of
2459 1451 38 22 the

1910 1472 68 23 lower
1984 1475 53 27 jaw.
2073 1475 47 21 The
2131 1482 89 15 carcase
2227 1475 18 22 is
2253 1483 50 14 now
2311 1476 94 22 allowed
2411 1481 22 17 to
2444 1477 54 23 float

1911 1507 70 20 away,
1986 1502 45 21 and
2036 1502 84 26 getting
2125 1502 106 22 stranded
2237 1510 28 14 an
2272 1502 38 22 the
2315 1507 164 24 coastpresents
2485 1512 14 14 a

1910 1524 97 26 horrible
2014 1529 107 26 spectacle
2127 1529 27 21 of
2158 1529 37 21 the
2200 1529 168 28 improvidence
2374 1531 44 21 and
2425 1531 74 27 ingra-

1910 1554 70 22 titude
1998 1555 27 21 of
2031 1562 51 15 man
2092 1563 5 14 :
2116 1555 38 23 the
2163 1563 110 15 carcasses
2283 1561 39 22 get
2331 1557 111 27 stranded,
2453 1558 45 22 and

1910 1580 81 28 during
2000 1582 58 22 their
2073 1583 175 26 decomposition
2262 1583 13 21 'I
2285 1583 76 22 rather
2371 1583 64 23 think
2444 1592 54 19 very

1910 1607 41 22 few
1957 1615 93 20 persons
2060 1609 72 22 would
2141 1609 73 22 reside
2224 1610 23 21 in
2259 1609 37 22 the
2306 1610 191 27 neighbourhood.

1910 1634 50 22 You
1969 1635 45 21 will
2024 1635 47 23 find
2082 1636 42 22 Mr.
2137 1636 84 26 Editor,
2233 1636 47 22 that
2295 1641 48 17 vast
2358 1639 104 21 numbers
2473 1639 26 21 of

1908 1668 92 20 persons
2017 1663 106 21 associate
2140 1663 54 21 with
2211 1663 37 21 the
2263 1667 68 18 terms
2367 1665 70 21 South
2454 1665 43 22 Sea

1911 1688 77 22 Whale
2125 1689 37 22 the
2177 1689 94 28 product
2288 1691 26 21 of
2326 1690 48 22 that
2388 1698 71 19 genus
2475 1692 26 22 of

1910 1714 37 22 the
1960 1719 92 19 cetacea
2068 1716 79 22 known
2163 1720 23 18 to
2203 1717 108 21 scientific
2329 1718 127 22 naturalists
2465 1719 31 27 by

1908 1740 38 23 the
1955 1749 68 15 name
2033 1743 26 21 of
2070 1743 38 22 the
2117 1743 102 22 cachalot
2229 1751 25 14 or
2263 1751 73 20 sperm
2348 1744 69 22 whale
2425 1752 5 14 :
2445 1752 51 16 now

1909 1768 37 22 the
1956 1769 103 22 cachalot
2068 1770 19 22 is
2096 1770 84 22 seldom
2197 1778 25 14 or
2237 1778 71 14 never
2325 1771 37 21 the
2379 1772 85 27 subject
2475 1773 26 21 of

1908 1796 75 21 attack
1993 1797 26 21 of
2031 1796 37 22 the
2085 1797 80 21 station
2181 1797 88 27 parties.
2298 1797 49 22 The
2364 1797 71 23 whale
2451 1799 45 22 fre-

1908 1823 156 32 quenting^the
2073 1824 54 26 bays
2137 1823 46 22 and
2192 1828 72 18 coasts
2277 1823 27 23 of
2315 1824 57 22 New
2388 1825 107 28 Zealand,

1908 1846 44 31 ajrid
1971 1850 91 27 coming
2080 1851 77 21 within
2175 1850 37 22 the
2228 1850 68 22 reach
2315 1851 26 22 of
2357 1851 38 22 the
2414 1853 82 22 station

1908 1876 89 27 parties,
2009 1877 18 21 is
2036 1884 30 14 an
2076 1877 83 22 animal
2170 1877 71 22 which
2252 1881 21 18 to
2285 1877 29 23 all
2330 1885 137 20 appearance
2477 1880 19 22 is

1908 1902 38 22 the
1956 1910 60 15 same
2028 1911 24 15 as
2062 1904 37 22 the
2110 1904 123 27 greenland
2248 1912 24 14 or
2282 1906 138 26 mysticetus.
2451 1906 44 22 Mr.

1908 1929 89 27 George
2007 1931 82 22 Cuvier
2105 1931 81 27 during
2200 1931 36 22 his
2252 1931 46 26 life,
2309 1932 44 22 had
2368 1940 13 13 a
2394 1932 102 23 skeleton

1908 1960 49 18 sent
1970 1957 47 22 him
2033 1957 60 23 from
2109 1958 37 22 the
2163 1959 60 26 Cape
2242 1958 26 22 of
2279 1959 65 21 Good
2362 1959 66 28 Hope
2435 1968 5 19 ;
2456 1960 40 22 but

1907 1982 38 22 the
1955 1984 101 22 skeleton
2068 1992 43 14 was
2120 1985 124 27 extremely
2254 1985 124 28 imperfect,
2390 1987 17 20 it
2418 1994 42 14 was
2470 1987 24 22 in

1907 2009 46 21 fact
1966 2016 14 15 a
1996 2011 65 21 made
2077 2018 31 19 up
2122 2011 70 26 affair,
2204 2011 45 21 and
2265 2011 78 21 Uurier
2359 2012 66 22 could
2442 2016 54 25 only

1907 2035 110 23 therefore
2034 2037 127 23 endeavour
2176 2041 22 18 to
2214 2037 60 22 draw
2291 2038 130 22 distinction
2438 2039 57 23 from

1907 2062 37 22 the
1954 2064 92 26 general
2056 2065 57 21 form
2122 2065 27 21 of
2160 2063 38 23 the
2208 2064 110 22 cranium.
2349 2065 10 21 I
2375 2066 44 22 feel
2434 2067 61 27 quite

1907 2090 99 22 satisfied
2016 2091 48 21 that
2074 2098 13 14 a
2096 2091 69 27 single
2177 2091 100 22 cranium
2287 2091 65 23 could
2367 2096 41 18 not
2417 2094 79 22 enable

1907 2123 56 15 even
1972 2117 82 23 Cuvier
2059 2121 23 19 to
2090 2118 58 22 draw
2157 2125 45 20 any
2207 2118 140 28 satisfactory
2352 2118 132 24 deductions

1906 2142 18 22 it
1935 2143 37 22 did
1983 2148 40 17 not
2031 2145 78 22 enable
2118 2145 46 21 him
2175 2149 23 17 to
2207 2145 125 22 determine
2338 2145 38 23 the
2385 2154 38 14 sex
2429 2154 64 21 even,

1906 2170 45 22 and
1961 2178 32 16 w.e
2004 2171 29 21 all
2044 2171 65 22 know
2118 2172 49 21 that
2183 2172 55 21 bulk
2252 2172 63 27 gives
2331 2180 30 14 no
2381 2173 113 23 criterion.

1907 2197 30 21 So
1947 2197 48 22 that
2004 2199 38 21 the
2057 2199 96 26 identity
2163 2206 25 14 or
2202 2199 154 28 non-identity
2367 2200 25 21 of
2404 2201 37 21 the
2456 2201 40 22 ba-

1906 2223 60 23 laena
1985 2225 71 22 artica
2071 2232 26 15 or
2118 2226 138 27 mysticetus,
2276 2225 46 23 and
2346 2226 38 22 the
2409 2227 87 22 balaena

1906 2252 111 22 antartica
2030 2252 19 22 is
2057 2252 46 22 still
2112 2260 13 14 a
2140 2253 64 27 point
2215 2253 121 27 requiring,
2351 2253 38 22 the
2405 2253 90 24 labours

1906 2277 26 21 of
1947 2285 13 14 a
1975 2280 149 26 comparative
2142 2279 121 22 anatomist
2279 2283 23 18 to
2320 2280 77 22 decide
2405 2280 6 22 !
2446 2281 49 22 The

1906 2305 59 26 price
1976 2305 26 22 of
2010 2305 36 23 the
2056 2307 30 20 oil
2097 2307 21 21 in
2129 2305 38 23 the
2179 2305 86 23 market
2271 2307 59 21 from
2337 2307 72 22 either
2416 2309 78 26 region

1906 2338 94 21 appears
2016 2337 74 23 pretty
2107 2333 77 26 nearly
2199 2333 38 21 the
2254 2340 68 19 same,
2333 2333 108 28 although
2456 2335 38 22 the

1906 2359 59 26 price
1976 2359 26 21 of
2013 2360 38 21 the
2060 2359 80 23 baleen
2150 2360 57 22 from
2219 2359 38 22 the
2273 2360 70 22 South
2360 2361 53 22 Seas
2426 2361 19 22 is
2454 2366 41 18 not

1906 2392 42 15 one
1959 2385 51 23 half
2020 2387 48 21 that
2084 2387 26 21 of
2118 2387 40 21 the
2175 2387 115 21 Northern
2298 2387 6 21 !
2333 2387 54 23 This
2397 2388 19 22 is
2425 2396 14 14 a
2447 2389 46 21 sin-

1904 2412 65 27 gular
1978 2413 44 21 and
2032 2413 132 28 interesting
2173 2414 53 27 fact,
2238 2414 46 22 and
2300 2414 26 22 of
2336 2422 78 15 course
2430 2415 64 22 leads

1906 2442 22 18 to
1947 2446 29 15 an
1995 2441 90 27 inquiry
2100 2441 47 21 into
2167 2441 38 21 the
2222 2448 79 20 cause;
2327 2441 45 23 and
2390 2441 71 23 which
2482 2443 10 21 I

1904 2465 75 23 flatter
1988 2467 85 27 myself
2084 2467 12 22 I
2106 2467 56 22 shall
2178 2467 90 28 explain
2284 2468 31 22 in.
2324 2476 13 14 a
2347 2469 73 21 future
2433 2476 59 15 com-

1904 2494 146 22 munication.
2079 2494 46 22 The
2137 2495 72 26 single
2219 2495 101 21 cranium
2335 2496 117 22 examined
2463 2497 30 27 by

1904 2520 89 28 Cuvier,
2004 2521 46 21 and
2060 2521 69 22 which
2142 2529 44 14 was
2195 2526 51 17 sent
2263 2521 47 23 him
2320 2522 58 22 from
2389 2522 36 23 the
2434 2523 58 30 Cape

1904 2547 26 21 of
1949 2547 65 23 Good
2032 2548 72 27 Hope,
2117 2548 39 22 led
2171 2549 47 21 him
2235 2551 23 19 to
2276 2556 96 20 suppose
2388 2549 49 22 that
2455 2549 37 24 the

1904 2581 66 15 curve
1982 2574 27 22 of
2018 2575 38 21 the
2068 2582 68 21 upper
2143 2576 45 27 jaw
2203 2578 24 19 to
2241 2574 74 23 which
2332 2575 37 22 the
2385 2576 78 22 baleen
2474 2578 19 21 is

1903 2601 111 27 attached,
2026 2609 44 14 was
2078 2602 115 27 relatively
2203 2606 90 23 greater
2303 2602 54 22 than
2364 2603 49 21 that
2422 2604 25 21 of
2455 2604 37 22 the

1904 2627 131 23 Greenland
2044 2628 76 23 whale.
2150 2629 64 27 Now,
2226 2636 24 14 as
2260 2628 38 22 the
2305 2629 79 27 length
2391 2631 27 20 of
2427 2630 65 23 blade

1903 2654 44 22 still
1958 2655 23 21 in
1991 2663 14 14 a
2020 2659 64 24 great
2092 2663 101 15 measure
2204 2656 132 22 constitutes
2347 2656 38 22 the
2395 2657 64 22 value
2470 2658 26 21 of

1903 2681 27 22 of
1941 2681 36 23 the
1988 2683 118 21 substance
2114 2683 23 21 in
2148 2683 37 21 the
2196 2683 95 27 market,
2299 2683 38 22 the
2344 2683 79 22 baleen
2433 2685 58 22 from

1904 2708 37 22 the
1951 2709 71 22 South
2032 2710 53 21 Seas
2096 2709 80 23 should
2184 2709 58 23 have
2249 2710 57 22 been
2318 2718 62 14 more
2390 2711 102 22 valuable

1904 2735 53 21 than
1968 2735 48 22 that
2032 2737 57 21 from
2104 2737 35 21 the
2156 2737 67 21 north
2230 2744 5 20 ;
2260 2737 39 21 but
2314 2744 24 14 as
2353 2737 38 22 the
2405 2738 89 27 longest

1903 2761 65 23 blade
1978 2763 27 21 of
2016 2763 80 22 baleen
2106 2763 56 23 from
2173 2763 38 22 the
2228 2764 107 21 southern
2350 2765 141 27 hemisphere

1903 2789 86 22 seldom
2001 2790 96 22 exceeds
2112 2791 52 21 nine
2182 2791 53 26 feet,
2246 2791 35 26 he,
2285 2801 26 5 —
2313 2792 122 26 supposing
2444 2792 49 22 that

1903 2815 38 22 the
1950 2817 101 21 cranium
2062 2820 50 19 sent
2120 2822 23 17 to
2154 2817 62 22 Paris
2227 2824 44 15 was
2280 2818 47 22 that
2338 2824 24 15 or
2376 2825 29 14 an
2414 2818 63 23 adult
2484 2828 6 18 ;

1901 2853 29 5 —
1932 2843 124 22 concluded
2079 2844 48 21 that
2144 2844 39 21 the
2205 2844 91 22 balaena
2319 2845 109 22 antartica
2447 2853 44 15 was

1903 2871 163 27 consequently
2072 2878 13 14 a
2090 2871 89 22 smaller
2186 2872 84 27 species
2275 2872 5 21 !
2301 2872 45 21 But
2354 2872 43 21 Mr.
2405 2872 85 27 Editor,

1903 2904 24 14 as
1951 2897 11 21 I
1986 2897 49 22 fiud
2058 2897 50 23 that
2129 2905 57 15 even
2207 2903 105 22 amongst
2329 2898 38 22 the
2385 2899 106 27 practical

1902 2923 100 29 whalers,
2015 2924 38 22 the
2070 2925 79 22 baleen
2165 2925 19 21 is
2200 2925 132 22 considered
2348 2925 37 22 the
2400 2926 51 27 gills
2468 2926 26 23 of

1903 2950 37 22 the
1955 2951 43 22 fish
2005 2951 7 22 !
2035 2951 49 27 (the
2101 2955 100 19 creature
2217 2952 70 27 living
2303 2959 25 14 as
2343 2952 53 27 they
2407 2961 38 19 say
2460 2953 31 28 by

1900 2979 98 26 suction,)
2016 2978 12 21 I
2045 2979 56 22 shall
2118 2986 88 15 reserve
2217 2979 53 21 with
2286 2986 57 20 your
2356 2979 64 22 leave
2430 2987 61 15 some

1901 3004 99 23 remarks
2017 3012 30 15 on
2062 3005 38 22 the
2114 3013 110 19 economy
2240 3006 26 21 of
2284 3006 38 21 the
2338 3010 97 23 cetacea,
2452 3007 39 22 the

1901 3032 47 21 real
1957 3036 80 17 nature
2051 3032 46 22 and
2110 3039 52 15 uses
2171 3032 26 22 of
2208 3032 38 22 the
2263 3032 78 22 baleen
2357 3036 23 18 to
2395 3033 36 22 the
2448 3034 43 23 few

1901 3059 96 21 animals
2007 3059 73 22 which
2094 3067 87 20 possess
2197 3059 24 27 it,
2233 3059 46 22 and
2294 3060 71 21 above
2381 3060 36 27 all,
2428 3067 62 16 some

1900 3085 107 28 practical
2016 3086 100 21 remarks
2125 3093 31 14 on
2171 3086 37 21 the
2224 3086 125 27 possibility
2360 3086 26 22 of
2397 3088 92 26 turning

1900 3112 39 22 the
1954 3119 90 16 carcase
2060 3113 27 22 of
2101 3113 37 22 the
2155 3113 69 22 whale
2241 3113 33 26 (at
2289 3117 92 23 present
2395 3114 95 27 entiieiy

1899 3139 53 26 lost)
1963 3143 24 18 to
1997 3146 62 15 some
2073 3140 74 22 useful
2160 3147 114 21 purposes,
2285 3141 36 20 for
2336 3147 62 15 some
2414 3141 75 23 future

1900 3165 96 23 number
2005 3166 28 22 of
2042 3174 58 19 your
2103 3166 109 23 .valuable
2218 3166 99 27 journal.

2431 3194 30 23 K.

1926 3219 147 29 Wellington,
2085 3220 97 23 October
2190 3222 34 26 23,
2237 3222 61 21 1811.

1925 3278 52 21 Thb
1997 3278 112 21 Largest
2132 3280 113 20 Steamer
2270 3285 54 15 yet.
2325 3290 28 4 —
2353 3280 45 20 The
2424 3280 62 21 Great

1897 3305 99 21 Western
2006 3309 65 17 steam
2082 3307 47 26 ship
2139 3313 105 20 compauy
2253 3313 36 14 are
2298 3313 49 14 now
2357 3307 101 27 building,
2467 3311 19 17 at

1898 3333 87 25 Bristol,
2003 3333 106 27 England,
2125 3341 28 13 aa
2169 3335 48 19 irou
2233 3337 98 22 steamer,
2343 3335 35 20 for
2388 3335 35 21 the
2437 3335 49 21 New

1899 3360 59 21 York
1967 3361 67 25 trade,
2044 3362 68 20 which
2120 3362 19 20 it
2147 3362 18 20 is
2174 3362 45 20 said
2226 3362 43 20 will
2275 3362 26 20 be
2311 3362 37 20 the
2357 3363 78 25 largest
2440 3363 46 26 ship

1897 3394 49 14 ever
1958 3388 63 20 built.
2050 3389 40 21 We
2101 3389 45 20 find
2160 3390 36 20 the
2205 3389 109 26 following
2327 3391 124 25 particulars
2464 3391 22 19 in

1896 3415 90 21 relation
1997 3418 21 18 to
2030 3417 38 19 her
2081 3417 22 19 in
2113 3423 40 13 our
2165 3417 91 25 English
2270 3424 75 19 papers
2354 3425 5 12 :
2362 3428 28 4 —
2390 3417 41 21 She
2445 3418 41 20 will

1896 3443 88 26 register
1997 3444 66 20 about
2076 3445 63 23 3,000
2150 3447 56 21 tons,
2221 3444 40 20 but
2269 3445 39 19 her
2317 3445 70 20 actual
2397 3448 89 23 tonnage

1896 3471 43 19 will
1948 3471 76 21 exceed
2033 3471 73 24 3,6*00.
2132 3472 144 20 Animmense
2283 3473 74 25 saving
2365 3473 23 19 in
2396 3475 89 22 stowage

1896 3498 43 20 will
1951 3498 26 20 be
1987 3499 77 25 gained
2077 3499 22 20 in
2110 3504 144 21 consequence
2264 3500 25 20 of
2304 3499 35 21 the
2353 3500 99 25 adoption
2463 3499 23 21 of

1896 3526 48 20 iron
1953 3525 34 21 for
1996 3526 38 20 her
2044 3527 53 24 hull,
2108 3526 69 20 whilst
2186 3527 38 20 her
2235 3527 91 26 draught
2333 3527 24 20 of
2371 3530 63 17 water
2442 3527 44 19 will

1896 3553 25 20 be
1931 3553 159 27 comparitively
2100 3554 67 24 small,
2178 3554 69 26 owing
2262 3556 22 18 to
2298 3555 36 19 the
2347 3556 58 24 great
2418 3554 66 26 buoy*

1896 3586 54 21 ancy
1965 3581 110 26 possessed
2085 3582 28 25 by
2120 3581 53 20 irou'
2179 3582 85 21 vessels.
2295 3581 41 20 She
2349 3581 41 20 will
2409 3586 74 14 conse-

1895 3608 88 26 quently
1991 3608 26 19 be
2032 3608 46 21 able
2091 3611 23 18 to
2123 3615 61 20 carry
2193 3609 58 20 coals
2266 3608 125 26 sufficiently
2400 3607 38 20 for'
2445 3607 39 20 her

1896 3635 94 20 outward
2005 3636 43 19 and
2068 3636 117 20 homeward
2203 3642 104 20 passages.
2336 3636 41 19 She
2391 3634 21 20 is
2425 3636 22 18 to
2458 3635 25 20 be

1894 3662 109 27 propelled
2009 3663 28 25 by
2045 3663 87 20 Smith's
2140 3669 64 14 screw
2212 3664 112 26 propeller,
2332 3662 81 20 instead
2419 3661 24 20 of
2447 3662 36 20 the

1894 3695 98 15 common
2001 3690 76 26 paddle
2087 3691 82 20 wheels.
2200 3690 45 21 Her
2254 3690 86 25 engines
2350 3695 35 14 are
2394 3692 22 17 to
2426 3688 25 20 be
2459 3688 26 22 of

1895 3717 62 24 1,000
1967 3717 64 20 horse
2040 3724 76 20 power,
2131 3718 42 20 and
2183 3718 17 19 it
2214 3718 19 19 is
2243 3716 129 26 confidently
2381 3716 101 26 expected

1894 3744 35 20 the
1939 3750 87 20 average
2035 3751 78 20 voyage
2125 3751 72 14 across
2206 3746 37 19 the
2253 3744 93 20 Atlantic
2357 3742 40 21 will
2412 3743 26 20 be
2447 3749 34 14 re-

1892 3771 67 20 duced
1969 3774 22 18 to
2002 3773 35 19 ten
2044 3772 58 26 days.
2131 3772 42 20 She
2183 3772 42 19 will
2235 3777 59 19 carry
2300 3777 12 13 a
2324 3773 43 18 vast
2378 3770 73 26 spread
2458 3770 25 21 of

1892 3805 101 18 canvass,.
1997 3805 23 14 so
2031 3800 46 19 that
2091 3800 22 19 in
2121 3800 30 19 all
2160 3799 127 26 probability
2297 3798 36 20 the
2343 3798 85 25 engines
2440 3798 41 20 will

1890 3826 121 26 frequently
2019 3826 27 21 be
2056 3829 21 18 at
2087 3828 50 19 rest.
2165 3826 46 20 The
2223 3826 68 20 result
2300 3825 25 20 of
2337 3825 42 20 this
2388 3825 92 26 gigantic

1890 3853 130 26 experiment
2030 3854 42 19 will
2081 3854 26 20 be
2116 3854 75 19 looked
2202 3853 35 20 for
2246 3852 52 21 with
2310 3852 63 21 much
2383 3852 95 21 interest.

1890 3879 23 20 If
1924 3880 30 20 its
1970 3886 84 15 success
2065 3881 70 26 equals
2150 3880 35 20 the
2195 3880 102 26 sanguine
2311 3880 136 26 expectation
2458 3880 24 20 of

1889 3906 28 20 its
1926 3908 124 25 projectors,
2066 3909 58 19 other
2134 3909 100 18 steamers
2245 3908 40 19 will
2296 3907 144 21 undoubtedly
2453 3905 29 22 be'

1889 3934 142 27 immediately
2035 3934 134 22 constructed
2172 3941 29 15 on
2207 3935 38 21 the
2249 3941 55 14 same
2308 3934 58 27 plan.
2367 3944 27 5 —
2395 3935 83 21 Ameri-

1889 3967 39 14 can
1937 3962 78 23 Paper.

80 3083 50 25 The
148 3085 109 26 schooner
275 3086 69 24 Ariel
361 3088 89 23 arrived
470 3096 32 16 on
519 3088 112 33 Monday,

50 3113 77 35 having
137 3118 40 24 left
187 3119 117 25 Taranaki
317 3128 29 16 on
364 3121 86 31 Friday
464 3123 100 30 evening
577 3123 53 24 last.

52 3148 90 33 Captain
159 3152 103 31 Liardet,
285 3153 77 31 R.N.,
386 3162 63 17 came
469 3163 128 24 passenger
607 3158 24 22 in

50 3179 43 27 her.

79 3215 48 25 The
139 3226 91 25 surveys
243 3221 25 23 of
279 3220 38 25 the
328 3224 61 21 town
400 3222 45 23 and
456 3226 98 27 country
564 3223 66 24 lands

49 3253 40 19 was
99 3249 67 34 being
175 3254 135 30 prosecuted
319 3255 198 31 simultaneously.
552 3257 25 23 A
587 3257 43 24 few

51 3281 107 27 suburban
167 3285 65 26 lands
243 3287 46 24 had
295 3288 58 23 been
363 3288 106 25 selected.
506 3290 25 23 A
537 3290 93 30 general

50 3314 101 26 selection
158 3326 45 16 was
215 3324 22 20 to
249 3320 53 24 take
314 3321 65 32 place
389 3325 24 20 at
419 3330 30 15 an
459 3322 64 31 early
534 3323 61 24 date.

78 3347 74 27 When
159 3351 38 24 the
206 3353 70 24 Ariel
284 3354 48 29 left,
344 3354 39 24 the
393 3354 92 32 Repina
497 3355 46 24 had
551 3357 79 31 nearly

50 3379 124 35 discharged
185 3385 30 24 all
226 3386 41 24 her
278 3395 66 24 cargo
354 3397 7 20 ;
384 3389 24 23 in
429 3393 45 19 two
490 3389 57 31 days
566 3398 63 15 more

48 3412 17 24 it
74 3421 44 18 was
129 3419 111 31 supposed
250 3420 42 23 she
306 3421 75 24 would
396 3421 55 24 land
471 3430 69 24 every
563 3423 67 32 thing

49 3445 96 28 destined
155 3452 34 22 for
200 3452 125 25 Taranaki.

78 3480 70 33 Many
158 3485 25 22 of
192 3485 37 24 the
245 3487 91 24 settlers
350 3495 58 17 were
430 3488 159 32 disappointed
605 3495 23 19 at

46 3516 37 20 not
92 3514 81 34 having
184 3526 14 14 a
212 3520 61 29 good
287 3520 99 24 harbour
393 3530 6 20 ;
420 3527 40 26 yet
478 3523 55 30 they
548 3531 39 16 are
602 3532 25 15 so

46 3546 46 24 well
102 3548 88 31 pleased
200 3553 55 22 with
267 3553 37 24 the
315 3559 102 27 country,
437 3555 50 24 that
499 3556 43 23 few
553 3558 75 23 would

46 3578 26 23 be
82 3580 94 27 inclined
186 3588 22 20 to
224 3585 63 24 leave
299 3587 26 29 it,
346 3595 59 16 were
428 3588 39 24 the
487 3589 57 24 offer
561 3591 66 24 made

46 3611 63 25 them.

77 3645 23 24 It
110 3648 19 23 is
142 3650 70 24 stated
223 3651 50 24 that
287 3661 59 15 were
359 3653 74 32 heavy
444 3656 118 31 moorings
580 3657 46 24 laid

46 3677 66 32 down,
140 3681 61 33 large
226 3685 85 24 vessels
340 3687 66 23 could
427 3687 121 33 discharge
572 3698 54 17 con-

47 3712 107 33 veniently
175 3716 71 25 there.
286 3718 75 24 Small
376 3720 58 23 craft
450 3721 49 23 find
510 3723 116 24 sufficient

46 3743 79 26 shelter
135 3748 70 25 under
215 3750 38 24 the
265 3751 95 24 islands.

77 3777 49 25 The
135 3782 87 24 settlers
239 3788 24 19 at
278 3784 115 24 Taranaki
408 3786 59 23 have
484 3787 111 25 collected
612 3797 13 15 a

46 3814 49 27 ▼cry
105 3811 61 33 large
174 3816 95 24 number
286 3818 25 23 of
332 3819 52 30 pigs
404 3819 70 23 about
490 3819 71 30 them,
580 3822 45 23 and

46 3842 35 23 the
93 3845 61 30 place
162 3848 20 23 is
194 3849 49 24 «aid
253 3854 24 20 to
296 3850 29 25 be
342 3859 101 16 overrun
456 3852 94 29 already
570 3854 55 24 with

46 3880 67 22 goats.

76 3908 59 26 Both
147 3912 36 25 the
194 3915 90 24 settlers
295 3916 45 25 and
351 3918 87 23 nativei
453 3918 59 24 have
530 3919 93 31 planted

45 3946 13 15 a
66 3940 59 33 large
136 3948 100 31 quantity
246 3949 26 23 of
285 3954 111 27 potatoes,
408 3951 45 23 and
459 3951 20 23 it
485 3952 21 23 is
513 3953 109 30 expected

1492 1424 197 18 REMARKS

1295 1457 29 18 On
1334 1457 36 18 the
1377 1457 100 24 necessity
1490 1457 26 22 of
1523 1457 121 23 protecting
1661 1457 36 17 the
1711 1457 84 18 Female
1807 1457 73 18 Whale

1388 1482 42 21 and
1437 1483 38 20 her
1487 1482 113 26 Offspring,
1612 1482 26 25 by
1647 1482 136 26 Legislation.

1536 1515 45 22 No.
1590 1515 46 22 111.

1318 1569 49 22 Mr.
1383 1570 96 25 Editor,
1480 1580 29 5 —
1510 1569 67 22 From
1586 1569 30 22 all
1627 1570 117 27 enquiries,
1761 1570 18 22 it
1788 1577 94 21 appears

1292 1595 48 22 that
1349 1596 37 22 the
1673 1604 26 14 or
1711 1597 25 21 in
1753 1604 62 15 more
1833 1605 49 20 pre-

1293 1622 44 22 cise
1346 1627 75 23 terms,
1459 1624 35 21 the
1504 1624 82 20 various
1595 1624 105 25 positions
1708 1630 26 14 on
1749 1625 35 19 the
1794 1627 57 18 coast
1859 1625 23 25 of

1291 1651 52 19 Neio
1353 1651 93 20 Zealand
1454 1651 68 21 where
1527 1657 87 20 persons
1625 1652 50 19 have
1685 1651 122 21 established
1815 1653 66 19 them-

1289 1678 63 20 selves
1360 1679 26 24 by
1388 1679 128 25 purchasing
1521 1679 35 19 the
1563 1678 56 24 land,
1627 1685 25 13 or
1657 1680 115 25 otherwise,
1777 1679 61 26 from
1845 1681 35 19 the

1291 1705 123 26 Aborigines
1417 1707 41 24 for
1468 1707 36 20 the
1508 1712 90 20 purpose
1608 1706 27 25 of
1772 1714 37 14 are
1823 1710 57 18 esta-

1290 1732 132 23 blishments
1434 1733 71 23 which
1517 1733 99 21 demand
1629 1733 43 21 and
1683 1734 48 21 well
1741 1733 91 22 deserve
1844 1734 36 22 the

1290 1759 129 23 immediate
1428 1760 109 22 attention
1546 1760 26 21 of
1579 1759 162 23 Government.
1770 1761 65 21 More
1847 1768 33 14 es-

1290 1782 94 31 pecially
1392 1787 48 21 that
1445 1787 26 22 of
1478 1787 37 21 the
1522 1787 101 21 Colonial
1634 1787 162 27 Government,
1808 1787 72 22 which

1290 1809 79 25 should
1379 1814 92 22 without
1480 1820 29 15 an
1518 1813 75 22 hour's
1603 1813 66 28 delay
1678 1813 52 22 take
1740 1817 60 24 steps
1809 1817 22 19 to
1845 1822 35 14 as-

1290 1840 91 27 certain,
1390 1842 39 25 Ist,
1442 1841 38 22 the
1486 1840 96 22 number
1587 1840 26 21 of
1619 1841 94 21 stations
1722 1848 28 14 on
1759 1840 37 22 the
1805 1845 73 24 coast;

1290 1866 51 27 2nd,
1352 1867 37 22 the
1403 1867 77 22 claims
1488 1867 25 21 of
1525 1867 37 21 the
1570 1867 137 22 individuals
1715 1867 94 27 holding
1817 1868 62 22 these

1290 1893 94 23 stations
1389 1902 6 18 ;
1412 1895 43 21 and
1459 1894 47 27 3rd,
1515 1893 124 27 (wherever
1647 1897 16 18 it
1668 1894 19 21 is
1694 1894 142 27 practicable)
1843 1895 36 22 the

1289 1917 49 24 nitt
1346 1921 102 27 profit,or
1459 1922 24 21 in
1497 1921 65 21 other
1575 1921 78 26 words,
1664 1921 39 21 the
1717 1921 47 21 real
1779 1921 66 22 value
1857 1923 25 20 of

1289 1947 54 21 such
1351 1949 92 20 stations
1449 1952 23 17 to
1476 1947 38 22 the
1520 1947 90 22 holders
1617 1947 91 28 having,
1715 1955 25 14 or
1746 1949 134 27 pretending

1289 1976 22 18 t<!>
1322 1973 63 28 have,
1397 1982 15 14 a
1420 1975 59 27 right
1489 1975 26 21 of
1525 1979 106 22 property
1638 1974 96 22 therein.
1763 1975 59 22 Such
1830 1983 49 19 pre-

1289 1999 102 28 ifmiiiaiy
1415 2005 59 24 steps
1496 2001 46 21 and
1571 2006 139 22 consequent
1734 2001 144 22 information

1289 2027 72 21 would
1371 2031 24 18 at
1402 2034 55 16 once
1468 2027 80 23 enable
1558 2027 37 22 the
1607 2027 75 23 Home
1693 2027 154 23 Government
1856 2032 23 18 to

1289 2052 98 28 legislate
1397 2055 53 21 with
1457 2054 83 28 justice
1548 2057 22 19 to
1579 2053 30 23 all
1616 2055 84 27 parties
1705 2062 5 19 ;
1720 2054 45 22 and
1775 2055 11 21 I
1796 2055 44 21 feel
1845 2063 34 14 as-

1289 2080 64 22 sured
1361 2081 56 22 with
1426 2082 125 26 advantage
1561 2084 23 18 to
1593 2081 40 22 the
1643 2085 91 24 present
1745 2081 46 22 and
1803 2081 75 23 future

1289 2107 111 28 colonists,
1422 2107 72 23 which
1509 2115 82 21 appear
1607 2111 24 19 to
1645 2115 36 15 me
1694 2109 26 21 of
1730 2108 148 23 incalculable

1289 2137 85 16 extent.

1313 2161 47 22 The
1375 2161 115 22 condition
1505 2161 27 21 of
1548 2161 38 22 the
1601 2161 95 22 stations
1710 2162 68 27 (from
1795 2169 30 15 an
1840 2170 38 15 ex-

1287 2188 94 27 tremely
1389 2189 173 22 circumscribed
1572 2189 63 27 view,
1654 2188 11 22 I
1683 2188 87 29 admit,)
1786 2196 92 21 appears

1286 2217 23 19 to
1327 2222 36 15 me
1384 2218 23 19 to
1424 2218 91 25 present
1530 2223 14 14 a
1558 2215 87 28 picture
1661 2215 26 21 of
1704 2215 117 28 humanity
1836 2224 42 14 un-

1287 2242 102 27 equalled
1398 2242 35 22 for
1442 2243 78 21 honor
1530 2250 29 14 on
1570 2242 38 22 the
1618 2242 88 22 surface
1714 2243 27 21 of
1752 2243 38 21 the
1798 2243 66 27 globe
1872 2252 5 20 ;

1285 2268 40 22 but
1341 2269 79 28 laying
1438 2269 59 22 aside
1516 2269 126 26 altogether
1661 2269 38 22 the
1718 2269 160 29 demoralizing

1286 2295 70 28 effect,
1373 2297 46 20 and
1429 2296 11 22 I
1450 2295 81 23 should
1539 2304 47 19 say,
1597 2296 143 27 insuperable
1751 2297 127 23 difficulties

1285 2321 85 23 thrown
1379 2323 25 22 in
1415 2323 36 22 the
1461 2330 49 19 way
1520 2323 26 21 of
1556 2323 138 22 civilization
1708 2323 30 27 by
1752 2323 38 22 the
1800 2328 78 19 exten-

1285 2349 47 22 sion
1342 2349 26 22 of
1379 2350 54 22 such
1440 2349 130 23 collections
1578 2350 26 21 of
1609 2357 60 18 men,
1679 2357 60 20 upon
1747 2350 72 22 whose
1828 2359 50 19 pro-

1285 2376 103 28 ceedings
1398 2377 45 22 and
1450 2377 93 27 general
1553 2377 98 21 conduct
1662 2377 9 21 I
1683 2377 28 21 do
1720 2381 41 17 not
1775 2378 103 23 consider

1284 2404 83 26 myself
1379 2404 71 21 called
1459 2410 60 21 upon
1532 2407 22 18 to
1563 2404 51 26 give
1629 2411 30 14 an
1675 2404 100 27 opinion,
1791 2404 12 22 I
1819 2405 58 22 shall

1285 2431 87 21 confine
1382 2439 38 19 my
1429 2431 100 22 remarks
1538 2434 23 18 to
1572 2431 37 20 the
1619 2431 63 20 chief
1695 2431 74 27 object
1778 2431 27 22 of
1814 2432 63 23 these

1286 2458 208 25 communications,
1510 2458 52 26 viz.,
1658 2458 110 26 necessity
1783 2458 26 21 of
1826 2466 51 20 pro-

1285 2484 83 27 tecting
1379 2485 36 21 the
1424 2484 81 23 female
1515 2484 71 22 whale
1602 2484 46 21 and
1664 2484 40 22 her
1720 2484 108 29 offspring
1847 2486 28 28 by

1304 2537 52 26 .The
1372 2538 56 22 total
1442 2537 145 27 destruction,
1603 2545 26 14 or
1643 2540 23 19 at
1683 2537 28 22 all
1729 2541 85 24 events,
1833 2539 44 22 dis-

1283 2571 138 26 appearance
1431 2566 26 21 of
1468 2564 38 23 the
1516 2564 71 22 whale
1596 2564 59 22 from
1662 2564 37 22 the
1707 2569 72 18 coasts
1787 2566 25 21 of
1821 2566 55 23 New

1283 2592 99 22 Zealand
1391 2596 66 24 must,
1472 2592 25 22 in
1513 2599 13 14 a
1542 2599 56 19 very
1614 2592 62 21 short
1693 2592 83 27 period,
1795 2592 26 22 be
1838 2594 39 21 the

1283 2625 153 21 consequence
1447 2620 26 21 of
1484 2626 13 15 a
1508 2618 150 22 continuance
1675 2618 28 22 of
1718 2619 38 22 the
1774 2619 62 23 trade
1851 2628 25 15 as

1283 2652 49 15 now
1342 2646 87 22 carried
1438 2653 36 15 on.
1504 2645 66 22 Were
1580 2646 17 21 it
1603 2646 70 26 really
1681 2646 122 28 profitable,
1812 2647 63 22 there

1283 2672 73 23 would
1365 2673 28 22 be
1402 2673 44 22 less
1455 2679 67 16 cause
1532 2672 35 22 for
1576 2676 74 24 regret
1656 2680 5 18 ;
1676 2672 42 22 but
1727 2672 43 32 the,
1773 2674 70 27 trade,
1852 2681 24 16 as

1283 2706 49 15 now
1343 2700 87 22 carried
1446 2708 38 18 on,
1501 2700 19 21 is
1537 2700 34 21 far
1587 2700 58 21 from
1661 2700 68 26 being
1744 2700 117 27 profitable
1868 2710 7 19 ;

1283 2725 44 22 and
1335 2733 25 15 as
1370 2734 14 15 a
1393 2727 68 28 proof
1471 2726 27 22 of
1509 2726 79 26 which,
1598 2733 47 20 you
1654 2726 57 22 have
1729 2726 52 28 only
1798 2731 23 18 to
1837 2735 39 15 en-

1283 2753 61 26 quire
1353 2754 49 22 into
1413 2754 74 21 whose
1496 2752 73 23 hands
1580 2749 39 26 has
1632 2753 18 21 it
1666 2753 70 22 fallen
1743 2754 10 21 ?
1780 2754 23 22 A
1819 2754 57 23 New

1283 2779 99 23 Zealand
1399 2781 97 26 whaling
1511 2780 89 27 station,
1618 2787 25 14 as
1657 2782 23 19 at
1695 2782 84 24 present
1794 2783 82 21 consti-

1283 2806 62 22 tuted
1354 2808 94 21 consists
1457 2808 27 21 of
1495 2814 14 15 a
1518 2808 97 21 number
1626 2807 26 22 of
1663 2815 99 20 persons,
1769 2808 27 21 of
1803 2808 72 23 whom

1284 2837 39 18 not
1332 2841 12 14 a
1353 2834 43 22 few
1405 2841 87 21 possess
1502 2834 71 21 talent
1588 2834 46 21 and
1650 2841 91 21 energy,
1755 2834 47 23 and
1817 2836 57 28 who,

1283 2860 70 23 under
1363 2869 14 14 a
1385 2861 73 22 better
1471 2864 91 24 system,
1572 2861 75 22 would
1656 2862 81 21 realize
1744 2861 130 29 thousands,

1282 2887 85 22 instead
1382 2888 30 28 of,
1428 2896 24 15 as
1468 2891 24 20 at
1510 2892 97 24 present,
1628 2888 119 28 hundreds,
1765 2889 110 28 resulting

1282 2914 57 22 from
1349 2922 13 14 a
1371 2916 94 27 positive
1475 2918 68 19 waste
1554 2915 27 22 of
1591 2915 47 22 real
1654 2915 81 22 wealth
1750 2919 23 18 to
1790 2923 29 14 an
1836 2923 39 16 ex-

1283 2944 47 19 tent
1339 2942 80 28 which,
1429 2950 24 15 as
1462 2942 12 23 I
1485 2942 57 21 have
1552 2941 91 28 already
1653 2942 124 27 remarked,
1789 2942 19 22 it
1816 2950 59 15 were

1283 2968 92 23 difficult
1384 2972 23 19 to
1424 2969 115 27 calculate,
1569 2968 48 23 The
1634 2969 170 22 establishment
1819 2977 55 15 con-

1283 2994 48 23 sists
1346 2996 26 21 of
1389 2998 29 20 30
1434 3004 25 15 or
1473 2998 29 21 40
1518 3003 61 19 men,
1596 3003 63 15 more
1673 3003 26 14 or
1713 2996 57 27 less,,
1780 2996 52 22 with
1852 2998 25 21 of

1283 3029 75 15 course
1368 3030 62 15 some
1440 3029 43 17 one
1492 3026 24 18 at
1525 3022 59 23 their
1593 3022 59 23 head
1663 3022 56 28 who,
1727 3024 116 26 possessed
1852 3025 25 21 of

1283 3048 35 22 the
1328 3049 56 22 little
1395 3050 80 28 capital
1485 3050 104 27 required
1603 3053 24 18 to
1641 3053 56 19 start
1711 3049 39 23 the
1766 3057 109 21 necessary

1282 3075 69 23 whale
1360 3077 66 22 boats
1435 3078 45 21 and
1491 3076 151 28 implements,
1657 3076 98 23 receives
1771 3084 14 15 a
1801 3078 74 28 larger

1282 3102 63 23 share
1356 3103 25 22 of
1392 3104 39 22 the
1440 3103 64 29 spoil.
1533 3103 48 22 The
1591 3111 46 14 war
1647 3103 53 22 with
1713 3104 100 33 harpoon
1828 3105 46 22 and

1282 3129 62 22 lance
1354 3130 19 22 is
1382 3131 86 22 carried
1477 3138 38 15 on.
1517 3131 126 26 exclusively
1651 3131 88 27 against
1746 3131 37 22 the
1791 3131 82 23 female

1282 3156 81 29 whale;
1381 3158 45 21 and
1435 3158 59 22 what
1502 3158 20 22 is
1537 3157 146 28 particularly
1699 3157 135 29 distressing,
1850 3163 24 17 at

1282 3190 12 15 a
1303 3184 59 25 time,
1375 3184 64 22 when
1449 3186 59 20 from
1517 3184 30 22 all
1556 3184 109 22 recorded
1671 3184 65 28 facts,
1743 3184 38 22 the
1791 3184 82 23 female

1281 3212 105 21 mammal
1399 3215 60 19 must
1472 3211 29 22 be
1513 3212 25 21 in
1551 3212 38 21 the
1602 3219 56 19 very
1673 3215 68 18 worbt
1758 3212 113 22 condition

1280 3237 33 22 for
1322 3238 125 28 producing
1454 3239 24 21 in
1488 3241 98 25 greatest
1600 3238 134 22 abundance
1744 3238 63 22 those
1817 3240 54 21 arti-

1280 3264 44 21 cles
1332 3264 35 22 for
1377 3265 72 22 which
1459 3265 39 22 she
1508 3265 19 21 is
1537 3272 25 15 so
1579 3265 133 27 inhumanly
1729 3265 143 27 slaughtered

1276 3293 26 20 at
1311 3290 38 23 the
1358 3291 57 22 New
1426 3291 100 23 Zealand
1544 3291 99 28 whaling
1660 3292 100 26 stations,
1774 3293 51 26 viz.,
1841 3293 31 21 oil

1280 3317 43 22 and
1332 3318 87 22 baleen.
1448 3320 11 20 I
1471 3318 43 22 will
1524 3322 41 18 not
1573 3318 95 22 hesitate
1678 3321 23 19 to
1710 3325 39 21 say
1760 3318 49 22 that
1816 3320 55 22 time

1279 3344 43 22 will
1330 3352 71 20 prove
1410 3346 54 22 both
1473 3345 63 22 these
1546 3346 97 26 articles,
1661 3353 24 14 as
1699 3345 69 22 taken'
1781 3346 59 21 from
1857 3354 15 14 a

1279 3371 98 28 whaling
1393 3373 89 26 station,
1501 3372 26 22 of
1542 3372 95 22 inferior
1653 3372 86 28 quality
1748 3379 6 14 :
1774 3372 98 29 nothing

1278 3398 58 27 good
1345 3406 41 14 can
1398 3407 62 14 come
1471 3398 26 22 of
1508 3399 55 23 such
1576 3399 121 22 unnatural
1707 3398 164 24 combinations

1278 3425 44 22 and
1341 3426 130 22 collections
1490 3426 26 22 of
1532 3433 61 15 men.
1626 3426 48 22 The
1690 3426 87 22 limited
1792 3433 78 16 means

1278 3452 44 21 and
1332 3457 60 17 want
1407 3453 26 21 of
1443 3452 108 23 scientific
1569 3452 132 28 knowledge
1716 3453 26 21 of
1759 3452 37 23 the
1810 3453 60 23 indi-

1278 3478 84 22 viduals
1373 3480 108 27 engaged,
1492 3479 41 22 has
1547 3480 96 27 brought
1654 3479 36 22 the
1701 3479 97 28 whaling
1807 3481 63 22 trade

1278 3505 25 22 of
1313 3506 56 21 New
1389 3506 108 22 Zealand-
1508 3509 23 19 to
1549 3506 39 22 the
1607 3510 77 18 lowest
1703 3507 95 27 possible
1817 3508 51 22 ebb.

1277 3532 46 21 The
1338 3534 88 20 instinct
1439 3534 27 21 of
1476 3540 54 14 man
1546 3532 41 22 has
1603 3533 40 22 led
1658 3537 23 18 to
1697 3532 39 23 the
1752 3534 116 29 discovery

1277 3558 47 22 that
1333 3560 26 21 of
1370 3560 30 22 all
1409 3559 88 28 periods
1507 3560 63 22 when
1588 3559 39 22 the
1637 3560 71 22 whale
1725 3560 45 26 will
1779 3561 28 22 be
1817 3568 53 21 cap-

1276 3586 64 22 tured
1348 3587 55 22 with
1412 3589 43 21 less
1469 3586 47 22 risk
1532 3586 45 22 and
1591 3589 101 25 greatest
1706 3594 57 20 ease,
1774 3587 20 23 is
1803 3587 65 23 when

1276 3613 112 22 exhausted
1395 3614 53 22 with
1458 3613 135 28 developing
1600 3614 47 21 and
1657 3614 77 27 giving
1740 3615 58 21 birth
1807 3618 22 18 to
1838 3615 29 22 its

1276 3647 75 20 young
1367 3648 52 20 one,
1429 3641 46 22 and
1485 3640 49 22 that
1548 3640 105 22 affection
1664 3640 73 22 which
1746 3648 54 14 man
1813 3641 55 23 calls

1275 3667 97 28 instinct,
1377 3668 72 22 butof
1452 3666 72 23 which
1530 3669 37 19 the
1573 3667 85 21 human
1662 3674 50 15 race
1718 3668 150 28 occasionally

1276 3693 94 23 exhibits
1375 3694 39 22 the
1420 3695 53 26 only
1477 3694 127 27 exception,
1609 3694 19 21 is
1633 3697 118 24 strongest.
1770 3694 21 22 A
1796 3695 70 22 whale

1275 3723 35 18 not
1323 3720 160 29 accompanied
1494 3719 54 23 with
1562 3721 29 20 its
1602 3728 79 19 young
1693 3722 18 20 is
1725 3721 142 27 approached

1275 3747 52 22 with
1335 3753 65 22 great
1406 3748 97 26 caution,
1504 3758 30 5 —
1534 3747 54 27 they
1595 3754 38 14 are
1640 3751 39 23 apt
1685 3750 21 18 to
1712 3748 104 25 r«»,and
1827 3749 38 21 the

1275 3774 116 27 imperfect
1410 3774 131 27 machinery
1558 3774 127 27 employed,
1700 3774 72 21 added
1788 3778 22 17 to
1825 3775 40 21 the

1275 3800 83 28 danger
1367 3801 28 22 of
1404 3801 69 27 being
1482 3800 99 27 dragged
1589 3799 35 22 far
1638 3800 58 22 from
1706 3800 74 27 home,
1791 3800 73 23 deters

1275 3827 35 22 the
1318 3831 63 18 coast
1388 3828 83 22 whaler
1481 3827 135 27 attempting
1627 3826 37 22 the
1671 3830 98 24 capture.
1790 3827 73 22 When

1275 3854 35 21 the
1320 3854 71 22 whale
1402 3855 18 21 is
1436 3853 160 27 accompanied
1612 3853 53 22 with
1680 3853 28 22 its
1724 3860 77 20 young
1809 3861 52 21 one,

1273 3879 40 23 her
1322 3884 92 20 capture
1423 3880 19 22 is
1452 3879 69 28 easily
1531 3880 102 21 effected.
1662 3879 47 22 The
1724 3879 139 28 thoughtless

1273 3906 85 34 playful
1375 3907 44 21 cub
1434 3907 18 22 is
1475 3906 142 28 approached
1639 3906 53 22 with
1714 3911 57 22 ease,
1789 3907 46 21 and
1849 3915 14 14 a

1273 3939 98 22 naijpoon
1387 3934 25 22 is.
1423 3932 78 25 struck
1514 3933 49 21 into
1578 3932 50 22 that
1642 3935 51 25 part
1710 3933 27 22 of
1746 3932 39 23 the
1802 3934 59 27 body

1273 3958 70 24 which
1354 3960 133 28 experience
1497 3959 51 27 (not
1557 3959 143 28 knowledge)
1710 3959 41 23 has
1764 3960 47 22 told
1824 3960 37 23 the

701 904 48 22 The
760 905 48 22 first
818 906 70 21 Court
896 907 35 21 for
941 907 37 22 the
988 907 85 22 district
1084 908 26 22 of
1117 908 52 22 Port
1175 909 82 22 Nichol-

674 938 40 15 son
726 933 88 26 opened
823 940 29 14 on
861 933 111 28 Tuesday,
983 934 39 21 the
1032 934 53 22 19th
1101 936 105 28 October,
1216 944 41 20 pur-

674 962 66 18 suant
751 962 21 18 to
784 959 169 27 proclamation.

701 992 27 21 E.
739 992 115 26 Halswell,
866 993 61 28 Esq.,
935 994 182 29 Commissioner,
1128 996 91 22 entered
1230 997 37 23 the

675 1018 69 22 Court
761 1020 110 33 precisely
890 1024 22 18 at
930 1019 168 30 nine^Vclock,
1118 1023 85 28 having
1217 1032 50 21 pre-

674 1045 86 27 viously
772 1046 66 21 taken
850 1046 38 22 the
902 1047 52 22 oath
965 1047 24 21 of
1003 1047 71 28 office,
1087 1056 23 15 as
1124 1051 104 26 required
1238 1051 29 26 by

674 1071 37 22 the
727 1072 128 28 ordinance,
871 1074 76 22 before
963 1075 33 21 M.
1012 1075 102 28 Murphy
1135 1077 46 21 and
1199 1078 28 21 G.
1241 1078 25 22 F.

674 1098 105 28 Dawson,
791 1100 83 27 Esqrs.,
887 1103 42 19 two
946 1101 26 21 of
982 1101 42 23 her
1040 1102 119 29 Majesty's
1169 1104 98 22 Justices

673 1125 26 21 of
711 1125 37 22 the
758 1126 78 22 Peace.

700 1159 91 22 Several
803 1159 145 24 undefended
965 1169 61 15 cases
1041 1170 60 15 were
1116 1163 104 29 disposed
1236 1165 30 27 of,

673 1185 46 22 and
732 1185 103 29 disputed
854 1194 54 15 ones
923 1188 110 28 adjusted.
1072 1190 28 21 In
1117 1190 38 22 the
1174 1199 50 14 case
1244 1193 26 21 of

673 1213 81 26 Knight
764 1213 45 22 and
818 1214 66 25 Hair,
895 1215 87 26 against
997 1217 79 20 Robert
1092 1218 76 26 Ralph,
1180 1218 37 23 the
1229 1219 39 22 de-

673 1237 94 24 fendant
783 1241 109 22 admitted
910 1242 38 21 the
963 1242 73 29 claim,
1058 1244 45 22 and
1120 1246 107 26 appealed
1243 1249 23 19 to

673 1266 37 22 the
721 1267 70 22 Court
800 1268 34 21 for
844 1268 53 22 time
906 1277 5 18 ;
927 1269 40 22 but
981 1270 19 21 it
1017 1271 85 27 having
1118 1273 111 26 appeared
1242 1274 22 20 in

673 1294 114 27 evidence,
797 1294 49 22 that
852 1303 69 19 many
929 1296 148 27 applications
1083 1298 45 22 had
1135 1298 57 22 been
1201 1300 65 22 made

672 1320 29 27 by
717 1321 38 21 the
774 1321 107 27 plaintiffs
899 1323 35 21 for
943 1321 38 24 the
997 1328 115 24 payment,
1130 1326 74 21 which
1221 1327 45 22 had

671 1347 123 28 uniformly
810 1348 59 23 been
887 1353 47 18 met
955 1350 30 26 by
1004 1350 101 23 defiance
1128 1352 46 22 and
1195 1361 63 20 gross

673 1375 74 27 abuse,
755 1375 38 21 the
800 1376 69 21 Court
874 1376 90 22 refused
972 1380 21 18 to
1000 1382 68 23 grant
1074 1378 39 22 the
1121 1380 144 26 application*

671 1401 48 22 The
728 1405 95 18 amount
831 1409 46 16 was
887 1402 113 23 forthwith
1008 1405 53 27 paid
1071 1405 53 22 with
1134 1409 67 20 costs.

701 1429 34 20 W.
750 1430 27 19 B.
788 1430 83 21 Rhodes
885 1431 42 20 and
944 1432 42 26 Co.,
1002 1439 22 14 v.
1034 1434 75 24 Henry
1125 1434 111 26 Pignonet.
1237 1446 29 5 —

671 1455 47 22 The
728 1456 107 26 plaintiffs
852 1458 23 21 in
892 1458 42 22 this
950 1465 51 15 case
1017 1466 38 15 are
1071 1460 130 23 merchants
1216 1470 50 14 car-

671 1482 67 28 rying
752 1490 29 15 on
796 1483 103 23 business
913 1488 23 19 at
953 1486 97 28 Sydney,
1062 1486 40 26 (N.
1113 1487 21 21 S.
1153 1488 54 27 W.,)
1221 1489 44 23 and

672 1512 22 17 at
709 1508 145 30 Wellington,
867 1511 65 27 (New
947 1512 118 28 Zealand.)
1095 1513 47 22 The
1160 1516 45 21 suit
1219 1524 46 14 was

671 1536 97 27 brought
776 1540 24 19 to
808 1545 93 15 recover
909 1538 54 28 £2Q,
975 1539 37 22 the
1024 1544 94 18 amount
1132 1540 26 22 of
1169 1549 15 14 a
1192 1543 41 22 bill
1242 1545 27 21 of

672 1562 115 29 exchange
803 1564 77 23 drawn
889 1565 30 27 by
929 1566 38 21 the
983 1566 123 23 defendant
1123 1574 28 15 on
1166 1569 46 22 and
1228 1578 37 14 ac-

671 1590 80 27 cepted
771 1591 30 27 by
817 1592 62 22 John
899 1593 79 27 Bryce,
994 1593 75 22 which
1085 1594 45 22 had
1144 1595 60 23 been
1220 1597 45 22 dis-

671 1616 125 23 honoured.
824 1618 67 28 Upon
900 1619 93 28 hearing
1003 1620 38 22 the
1057 1623 122 21 statement
1189 1623 26 22 of
1226 1624 38 22 the

671 1642 113 29 plaintiffs,
797 1645 19 22 it
833 1646 113 27 appeared
963 1647 50 22 that
1031 1647 55 28 they
1102 1648 51 27 had,
1171 1650 95 23 without

672 1670 128 28 consulting
812 1671 38 22 the
866 1672 128 28 defendant,
1005 1675 104 21 renewed
1125 1675 91 28 Bryce's
1226 1686 39 14 ac-

671 1701 107 23 ceptance
784 1707 6 19 ;
805 1698 55 29 they
869 1700 135 22 themselves
1019 1700 101 29 drawing
1134 1710 15 14 a
1164 1711 50 15 new
1223 1705 41 22 bill

670 1731 61 20 upon
750 1725 80 27 Bryce,
850 1726 83 28 adding
947 1727 102 28 interest,
1068 1728 73 23 which
1158 1730 42 23 bill
1217 1739 47 15 was

671 1750 46 23 also
744 1750 158 30 dishonoured,
927 1754 46 22 and
999 1755 100 22 remains
1125 1758 138 23 unsatisfied.

670 1777 65 29 They
743 1786 51 16 now
803 1780 82 27 sought
894 1783 22 19 to
925 1788 93 15 recover
1030 1789 62 20 upon
1108 1782 38 23 the
1158 1784 50 22 first
1222 1785 41 23 bill

670 1804 56 23 from
738 1806 37 22 the
787 1806 91 27 drawer,
890 1807 37 22 the
934 1808 126 22 defendant
1069 1809 120 28 Pignonet.

696 1832 49 22 The
755 1833 93 23 learned
862 1834 120 22 Chairman
1000 1835 120 27 explained
1134 1837 39 22 the
1188 1839 43 22 law
1240 1839 27 22 of

671 1857 36 24 the
718 1867 57 20 case,
787 1860 44 23 and
841 1862 73 21 stated
928 1862 50 21 that
989 1862 110 28 although
1115 1864 22 22 in
1149 1872 30 14 an
1189 1866 74 22 infant

670 1886 82 28 colony
760 1888 19 21 it
788 1888 66 21 could
864 1891 41 19 not
918 1889 29 21 be
957 1889 110 27 expected
1083 1890 49 22 that
1146 1893 83 26 parties
1238 1894 24 22 in

671 1913 61 22 trade
742 1914 75 22 would
826 1915 28 21 be
864 1922 24 14 as
897 1918 87 19 correct
998 1916 24 21 in
1038 1916 39 22 the
1088 1918 65 22 mode
1163 1919 27 22 of
1201 1923 61 19 tran-

669 1940 88 28 sacting
765 1942 102 21 business
877 1949 25 14 as
915 1942 24 22 in
950 1942 37 22 the
1003 1943 202 31 mother-country,
1216 1947 47 22 and

668 1970 64 23 great
739 1968 135 27 indulgence
888 1969 73 21 would
977 1969 27 21 be
1021 1969 95 23 allowed
1131 1975 23 19 to
1168 1980 94 20 persons

666 1993 77 22 'where
757 1995 38 20 the
799 1996 124 20 -interests-
933 1996 28 20 of.
966 1996 84 20 -others
1068 2004 58 14 were
1143 2003 42 17 not
1201 2008 61 14 com-

668 2019 123 27 promised;
803 2020 158 28 nevertheless,
972 2021 20 22 if
998 2021 90 23 holders
1098 2023 26 22 of
1132 2023 53 24 bills
1195 2026 66 23 chose

669 2048 21 19 to
699 2045 51 22 take
760 2054 61 20 upon
836 2046 136 24 themselves
981 2051 23 18 to
1021 2050 116 26 negociate
1154 2053 54 21 with
1222 2054 39 22 the

669 2076 120 24 acceptors,
801 2074 46 21 and
859 2074 85 22 release
960 2074 61 23 third
1036 2077 90 27 parties,
1137 2078 55 29 they
1201 2085 61 18 must

668 2098 52 23 take
728 2099 39 22 the
779 2107 174 22 consequences.
981 2101 50 22 The
1041 2103 175 26 Commissioner
1224 2115 37 15 re-

668 2127 148 22 commended
826 2128 38 21 the
880 2128 106 27 plaintiffs
996 2131 23 19 to
1034 2130 115 24 withdraw
1159 2133 38 23 the
1207 2135 45 22 suit

667 2159 60 21 upon
737 2158 109 23 payment
855 2155 26 22 of
892 2158 65 19 costs.
1252 2151 6 12 '

695 2182 44 21 The
746 2187 63 21 same,
820 2189 21 15 v.
852 2183 57 20 John
917 2183 75 25 Bryce.
993 2194 30 5 —
1023 2183 55 23 This
1094 2185 43 23 suit
1147 2194 64 16 arose
1219 2192 41 19 out

667 2214 22 15 or
713 2209 38 21 the
769 2209 85 22 former
876 2210 145 22 transaction.
1059 2211 64 29 They
1145 2215 57 22 sued
1223 2216 37 22 for

666 2234 47 23 £26
730 2238 41 25 35.,
782 2239 95 19 amount
892 2237 26 21 of
928 2244 14 14 a
958 2237 40 22 bill
1014 2237 27 22 of
1053 2239 115 29 exchange
1181 2242 77 23 drawn

666 2262 29 27 by
705 2262 38 23 the
759 2263 108 27 plaintiffs
885 2264 45 21 and
944 2265 108 27 accepted
1066 2265 32 28 by
1113 2267 80 29 Bryce,
1212 2270 46 23 and

666 2292 40 18 not
720 2290 54 27 duly
788 2290 60 27 paid.
878 2291 29 21 In
924 2290 44 23 this
982 2299 52 15 case
1050 2292 54 28 also,
1122 2296 85 22 certain
1222 2297 36 22 in-

666 2315 87 24 dorsers
772 2316 46 23 had
832 2318 60 21 been
907 2317 101 23 released
1025 2319 24 21 in
1063 2327 155 22 consequence
1235 2324 26 23 of

665 2350 80 20 proper
761 2345 87 21 notices
861 2347 41 19 not
916 2345 85 27 having
1015 2345 59 23 been
1092 2347 66 26 given
1175 2350 27 21 of
1218 2350 39 23 the

665 2369 39 23 bill
709 2371 69 27 being
785 2371 156 22 dishonoured.
994 2372 13 22 I
1146 2376 38 22 the
1192 2378 65 22 Com-

665 2397 124 28 missioner,
881 2399 44 21 this
937 2398 40 22 bill
988 2399 19 22 is
1014 2401 108 27 accepted
1132 2403 45 22 and
1191 2405 66 22 made

664 2425 94 26 payable
777 2428 24 18 at
1021 2426 22 22 It
1061 2427 19 22 is
1100 2432 48 19 true
1167 2430 48 23 that
1234 2437 23 18 at

664 2455 90 22 present
762 2451 63 23 there
834 2453 20 21 is
871 2453 53 27 only
934 2460 43 15 one
991 2453 63 23 bank
1071 2459 24 17 at
1109 2456 146 30 Wellington,

664 2478 45 22 and
716 2478 20 22 it
744 2479 110 28 probably
863 2487 78 15 means
958 2480 38 22 the
1006 2480 88 24 branch
1104 2483 60 22 bank
1180 2476 28 31 o?
1217 2486 38 22 the

663 2504 77 23 Union
749 2505 66 23 Bank
825 2507 27 21 of
862 2507 114 22 Australia
983 2515 5 19 ;
1004 2507 41 22 but
1061 2508 18 21 it
1095 2509 18 22 is
1130 2514 41 19 not
1187 2520 14 14 a
1210 2514 45 21 suf-

663 2531 77 23 ficient
761 2533 148 28 designation.
970 2534 22 22 It
1019 2535 75 23 would
1117 2537 58 23 have
1197 2540 58 23 been

663 2566 14 14 a
695 2559 48 23 safe
770 2567 78 15 course
877 2564 24 18 to
927 2560 57 23 have
1007 2564 121 25 presented
1153 2565 38 23 the
1216 2568 39 22 bill

662 2586 54 22 both
740 2590 23 18 at
783 2587 39 21 the
847 2589 122 27 acceptor's
994 2588 117 24 residence
1136 2593 47 22 and
1208 2594 47 23 also

662 2615 23 19 at
709 2613 39 23 the
774 2613 73 23 Bank.
885 2615 11 21 I
915 2615 58 22 have
996 2615 70 23 heard
1091 2617 48 23 that
1160 2621 96 22 another

662 2640 60 22 bank
730 2648 44 14 was
782 2641 69 22 about
859 2645 24 18 to
894 2643 26 21 be
927 2642 136 23 established
1073 2643 60 29 here,
1144 2648 47 21 and
1201 2648 54 22 then

662 2667 54 22 such
727 2674 14 15 a
754 2668 141 27 designation
911 2669 75 22 would
1003 2671 110 27 certainly
1124 2672 28 23 be
1168 2674 87 23 insuffi-

662 2694 60 22 cient
728 2702 7 19 ;
750 2695 89 27 indeed,
850 2696 19 22 it
875 2699 84 19 cannot
967 2697 29 21 be
1006 2697 49 21 said
1066 2701 22 18 to
1099 2698 28 23 be
1137 2700 118 25 otherwise

662 2728 57 15 now.
749 2721 12 23 I
777 2721 71 23 heard
866 2725 22 19 to
904 2731 38 20 my
953 2723 104 28 surprise,
1074 2732 30 15 on
1120 2734 38 21 my
1174 2729 81 22 arrival

662 2747 59 28 here,
741 2749 50 21 that
806 2749 78 28 Davis,
900 2750 37 22 the
955 2752 76 20 native
1050 2752 140 30 missionary,
1211 2756 44 22 had

662 2775 75 23 ;€I2OO
751 2776 24 22 in
786 2777 128 27 sovereigns
923 2777 24 22 in
957 2777 39 22 the
1007 2778 73 22 Bank.
1110 2780 45 23 Mr.
1167 2783 88 26 Clarke,

662 2802 37 22 the
710 2803 121 27 Protector,
840 2803 111 28 however,
961 2805 122 27 explained
1093 2806 48 23 that
1151 2808 38 23 the
1200 2818 55 20 poor

662 2829 152 26 missionary's
829 2830 63 22 bank
908 2838 45 15 was
969 2836 24 17 at
1010 2831 40 22 the
1068 2834 48 22 side
1132 2836 27 21 of
1171 2844 14 14 a
1200 2838 55 22 road

661 2855 74 23 where
744 2856 30 22 he
784 2856 45 22 nad
842 2857 85 22 hidden
937 2858 36 21 his
987 2859 83 22 wealth
1079 2860 24 22 in
1114 2862 38 22 the

662 2882 41 22 We
713 2883 55 22 hear
777 2883 45 22 Mr.
833 2884 80 22 Clarke
928 2885 92 22 advised
1029 2885 47 22 him
1086 2890 23 19 to
1121 2889 50 22 take
1183 2890 73 24 better

662 2916 49 16 care
722 2910 27 22 of
761 2911 25 26 it,
795 2910 45 22 and
850 2918 56 20 very
913 2912 105 27 properly
1034 2913 54 22 took
1103 2915 83 29 charge
1196 2918 26 22 of
1236 2919 19 22 it

660 2936 96 28 himself,
767 2937 79 28 giving
854 2937 47 22 him
910 2945 29 15 an
947 2939 231 29 acknowledgement.

687 2963 74 28 Bryce
771 2964 109 22 admitted
890 2965 37 22 the
937 2966 67 21 claim
1014 2967 27 21 of
1047 2967 91 24 Rhodes
1149 2971 46 23 and
1206 2972 47 26 Co.,

660 2990 41 22 but
720 2991 69 22 asked
808 2991 34 22 for
861 2992 60 22 time.
950 2992 49 23 The
1019 2994 177 26 Commissioner
1215 2999 39 22 ob-

661 3017 80 22 served
747 3017 50 22 that
802 3017 28 22 he
838 3018 46 22 had
891 3026 29 15 no
929 3026 76 20 power
1011 3023 23 18 to
1042 3023 83 22 extend
1133 3024 37 22 the
1177 3026 78 26 period

662 3044 25 22 of
693 3048 109 24 payment
815 3045 91 27 beyond
914 3046 35 21 six
959 3047 98 23 months.
1086 3049 48 23 The
1144 3051 52 23 bills
1210 3053 45 23 had

661 3072 57 21 been
728 3079 55 14 over
792 3071 42 23 due
845 3072 91 28 already
951 3072 50 23 that
1016 3074 63 26 time,
1090 3077 44 22 and
1152 3078 18 22 it
1181 3080 74 22 would

661 3102 40 18 not
716 3099 30 21 be
761 3099 49 26 just
826 3102 22 18 to
868 3100 84 21 extend
967 3100 38 23 the
1024 3102 54 22 time
1096 3104 27 21 of
1136 3112 117 20 payment.

663 3125 89 22 Messrs.
760 3125 92 23 Rhodes
861 3126 46 22 and
922 3127 39 21 Co.
973 3128 84 22 offered
1071 3132 23 19 to
1110 3137 80 23 accept
1206 3135 47 22 £10

660 3156 96 28 prompt,
767 3153 53 22 with
835 3156 66 25 costs,
913 3154 45 21 and
975 3154 37 23 the
1021 3154 96 25 balance
1127 3162 22 18 to
1161 3160 29 22 be
1200 3161 53 26 paid

659 3187 24 14 in
707 3182 44 19 two
774 3179 98 23 months.
902 3180 61 23 With
987 3181 45 22 this
1054 3186 139 26 proposition
1214 3188 39 23 the

660 3206 70 22 Court
744 3207 130 27 concurred,
893 3207 44 22 and
954 3208 37 22 the
1008 3209 54 22 cash
1078 3218 45 15 was
1136 3213 117 25 forthwith

659 3233 60 27 paid.
