2540 4020
1915 3881 76 17 Printed
2004 3880 35 16 and
2053 3879 99 20 published
2169 3883 54 16 every
2241 3879 113 20 Wednesday
2371 3878 36 16 and
2418 3874 76 20 S»turd»J

1935 3902 90 18 morning,
2039 3900 24 20 by
2082 3900 86 16 Samuel
2182 3899 90 19 Rsvans,
2288 3901 20 14 at
2322 3899 32 17 the
2369 3899 55 16 Office
2439 3896 19 17 of
2468 3896 26 15 th«

1936 3923 50 18 New
2000 3922 97 15 Zealand
2108 3920 95 16 Gazette
2214 3924 42 13 and
2269 3920 136 17 Wellington
2421 3918 73 17 Spxcta-

1936 3948 44 14 tor,
1992 3942 158 18 Manneri-street,
2159 3940 116 22 Wellington,
2287 3941 44 17 Pert
2342 3939 104 19 Nicholson,
2457 3938 37 15 «•*

1936 3963 86 19 Zetland.

525 41 101 32 THE
645 41 113 32 NEW
775 40 231 33 ZEALAND
1024 40 228 33 GAZETTE
1270 40 104 33 AND
1392 39 333 34 WELLINGTON
1745 39 299 32 SPECTATOR.

1386 124 93 21 Union
1492 124 82 21 Bank
1587 123 32 21 of
1636 121 152 23 Australia.

1292 158 96 22 London
1405 157 94 27 Office,
1515 157 45 21 No.
1574 157 37 26 38,
1630 156 52 22 Old
1697 154 188 23 Broad-street.

1346 190 93 29 Capital,
1449 190 124 28 £800,000;
1593 189 56 28 paid
1656 196 39 21 up,
1710 187 120 27 £500,000.

1527 226 111 14 DIRECTORS
1644 227 5 13 :

1397 252 68 20 George
1472 251 40 17 Fife
1519 250 67 21 Angas,
1595 250 51 21 Esq.,

1396 272 69 17 Robert
1471 272 75 19 Brooks,
1557 271 50 19 Esq.,

1395 293 63 17 Jameg
1465 293 49 16 John
1522 292 101 18 Cummins,
1632 291 49 20 Esq.,

1396 314 69 17 Robert
1471 313 98 19 Gardener,
1581 312 50 21 Esq.,
1643 310 124 21 Manchester,

1395 334 49 17 John
1452 334 47 16 Gore
1515 334 49 19 Esq.,

1396 355 48 16 John
1451 354 82 17 William
1539 353 77 19 Buckle,
1622 353 50 21 Esq.,

1396 375 96 21 Benjamin
1499 375 22 17 E.
1528 374 64 19 Lindo,
1601 374 49 20 Esq.,

1396 397 73 16 Charles
1477 395 77 17 Edward
1561 395 90 20 Mangles,
1659 394 50 20 Esq.,

1395 416 117 21 Christopher
1519 416 85 19 Rawson,
1612 416 50 19 Esq.,
1674 413 82 20 Halifax,

1395 438 79 16 Thomas
1482 437 64 19 Sands,
1554 437 50 20 Esq.,
1611 434 102 23 Liverpool)

1395 459 63 16 James
1464 458 56 21 Bogle
1528 457 65 20 Smith,
1600 457 50 20 Esq.,

1395 480 63 16 James
1465 479 80 16 Ruddell
1552 478 57 20 Todd,
1617 478 43 20 Esq.

1289 499 87 17 Trustees
1381 505 5 12 :
1402 500 82 16 George
1494 499 58 17 Carb
1562 499 63 19 Gltn,
1637 499 49 20 Esq.,
1698 496 54 17 John
1762 496 63 19 Gohe,
1834 496 51 20 Esq.,

1279 520 2 21 |
1437 520 36 16 and
1480 520 68 16 James
1554 519 18 17 J.
1579 520 103 18 Cummins,
1691 517 44 20 Esq.

1317 541 82 17 Bankers
1404 547 5 11 :
1420 541 76 17 Messrs.
1504 541 60 19 Glyn,
1576 540 118 19 Hallipax,
1703 538 71 19 Mills,
1782 537 37 18 and
1826 537 32 18 Co.

1410 562 102 20 Secretary:
1524 562 85 16 Samuel
1615 561 96 17 Jackson,
1719 559 43 19 Esq.

1381 582 81 17 Colonial
1467 583 105 20 Inspector:
1584 581 18 18 J.
1610 582 20 17 C.
1636 581 105 18 M'Laben,
1749 579 43 21 Esq.

1279 629 2 18 I
1411 630 70 21 New
1499 630 126 20 Zealand
1642 627 117 23 Branch.

1289 656 54 17 Local
1350 656 92 18 Directors
1447 661 5 12 :
1467 656 48 17 Geo.
1527 656 18 16 S.
1556 656 74 18 Evans,
1644 656 49 21 Esq.,
1705 654 71 20 D.C.L.,
1788 653 37 17 and
1837 653 47 17 Gso.

1279 675 2 23 |
1512 677 92 19 Hunter,
1617 677 44 20 Esq.

1289 698 97 21 Manager:
1397 698 48 17 John
1453 697 74 20 Smith,
1535 698 49 19 Esq.,
1592 697 38 17 late
1637 698 21 16 of
1666 698 32 16 the
1705 694 119 18 Commercial
1830 695 56 17 Bank

1458 719 21 15 of
1488 718 90 20 England,
1589 718 124 16 Manchester.

1400 739 115 22 Branches
1525 741 24 20 at
1563 738 101 28 Sydney,

1564 765 92 22 llobart
1663 765 78 25 Town,

1564 792 153 26 l<aunceston,
1729 789 46 23 and

1279 817 2 29 i
1564 819 12 21 1
1584 821 36 20 ort
1630 818 82 28 Philip.

1290 846 54 22 Port
1352 846 132 28 Nicholson,
1496 845 80 23 March
1586 847 36 25 24,
1633 847 64 20 1840.

1279 899 2 24 !
1290 900 93 22 rTIHE
1398 900 117 22 Directors
1531 899 27 22 of
1571 899 42 22 the
1630 899 57 22 New
1703 896 102 23 Zealand
1819 897 68 23 Land

1297 921 30 27 _L
1365 928 117 27 Company
1496 926 86 28 hereby
1598 926 52 27 give
1666 925 84 25 notice,
1767 924 50 22 that
1831 924 55 28 they

1288 953 59 22 have
1353 961 114 15 effected
1477 961 31 14 an
1519 961 175 14 arrangement
1701 951 54 22 with
1762 951 38 22 the
1808 952 78 21 Union

1279 991 2 18 ;
1289 980 66 22 Bank
1369 981 26 21 of
1410 980 122 27 Australia,
1549 980 45 22 No.
1611 981 35 26 38,
1661 978 45 23 Old
1722 978 162 27 Broad-street,
1893 975 2 31 \

1289 1007 104 27 London,
1403 1008 34 21 for
1446 1007 39 21 the
1498 1006 172 23 establishment
1683 1006 27 22 of
1722 1012 14 15 a
1753 1004 133 23 BRANCH

1288 1034 91 22 BANK
1393 1034 35 22 IN
1442 1034 73 22 NEW
1529 1033 161 28 ZEALAND,
1704 1032 98 27 through
1812 1032 74 22 which

1289 1060 38 22 the
1336 1061 102 22 business
1450 1061 28 21 of
1490 1060 39 22 the
1545 1061 59 22 New
1620 1059 102 23 Zealand
1735 1059 67 22 Land
1819 1059 67 22 Com-

1288 1095 62 20 pany
1358 1088 46 22 will
1411 1088 29 21 be
1449 1087 136 23 transacted.
1614 1087 50 22 The
1679 1086 116 23 Directors
1811 1085 75 23 there-

1288 1114 49 22 fore
1346 1114 146 22 recommend
1500 1117 24 19 to
1541 1114 113 22 Colonists
1669 1114 39 21 the
1724 1113 79 22 Union
1819 1113 67 22 Bank

1289 1141 27 21 of
1334 1142 114 21 Australia
1466 1148 25 14 as
1508 1148 31 15 an
1563 1141 173 21 establishment
1757 1140 130 27 possessing

1289 1168 58 22 their
1364 1169 69 21 entire
1456 1168 140 26 confidence,
1616 1168 47 21 and
1681 1166 51 23 able
1750 1169 24 19 to
1791 1166 95 28 provide

1289 1195 126 27 effectually
1431 1195 35 22 for
1481 1195 39 21 the
1534 1194 109 22 financial
1657 1196 72 20 wants
1745 1193 27 22 of
1782 1193 39 22 the
1837 1193 50 23 first

1289 1222 135 22 settlement.

1457 1248 36 27 By
1503 1248 66 22 order
1578 1248 29 22 of
1616 1248 38 22 the
1665 1246 81 28 Board,

1536 1275 87 22 JOHN
1637 1274 106 26 WARD,
1759 1274 125 28 Secretary.

1289 1303 57 22 New
1355 1303 102 23 Zealand
1465 1302 67 22 Land
1541 1302 139 27 Company's
1687 1300 81 28 Office,

1317 1331 20 23 1.
1348 1331 161 25 Adam-street,
1520 1329 107 28 Adelphi,
1637 1329 55 22 27th
1701 1328 70 26 Aug.,
1781 1329 63 20 1839.

1279 1359 2 39 I
1297 1376 115 22 TAMES
1423 1375 129 22 BURTON
1564 1375 70 21 AND
1645 1373 84 27 SONS,
1741 1373 145 26 Millwrights

1289 1396 28 29 O
1341 1402 45 23 and
1402 1402 132 27 Engineers,
1546 1402 26 21 of
1583 1401 83 22 John's
1680 1399 75 28 Place,
1773 1399 114 23 Holland-

1289 1432 75 23 street,
1376 1429 139 27 Southwark,
1527 1429 105 26 London,
1642 1429 44 26 beg
1694 1427 65 22 leave
1769 1430 23 18 to
1801 1427 85 22 inform

1289 1456 122 27 capitalists
1420 1456 46 21 and
1475 1456 38 21 the
1523 1455 88 22 settlers
1620 1456 25 21 in
1661 1453 99 30 general,
1772 1453 50 22 that
1830 1453 56 28 they

1289 1491 44 14 can
1345 1484 29 21 be
1390 1483 102 27 supplied
1508 1489 30 16 on
1553 1483 118 21 moderate
1686 1486 70 18 terms
1771 1481 47 21 and
1832 1484 24 19 at
1872 1488 14 15 a

1279 1515 2 18 I
1289 1510 64 22 short
1365 1510 81 27 notice,
1457 1509 55 23 with
1521 1513 72 18 steam
1604 1510 94 26 engines
1708 1508 27 21 of
1746 1515 45 20 any
1800 1515 83 20 power,

1289 1536 66 23 horse
1366 1537 45 22 and
1419 1540 70 19 water
1497 1536 89 28 wheels,
1598 1536 61 22 wind
1666 1535 67 26 mills,
1744 1542 45 14 saw
1798 1535 48 21 and
1855 1535 30 22 oil

1289 1564 68 26 mills,
1374 1564 44 21 and
1434 1571 69 20 every
1517 1563 57 22 kind
1590 1563 28 22 of
1627 1563 51 22 mill
1691 1561 47 24 and
1752 1561 134 29 machinery

1289 1590 96 23 suitable
1394 1594 22 18 to
1427 1597 13 15 a
1451 1597 52 15 new
1518 1590 131 22 settlement
1655 1598 6 18 ;
1677 1589 72 23 either
1765 1589 119 27 complete,

1279 1612 2 16 '
1290 1625 25 14 or
1325 1618 39 21 the
1372 1618 49 21 iron
1432 1617 45 22 and
1491 1618 63 21 brass
1569 1617 71 26 work,
1651 1618 40 21 &c.
1708 1616 63 27 only,
1781 1615 72 28 ready
1861 1619 24 19 to

1289 1644 33 22 fix
1336 1648 24 18 to
1376 1644 37 22 the
1426 1644 72 28 wood,
1512 1644 54 21 with
1578 1644 104 27 working
1695 1643 119 26 drawings,
1830 1646 24 18 to
1871 1651 15 14 a

1289 1671 68 27 scale,
1368 1671 117 27 complete,
1496 1671 47 22 and
1555 1678 69 21 every
1632 1670 71 23 detail
1717 1669 47 22 and
1774 1670 110 21 direction

1289 1698 68 26 given
1367 1701 23 18 to
1401 1698 79 22 enable
1496 1697 39 22 the
1543 1699 124 26 purchaser
1681 1701 23 19 to
1719 1696 60 23 avail
1794 1696 96 22 himself

1289 1725 28 21 of
1327 1725 38 22 the
1374 1725 79 22 labour
1462 1728 23 18 to
1494 1724 30 23 be
1533 1725 73 22 found
1623 1732 29 15 on
1668 1724 39 23 the
1717 1727 57 24 spot,
1785 1723 56 23 both
1851 1724 35 22 for

1289 1752 94 27 making
1396 1752 39 21 the
1449 1759 122 19 necessary
1583 1752 106 27 framing,
1701 1750 47 22 and
1762 1750 36 23 for
1813 1750 72 28 fixing

1289 1778 38 22 the
1338 1778 137 28 machinery.
1505 1778 41 23 We
1556 1778 46 28 beg
1613 1779 48 22 also
1677 1782 24 19 to
1714 1777 44 22 call
1773 1778 112 22 attention

1289 1808 24 19 to
1323 1813 14 14 a
1345 1808 79 25 patent
1432 1805 102 28 portable
1544 1806 54 21 crab
1608 1806 27 21 of
1646 1812 41 15 our
1698 1811 50 15 own
1757 1804 126 28 invention,

1288 1832 68 23 made
1366 1836 23 18 to
1398 1832 76 23 attach
1483 1836 24 19 to
1517 1840 14 15 a
1540 1832 67 22 shear
1616 1832 38 27 leg
1661 1831 52 29 pole
1724 1839 26 14 or
1759 1835 55 24 tree,
1823 1834 23 19 to
1855 1832 29 22 be

1288 1859 57 22 used
1353 1859 53 22 with
1418 1859 80 22 blocks
1512 1859 45 22 and
1565 1859 71 23 fall—
1635 1860 19 21 it
1667 1860 19 21 is
1703 1858 88 28 getting
1805 1862 80 19 exten-

1288 1886 72 28 sively
1368 1886 47 22 into
1425 1893 41 16 use
1472 1886 31 28 by
1509 1886 101 23 builders
1620 1886 45 23 and
1673 1885 83 24 others.
1785 1886 23 21 It
1816 1886 19 21 is
1846 1886 40 22 ad-

1288 1913 97 28 mirably
1395 1913 96 29 adapted
1507 1914 36 21 for
1557 1921 14 14 a
1587 1921 52 15 new
1655 1914 90 26 colony,
1756 1920 25 14 as
1794 1912 20 22 it
1826 1913 21 22 is
1861 1916 25 19 at

1288 1947 57 16 once
1353 1940 101 28 portable
1464 1940 47 23 and
1519 1940 117 28 powerful,
1647 1940 47 23 and
1704 1947 41 14 can
1757 1939 28 23 be
1794 1940 91 28 applied

1288 1967 75 22 where
1372 1968 64 21 other
1445 1968 65 21 crabs
1526 1970 86 19 cannot
1621 1968 37 21 be.
1686 1966 24 23 It
1720 1966 47 22 will
1776 1966 52 23 take
1839 1974 46 20 any

1287 1994 80 26 length
1381 1994 26 20 of
1416 1994 49 26 fall,
1475 1994 47 20 and
1537 2001 54 19 may
1606 1994 29 21 be
1650 1993 138 25 disengaged
1799 1996 25 17 at
1837 2001 47 18 any

1287 2019 65 27 point
1362 2019 93 22 without
1463 2018 135 28 unwinding
1603 2019 25 27 it,
1637 2019 47 22 and
1691 2018 64 22 there
1764 2018 20 22 is
1792 2025 31 15 no
1832 2025 53 21 pos-

1287 2046 85 28 sibility
1396 2046 25 22 of
1440 2046 40 22 the
1506 2046 41 21 fall
1572 2046 155 26 overrunning
1746 2051 26 16 or
1796 2045 90 27 getting

1284 2073 110 27 jammed.
1412 2072 64 23 Each
1485 2076 52 24 part
1545 2072 46 23 will
1599 2073 29 22 be
1638 2080 25 15 so
1673 2071 112 27 carefully
1789 2072 97 23 marked

1287 2100 51 22 that
1345 2100 62 23 there
1416 2100 47 22 will
1475 2100 30 22 be
1520 2106 32 15 no
1567 2099 113 28 difficulty
1686 2100 26 21 in
1721 2099 93 27 putting
1822 2099 62 22 them

1287 2127 110 27 together,
1407 2126 47 23 and
1462 2126 39 23 the
1508 2126 73 23 whole
1590 2126 47 23 will
1646 2127 29 22 be
1684 2126 103 27 securely
1795 2126 91 26 packed

1287 2154 47 22 and
1348 2154 99 26 marked,
1458 2161 26 14 so
1496 2161 25 14 as
1533 2157 24 18 to
1571 2156 98 25 prevent
1684 2159 46 21 any
1739 2153 105 22 accident
1859 2161 27 14 or

1287 2181 96 22 mistake
1393 2188 30 15 on
1432 2181 40 22 the
1480 2187 87 21 voyage
1577 2189 6 19 ;
1599 2179 116 24 delivered
1721 2183 25 19 at
1759 2187 46 21 any
1813 2180 76 23 wharf

1287 2208 25 22 in
1322 2208 104 22 London.

1315 2235 45 22 For
1369 2234 115 23 reference
1493 2234 46 23 and
1555 2237 71 20 terms
1639 2234 69 28 apply
1716 2236 25 19 to
1757 2241 42 15 our
1807 2237 76 25 agent,

1287 2262 45 22 Mr.
1343 2262 80 28 Henry
1433 2262 49 27 Boy
1484 2264 47 25 ton,
1541 2261 124 28 Engineer,
1669 2260 150 28 Wellington,
1826 2261 59 23 New

1287 2288 109 23 Zealand.
1699 2317 184 5 ____^___

1397 2335 69 20 New
1480 2334 125 22 Zealand
1621 2335 152 26 Company.

1289 2368 93 28 HPHE
1398 2368 103 22 COURT
1516 2368 40 22 OF
1576 2367 179 23 DIRECTORS
1766 2367 40 22 OF
1818 2367 66 22 THE

1295 2385 31 32 JL
1364 2394 73 23 NEW
1456 2394 154 23 ZEALAND
1626 2394 155 24 COMPANY
1797 2394 87 28 hereby

1287 2422 52 27 give
1349 2422 81 26 notice,
1440 2422 52 22 that
1500 2422 56 27 they
1564 2422 61 22 have
1633 2421 107 24 reserved
1749 2421 36 22 for
1797 2421 48 22 sale
1859 2424 24 19 to

1287 2456 94 20 persons
1389 2449 100 22 resident
1496 2449 25 22 in
1531 2448 58 23 New
1606 2448 103 23 Zealand
1727 2455 26 15 or
1765 2448 40 22 the
1822 2450 62 21 Aus-

1287 2475 108 22 tralasian
1404 2476 113 28 Colonies,
1528 2478 44 20 two
1578 2476 106 23 hundred
1689 2475 27 24 of
1722 2475 38 22 the
1769 2475 113 22 thousand

1287 2502 129 23 allotments
1430 2502 133 23 mentioned
1578 2503 26 22 in
1618 2503 40 22 the
1673 2502 92 30 printed

1287 2530 36 22 for
1346 2529 113 22 Purchase
1477 2530 28 21 of
1646 2530 25 22 in
1688 2529 41 23 the
1745 2530 138 27 Company's

1288 2556 85 23 second
1383 2556 136 28 settlement,
1531 2557 97 27 bearing
1637 2557 52 22 date
1705 2556 59 22 New
1779 2556 104 23 Zealand

1289 2584 85 26 House,
1390 2583 52 22 15th
1458 2583 116 29 February
1589 2585 63 26 1841,
1668 2583 75 29 copies
1762 2583 28 22 of
1808 2583 74 22 which

1288 2617 54 21 may
1356 2610 29 22 be
1404 2610 108 22 obtained
1534 2614 25 18 at
1576 2610 40 23 the
1635 2610 247 27 Surveyor-General's

1288 2637 72 27 office,
1371 2636 147 28 Wellington.

1315 2664 73 22 These
1397 2665 41 21 200
1447 2664 140 22 allottments
1596 2664 60 22 have
1671 2664 60 22 been
1749 2663 95 22 entered
1857 2664 25 21 in

1288 2690 39 23 the
1335 2691 95 27 registry
1439 2690 27 23 of
1477 2690 150 33 applications
1635 2691 75 22 under
1718 2690 39 22 the
1774 2691 108 22 numbers

1287 2719 41 21 401
1340 2721 24 18 to
1379 2719 40 21 600
1437 2717 57 23 both
1506 2718 120 27 inclusive,
1646 2718 46 22 and
1710 2716 40 23 the
1767 2717 73 27 rights
1859 2718 28 21 of

1289 2744 78 23 choice
1373 2745 24 21 in
1405 2747 89 25 respect
1503 2744 26 22 of
1541 2744 39 22 the
1599 2744 50 22 said
1665 2744 109 23 numbers
1789 2744 47 22 will
1853 2744 29 22 be

1289 2772 141 22 determined
1437 2772 31 27 by
1476 2771 34 22 lot
1519 2771 24 23 in
1557 2771 108 28 England
1674 2779 25 16 as
1708 2771 25 22 in
1743 2770 40 23 the
1790 2778 53 16 case
1859 2772 28 21 of

1288 2799 32 21 all
1329 2798 38 22 the
1378 2798 63 22 other
1450 2798 138 23 allotments.

1325 2826 126 27 Intending
1473 2825 134 28 purchasers
1626 2826 26 22 of
1669 2825 65 23 these
1752 2824 131 24 allotments

1288 2855 62 19 must
1358 2852 87 27 deposit
1454 2852 39 22 the
1503 2852 72 23 whole
1589 2852 206 28 purchase-money
1811 2852 72 27 (£3OO

1288 2880 36 21 for
1332 2879 65 27 each)
1407 2880 49 21 into
1466 2886 46 21 any
1522 2880 26 21 of
1559 2879 40 23 the
1608 2880 60 22 local
1677 2878 113 24 branches
1806 2880 27 21 of
1844 2879 38 22 the

1289 2906 77 22 Union
1375 2906 65 22 Bank
1451 2906 26 22 of
1494 2906 118 22 Australia
1619 2914 6 19 ;
1641 2906 46 23 and
1705 2913 29 15 on
1751 2906 133 29 presenting

1289 2940 26 15 or
1324 2933 152 28 transmitting
1484 2936 24 19 to
1521 2933 39 22 the
1576 2933 138 29 Company's
1729 2933 77 27 acting
1820 2933 64 28 prin-

1288 2960 59 28 cipal
1355 2963 68 24 agent
1431 2960 25 22 in
1466 2962 58 20 New
1533 2960 109 28 Zealand,
1653 2964 25 19 at
1686 2960 55 24 Port
1748 2959 134 28 Nicholson,

1289 2994 30 15 an
1329 2987 195 28 acknowlegment
1529 2987 27 22 of
1561 2987 41 22 the
1608 2988 86 27 receipt
1700 2987 26 22 of
1731 2987 57 22 such
1795 2987 89 28 deposit

1287 3014 32 27 by
1328 3013 39 23 the
1376 3014 71 27 Bank,
1465 3013 40 23 the
1519 3013 121 29 depositor,
1655 3022 27 15 or
1694 3014 36 22 his
1745 3017 76 24 agent,
1837 3014 47 22 will

1288 3041 88 22 receive
1386 3041 58 22 from
1454 3040 40 23 the
1498 3041 137 28 Company's
1641 3042 49 22 said
1698 3041 111 28 principal
1815 3045 69 24 agent

1289 3075 14 15 a
1320 3067 89 23 written
1429 3068 137 22 declaration
1586 3069 28 21 of
1631 3069 39 22 the
1686 3067 99 24 number
1799 3068 26 22 in
1845 3068 38 23 the

1287 3095 98 27 registry
1393 3095 26 22 of
1430 3095 148 28 applications
1587 3096 107 22 awarded
1703 3098 22 18 to
1740 3095 57 22 such
1814 3095 70 28 depo-

1288 3121 61 27 sitor,
1360 3121 53 23 with
1423 3129 29 15 an
1459 3122 154 28 undertaking
1619 3126 24 18 to
1649 3123 85 23 deliver
1739 3121 39 23 the
1785 3122 99 22 sections

1288 3148 74 23 which
1372 3148 55 23 such
1435 3149 114 28 depositor
1559 3157 25 15 or
1592 3149 37 23 his
1638 3152 69 25 agent
1715 3156 55 20 may
1779 3149 70 23 select
1858 3149 25 22 in

1287 3178 90 23 respect
1386 3175 25 22 of
1422 3175 39 23 the
1470 3176 61 27 right
1541 3177 26 21 of
1578 3176 80 23 choice
1666 3175 82 28 falling
1762 3176 31 27 by
1809 3175 35 23 lot
1859 3179 24 20 to

1288 3207 57 17 such
1353 3203 96 21 number
1458 3202 24 22 in
1492 3203 39 22 the
1539 3203 104 28 registry.

1315 3229 49 22 The
1374 3230 105 22 numbers
1489 3231 24 21 in
1522 3230 38 22 the
1570 3231 98 27 registry
1681 3229 46 24 will
1735 3229 30 23 be
1778 3229 106 23 awarded

1288 3255 88 28 strictly
1385 3257 23 21 in
1418 3256 39 22 the
1467 3257 67 22 order
1543 3257 26 22 of
1579 3257 41 22 the
1629 3257 155 28 presentation
1793 3257 28 21 of
1827 3257 57 22 such

1289 3283 87 28 deposit
1385 3283 95 28 receipts
1490 3288 23 18 to
1522 3283 38 23 the
1571 3284 139 29 Company's
1716 3283 50 23 said
1772 3283 112 28 principal

1288 3313 77 24 agent.

1317 3337 27 21 In
1355 3344 50 15 case
1414 3336 99 27 deposits
1522 3337 83 23 should
1613 3337 29 23 be
1652 3337 67 23 made
1728 3337 36 22 for
1773 3344 14 14 a
1794 3340 90 24 greater

1287 3363 98 23 number
1395 3363 25 22 of
1434 3363 130 23 allotments
1577 3365 57 22 than
1651 3365 38 23 the
1705 3366 43 20 200
1763 3363 83 29 placed
1860 3367 24 19 at

1289 3390 38 22 the
1337 3390 96 27 disposal
1449 3391 28 21 of
1494 3391 39 22 the
1548 3391 138 28 Company's
1703 3394 71 24 agent
1786 3391 26 22 in
1825 3391 58 23 New

1288 3417 109 27 Zealand,
1414 3417 38 22 the
1464 3417 88 28 deposit
1559 3419 99 28 receipts
1666 3419 25 22 in
1701 3421 89 24 respect
1799 3417 27 22 of
1837 3425 47 20 any

1289 3443 56 23 such
1355 3447 63 19 extra
1428 3444 129 23 allotments
1565 3445 48 22 will
1623 3448 42 20 not
1673 3446 29 22 be
1711 3444 115 28 accepted,
1837 3445 47 21 and

1288 3471 39 22 the
1336 3470 73 23 whole
1418 3475 95 18 amount
1523 3472 27 22 of
1560 3471 39 23 the
1606 3472 89 28 deposit
1704 3471 46 22 will
1757 3471 28 22 be
1793 3474 91 19 return-

1289 3497 28 23 ed
1326 3501 24 19 to
1359 3497 38 22 the
1408 3497 121 28 depositor,
1542 3499 56 22 with
1606 3499 97 22 interest
1711 3501 23 19 at
1743 3497 39 22 the
1791 3501 94 19 current

1287 3527 50 19 rate
1356 3524 27 22 of
1401 3524 95 22 interest
1513 3532 30 15 on
1562 3525 100 28 deposits
1680 3524 96 24 allowed
1793 3525 32 27 by
1845 3524 39 23 the

1288 3551 79 22 Union
1376 3551 64 22 Bank
1450 3551 27 23 of
1488 3551 124 23 Australia.

1317 3578 37 22 No
1364 3577 87 28 deposit
1459 3579 97 27 receipts
1564 3579 48 22 will
1620 3579 29 22 be
1659 3577 108 27 accepted
1776 3577 59 23 after
1845 3577 39 22 the

1289 3605 137 27 Company's
1447 3605 120 28 principal'
1576 3608 71 24 agent
1663 3606 24 22 in
1706 3604 59 22 New
1783 3603 102 23 Zealand

1289 3631 59 23 shall
1356 3631 56 23 have
1421 3631 95 23 learned
1524 3632 51 22 that
1584 3633 40 21 the
1633 3631 102 27 drawing
1752 3630 26 22 of
1788 3631 44 21 lots
1849 3631 36 23 for

1289 3659 94 28 priority
1393 3659 25 21 of
1428 3658 85 28 choice,
1524 3658 41 23 has
1574 3658 70 22 taken
1656 3659 64 27 place
1734 3657 25 22 in
1770 3657 113 27 England.

1317 3685 24 22 It
1349 3685 20 22 is
1386 3685 115 28 expressly
1519 3685 129 33 stipulated,
1668 3685 49 22 that
1735 3683 32 23 all
1785 3683 99 29 deposits

1289 3712 47 23 and
1345 3711 146 33 applications
1498 3706 58 28 shall
1563 3712 30 21 be
1603 3712 67 22 made
1686 3711 88 26 subject
1789 3713 24 19 to
1828 3711 57 22 such

1289 3738 138 28 regulations
1436 3745 25 15 as
1470 3738 58 22 have
1537 3739 67 27 been,
1619 3746 25 14 or
1657 3745 54 20 may
1723 3737 114 23 hereafter
1847 3737 36 27 be,

1289 3766 67 22 made
1366 3765 31 30 by
1405 3765 39 22 the
1465 3765 125 28 Company,
1610 3765 37 22 for
1665 3765 38 22 the
1723 3763 98 27 disposal
1839 3764 47 22 and

1279 3791 2 33 j
1289 3793 56 21 final
1354 3792 100 27 delivery
1462 3792 25 22 of
1493 3791 147 29 preliminary
1649 3790 66 24 lands
1720 3791 25 23 in
1753 3791 39 22 the
1799 3791 86 23 second

1289 3819 136 23 settlement.

1398 3847 35 27 By
1443 3845 67 23 order
1519 3845 26 23 of
1556 3845 39 23 the
1606 3845 76 28 Court,

1537 3872 25 23 F.
1578 3873 94 22 Dillon
1686 3871 72 28 Bell,

1625 3900 118 27 Secretary
1753 3906 40 21 pro
1803 3901 55 21 tern.

1289 3926 58 23 New
1361 3925 100 24 Zealand
1471 3926 87 27 House,

1345 3953 104 28 London,
1460 3953 60 23 22nd
1530 3953 74 28 April,
1617 3954 62 22 1841.

54 127 181 26 ESTIMATE
258 127 46 25 OF
328 127 74 24 THE
426 126 186 24 PROBABLE
640 126 183 24 EXPENSES
845 126 44 24 OF
914 125 74 24 THE
1014 124 249 26 GOVERNMENT

31 160 31 22 X
343 160 45 23 OF
406 159 79 24 NEW
501 159 167 25 ZEALAND
687 159 70 23 FOR
776 159 73 24 ONE
866 158 106 25 YEAR.

1159 207 64 20 Total

605 235 103 21 Salarie:
838 235 161 26 Contingenciet.
1141 234 28 25 of
1178 234 51 20 each

1112 261 148 26 Department.

376 291 23 25 I.
417 291 73 25 THE
508 290 198 25 GOVERNOR
722 289 76 25 AND
814 289 125 26 JUDGE.

583 321 24 19 £.
663 326 17 12 a.
712 322 18 16 d.
849 321 23 18 £.
921 326 16 12 •.
970 320 17 18 d.
1117 319 24 19 £.
1191 325 16 13 s.
1243 320 18 16 d.

53 346 48 24 His
113 346 141 31 Excellency
266 345 38 24 the
318 345 130 29 Governor,-
464 361 58 8 ....
563 346 65 22 1200
664 346 17 21 0
717 346 15 21 0
772 360 25 8 ..

52 380 53 23 The
118 380 70 24 Chief
197 380 88 23 Justice
563 379 65 23 1000
662 379 18 21 O
717 379 14 22 0
771 393 7 8 .
788 393 9 8 .

1090 437 68 22 2200
1193 437 17 22 0
1244 437 15 21 0

416 470 36 24 11.
472 470 98 24 CIVIL
588 468 309 25 ESTABLISHMENT.

276 511 216 17 ESTABLISHMENT
509 511 33 16 OF
561 510 42 17 HIS
622 510 172 17 EXCELLENCY
812 510 52 16 THE
882 508 149 18 GOVERNOR.

50 538 94 24 Private
156 538 123 31 Secretary
581 538 48 22 150
664 538 18 21 0
717 538 15 21 0

50 571 196 31 Superintendant
269 571 26 23 of
312 571 39 23 the
371 571 158 23 Government

83 606 103 22 Domain
197 609 24 19 at
231 605 36 25 7s.
281 604 40 24 6d.
334 611 42 24 per
388 603 60 24 diem
464 619 58 8 ....
580 603 48 23 136
649 602 148 25 176..

49 638 98 30 Ranger
158 642 24 19 at
193 639 37 22 4s.
243 637 40 24 6d.
295 644 44 24 per
349 637 61 23 diem
596 637 32 22 82
664 637 17 21 2
717 636 15 22 6
771 651 8 7 .
789 651 8 7 .

50 670 174 31 Office-keeper
235 674 26 19 at
272 672 37 22 3s.
322 669 41 25 6d.
376 669 56 24 ditto
463 684 58 9 ....
595 670 33 22 63
649 668 31 25 17
717 669 15 22 6
771 684 8 7 .
789 684 7 7 .

48 704 54 23 One
115 703 119 24 Gardener
593 701 33 25 72
661 703 17 21 O
714 703 15 22 0

47 736 135 24 Labourers
772 750 7 8 .
790 750 7 7 .
837 736 48 22 500
920 735 17 22 0
972 734 16 22 0

49 769 92 32 Forage
151 769 37 24 for
200 769 64 24 three
281 769 82 23 horses
378 768 36 24 for
425 767 39 25 the
478 768 50 24 Go-

83 810 91 22 vernor,
184 803 46 23 and
241 810 43 15 one
295 802 37 23 for
344 802 92 23 Private
444 802 83 23 Secre-

82 841 60 26 tary,
155 840 24 20 at
191 838 37 22 2s.
241 835 39 25 6d.
293 842 43 25 per
346 835 62 23 diem
770 849 25 8 ..
837 834 47 23 182
904 834 32 22 10
970 834 16 22 0
1026 848 24 8 ..
1091 833 66 24 1187
1193 832 16 25 7
1244 832 15 22 6

372 874 146 17 EXECUTIVE
537 874 56 17 AND
613 873 171 18 LEGISLATIVE
802 873 134 17 COUNCILS.

49 901 73 25 Clerk
133 902 27 23 of
168 901 38 24 the
221 901 110 24 Councils
580 901 49 23 350
665 902 17 21 0
717 902 15 22 0
773 916 6 8 .
790 916 7 7 .
922 908 10 11 *

50 935 53 24 One
116 935 79 29 Clerk,
208 934 62 25 third
282 934 60 23 class
582 934 47 23 125
665 935 17 21 0
718 935 14 21 0
773 950 7 7 .
790 949 7 8 .

47 969 141 31 Messenger
596 966 32 26 70
664 969 17 21 O
717 968 15 22 0
772 982 7 8 .
789 983 8 7 .
1028 980 23 8 ..
1108 965 50 23 545
1193 966 18 21 O
1244 966 15 21 0

390 1007 130 17 COLONIAL
540 999 174 24 SECRETARY'S
731 1005 186 18 DEPARTMENT.

50 1034 106 24 Colonial
168 1035 121 30 Secretary
580 1034 50 22 600
665 1035 17 21 0
717 1035 81 21 0..

54 1068 71 23 Chief
132 1068 72 23 Clerk
579 1066 51 24 270
665 1068 17 21 O
717 1068 15 21 0
772 1082 25 8 ..

51 1101 93 29 Clerks,
164 1108 42 16 one
222 1105 24 19 at
257 1101 82 28 £200,
351 1107 42 16 one
412 1104 24 19 at
445 1100 82 28 £170,

85 1134 45 23 and
140 1138 45 20 two
196 1138 25 19 at
231 1135 71 23 £125
316 1133 57 24 each
579 1134 50 22 620
665 1135 17 20 0
717 1134 80 22 0..

48 1167 140 32 Messenger
597 1166 32 25 70
665 1168 17 20 0
717 1168 15 20 0
772 1182 7 7 .
790 1182 7 7 .
1028 1180 23 8 ..
1092 1164 67 23 1560
1194 1165 16 22 0
1244 1165 15 21 0

546 1205 80 17 AUDIT
645 1205 115 18 BRANCH.

49 1234 54 24 One
116 1234 79 29 Clerk,
208 1234 49 23 2nd
263 1233 60 23 class
579 1234 50 21 200
664 1234 18 21 0
717 1234 81 22 0..

50 1267 55 24 One
116 1267 65 30 ditto,
195 1267 43 25 3rd
249 1267 62 23 class
580 1267 48 22 125
664 1267 17 22 0
716 1267 15 22 0
770 1282 8 7 .
788 1282 9 7 .
1027 1280 6 8 .
1043 1279 8 7 .
1108 1265 49 22 325
1193 1265 17 21 0
1244 1265 15 21 0

506 1306 130 16 COLONIAL
654 1305 146 17 TREASURY.

49 1333 129 24 Treasurer
577 1333 50 23 600
663 1334 16 22 0
715 1334 81 22 0..

50 1367 54 23 One
113 1366 80 31 Clerk,
202 1367 48 24 2nd
264 1366 59 24 class
580 1368 49 21 200
664 1368 18 21 O
717 1367 15 22 0
772 1382 8 7 .
790 1382 7 7 .

50 1400 54 23 One
118 1400 65 29 ditto,
196 1400 44 24 3rd
252 1400 60 23 class
581 1401 47 21 125
664 1401 17 21 0
717 1401 80 21 0..

50 1433 54 23 One
116 1434 191 23 Sub-Treasurer
319 1437 24 19 at
354 1432 96 24 Russell
464 1448 58 8 ....
581 1434 47 21 100
664 1434 18 21 O
717 1434 15 21 0
772 1449 7 7 .
790 1448 7 7 .

50 1466 54 23 One
168 1467 57 24 ditto
294 1472 24 17 at
330 1466 58 24 Port
400 1465 129 24 Nicholson
581 1467 47 22 100
664 1467 134 22 00..
1028 1464 131 23 ..1125
1194 1465 66 21 00

594 1505 123 17 CUSTOMS.

591 1531 130 25 Auckland.

50 1566 117 24 Collector
580 1566 50 23 500
665 1568 17 21 0
718 1567 80 22 0..

48 1599 136 24 Additional
196 1604 23 19 to
230 1604 94 27 present
335 1599 80 24 holder
513 1615 10 7 -
581 1600 48 22 100
664 1600 133 22 00..
1028 1612 24 8 ..

50 1632 54 23 One
116 1632 72 24 Clerk
581 1634 48 21 150
665 1634 17 21 O
717 1634 15 20 0
773 1648 6 7 .
790 1647 8 8 .

50 1665 55 24 One
116 1666 111 31 Landing
238 1666 90 24 Waiter
340 1666 45 24 and
396 1665 60 25 Tide
466 1665 60 24 Sur-

83 1707 72 23 veyor
577 1700 50 22 200
663 1700 17 22 0
715 1700 80 22 0..

49 1732 55 24 One
116 1733 59 24 Tide
186 1733 89 24 Waiter
286 1732 46 24 and
344 1732 92 24 Locker
463 1748 59 8 ....
579 1733 49 22 150
663 1734 17 21 O
716 1733 15 22 0
771 1747 7 7 .
788 1747 8 7 .

49 1766 60 23 Five
120 1766 114 24 Boatmen
245 1771 24 19 at
280 1766 56 24 £60
348 1766 57 23 each
578 1766 50 23 300
663 1767 17 21 0
715 1767 80 21 0..

48 1798 140 34 Messenger
596 1799 32 24 70
664 1801 17 21 0
717 1800 15 22 0
772 1814 7 8 .
789 1814 8 7 .
1028 1812 24 8 ..
1093 1796 67 25 1470
1194 1797 17 22 0
1244 1797 15 21 0

603 1829 105 26 Russell.

49 1866 181 24 Sub-Collector
577 1866 50 23 200
663 1867 17 21 0
716 1867 80 21 0..

50 1900 54 24 One
116 1900 110 30 Landing
237 1899 90 24 Waiter
339 1898 45 25 and
395 1898 59 25 Tide
468 1898 60 25 Sur-

82 1941 71 23 veyor
577 1933 51 23 200
663 1933 17 22 0
715 1934 81 21 0..

49 1967 54 24 One
115 1966 59 24 Tide
185 1966 89 24 Waiter
286 1965 47 24 and
344 1965 93 24 Locker
464 1981 59 8 ....
580 1967 48 22 130
663 1968 17 21 O
716 1967 15 22 0
771 1980 7 8 .
788 1980 9 7 .

48 2000 60 23 Five
118 2000 122 28 Boatmen,
254 2004 24 18 at
288 1999 57 24 £60
356 1998 58 24 each
580 2001 49 21 300
664 2001 18 19 O
717 2000 15 20 0
772 2013 7 7 .
789 2013 8 7 .
1027 2011 6 7 .
1044 2010 7 8 .
1108 1996 50 22 830
1193 1996 16 21 0
1243 1997 16 20 O

548 2030 62 24 Port
621 2029 138 25 Nichclson.

48 2065 180 24 Sub-Collector
579 2066 49 22 200
664 2066 17 22 0
717 2066 80 22 0..

49 2098 55 25 One
115 2098 111 32 Landing
236 2098 91 24 Waiter
338 2097 45 24 and
394 2098 58 23 Tide
468 2097 59 24 Sur-

81 2140 71 23 veyor
579 2133 49 21 200
664 2133 17 21 0
717 2133 79 21 0..

48 2165 54 24 One
114 2165 59 24 Tide
184 2165 90 24 Waiter
285 2164 47 25 and
344 2164 91 25 Locker
462 2180 58 9 ....
579 2166 49 22 130
663 2166 17 22 0
715 2166 16 21 0
770 2180 8 7 .
788 2180 8 7 .

48 2199 60 23 Five
118 2198 122 30 Boatmen,
253 2203 24 19 at
287 2199 57 24 £60
353 2198 57 24 each
579 2199 49 23 300
663 2200 17 21 O
715 2199 17 21 0
772 2213 7 7 .
789 2213 8 7 .
1028 2211 5 7 .
1043 2211 7 7 .
1107 2196 51 22 830
1193 2196 17 22 0
1242 2196 16 22 0

558 2238 62 17 POST
646 2237 100 18 OFFICE.

585 2264 132 24 Auckland.

48 2299 145 24 Postmaster
579 2299 48 22 160
662 2299 18 22 0
715 2299 15 22 0
769 2312 26 8 ..

47 2332 54 24 One
114 2331 79 30 Clerk,
205 2331 45 25 3rd
262 2331 60 24 class
580 2333 48 22 125
664 2333 17 21 0
716 2332 15 22 0
771 2346 8 8 .
788 2345 9 8 .

47 2366 131 23 Gratuities
189 2369 24 19 to
225 2365 103 24 Masters
341 2365 26 24 of
377 2365 98 24 Vessels
490 2365 36 23 for

82 2406 143 24 conveyance
237 2398 25 24 of
272 2398 60 32 Ship
343 2398 93 24 Letters
464 2415 59 7 ....
771 2413 8 8 .
789 2413 8 7 .
853 2397 31 22 20
919 2398 18 21 O
971 2397 16 21 0

48 2432 141 31 Stationery,
211 2432 62 24 Mail
296 2432 60 31 Bag,
382 2431 46 24 and
451 2431 76 24 Office

82 2465 125 24 Furniture
770 2480 8 7 .
788 2479 8 8 .
853 2465 31 21 20
920 2464 17 22 0
971 2464 16 21 0

47 2499 175 24 Transmission
234 2498 26 24 of
269 2498 119 25 Overland
399 2498 72 25 Mails
497 2514 25 8 ..
772 2497 280 24 ..1000.,
1125 2497 33 21 50
1193 2497 66 22 00

532 2530 52 32 Bay
596 2530 30 32 of
634 2530 103 24 Islands.

542 2566 33 23 20
586 2572 41 24 per
640 2568 62 20 cent,
715 2571 30 16 on

46 2598 97 33 Deputy
155 2598 144 24 Postmaster
572 2597 143 25 collections.
770 2613 8 8 .
788 2613 8 9 .
853 2598 31 22 30
919 2598 18 21 O
971 2597 16 22 0
1028 2611 5 8 .
1043 2611 8 8 .

48 2632 129 24 Gratuities
186 2636 23 19 to
218 2632 102 24 Masters
328 2631 26 24 of
362 2631 107 30 Vessels,
481 2632 45 24 &c.
770 2646 27 9 ..
855 2631 29 22 15
920 2631 17 21 0
971 2630 17 22 0
1028 2644 23 8 ..

48 2666 141 31 Stationery,
201 2665 61 25 Mail
273 2666 61 31 Bag,
342 2664 37 24 &c
770 2679 25 9 ..
854 2665 30 22 10
918 2664 18 22 0
971 2664 15 22 0
1026 2678 24 8 ..
1124 2663 33 23 55
1192 2664 17 22 0
1244 2664 15 22 0

548 2697 61 24 Port
620 2697 138 25 Nicholson.

546 2733 33 22 20
590 2739 41 23 per
645 2735 61 20 cent,
720 2738 30 16 on

46 2765 96 32 Deputy
155 2766 144 23 Postmaster
572 2764 143 25 collections.
772 2780 7 8 .
790 2780 8 7 .
855 2765 32 22 50
921 2765 18 21 O
973 2764 16 22 0

47 2799 130 24 Gratuities
184 2803 23 19 to
217 2798 103 24 Masters
332 2798 25 23 of
365 2798 105 29 Vessels,
480 2798 43 24 &c.
770 2813 26 8 ..
853 2798 31 22 15
919 2798 18 21 O
971 2798 17 21 0
1028 2811 23 8 ..

48 2833 141 31 Stationery,
202 2832 60 24 Mail
273 2832 75 31 Bags,
361 2831 35 24 &c
769 2846 8 9 .
786 2846 9 9 .
868 2832 14 21 5
918 2831 17 22 0
969 2831 80 22 0..
1124 2828 34 27 70
1193 2831 17 22 0
1244 2831 15 22 0

586 2863 138 32 Hohianga.

546 2899 33 22 20
590 2905 41 23 per
644 2901 61 21 cent,
718 2904 30 17 on

47 2932 97 31 Deputy
155 2932 144 24 Postmaster
572 2930 141 25 collections.
770 2946 26 8 ..
854 2931 30 22 15
919 2930 18 23 0
971 2930 17 22 0
1028 2944 24 9 ..

49 2965 129 24 Gratuities
185 2969 22 20 to
220 2965 103 24 Masters
334 2965 25 23 of
367 2965 104 29 Vessels,
481 2965 43 24 &c.
770 2980 8 8 .
788 2979 8 8 .
870 2965 14 22 5
920 2964 17 22 0
971 2964 17 22 0

48 2999 141 30 Stationery,
202 2998 61 24 Mail
274 2999 75 30 Bags,
361 2998 37 24 &c
772 3013 26 9 ..
871 2997 181 23 500..

47 3032 175 24 Transmission
234 3032 26 23 of
269 3031 119 24 Overland
399 3031 74 25 Mails
496 3048 7 7 .
513 3048 7 8 .
769 3031 281 24 ..1500..
1124 3030 34 23 40
1193 3031 17 22 0
1244 3031 15 22 0

593 3063 125 25 Waimaie.

546 3100 34 22 20
590 3105 41 24 per
644 3102 62 20 cent,
720 3104 30 17 on

47 3132 96 31 Deputy
155 3132 144 23 Postmaster
572 3131 142 25 collections.
770 3147 7 7 .
788 3146 7 8 .
868 3132 15 21 5
919 3131 17 22 0
972 3131 16 22 0
1028 3145 7 8 .
1044 3145 8 8 .

48 3165 140 30 Stationery,
202 3165 60 23 Mail
273 3165 73 31 Bags,
363 3165 35 23 &c
771 3180 27 9 ..
870 3165 14 22 5
920 3165 18 22 0
972 3164 80 23 0..
1127 3164 33 23 10
1179 3165 32 22 10
1245 3165 15 22 0

593 3196 120 33 Kaipara,

546 3232 33 23 20
590 3239 42 23 per
644 3235 62 20 cent,
719 3238 30 16 on

47 3264 97 31 Deputy
156 3264 144 24 Postmaster
570 3264 142 24 collections.
769 3280 8 7 .
787 3280 8 7 .
868 3265 15 22 5
918 3264 18 23 0
971 3264 17 22 0
1028 3278 6 9 .
1044 3278 7 8 .

50 3297 129 24 Gratuities
186 3301 23 19 to
221 3297 103 24 Masters
332 3297 25 24 of
365 3297 106 30 Vessels,
480 3298 44 23 &c.
770 3313 9 8 .
788 3313 9 8 .
870 3298 14 22 5
920 3298 17 22 0
971 3298 17 21 0
1028 3312 6 8 .
1044 3311 7 9 .

49 3330 141 31 Stationery,
202 3330 60 24 Mail
273 3330 73 31 Bags,
359 3330 36 24 &c
771 3346 8 8 .
788 3346 9 8 .
870 3331 14 22 5
920 3331 17 22 0
971 3331 80 22 0..
1127 3330 31 23 15
1193 3331 18 22 0
1244 3331 15 22 0

262 3371 206 17 COMMISSIONERS
485 3371 52 17 FOR
555 3370 155 18 BXAMINING
727 3370 62 18 INTO
807 3369 89 18 TITLES
913 3369 33 17 TO
964 3369 80 17 LAND.

49 3396 54 24 One
116 3396 179 24 Commissioner
313 3401 25 20 at
353 3397 39 24 £2
410 3405 42 23 per
463 3396 61 25 diem
576 3398 50 25 730
661 3400 17 21 0
715 3400 80 21 0..

48 3429 59 25 Two
119 3429 56 23 ditto
188 3433 22 19 at
221 3429 36 24 £1
277 3431 53 23 10s.
344 3429 56 25 ditto
563 3432 64 23 1095
663 3433 17 21 0
717 3433 80 21 0..

48 3463 54 24 One
116 3462 79 29 Clerk,
206 3462 62 24 third
280 3462 59 24 class
579 3465 48 23 125
663 3466 17 21 0
716 3466 81 21 0..

47 3495 137 32 Travelling
199 3495 122 32 Expenses
769 3512 26 9 ..
835 3497 49 23 500
918 3497 18 22 0
970 3497 16 22 0
1026 3511 25 9 ..
1090 3496 68 24 2450
1193 3498 17 21 0
1244 3497 15 23 0

533 3537 131 18 COLONIAL
683 3536 91 19 STORE.

47 3562 170 31 Stoorekeeper
578 3565 50 22 250
663 3565 18 23 0
716 3565 81 22 0..

47 3596 54 23 One
115 3595 72 24 Clerk
199 3599 23 20 at
233 3596 37 23 6s.
282 3602 41 24 per
337 3595 59 24 diem
576 3598 49 23 109
646 3598 32 23 10
714 3598 83 22 0..

48 3629 54 24 One
115 3628 164 25 Store-Porter
290 3632 25 19 at
328 3630 36 22 ss.
376 3636 41 24 per
428 3628 90 24 diem..
592 3631 32 23 91
661 3632 16 22 5
713 3631 17 22 0
769 3644 26 8 ..
1025 3645 24 7 ..
1106 3629 52 23 450
1178 3629 31 24 15
1245 3630 14 22 0

416 3669 127 17 HARBOUR
560 3662 125 25 MASTER'S
704 3668 186 19 DEPARTMENT.

587 3695 132 25 Auckland.

47 3728 113 25 Harbour
170 3728 92 24 Master
577 3730 51 22 200
663 3731 17 22 0
716 3731 81 22 0..

47 3762 65 24 Four
123 3761 138 24 Coxswains
272 3764 24 20 at
307 3760 55 24 £69
375 3760 56 23 each
462 3776 58 8 ....
576 3762 51 25 276
662 3764 134 22 00..

47 3795 75 31 Eight
133 3795 114 24 Boatmen
259 3798 24 19 at
294 3794 55 23 £60
362 3793 56 23 each
577 3796 51 22 480
663 3797 17 21 0
716 3797 81 22 0..

48 3828 133 24 Conductor
191 3828 36 22 for
239 3826 83 31 Signal
334 3826 90 24 Station
595 3828 33 22 60
663 3830 18 20 0
716 3830 16 21 0
772 3843 25 9 ..
1028 3842 24 9 ..

548 3858 52 32 Bay
619 3859 31 31 of
661 3859 105 24 Islands.

47 3894 133 25 Conductor
189 3894 35 24 for
236 3892 83 33 Signal
332 3893 90 25 Station
593 3894 33 22 60
661 3895 17 21 0
713 3896 16 20 0
769 3909 26 9 ..
1026 3908 24 10 ..
1091 3892 67 27 1076
1193 3896 17 20 0
1244 3895 15 21 0

445 3951 47 30 (To
507 3951 27 24 be
548 3951 142 32 continued.)
1066 3953 101 28 12,374.
1195 3954 16 22 2
1244 3954 15 23 6

1916 120 181 28 /^VN'SALE,
2122 121 32 27 by
2179 121 39 22 the
2229 138 3 3 .
2241 122 156 28 undersigned
2403 131 36 14 :—

1939 175 15 20 2
1972 173 73 28 hhds.,
2064 174 132 28 containing
2214 181 13 16 a
2244 178 66 23 great
2327 176 87 28 variety
2433 177 27 22 of
2474 178 33 22 tin

1904 207 2 20 (
1914 207 66 20 ware,

1940 227 82 22 Brown
2032 229 66 25 stout,
2239 228 10 21 1
2296 228 91 23 Packed
2414 229 25 22 in
2467 230 40 23 red

1940 253 107 27 Paleale,
2244 258 13 29 y
2262 254 77 29 boxes,
2371 256 75 23 suited
2471 256 36 23 for

1941 280 76 22 Men's
2025 280 64 22 boots
2101 280 47 23 and
2160 280 72 30 shoes,
2239 277 10 32 J
2263 282 82 23 Native
2352 282 72 23 trade.

1941 306 66 28 Soap,

1940 332 108 23 Blankets
2049 344 28 5 —
2077 333 68 23 white
2155 334 45 23 and
2210 335 47 28 red,

1940 359 113 28 Clothing,

1940 386 83 22 Cotton
2031 386 79 32 prints,

1940 413 83 26 Sherry
2029 420 25 15 in
2065 416 92 24 quarter
2166 414 71 28 casks,

1940 435 214 27 Double-barrelled
2161 442 130 26 percussion
2301 449 66 21 guns,

1940 466 137 28 Negrohead
2086 467 102 22 tobacco.

2270 494 94 23 Samuel
2378 495 101 24 Revans.

1913 547 223 26 WHOLESALE
2165 549 127 24 PRICES
2326 550 180 26 CURRENT.

1985 587 133 16 CORRECTED
2133 588 30 15 UP
2178 588 29 15 TO
2220 588 88 15 FRIDAY
2322 589 112 15 EVENING.

2256 607 17 18 £
2295 613 16 12 •.
2336 608 18 17 d.
2409 608 18 18 £
2449 613 16 12 S.
2489 609 20 17 d.

1913 626 65 23 Ale:
1995 626 26 22 In
2030 627 78 28 bottle,
2123 628 117 28 perdoz..
2258 631 14 20 0
2288 630 27 21 13
2341 631 15 20 0
2373 644 19 6 ..
2411 632 15 19 0
2454 632 14 19 0
2494 632 14 19 0

2015 654 87 22 Elliot's
2109 662 42 20 per
2156 654 55 23 hhd.
2221 670 19 6 ..
2258 658 14 19 6
2300 658 15 19 0
2341 658 51 19 0..
2410 658 15 20 0
2453 658 14 20 0
2493 658 15 20 0

1914 679 100 22 Arrack
2021 687 6 14 :
2042 680 44 22 Per
2093 682 47 26 gal.
2150 682 24 21 in
2183 682 63 22 bond
2259 684 15 21 0
2300 684 15 20 2
2342 684 15 20 0
2373 697 7 7 .
2386 697 6 6 .
2411 685 14 20 0
2453 684 14 20 0
2493 687 15 20 0

1913 706 94 21 Bread:
2023 707 44 21 Per
2074 707 45 22 2lb.
2132 708 51 21 loaf
2195 723 47 6 ....
2260 711 15 20 0
2302 711 14 20 0
2342 711 15 20 6
2374 723 19 8 ..
2411 712 15 20 0
2454 712 13 20 0
2493 712 15 20 0

1913 733 76 22 Beef:
2004 733 76 28 Fresh,
2100 741 91 16 carcase
2206 742 41 20 per

2032 760 22 21 lb
2256 764 16 19 0
2300 763 12 20 0
2328 764 27 21 10
2372 776 19 8 ..
2409 765 16 20 0
2453 764 11 21 1
2493 765 14 20 0

2022 786 55 27 Salt,
2087 794 40 20 per
2141 788 70 21 tierce
2223 802 6 7 .
2237 802 5 7 .
2261 789 14 22 7
2301 792 16 19 0
2343 791 14 20 0
2374 804 7 7 .
2387 804 7 6 .
2413 792 15 20 0
2454 791 14 20 0
2495 792 14 19 0

2022 813 45 22 Do.
2077 821 40 20 per
2131 814 75 22 barrel
2222 829 6 6 .
2235 829 6 7 .
2260 817 14 20 5
2301 818 15 20 0
2343 817 15 20 0
2374 830 7 7 .
2387 830 6 7 .
2411 819 16 20 0
2454 818 14 20 0
2494 818 14 20 0

1914 839 95 22 Butter
2015 847 5 14 :
2036 839 66 28 Irish,
2112 848 42 20 per
2161 841 31 22 lb.
2223 856 7 7 .
2237 856 5 7 .
2261 844 15 20 0
2304 845 11 20 1
2343 844 15 19 9
2375 857 6 7 .
2387 857 7 7 .
2413 846 15 19 0
2454 844 14 21 2
2496 846 14 19 0

2035 867 70 22 Fresh
2261 871 16 20 0
2303 871 14 21 3
2343 871 16 20 6
2376 884 19 8 ..
2413 872 15 21 0
2455 872 14 20 0
2495 872 15 20 0

1914 893 99 22 Brandy
2018 901 6 14 :
2039 893 60 22 First
2105 894 94 28 quality,
2207 902 40 20 per

2064 921 77 26 gallon
2150 922 24 21 in
2185 922 62 22 bond
2260 924 15 21 0
2302 925 14 20 6
2343 924 15 21 0
2374 937 7 8 .
2387 937 7 7 .
2412 925 15 20 0
2454 924 14 21 9
2495 926 14 19 0

1914 946 88 23 Brown
2020 947 88 22 Stout:
2132 955 42 21 per
2187 948 54 23 hhd.
2256 950 14 20 5
2287 951 27 20 10
2340 952 14 19 0
2371 964 20 7 ..
2411 952 15 20 0
2453 952 14 19 0
2493 953 15 19 0

1915 974 99 22 Cigars:
2026 973 103 29 Manilla,
2138 982 41 20 per
2183 977 61 27 1000,
2260 978 97 21 3100
2373 991 19 7 ..
2411 978 16 21 4
2454 978 14 21 0
2494 980 15 19 0

2023 1001 98 22 Inferior
2259 1004 15 21 2
2301 1005 15 20 0
2342 1005 84 20 0..0
2453 1006 15 19 0
2495 1006 14 20 0

2023 1027 139 29 Havannah,
2167 1029 77 27 perlb.
2260 1032 14 19 0
2288 1031 27 21 12
2341 1032 16 20 0
2373 1044 19 7 ..
2411 1032 15 20 0
2453 1032 14 21 0
2493 1033 15 20 0

2023 1055 172 27 Chinsurahper
2200 1058 54 20 1000
2261 1058 10 20 1
2288 1058 26 20 15
2342 1059 50 20 0..
2411 1059 14 20 0
2453 1060 14 19 0
2493 1060 15 20 0

2021 1081 159 24 Alexandrian
2193 1098 47 7 ....
2259 1085 11 20 1
2287 1085 28 21 10
2341 1086 14 20 0
2373 1098 19 7 ..
2410 1086 15 20 0
2453 1086 14 21 0
2493 1087 15 20 0

1914 1108 89 22 Coffee
2009 1115 5 15 :
2025 1108 64 28 Java,
2101 1117 42 19 per
2150 1110 24 22 lb
2259 1112 15 21 0
2301 1112 15 21 0
2342 1113 15 20 0
2374 1126 6 7 .
2387 1125 6 7 .
2411 1113 15 20 0
2454 1113 11 20 1
2493 1114 15 19 3

1914 1135 92 22 Cheese
2012 1143 5 14 :
2032 1135 108 24 Cheshire
2259 1140 15 19 0
2301 1140 11 19 1
2341 1140 85 21 6..0
2453 1140 14 20 0
2494 1142 14 19 0

2031 1162 56 23 Pine
2096 1163 77 28 Apple
2194 1166 80 21 ....0
2301 1167 14 20 0
2341 1166 85 21 0..0
2454 1167 11 20 1
2493 1168 14 20 3

2030 1189 78 22 Dutch
2260 1193 14 21 0
2301 1194 14 20 0
2341 1194 16 20 0
2373 1206 19 8 ..
2411 1195 15 20 0
2453 1195 14 20 0
2494 1195 14 21 9

1915 1215 105 23 Candles
2027 1223 5 14 :
2039 1216 97 27 English
2142 1224 58 20 wax,
2207 1225 40 20 per

2058 1243 24 22 lb
2260 1246 14 21 0
2301 1244 28 23 3'
2341 1247 15 20 6
2373 1260 20 7 ..
2411 1248 16 21 0
2454 1248 14 21 0
2495 1249 13 20 0

2044 1269 83 24 Mould
2258 1274 15 19 0
2301 1274 12 20 1
2341 1274 85 21 0..0
2453 1276 15 19 0
2494 1277 14 19 0

2045 1296 58 28 Dips
2258 1301 14 20 0
2300 1301 14 20 0
2328 1300 63 21 10..
2410 1302 15 21 0
2453 1302 14 20 0
2493 1303 14 21 0

1915 1322 94 23 Flour:
2017 1324 34 21 Ist
2056 1324 94 28 quality,
2160 1332 42 20 per
2205 1328 39 19 ton

2037 1351 28 20 of
2073 1352 56 21 2000
2139 1351 35 23 lbs
2242 1354 30 21 26
2299 1354 15 21 0
2340 1354 15 21 0
2372 1355 53 21 ..28
2452 1356 15 19 0
2493 1357 14 20 0

2014 1376 47 23 2nd
2070 1377 56 22 ditto
2245 1380 28 21 25
2301 1382 14 19 0
2341 1382 16 20 0
2373 1395 19 7 ..
2411 1383 14 19 0
2453 1383 14 19 0
2493 1384 15 20 0

1915 1403 61 22 Gin:
1997 1403 52 23 Pale
2067 1404 23 23 in
2100 1405 63 22 bond
2259 1409 15 20 0
2300 1408 15 21 4
2341 1409 15 20 0
2373 1422 19 7 ..
2410 1410 15 20 0
2453 1409 14 20 6
2493 1411 12 18 0

1964 1431 63 26 Case,
2035 1432 14 21 4
2056 1432 36 26 gal
2101 1434 39 19 4-5
2148 1433 25 22 in
2182 1433 62 22 bond
2259 1435 11 20 1
2300 1435 14 20 8
2341 1436 14 19 0
2373 1449 6 7 .
2385 1449 7 7 .
2409 1437 16 19 0
2453 1436 12 19 0
2493 1439 14 19 o

1914 1456 71 23 Hams
1992 1465 6 14 :
2012 1458 131 28 Yorkshire,
2157 1467 41 21 per
2207 1460 23 23 lb
2239 1477 4 6 .
2259 1463 15 20 0
2301 1463 14 20 0
2341 1463 16 20 0
2373 1476 7 7 .
2386 1476 6 7 .
2411 1464 15 20 0
2454 1463 11 21 1
2493 1463 15 22 2

1914 1484 116 23 Mustard
2036 1493 6 14 :
2057 1486 44 22 Per
2110 1486 72 23 dozen
2195 1502 6 6 .
2208 1502 6 6 .
2222 1502 6 7 .
2235 1502 6 7 .
2261 1489 11 20 1
2303 1489 11 20 1
2342 1490 85 20 0..0
2454 1491 14 21 0
2495 1493 13 19 0

1914 1511 114 23 Mutton:
2049 1513 97 22 Carcase
2154 1521 41 21 per
2204 1514 24 22 lb
2239 1531 5 6 .
2259 1517 15 19 0
2300 1517 15 19 0
2341 1517 15 19 9
2373 1529 19 8 ..
2411 1517 15 21 0
2454 1518 13 20 0
2481 1519 24 21 11

1913 1538 124 23 Muskets:
2051 1539 96 24 Walnut
2153 1540 93 24 stocked
2260 1543 14 20 0
2301 1543 14 20 0
2341 1543 16 20 0
2373 1557 19 7 ..
2411 1545 15 19 0
2441 1545 26 20 15
2494 1547 14 19 0

1913 1565 80 23 Milk:
2009 1566 43 22 Per
2057 1567 50 27 pint
2259 1570 15 20 0
2301 1570 14 20 0
2341 1569 14 21 5
2373 1583 19 7 ..
2404 1572 22 20 .0
2453 1572 15 20 0
2493 1573 14 20 0

1914 1592 45 23 Oil
1965 1601 6 14 :
1988 1593 102 27 Linseed,
2100 1602 43 20 per
2150 1595 77 27 gallon
2238 1597 35 20 .0
2300 1596 14 20 5
2341 1597 15 20 0
2373 1611 7 7 .
2386 1611 6 7 .
2411 1599 15 19 0
2453 1597 15 22 7
2495 1601 13 19 0

1988 1620 77 28 Black,
2070 1621 23 22 in
2098 1621 176 29 cask,pertonl6
2301 1624 15 20 0
2343 1625 14 19 0
2374 1637 19 8 ..
2411 1625 16 20 0
2453 1626 15 20 0
2493 1627 14 19 0

2025 1648 79 26 Sperm
2243 1650 28 22 75
2299 1651 14 19 0
2341 1651 13 19 0
2371 1665 20 7 ..
2409 1651 14 21 0
2452 1652 13 20 0
2493 1653 12 19 0

1913 1673 79 23 Pork:
2005 1674 78 28 Fresh,
2100 1682 90 15 carcase
2206 1683 40 20 per

2030 1700 24 23 lb
2258 1705 14 20 0
2300 1705 15 21 0
2340 1705 16 21 4
2373 1718 19 8 ..
2409 1707 16 19 0
2453 1707 14 21 0
2493 1705 14 23 S

1913 1727 79 22 Pork:
2007 1728 66 27 Irish,
2084 1735 41 21 per
2133 1729 76 23 barrel
2220 1745 20 6 ..
2257 1731 15 21 5
2300 1732 14 21 0
2341 1733 83 21 0..5
2439 1733 28 21 10
2493 1735 14 21 0

1913 1754 132 23 Potatoes:
2065 1755 58 23 New
2136 1756 109 29 Zealand,

2089 1790 43 20 per
2140 1787 40 19 ton
2193 1799 47 7 ....
2258 1785 14 21 6
2300 1786 15 21 0
2341 1786 15 21 0
2372 1799 21 9 ..
2411 1788 14 20 8
2453 1789 14 20 0
2493 1789 14 21 0

1913 1808 96 23 Porter
2016 1817 6 14 :
2050 1808 105 29 Dunbar,
2166 1811 25 21 in
2197 1811 47 23 hot.

2081 1843 41 21 per
2131 1837 43 22 doz
2258 1840 15 20 0
2287 1839 27 21 13
2341 1840 84 22 0..0
2453 1843 14 20 0
2493 1843 14 20 0

2021 1862 88 29 Bryant
2119 1864 46 22 and
2173 1865 71 22 Davis
2258 1867 56 21 013
2341 1868 15 20 0
2373 1881 7 7 .
2385 1881 7 7 .
2411 1869 14 20 0
2453 1870 14 20 0
2493 1870 14 21 0

1913 1888 100 24 Pickles
2023 1897 5 15 :
2058 1890 120 29 Assorted,
2207 1900 40 19 per

2086 1917 59 27 doz.,
2169 1922 77 24 quarts
2261 1921 53 21 11
2343 1921 14 21 0
2374 1934 20 9 ..
2412 1923 15 21 0
2454 1923 14 21 0
2493 1924 14 20 0

1913 1943 75 23 Pitch
2000 1950 6 16 :
2036 1944 140 29 Stockholm,
2206 1953 41 21 per

2062 1971 74 22 barrel
2260 1975 14 21 0
2301 1975 15 21 0
2342 1976 15 20 0
2373 1989 20 7 ..
2412 1977 11 20 1
2441 1977 26 20 15
2494 1977 13 21 0

1913 1996 82 22 Plank
2002 2004 5 14 :
2033 1997 56 21 Port
2110 1998 134 28 Nicholson,

2061 2030 41 20 per
2111 2025 42 21 100
2161 2025 79 21 feet..
2258 2027 57 21 019
2341 2028 15 20 0
2373 2041 19 7 ..
2411 2029 12 20 1
2453 2029 11 21 1
2492 2031 14 19 0

1913 2048 70 23 Rice:
1997 2050 108 22 Common
2114 2058 43 20 per
2161 2055 50 19 cwt.
2222 2067 19 7 ..
2260 2055 14 19 0
2301 2055 14 19 0
2342 2055 51 20 0..
2411 2057 15 19 0
2453 2057 14 19 0
2493 2058 13 19 0

1995 2076 67 22 Good
2258 2082 14 20 o
2300 2081 14 21 0
2340 2083 52 20 0..
2409 2083 16 21 0
2452 2084 14 20 0
2491 2085 14 20 0

1913 2102 68 23 Rum:
1998 2103 24 23 P.
2032 2104 27 22 B.
2070 2104 34 27 P.,
2119 2112 41 19 per
2168 2105 77 28 gallon

2033 2131 26 22 in
2072 2131 64 23 bond
2258 2135 16 21 0
2300 2135 14 21 5
2341 2135 84 22 6..0
2453 2135 13 23 7
2491 2138 14 20 6

1913 2157 89 23 Sugar:
2017 2157 121 24 Mauritius
2147 2167 41 20 per
2195 2163 49 20 cwt.
2259 2163 15 19 0
2301 2163 14 20 0
2341 2163 15 20 0
2373 2176 19 7 ..
2411 2164 14 20 0
2453 2164 13 21 0
2492 2166 14 19 0

2021 2185 82 22 Brown
2260 2188 55 23 117
2341 2190 51 21 0..
2410 2191 15 21 0
2452 2192 14 19 0
2491 2192 14 21 0

2021 2211 98 24 Refined
2134 2213 54 28 loaf,
2206 2222 40 21 per

2047 2239 24 22 lb
2259 2244 15 20 0
2300 2244 15 20 0
2342 2241 14 24 7
2373 2257 19 7 ..
2411 2245 14 20 0
2453 2246 14 19 0
2492 2246 13 20 0

2021 2266 98 23 Manilla
2257 2271 15 20 0
2300 2271 14 20 0
2340 2271 51 20 0..
2409 2272 15 20 2
2451 2272 14 20 i
2491 2273 13 20 0

1913 2292 74 22 Salt:
2002 2292 127 31 Liverpool,
2139 2302 42 20 per
2188 2298 41 20 ton
2237 2312 5 7 .
2257 2297 15 22 3
2300 2298 14 21 0
2340 2298 15 21 0
2372 2311 20 8 ..
2409 2299 16 20 4
2452 2300 14 21 0
2491 2300 13 21 0

1913 2319 60 23 Soap
1981 2328 7 14 :
2014 2320 103 24 Hawes's
2139 2317 105 34 London,

2037 2355 43 20 per
2086 2351 40 20 ton
2243 2351 29 21 40
2299 2352 15 20 0
2340 2352 15 21 0
2372 2352 52 21 ..42
2452 2354 14 19 0
2491 2354 13 20 0

2030 2375 122 28 Liverpool
2243 2378 29 21 36
2300 2379 14 20 0
2341 2380 15 19 0
2372 2392 19 7 ..
2409 2380 16 20 0
2452 2380 12 19 0
2491 2382 12 19 0

1913 2400 103 24 Starch:
2032 2402 75 23 Perlb
2259 2406 14 20 0
2301 2406 14 21 0
2341 2406 51 20 9..
2411 2408 14 19 0
2454 2408 10 21 1
2491 2408 13 20 0

1912 2428 144 23 Scantling:
2072 2429 43 23 Per
2122 2432 42 21 100
2172 2431 69 22 feet..
2258 2434 15 19 0
2287 2432 28 22 17
2341 2434 15 19 0
2373 2446 19 7 ..
2410 2434 15 20 0
2439 2434 26 21 18
2491 2436 13 19 0

1912 2455 127 24 Shingles:
2055 2457 44 22 Per
2106 2459 62 27 1000,
2177 2458 30 23 N.
2216 2458 26 23 Z.
2258 2460 12 21 1
2300 2459 13 22 7
2340 2461 15 20 0
2371 2474 20 7 ..
2409 2462 15 19 0
2451 2462 14 20 0
2490 2462 13 20 0

2041 2483 72 29 Ditto,
2135 2485 29 22 V.
2174 2485 32 23 D.
2216 2486 26 23 L.
2256 2487 15 20 2
2298 2487 14 20 5
2340 2488 14 20 0
2371 2501 7 7 .
2385 2501 5 6 .
2409 2488 15 20 0
2451 2490 14 19 0
2489 2490 14 19 0

1910 2509 64 23 Tar:
1990 2510 54 23 Coal
2258 2514 11 21 1
2286 2514 27 20 15
2340 2515 15 20 0
2373 2528 19 7 ..
2410 2516 15 20 0
2453 2516 14 20 0
2491 2516 12 20 0

1995 2537 129 24 Stockholm
2260 2542 11 20 1
2287 2541 27 21 15
2341 2542 15 20 0
2373 2555 19 7 ..
2411 2542 14 21 0
2453 2543 13 20 0
2491 2543 12 20 0

1911 2563 62 23 Tea:
1992 2565 89 27 Hyson,
2089 2573 42 20 per
2141 2566 65 23 chest
2221 2582 20 6 ..
2259 2569 14 20 0
2300 2569 15 21 0
2341 2569 15 20 0
2373 2569 52 21 ..12
2439 2570 28 21 12
2491 2570 12 21 0

1910 2591 118 23 Tobacco:
2043 2592 145 29 Negrohead,
2206 2601 40 20 per

2069 2619 24 22 lb
2259 2623 15 20 0
2301 2622 12 21 1
2341 2622 14 21 3
2373 2636 19 7 ..
2411 2624 14 20 0
2453 2623 12 20 0
2492 2624 13 20 0

1910 2644 165 23 Turpentine:
2090 2646 45 22 Per
2139 2647 101 27 gallon..
2258 2650 15 20 0
2300 2650 14 20 8
2341 2650 15 20 0
2373 2662 19 7 ..
2411 2651 15 20 0
2453 2652 13 19 0
2491 2651 12 20 0

1910 2671 163 24 Whalebone:
2089 2673 45 22 Per
2141 2677 98 18 t0n....
2243 2676 29 20 90
2299 2677 15 20 0
2340 2677 15 20 0
2372 2690 19 6 ..
2409 2678 16 20 0
2451 2678 14 20 0
2490 2678 11 19 0

1910 2697 71 24 Wine
1988 2707 7 14 :
2009 2699 89 28 Sherry,
2108 2707 43 21 per
2158 2701 53 27 pipe
2220 2716 7 6 .
2234 2702 38 21 .28
2300 2704 14 19 0
2341 2704 15 20 0
2373 2704 52 20 ..40
2453 2706 13 19 0
2491 2704 12 21 0

2019 2726 72 28 Ditto,
2106 2734 42 21 per
2162 2728 80 23 dozen.
2258 2730 12 21 1
2298 2730 16 21 4
2340 2731 15 20 0
2371 2743 21 8 ..
2409 2731 16 21 2
2453 2732 13 21 0
2491 2732 12 20 0

1912 2779 121 24 Poultry:
2048 2780 81 28 Fowls,
2136 2789 42 20 per
2183 2782 61 28 pair.
2259 2785 15 20 0
2301 2784 14 21 8
2342 2785 15 20 0
2373 2798 20 6 ..
2411 2786 15 19 0
2440 2785 27 20 16
2491 2786 12 19 0

2046 2807 87 30 Ducks,
2145 2809 57 22 ditto
2221 2824 20 7 ..
2260 2812 11 19 1
2301 2812 14 20 0
2342 2812 15 20 0
2373 2825 20 7 ..
2412 2812 11 21 1
2441 2813 26 20 10
2491 2813 12 20 0

2048 2835 81 28 Geese,
2141 2836 58 22 ditto
2221 2839 52 20 ..2
2301 2839 14 20 0
2341 2839 15 20 0
2373 2852 19 7 ..
2411 2840 15 20 0
2453 2840 13 19 0
2491 2840 11 19 0

2047 2862 105 28 Turkeys
2259 2866 15 20 2
2301 2866 15 20 0
2342 2866 51 20 0..
2411 2867 16 20 0
2453 2867 14 20 0
2491 2866 11 20 0

2047 2888 107 29 Pigeons,
2164 2890 80 29 (wDd,)

2073 2924 42 20 per
2124 2917 51 29 pair
2195 2920 80 20 ....0
2302 2920 14 20 2
2343 2920 84 21 0..0
2453 2920 14 20 0
2491 2920 12 19 0

2047 2943 87 29 Ducks,
2143 2944 37 23 do.
2190 2945 52 22 do..
2261 2947 14 20 0
2302 2946 15 21 5
2343 2947 15 20 0
2375 2960 19 7 ..
2412 2948 15 20 0
2453 2948 14 19 0
2491 2947 12 20 0

1912 2969 62 24 Egos
1982 2978 7 15 :
2003 2970 44 23 Per
2056 2970 73 24 dozen
2261 2974 15 20 0
2303 2974 14 20 3
2343 2974 51 21 0..
2413 2975 14 21 0
2454 2975 13 20 0
2491 2973 12 21 0

1912 3024 78 23 Cows:
2005 3024 72 23 Milch
2246 3027 29 21 20
2302 3028 15 20 0
2343 3028 14 20 0
2374 3028 53 21 ..30
2453 3028 13 20 0
2489 3027 30 20 0*

1912 3051 97 23 Mares:
2024 3052 76 22 Brood
2244 3054 29 22 50
2300 3055 15 21 0
2341 3055 15 21 0
2373 3056 53 20 ..90
2452 3055 14 21 0
2489 3055 12 19 0

1912 3078 117 23 Working
2046 3079 135 23 Bullocks:
2202 3080 45 22 Per

1937 3106 53 27 pair
2246 3108 29 22 40
2302 3109 15 21 0
2343 3109 15 21 0
2374 3109 53 21 ..60
2453 3109 14 21 0
2490 3107 11 21 0

1912 3132 65 22 Hire
1988 3140 26 14 of
2024 3140 68 14 ditto
2100 3140 5 14 :
2121 3134 45 22 Per
2173 3134 52 27 day,
2234 3142 13 15 a

1938 3162 63 19 team
2009 3159 46 22 and
2062 3159 76 23 driver
2261 3162 11 21 1
2301 3163 16 21 0
2343 3163 15 21 0
2374 3175 20 8 ..
2411 3163 16 21 2
2453 3163 13 20 0
2489 3162 12 20 0

1912 3186 90 22 Sheep:
2016 3186 63 22 Each
2259 3189 11 22 1
2300 3190 15 21 6
2341 3190 16 21 0
2373 3203 19 7 ..
2412 3190 11 21 1
2439 3189 25 22 15
2488 3189 12 20 0

1912 3213 64 23 Boat
1987 3213 74 23 Hire:
2075 3214 45 22 Per
2124 3214 52 31 day,
2181 3214 65 23 with-

2103 3244 42 20 out
2154 3241 88 24 hands.
2258 3244 15 20 0
2287 3243 28 22 10
2341 3245 16 20 0
2373 3257 19 7 ..
2412 3243 11 22 1
2452 3244 13 20 0
2488 3242 12 20 0

1912 3294 88 23 Wages
2006 3301 6 16 :
2039 3294 142 29 Mechanics,
2207 3303 41 21 per

2067 3321 62 23 week
2260 3324 15 21 2
2289 3324 28 21 14
2343 3325 15 21 0
2375 3337 19 8 ..
2412 3325 14 20 3
2453 3324 12 20 6
2488 3323 12 20 0

2049 3348 129 23 Labourers
2194 3364 47 7 ....
2260 3351 12 21 1
2289 3351 27 21 10
2342 3352 15 20 0
2374 3365 20 7 ..
2413 3352 10 20 1
2439 3351 25 21 16
2488 3350 11 20 0

1933 3401 40 18 The
1984 3402 48 17 New
2042 3402 101 17 Zealand
2154 3403 92 16 Gazette
2253 3403 38 17 and
2301 3403 136 18 Wellington
2449 3403 49 16 Spec-

1912 3426 64 13 tator
1982 3423 17 17 is
2005 3423 96 20 published
2108 3428 56 17 every
2170 3424 116 21 Wednesday
2295 3425 38 16 and
2343 3425 95 22 Saturday.
2459 3423 39 17 Sub-

1909 3443 64 21 joined
1979 3448 31 13 are
2016 3444 31 16 the
2053 3445 67 16 terms:
2121 3452 24 4 —

1933 3464 65 17 Pbicx
2004 3469 24 12 of
2034 3469 41 12 the
2083 3465 98 16 Paper.—
2181 3464 56 23 Forty
2242 3465 85 22 shillings
2334 3471 33 16 per
2376 3470 75 16 annum,
2461 3468 37 18 pay-

1912 3485 39 17 able
1958 3485 20 17 in
1985 3485 80 17 advance
2070 3490 3 15 ;
2086 3490 20 12 or
2112 3490 36 12 one
2155 3486 77 22 shilling
2237 3487 28 16 for
2272 3487 60 21 tingle
2338 3488 92 16 numbers.

1932 3507 190 16 Advertisements.
2122 3515 24 3 —
2146 3506 33 17 Six
2187 3507 49 17 lines
2246 3508 38 17 and
2293 3508 66 20 under,
2370 3509 25 16 3s.
2403 3509 30 15 6d.
2438 3508 26 16 for
2469 3505 27 17 th«

1911 3527 40 17 first
1961 3527 95 20 insertion,
2067 3527 37 17 and
2115 3532 36 12 one
2161 3528 78 21 shilling
2243 3529 29 16 for
2278 3529 46 17 each
2330 3530 111 19 subsequent
2446 3528 52 16 inier-

1911 3548 39 16 tion
1955 3553 5 14 ;
1971 3548 48 16 from
2025 3548 29 16 six
2062 3549 19 16 to
2087 3549 32 16 ten
2126 3548 55 20 lines,
2187 3549 36 17 five
2232 3549 85 22 shillings
2327 3550 30 17 for
2366 3550 33 17 the
2409 3550 44 18 first,
2464 3546 31 18 tnd

1912 3573 33 12 one
1957 3568 75 21 shilling
2042 3569 37 17 and
2089 3568 89 23 sixpence
2187 3570 29 17 for
2227 3570 45 17 each
2282 3572 113 19 subsequent
2404 3568 91 18 insertion;

1912 3590 56 16 above
1978 3590 33 16 ten
2020 3589 53 20 lines,
2085 3590 36 17 five
2132 3590 86 22 shillings
2228 3591 29 17 for
2268 3591 32 17 ths
2310 3592 39 16 first
2359 3593 32 15 ten
2401 3591 53 18 lines,
2464 3588 31 17 tnd

1911 3610 98 21 fourpence
2015 3615 32 16 per
2052 3610 38 17 line
2096 3611 30 17 for
2132 3611 33 17 the
2172 3616 64 13 excess
2242 3612 22 17 of
2272 3612 41 17 that
2319 3612 77 17 number
2401 3617 3 16 ;
2416 3611 36 17 and
2458 3612 38 14 two-

1911 3635 57 17 pence
1974 3635 33 17 per
2012 3631 37 17 line
2056 3631 29 17 for
2091 3632 47 16 each
2144 3633 113 21 subsequent
2262 3633 97 17 insertion.

1933 3659 156 17 Advertisements
2095 3659 40 18 -will
2140 3661 34 15 not
2180 3665 67 17 appear
2256 3661 21 17 in
2288 3661 32 16 the
2329 3659 80 22 ensuing
2418 3658 77 18 number,

1912 3680 17 17 if
1936 3680 84 17 received
2025 3680 47 17 later
2079 3680 45 17 than
2137 3682 21 15 10
2164 3680 75 21 o'clock,
2246 3686 49 15 a.m.,
2303 3686 23 12 on
2334 3682 30 16 the
2371 3680 91 20 mornings
2468 3679 27 16 be-

1912 3701 37 17 fore
1963 3701 119 21 publication.
2103 3702 161 17 Advertisements
2277 3702 38 17 ■will
2326 3702 22 17 be
2359 3701 97 17 continued
2462 3697 31 19 tmd

1912 3722 80 20 charged
2001 3722 48 17 until
2058 3723 169 20 counter-ordered;
2239 3723 47 17 such
2291 3723 53 17 order
2350 3723 51 16 must
2406 3723 22 16 be
2435 3722 37 15 sent
2478 3720 15 15 t«

1913 3743 30 17 the
1953 3744 56 16 Office
2021 3744 37 16 two
2076 3744 44 20 days
2139 3744 62 16 before
2212 3744 119 21 publication,
2341 3743 38 17 and
2388 3744 50 16 must
2448 3742 19 16 be
2476 3740 17 16 in

1912 3763 81 21 writing.
2016 3764 158 17 Advertisements
2187 3765 83 17 received
2289 3765 52 21 after
2359 3765 21 16 10
2395 3762 65 18 o'clock
2473 3764 20 12 on

1913 3785 85 21 Tuesday
2010 3785 37 17 and
2057 3785 67 21 Friday
2134 3786 96 21 mornings
2241 3786 38 17 will
2289 3786 23 17 be
2322 3784 78 21 charged
2410 3783 50 18 twice
2467 3783 26 15 tot

1913 3806 54 16 usual
1973 3807 53 15 rates.

1934 3826 32 17 All
1971 3827 67 20 orders,
2049 3826 160 20 advertisements,
2220 3827 37 16 and
2267 3825 163 18 communications
2441 3826 18 14 to
2468 3823 27 16 to*

1914 3847 70 21 Editor,
1991 3852 29 12 are
2026 3847 98 21 requested
2129 3849 20 15 to
2156 3847 22 17 be
2184 3848 100 16 addressed
2289 3849 20 15 to
2315 3847 38 17 this
2359 3847 61 16 Office.
2476 3862 19 3 __
