2580 4079
772 1898 157 25 Wednesday,
941 1899 129 23 December
1086 1901 31 25 13,
1136 1901 36 21 184
1172 1901 23 21 S.

1312 133 76 23 ihursf
1393 131 121 31 seedlings,
1524 132 45 22 will
1578 132 28 23 be
1616 132 117 30 expended
1745 140 58 23 upon
1813 133 83 24 Auck-

1315 165 61 23 land.
1414 164 47 23 But
1472 165 21 22 if
1501 172 31 15 we
1543 172 59 15 were
1614 170 23 17 to
1654 165 29 22 be
1695 174 13 13 a
1719 166 87 22 convict
1816 166 81 23 settle-

1317 202 62 19 ment
1390 197 33 23 let
1434 198 19 22 it
1463 197 28 24 be
1502 197 79 31 openly
1594 197 110 29 declared,
1717 198 44 23 and
1773 198 84 31 though
1865 206 32 16 we

1316 237 53 24 may
1380 235 87 26 protest
1479 231 87 30 against
1583 231 56 22 such
1655 238 29 15 an
1696 236 35 18 act
1743 231 25 23 of
1783 231 113 31 injustice,

1315 264 31 22 let
1356 271 29 14 us
1397 262 58 23 have
1474 263 36 23 the
1522 264 153 30 opportunity,
1688 271 60 23 upon
1767 271 27 16 an
1806 264 91 23 avowed

1315 300 130 23 statement,
1458 296 25 23 of
1498 296 66 30 doing
1575 303 36 16 so.
1646 296 54 23 And
1712 297 19 23 if
1742 297 88 30 .justice
1843 304 54 24 may

1315 334 39 17 not
1365 328 95 32 prevail,
1473 329 31 23 let
1514 337 26 15 us
1552 334 42 18 not
1610 329 57 23 have
1677 329 117 30 seedlings,
1806 330 42 23 but
1860 330 37 23 the

1315 362 90 22 convict
1416 365 85 27 system
1512 363 22 22 in
1547 362 31 22 its
1588 361 43 24 full
1642 361 70 24 force.
1748 362 46 23 But
1806 370 32 16 we
1851 363 46 23 will

1315 399 39 18 not
1366 394 58 23 have
1436 394 25 28 it,
1474 394 20 23 if
1503 403 11 15 a
1526 394 173 24 determination
1710 400 21 18 to
1745 403 83 23 oppose
1839 396 58 23 such

1313 428 187 27 contamination,
1512 431 59 19 meet
1583 428 53 23 with
1653 428 29 22 its
1693 428 76 29 fitting
1778 436 101 16 success.

1348 459 45 24 We
1404 461 57 22 have
1472 461 80 22 looked
1561 468 52 16 over
1626 461 37 22 the
1673 459 118 24 Auckland
1799 459 97 25 Chroni-

1315 492 40 29 cle,
1369 492 38 24 the
1417 494 129 29 production
1557 494 26 22 of
1593 494 37 23 the
1639 493 124 23 Auckland
1772 494 124 31 Attorney-

1313 525 111 30 General,
1437 527 44 23 and
1493 526 43 23 like
1548 527 39 23 the
1600 534 51 16 man
1663 527 19 22 it
1699 528 19 21 is
1737 527 161 24 charlatanical

1316 558 148 31 throughout.

1348 591 51 24 The
1413 591 109 30 Hannah,
1534 593 39 23 the
1591 594 88 23 seizure
1700 594 25 22 of
1741 593 70 23 which
1824 595 72 22 vessel

1315 625 29 30 by
1355 633 14 15 a
1381 626 119 23 scoundrel
1513 627 82 23 named
1615 626 69 29 Ellis,
1697 626 69 31 lately
1777 631 83 19 master
1872 628 26 22 of

1315 658 37 23 the
1363 658 53 31 brig
1426 657 85 30 Lunar,
1523 659 55 31 long
1590 659 44 24 and
1645 667 33 16 we
1697 660 83 23 believe
1790 661 107 30 properly

1315 691 105 23 detained
1431 691 53 24 here
1503 692 27 31 by
1543 701 41 15 our
1604 693 45 23 late
1668 693 44 23 and
1734 693 84 30 worthy
1832 694 63 22 Sub-

1315 723 114 25 Collector
1440 724 27 24 of
1483 725 114 30 Customs,
1609 726 49 23 Mr.
1673 725 78 32 Hogg,
1764 726 71 24 under
1856 727 39 23 the

1314 756 83 32 charge
1409 758 26 23 of
1450 759 129 30 smuggling
1581 772 31 3 —
1613 759 41 23 has
1674 759 55 24 been
1749 760 107 30 captured
1874 764 23 18 at

1314 790 132 31 Tauranga,
1475 792 29 30 by
1527 792 98 30 Captain
1655 791 93 32 Rough,
1773 792 125 26 Harbour-,

1313 828 84 20 master
1409 824 25 23 of
1444 824 130 25 Auckland.
1610 825 44 24 We
1667 825 55 24 have
1734 830 39 19 not
1785 833 64 17 room
1860 826 36 24 for

1312 857 88 23 further
1412 857 131 31 particulars
1557 866 29 16 on
1598 859 38 23 the
1658 859 89 31 subject
1759 863 22 20 at
1791 864 102 26 present,

1313 890 39 23 but
1364 898 34 15 we
1417 898 53 22 may
1481 895 55 19 state
1559 891 98 31 Captain
1677 891 93 31 Rough,
1782 900 47 16 was
1842 892 53 24 des-

1312 923 98 32 patched
1428 923 31 31 by
1478 923 36 24 the
1542 923 158 25 Government
1719 933 29 15 on
1769 927 84 29 receipt
1874 925 24 24 of

1313 956 114 24 sufficient
1446 956 150 31 information,
1617 965 28 16 on
1665 958 69 24 board
1754 966 13 15 a
1785 958 111 25 schooner

1313 989 70 24 called
1403 989 40 24 the
1460 989 77 25 North
1566 989 64 31 Star,
1653 991 158 32 accompanied
1831 993 32 30 by
1883 1002 13 15 a

1312 1023 99 31 military
1429 1023 69 29 force,
1524 1024 45 24 ani
1591 1024 150 32 successfully
1762 1025 73 24 seized
1857 1026 39 24 the

1311 1054 110 31 Hannah,
1444 1057 63 23 while
1527 1057 38 24 the
1585 1058 132 31 ungrateful
1736 1058 77 24 villain
1834 1059 61 24 Ellis

1311 1096 44 17 was
1367 1097 30 16 on
1410 1090 70 23 board
1492 1090 41 23 and
1545 1092 25 21 in
1592 1091 82 31 charge
1687 1092 24 23 of
1725 1092 48 28 her,
1787 1092 73 24 either
1871 1099 25 17 at

1312 1130 24 16 or
1347 1123 23 23 in
1383 1122 40 24 the
1443 1123 184 32 neighbourhood
1644 1125 25 23 of
1684 1125 129 31 Tauranga.
1851 1127 44 23 We

1311 1156 55 23 have
1379 1164 30 16 no
1422 1156 70 25 doubt
1501 1157 28 24 he
1541 1157 46 24 will
1606 1159 87 23 receive
1705 1158 37 24 the
1754 1159 84 24 reward
1851 1160 44 24 due

1312 1194 21 18 to
1345 1189 36 23 his
1394 1194 78 19 recent
1484 1190 73 29 deeds,
1569 1191 66 24 when
1657 1191 99 32 brought
1767 1192 75 24 before
1856 1194 39 23 the

1311 1231 81 22 proper
1406 1223 104 25 tribunal.

1344 1256 51 23 The
1408 1256 117 24 Manakau
1537 1257 119 32 Company
1665 1258 56 25 have
1734 1261 126 23 succeeded
1869 1261 23 23 in

1311 1289 109 31 inducing
1430 1290 37 23 the
1479 1290 101 24 Colonial
1592 1292 74 23 Office
1679 1297 22 19 to
1714 1292 61 31 place
1787 1293 62 24 them
1862 1303 27 14 on

1311 1322 36 24 the
1360 1330 63 16 same
1443 1323 85 32 footing
1546 1332 25 16 as
1592 1325 37 23 the
1642 1325 56 24 New
1711 1326 99 24 Zealand
1823 1328 70 23 Com-

1311 1364 68 23 pany.
1425 1357 66 31 They
1510 1365 37 16 are
1568 1366 50 15 now
1644 1359 93 24 entitled
1764 1364 21 19 to
1805 1360 88 23 receive

1313 1391 89 26 19,924
1414 1397 72 22 acres,
1496 1391 41 23 and
1548 1391 44 24 will
1605 1400 29 14 on
1646 1392 129 31 expending
1782 1400 12 15 a
1802 1393 91 23 further

1310 1430 51 15 sum
1373 1423 25 22 of
1413 1423 95 28 £4,000
1521 1431 27 15 on
1571 1424 141 30 emigration,
1724 1424 30 24 be
1765 1426 93 23 entitled
1870 1431 23 18 to

1313 1457 91 25 16,000
1417 1463 71 17 more.

1344 1488 128 32 Subjoined
1483 1496 30 16 we
1524 1489 89 24 furnish
1627 1490 37 24 the
1682 1491 68 24 latest
1762 1499 59 17 news
1833 1492 62 25 from

1308 1522 118 31 England,
1439 1523 113 23 extracted
1560 1523 58 24 from
1630 1524 39 23 the
1681 1524 118 24 Auckland
1806 1523 89 26 South-

1310 1562 39 16 ern
1362 1555 79 29 Cross,
1452 1557 25 22 of
1485 1556 126 24 December
1623 1560 25 21 2.
1685 1557 34 24 To
1730 1558 38 23 the
1779 1558 81 32 people
1872 1560 24 23 of

1310 1588 57 24 Port
1379 1589 126 24 Nicholson
1516 1590 18 22 it
1552 1591 21 22 is
1584 1591 131 31 gratifying.
1754 1592 45 24 Mr.
1815 1592 78 32 Chap-

1310 1630 51 15 man
1372 1622 42 23 has
1426 1623 56 23 been
1493 1624 120 30 appointed
1623 1624 74 30 Judge
1705 1624 35 24 for
1751 1625 35 24 the
1794 1626 99 29 district,

1310 1655 43 23 anJ
1366 1656 21 22 is
1400 1664 28 14 on
1441 1656 36 24 his
1489 1664 45 23 way
1545 1657 59 23 from
1620 1657 108 31 England
1740 1659 23 22 in
1776 1659 37 23 the
1829 1659 64 24 Ben-

1308 1688 87 31 galore,
1409 1689 54 23 with
1476 1690 95 31 Captain
1588 1691 102 31 Fitzroy.
1726 1691 50 24 The
1787 1694 107 30 appoint-

1309 1727 64 18 ment
1379 1723 25 23 of
1410 1723 48 23 Mr.
1470 1724 124 31 Chapman,
1601 1725 20 22 is
1630 1725 142 32 satisfactory
1779 1726 20 23 is
1805 1727 89 23 several

1310 1761 109 25 respects.
1456 1756 29 24 In
1503 1757 45 23 him
1562 1765 33 16 we
1614 1758 56 23 have
1682 1766 12 15 a
1707 1760 123 23 consistent
1849 1760 49 31 and,

1310 1789 49 23 able
1372 1790 107 23 advocate
1487 1791 23 23 of
1521 1790 85 24 Cook's
1617 1791 91 25 Straits.
1746 1792 44 24 His
1799 1793 95 24 Editor-

1310 1822 50 32 ship
1370 1823 25 23 of
1405 1823 39 23 the
1454 1823 57 23 New
1521 1823 105 25 Zealand
1634 1824 106 30 Journal,
1754 1826 81 25 affords
1843 1835 51 16 am-

1309 1856 35 31 ple
1359 1856 68 31 proof
1437 1856 24 24 of
1481 1857 60 23 these
1560 1859 84 29 points.
1681 1858 28 24 In
1729 1859 46 24 him
1786 1868 34 16 we
1836 1861 58 23 have

1308 1898 25 15 as
1345 1898 14 15 a
1366 1889 73 32 judge
1451 1898 13 15 a
1477 1899 49 15 man
1539 1891 51 24 well
1602 1892 105 30 qualified
1719 1892 35 24 for
1766 1893 36 24 the
1815 1895 77 23 office.

1303 1923 57 33 •jOne
1385 1923 90 32 equally
1496 1924 47 23 well
1564 1925 81 23 versed
1669 1925 23 23 in
1710 1925 71 24 books
1801 1927 45 24 and
1867 1929 26 22 in

1306 1957 111 30 practical
1438 1957 130 30 knowledge
1580 1958 26 23 of
1620 1958 39 23 life
1670 1967 6 19 ;
1696 1959 43 23 and
1761 1960 21 22 in
1794 1960 36 23 his
1852 1969 43 22 ap-

1304 1990 133 33 pointment
1449 1996 31 16 we
1491 1990 56 21 have
1558 1997 30 15 an
1600 1990 111 23 excellent
1722 1995 122 25 guarantee
1858 1993 35 21 for

1308 2019 39 26 the
1356 2020 190 23 Colonial-Office
1555 2022 44 22 and
1609 2022 96 29 Captain
1718 2023 94 28 Fitzroy
1821 2024 72 29 being

1309 2060 31 16 on
1350 2052 61 31 good
1431 2057 69 18 terms
1511 2053 54 22 with
1577 2054 38 23 the
1637 2054 56 23 New
1706 2054 98 25 Zealand
1821 2056 72 22 Com-

1309 2092 68 26 pany,
1397 2085 46 24 and
1463 2086 47 22 thdt
1527 2086 39 23 the
1584 2087 102 23 strictest
1702 2087 82 32 justice
1803 2088 46 24 will
1867 2089 28 23 be

1310 2119 60 23 dealt
1381 2124 40 19 out
1434 2125 20 17 to
1468 2119 29 25 all
1507 2119 64 24 those
1581 2120 49 23 who
1642 2120 56 24 have
1707 2121 83 25 settled
1802 2122 23 23 in
1835 2122 59 24 New

1310 2152 103 24 Zealand
1426 2153 70 23 under
1507 2153 38 23 the
1557 2154 106 31 auspecis
1674 2155 26 23 of
1714 2154 39 24 the
1764 2154 129 34 Company.

1311 2183 49 26 The
1390 2185 127 32 Bengalore
1539 2186 46 25 will
1608 2187 115 24 doubtless
1752 2189 94 30 proceed
1873 2195 22 17 to

1310 2219 133 29 Auckland,
1456 2219 40 24 but
1516 2227 32 17 we
1568 2228 53 23 may
1634 2228 50 16 now
1700 2227 80 26 expect
1798 2228 22 18 to
1841 2223 55 23 hear

1310 2253 37 23 the
1361 2253 121 24 Governor
1493 2254 42 23 and
1554 2261 41 16 our
1612 2254 75 32 Judge
1696 2256 72 23 arrive
1784 2256 54 24 here
1856 2265 39 15 ere

1310 2286 62 33 long,
1385 2287 45 24 and
1449 2294 51 17 sure
1510 2295 33 15 we
1556 2295 46 21 are,
1614 2288 54 31 they
1682 2289 42 23 will
1747 2289 26 23 be
1791 2290 103 24 received

1310 2320 30 32 by
1351 2321 39 24 the
1404 2320 113 25 Colonists
1528 2322 25 23 in
1564 2330 15 15 a
1590 2322 61 30 right
1663 2322 58 31 good
1734 2324 72 29 spirit.

1343 2360 104 25 Latest
1470 2362 80 24 News.
1552 2374 31 5 —
1587 2362 51 24 The
1661 2362 65 32 Lady
1752 2362 34 24 St.
1809 2363 83 30 Kilda,

1311 2394 73 24 which
1397 2395 89 23 arrived
1503 2395 54 25 here
1578 2404 30 17 on
1630 2395 122 32 Thursday
1766 2397 72 30 night,
1851 2397 44 24 has

1309 2428 100 31 brought
1430 2435 28 16 no
1484 2429 51 24 mail
1560 2429 59 24 from
1644 2430 101 31 Sydney.
1790 2431 60 23 This
1875 2432 20 22 is

1311 2462 74 31 owing
1396 2466 23 19 to
1437 2461 38 25 the
1494 2461 118 32 Tryphena
1629 2463 85 32 having
1734 2464 72 23 sailed'
1825 2473 14 14 a
1851 2465 44 31 day

1311 2495 76 24 before
1399 2495 50 24 her,
1485 2495 73 24 There
1570 2496 57 24 have
1646 2496 57 24 been
1718 2498 86 24 several
1816 2503 80 19 recent

1311 2529 94 23 arrivals
1417 2529 59 23 from
1495 2529 107 31 England
1620 2531 24 22 in
1664 2531 100 31 Sydney,
1776 2531 41 24 but
1839 2532 56 32 they

1310 2562 68 32 bring
1395 2570 30 16 no
1445 2562 82 32 tidings
1547 2563 26 24 of
1588 2563 66 32 Capt.
1677 2564 100 32 Fjtzroy,
1790 2573 42 16 our
1845 2566 51 23 Go-

1311 2604 89 16 vernor.
1436 2595 43 25 We
1496 2596 56 24 have
1564 2597 104 24 received
1684 2596 78 25 letters
1773 2599 58 24 from
1845 2599 49 24 Mr.

1312 2628 122 30 Corraaek,
1456 2629 64 24 dated
1541 2631 37 23 Ist
1599 2630 64 31 July.
1704 2632 51 24 The
1775 2631 121 25 Governor

1310 2671 46 16 was
1369 2663 54 24 then
1435 2662 66 25 about
1519 2663 91 32 sailing.
1648 2664 48 25 Mr.
1716 2665 128 32 Chapman,
1856 2667 40 24 the

1311 2696 74 32 Judge
1397 2696 35 24 for
1444 2696 55 25 Port
1515 2697 135 30 Nicholson,
1664 2705 44 17 was
1721 2703 24 19 to
1757 2707 139 25 accompany

1311 2730 55 25 him.
1409 2730 46 24 Mr.
1477 2731 115 24 .Cormack
1610 2740 47 15 was
1679 2736 22 19 to
1721 2733 43 23 sail
1781 2737 38 20 ten
1841 2734 55 32 days

1311 2764 130 28 thereafter,
1452 2764 25 23 in
1489 2764 35 24 the
1543 2764 103 25 Frances
1667 2764 97 31 Hewitt,
1777 2766 72 25 direct
1860 2768 35 24 for

1312 2798 100 31 Sydney,
1434 2798 43 23 and
1494 2799 108 31 expected
1625 2803 22 20 to
1668 2801 73 22 arrive
1761 2801 77 24 before
1860 2801 36 24 the

1312 2831 134 32 Bengalore,
1459 2832 70 23 which
1549 2840 46 16 was
1615 2837 23 19 to
1658 2833 42 24 call
1719 2839 25 18 at
1763 2834 38 24 the
1820 2835 75 32 Cape.

1312 2865 57 24 New
1380 2864 101 24 Zealand
1493 2865 74 24 affairs
1579 2867 124 31 generally,
1712 2875 39 16 are
1762 2868 85 24 viewed
1860 2869 36 23 fa-

1311 2898 93 31 vorably
1414 2902 25 19 at
1449 2898 73 25 home.
1559 2900 52 24 The
1629 2900 156 25 disturbances
1806 2903 24 23 in
1844 2902 52 24 Ire-

1311 2932 53 25 land
1387 2940 38 15 are
1444 2933 115 31 assuming
1581 2942 13 15 a
1614 2942 63 15 more
1700 2935 86 23 serious
1808 2940 87 26 aspect.

1312 2965 43 25 We
1366 2965 46 24 had
1423 2973 30 16 no
1619 2968 31 30 by
1659 2968 37 24 the
1706 2967 63 32 Lady
1776 2967 37 25 St.
1821 2968 75 24 Kilda

1312 2999 40 24 but
1371 2999 38 24 the
1432 2999 137 33 Tryphena's
1589 3001 55 24 mail
1661 3009 51 23 may
1729 3001 28 24 be
1775 3001 59 32 daily
1854 3009 41 16 ex-

1311 3033 93 31 pected.'

1345 3072 49 24 Mr.
1407 3071 79 25 Dillon
1498 3073 59 29 Bell,
1571 3081 25 15 as
1609 3081 29 15 an
1658 3072 78 32 Agent
1748 3073 24 23 of
1787 3073 39 25 the
1838 3074 58 24 New

1311 3105 100 24 Zealand
1423 3105 125 33 Company,
1561 3106 46 24 had
1619 3107 58 22 been
1689 3115 28 15 on
1730 3115 14 15 a
1755 3107 53 24 visit
1820 3112 24 19 to
1856 3107 39 24 the

1312 3138 125 33 Papakura
1448 3140 43 24 and
1502 3140 101 24 Makatu
1615 3140 101 24 districts
1728 3142 24 22 in
1764 3140 37 24 the
1814 3141 82 32 neigh-

1312 3171 118 26 bourhood
1449 3173 26 23 of
1489 3173 131 30 Auckland,
1634 3173 74 24 where
1719 3175 19 23 it
1750 3175 19 22 is
1780 3175 116 31 supposed

1311 3206 28 25 he
1350 3205 73 25 would
1436 3207 67 23 select
1514 3215 13 15 a
1539 3208 91 31 portion
1642 3208 25 22 of
1678 3208 36 24 the
1728 3210 90 27 50,000
1830 3216 66 17 acres

1311 3240 38 25 the
1357 3240 120 31 Company
1483 3248 97 24 purpose
1590 3241 82 31 taking
1678 3241 23 24 in
1707 3242 40 23 the
1755 3241 138 32 neighbour-

1312 3274 59 24 hood
1383 3273 26 24 of
1423 3272 39 25 the
1480 3279 47 19 seat
1546 3274 26 24 of
1587 3275 166 25 Government.
1787 3274 25 26 It
1822 3275 74 25 would

1312 3307 47 27 also
1371 3314 83 24 appear
1467 3307 47 25 that
1526 3308 50 25 Mr.
1590 3309 54 24 Bell
1654 3308 46 24 had
1720 3309 141 24 determined
1874 3315 22 18 to

1311 3340 70 25 select
1392 3340 54 24 land
1458 3341 24 24 in
1493 3341 142 25 Mechanics'
1648 3342 57 31 Bay,
1719 3350 26 16 as
1757 3343 17 23 it
1783 3343 22 23 is
1821 3343 75 25 stated

1311 3375 24 24 in
1347 3374 39 25 the
1397 3373 120 25 Auckland
1527 3374 83 31 Times,
1621 3376 25 23 of
1656 3375 129 25 November
1795 3378 41 28 28,
1845 3376 51 25 that

1311 3413 39 19 tne
1359 3415 123 24 surveyors
1493 3416 57 18 were
1558 3409 61 31 busy
1625 3409 25 23 in
1659 3410 100 31 pegging
1766 3414 40 20 out
1814 3415 82 20 streets

1311 3442 44 24 and
1371 3441 59 24 lines
1442 3442 26 23 of
1482 3442 113 30 frontages
1617 3442 26 24 of
1658 3442 38 25 the
1717 3443 60 24 New
1789 3443 107 26 Zealand

1312 3474 138 33 Company's
1474 3475 123 32 purchases
1625 3476 25 24 in
1674 3476 49 24 that
1751 3482 92 27 quarter
1874 3478 22 24 of

1311 3508 134 29 Auckland.

1332 3552 7 12 ,-
1345 3542 146 31 Twenty-six
1500 3542 114 26 thousand
1634 3551 64 17 acres
1710 3545 26 23 of
1750 3544 52 25 land
1814 3546 25 23 in
1858 3545 40 24 the

1312 3575 92 34 jOounty
1415 3575 25 24 of
1455 3575 66 25 Eden
1542 3585 39 16 are
1602 3576 128 27 advertised
1748 3579 23 23 in
1792 3579 39 24 the
1844 3578 52 25 Go-

1311 3613 120 21 vernment
1442 3608 92 26 Gazette
1550 3611 36 23 for
1605 3611 56 30 sale,
1675 3620 28 16 on
1724 3612 37 24 the
1782 3613 59 24 18th
1854 3613 44 24 and

1312 3643 59 28 29th
1383 3643 26 24 of
1425 3643 45 24 this
1482 3644 86 30 month,
1582 3650 24 19 at
1615 3644 134 26 Auckland.

1312 3694 2 12 ;
1329 3680 4 7 '
1345 3677 120 25 Accounts
1475 3677 44 24 had
1529 3678 60 24 been
1610 3679 104 24 received
1736 3684 22 19 at
1769 3680 128 24 Auckland

1312 3707 30 31 of
1352 3710 39 25 the
1412 3710 82 25 arrival
1514 3712 24 23 in
1559 3711 95 32 Sydney
1673 3712 25 25 of
1721 3713 38 24 the
1776 3712 122 32 Ratcliffe,

1311 3744 60 25 from
1382 3744 106 30 London,
1499 3745 59 23 from
1569 3745 94 24 whence
1682 3746 40 24 she
1735 3747 71 24 sailed
1817 3755 31 16 on
1860 3747 38 24 the

1312 3780 55 22 21st
1376 3778 74 31 July;
1470 3778 39 25 but
1520 3779 18 23 it
1550 3786 98 25 appears
1666 3778 40 25 she
1726 3780 41 24 has
1777 3780 121 25 furnished

1311 3818 31 17 no
1359 3816 109 20 accounts
1491 3813 24 23 of
1538 3812 40 25 the
1598 3819 142 18 movements
1760 3815 24 23 of
1800 3815 98 32 Captain

1312 3844 105 32 Fitzroy.

724 1951 50 23 The
786 1952 52 31 ship
849 1949 130 26 Mandarin
991 1953 89 23 arrived
1091 1953 57 24 from
1169 1953 110 30 London,

688 1984 39 23 via
740 1984 92 27 Hob»rt
843 1985 74 22 Town
929 1985 45 22 and
987 1985 134 29 Auckland,
1134 1994 30 15 on
1177 1987 103 31 Monday

689 2017 53 22 last.
788 2016 45 23 We
854 2023 58 16 were
929 2016 38 23 led
984 2018 48 21 into
1054 2025 61 15 error
1127 2019 30 29 by
1169 2016 111 33 Hardy's

689 2047 116 32 Shipping
817 2047 60 29 List,
889 2049 24 22 in
932 2049 86 31 stating
1037 2050 50 22 that
1106 2050 46 23 this
1172 2058 46 16 was
1242 2056 39 19 not

691 2081 38 24 the
741 2081 75 24 vessel
828 2080 74 25 which
921 2089 46 16 was
983 2082 55 24 here
1058 2084 69 23 about
1148 2089 44 19 two
1213 2092 68 23 years

692 2115 73 22 since.

725 2148 51 23 The
787 2147 127 24 Mandarin
926 2148 99 32 brought
1035 2150 61 31 large
1110 2151 66 23 mails
1188 2152 35 24 for
1232 2153 47 23 this

691 2181 64 32 place
766 2181 59 24 from
837 2181 115 31 England,
967 2183 40 23 but
1019 2192 28 14 on
1062 2184 38 23 her
1121 2186 83 23 arrival
1225 2186 55 32 they

691 2223 59 15 were
771 2214 124 25 forwarded
919 2216 28 31 by
976 2216 38 24 the
1044 2216 156 26 Government
1229 2219 53 32 brig

694 2247 112 30 Victoria,
819 2248 54 24 then
885 2249 68 24 about
965 2249 85 32 sailing
1059 2251 34 22 for
1105 2251 46 24 this
1162 2257 61 26 port,
1244 2253 38 23 via

692 2282 60 23 New
762 2280 125 33 Plymouth
899 2283 45 23 and
957 2283 97 24 Nelson.
1098 2284 51 24 The
1166 2286 52 31 brig
1229 2294 53 24 may

691 2316 29 23 be
732 2315 109 31 expected
861 2315 56 24 here
936 2317 69 30 daily,
1025 2325 26 15 as
1070 2319 35 22 six
1129 2319 44 23 and
1197 2323 85 29 twenty

692 2349 57 30 days
760 2348 58 25 have
828 2357 52 16 now
892 2350 92 31 elapsed
994 2351 63 23 since
1069 2352 40 23 she
1120 2352 42 24 left
1174 2352 39 26 the
1233 2359 49 20 seat

693 2383 25 23 of
736 2382 165 24 Government.

727 2416 51 23 The
801 2415 103 25 William
923 2414 96 27 Stoveld
1037 2418 57 24 from
1115 2418 106 31 London,
1244 2420 38 24 via

693 2449 98 30 Nelson,
804 2449 57 24 New
875 2449 132 33 Plymouth,
1021 2451 49 31 Bay
1084 2453 24 22 of
1123 2453 102 29 Islands,
1237 2454 45 24 and

692 2482 135 30 Auckland,
851 2483 44 24 had
919 2484 88 24 arrived
1029 2490 24 18 at
1072 2486 37 23 the
1134 2486 44 24 last
1201 2488 81 24 named

693 2517 72 31 place,
786 2516 46 24 and
850 2524 46 16 was
913 2521 23 20 to
955 2517 42 24 sail
1015 2518 35 23 for
1061 2519 56 24 Port
1129 2520 129 25 Nicholson
1269 2530 13 15 a

694 2550 41 24 few
751 2550 56 31 days
819 2550 58 24 after
889 2550 38 25 the
938 2551 120 32 departure
1066 2552 25 24 of
1100 2552 38 25 the
1145 2553 135 27 Mandarin.

730 2583 37 32 By
779 2583 39 24 the
830 2581 129 27 Mandarin
971 2592 33 15 we
1016 2585 57 24 have
1085 2587 103 24 received
1199 2588 83 25 Auck-

694 2616 54 24 land
760 2625 82 23 papers
852 2618 60 23 from
925 2618 132 24 November
1071 2620 37 29 17,
1122 2626 23 18 to
1153 2621 129 26 December

693 2650 38 24 the
755 2651 49 29 sth,
828 2651 59 24 from
910 2651 38 24 the
971 2652 78 24 offices
1068 2653 25 24 of
1113 2654 37 24 the
1169 2653 113 27 Southern

694 2683 77 30 Cross,
785 2686 38 22 the
836 2684 75 24 Times
922 2685 45 23 and
979 2685 38 25 the
1025 2686 121 25 Auckland
1153 2687 127 27 Chronicle.

693 2717 127 31 Subjoined
833 2726 32 15 we
878 2716 90 27 furnish
981 2720 57 23 such
1058 2721 145 25 information
1223 2722 59 25 from

692 2750 64 24 them
765 2759 25 16 as
802 2760 43 15 our
852 2759 70 24 space
934 2752 45 24 will
992 2754 83 29 permit
1087 2755 30 23 of.

727 2784 103 25 H.M.S.
852 2785 81 24 North
950 2784 65 30 Star,
1039 2788 70 23 sailed
1130 2788 34 25 for
1188 2789 94 33 Sydney

692 2818 56 23 with
770 2823 76 28 troops
863 2827 29 15 on
917 2819 37 23 the
979 2820 56 23 16th
1056 2821 138 26 November.
1231 2824 51 24 The

693 2851 158 25 Government
858 2852 54 32 brig
926 2852 110 31 Victoria,
1046 2855 69 24 sailed
1129 2865 28 15 on
1170 2857 38 24 the
1223 2858 59 27 17th

692 2885 142 24 November.

726 2919 50 24 The
793 2919 115 24 Southern
920 2919 71 25 Cross
1002 2922 25 23 of
1044 2922 130 26 November
1188 2925 39 29 17,
1241 2926 41 23 has

692 2961 13 15 a
715 2952 56 32 long
781 2953 79 24 article
873 2961 29 16 on
920 2954 48 24 Mr.
983 2955 144 25 Shonland's
1141 2958 58 23 Blue
1216 2959 66 24 Book

690 2987 35 22 for
740 2988 72 28 1842,
825 2987 75 24 which
912 2995 33 16 we
954 2988 46 23 will
1011 2990 111 25 hereafter
1130 2992 96 30 reprint.
1253 2993 29 24 In

691 3020 39 23 the
749 3021 122 23 meantime
883 3028 33 16 we
938 3029 52 24 may
1002 3028 58 18 state
1080 3024 49 24 that
1148 3025 38 24 the
1199 3025 83 25 Auck-

690 3053 54 24 land
768 3054 157 25 Government
949 3056 119 31 expended
1096 3058 24 24 in
1150 3059 50 24 that
1228 3068 54 21 year

691 3088 116 28 £73,018
822 3089 51 23 13s.
887 3086 115 33 3|d!!J!

725 3121 25 24 It
768 3122 20 23 is
800 3121 75 24 stated
891 3121 31 32 by
936 3122 38 23 the
986 3130 64 17 same
1066 3132 70 24 paper
1148 3126 49 24 that
1210 3126 72 25 infor-

690 3155 86 23 mation
799 3155 45 23 had
863 3154 59 24 been
940 3156 112 30 received,
1073 3158 100 32 through
1195 3160 87 31 private

691 3188 199 31 correspondents,
905 3192 22 20 to
948 3188 39 25 the
999 3190 67 25 effect
1084 3191 49 25 that
1145 3193 38 23 the
1196 3194 40 24 bill
1248 3194 34 25 for

691 3222 117 28 £15,000
819 3222 134 30 negociated
965 3227 24 19 at
1000 3232 14 15 a
1025 3223 48 25 loss
1082 3225 25 24 of
1119 3228 29 23 15
1161 3235 41 23 per
1212 3233 70 25 cent.,

691 3255 101 31 through
813 3255 48 24 Mr.
875 3255 74 31 Boyd,
962 3256 46 25 had
1026 3257 58 24 been
1094 3260 92 24 refused
1199 3269 83 25 accep-

692 3293 66 19 tance
769 3288 31 31 by
812 3288 38 24 the
864 3288 77 25 Home
954 3289 166 27 Government.

725 3322 44 23 We
786 3330 39 16 are
836 3329 67 25 sorry
914 3328 22 19 to
947 3323 48 24 find
1014 3324 39 24 the
1070 3324 115 27 Southern
1203 3327 78 32 Cross,

691 3356 76 31 duped
776 3356 33 32 by
885 3363 28 17 an
926 3357 85 25 animal
1022 3366 27 16 as
1060 3358 61 25 John
1133 3360 31 24 N.
1183 3361 26 30 £>.
1220 3361 62 31 Beit,

692 3390 25 23 of
727 3389 97 24 Nelson.
859 3389 45 25 We
915 3397 41 17 can
968 3398 80 18 assure
1065 3392 37 24 the
1113 3392 84 26 Editor
1209 3395 26 24 of
1245 3396 38 24 the

686 3421 122 29 \Southem
820 3422 77 31 Cross,
912 3423 49 25 that
979 3425 51 24 Mr.
1049 3425 55 25 Beit
1122 3428 21 23 is
1155 3435 14 16 a
1181 3429 68 32 toady
1261 3430 24 24 of

692 3456 39 25 the
741 3456 53 25 first
804 3461 78 19 water.
917 3457 57 24 And
985 3465 34 17 we
1029 3460 76 24 would
1116 3467 96 26 suggest
1224 3463 58 30 that,

692 3490 107 24 however
816 3489 39 25 the
866 3497 65 24 press
939 3491 25 24 of
973 3491 59 25 New
1043 3493 101 26 Zealand
1156 3502 52 25 may
1217 3495 67 27 differ

692 3524 25 24 in
727 3523 133 32 principles,
873 3524 18 23 it
908 3524 20 23 is
941 3533 42 16 our
993 3525 96 28 interest
1096 3550 4 4 .
1108 3532 23 20 to
1143 3528 73 25 admit
1226 3531 58 24 each

693 3557 78 25 others
789 3557 117 31 sincerity.
941 3557 174 33 Acquaintance
1133 3568 111 19 warrants
1256 3572 27 17 us

691 3592 26 24 in
724 3591 115 31 asserting
845 3590 39 29 th§
891 3593 215 32 trust-worthyness
1112 3595 26 24 of
1144 3603 42 16 our
1195 3596 88 26 friends

692 3625 26 23 of
727 3623 40 25 the
779 3622 89 26 Kelson
878 3623 138 27 Examiner.
1113 3632 4 4 •
1155 3630 4 5 '

727 3657 52 24 The
791 3657 82 24 arrival
886 3658 26 23 of
929 3658 39 24 the
979 3659 133 26 Parkhurst
1123 3662 65 32 Boys
1201 3663 30 32 by
1244 3665 38 25 the

692 3689 137 31 Mandarin,
840 3695 23 19 at
869 3690 134 31 Auckland,
1014 3702 95 23 appears
1119 3701 22 18 to
1149 3696 58 24 have
1214 3698 68 31 given

687 3733 31 15 as
736 3724 69 24 much
826 3724 86 24 offence
932 3733 26 16 as
976 3725 40 25 the
1035 3728 146 31 importation
1202 3730 30 31 by
1245 3732 37 25 the

692 3756 32 25 St
738 3757 95 32 George.
870 3757 44 25 We
923 3766 43 16 are
983 3761 100 30 opposed
1100 3766 24 20 to
1137 3763 39 24 the
1194 3766 88 28 cojjvict

692 3796 86 26 system
798 3792 24 23 in
843 3798 67 25 every
931 3792 72 31 shape
1026 3794 45 24 and
1091 3794 66 31 form,
1178 3797 45 25 and
1244 3799 38 25 the

691 3825 146 31 immigrants
858 3829 22 19 to
892 3825 58 25 New
966 3826 101 25 Zealand
1085 3830 126 32 generally,
1224 3839 58 19 were

692 3857 98 25 induced
810 3863 23 19 to
845 3865 65 17 come
929 3859 56 24 here
1004 3861 73 24 under
1086 3862 39 25 the
1143 3864 139 32 impression

692 3891 51 26 that
760 3891 55 32 they
827 3891 74 25 would
921 3893 28 23 be
962 3893 47 24 free
1020 3895 62 25 from'
1098 3896 26 25 it.
1162 3898 44 27 We
1222 3898 60 34 hope

692 3924 51 26 that
753 3930 23 19 at
787 3925 66 30 least,
866 3925 39 25 the
914 3926 143 26 settlements
1064 3930 23 23 in
1099 3930 86 29 Cook's
1197 3931 85 27 Straits

692 3957 47 27 will
750 3959 106 24 continue
868 3966 35 23 so,
915 3960 45 24 and
972 3960 49 25 that
1033 3961 39 26 the
1082 3970 70 22 500N
1164 3965 26 24 of
1206 3965 76 27 Park-

1450 3904 308 29 COMMUNICATION.

1346 3964 125 25 Continual
1482 3965 42 25 and
1536 3966 124 31 periodical
1670 3966 93 26 arrivals
1775 3968 67 29 from,
1855 3968 51 24 and'

2122 123 2 7 ,
2132 123 17 6 7T
2452 122 8 2 ii
2476 122 8 2 —

1926 134 135 31 departures
2073 134 33 23 for
2126 133 115 32 England,
2256 145 39 15 are
2314 143 59 17 most
2385 138 112 26 desirable
2507 151 6 18 ;

1926 166 44 23 and
1988 167 21 22 if
2024 166 39 23 the
2084 167 118 31 Company
2215 170 82 28 would,,
2309 170 66 23 make
2397 172 116 25 moderate

1926 198 112 24 advances
2050 207 29 15 on
2091 205 96 18 acount
2199 202 25 22 of
2239 203 38 24 the
2296 203 136 31 emigration
2448 206 65 30 fund,

1926 232 75 23 which
2012 233 24 22 in
2048 240 40 15 our
2100 233 129 29 ignorance,
2244 243 31 16 we
2295 244 89 16 assume
2397 242 23 19 to
2431 238 28 23 be
2472 247 41 15 ex-

1924 265 106 28 hausted,
2043 273 28 15 an
2083 266 83 24 arrival
2177 266 59 23 from
2257 269 43 23 and
2321 278 13 14 a
2345 269 121 32 departure
2478 271 35 24 for

1926 297 93 31 Englan
2029 299 4 21 1
2046 298 74 31 might
2130 299 29 22 be
2180 301 96 22 secured
2290 302 104 32 monthly
2406 311 25 16 or
2443 306 70 22 semi-

1925 331 114 29 monthly.

1959 375 29 24 In
2008 375 38 24 the
2065 377 105 23 assumed
2189 382 59 18 state
2272 379 26 22 of
2321 379 38 22 the
2377 382 136 31 emigration

1924 409 64 29 fund,
2002 416 33 16 we
2048 414 81 19 cannot
2141 415 82 26 expect
2235 411 50 23 that
2295 412 63 30 large
2369 415 87 23 vessels
2469 424 43 16 can

1925 443 74 22 arrive
2019 441 53 25 here
2093 442 129 31 frequently
2235 443 58 25 from
2316 445 114 31 England.
2466 449 47 24 But

1926 475 53 24 with
1991 483 13 15 a
2017 475 58 24 little
2093 481 169 26 management,
2277 485 32 16 we
2321 478 73 30 might
2406 480 57 23 have
2476 489 37 16 re-

1924 508 66 31 gular
2002 508 44 24 and
2059 509 102 30 frequent
2173 510 96 23 arrivals
2281 511 25 22 of
2321 511 115 25 moderate
2448 513 64 24 sized

1925 541 85 23 vessels
2022 542 59 23 from
2092 542 75 23 home.
2205 542 50 26 The
2275 544 94 29 vessels,
2383 546 81 29 which,
2477 546 36 24 for

1926 574 38 24 the
1975 579 92 26 present
2079 574 81 24 should
2171 575 29 23 be
2222 577 140 30 encouraged
2382 582 23 20 to
2416 580 97 30 proceed

1925 607 100 24 between
2039 608 43 23 this
2095 608 43 23 and
2147 607 108 32 England
2265 610 82 23 should
2355 610 27 24 be
2392 611 58 24 from
2462 615 51 21 200

1924 645 23 18 to
1961 642 48 22 250
2022 645 50 19 tons
2084 641 107 23 burthen.

1959 685 26 24 If
2001 686 36 24 the
2060 687 118 31 Company
2190 688 74 24 would
2283 689 98 24 advance
2402 699 60 23 upon
2474 691 40 24 the

1924 724 96 18 account
2032 720 25 23 of
2071 720 145 31 Emigration
2238 727 22 17 to
2274 730 13 15 a
2304 730 55 23 very
2370 723 88 24 limited
2470 732 42 16 ex-

1924 757 56 24 tent,
1994 753 53 31 they
2059 754 72 30 might
2143 762 68 16 cause
2223 763 43 16 one
2279 756 73 23 vessel
2364 756 26 24 of
2399 759 49 22 250
2461 762 53 19 tons

1924 790 24 19 to
1965 786 63 23 leave
2048 787 64 23 home
2135 795 69 25 every
2215 788 80 24 month
2316 789 35 23 for
2371 790 47 23 this
2436 790 74 31 place.

1924 819 26 23 If
1966 818 52 32 they
2030 819 104 24 declared
2156 821 50 23 that
2225 822 54 31 they
2289 830 59 16 were
2364 824 113 31 prepared
2489 829 23 18 to

1924 852 57 23 send
1993 857 40 18 out
2044 858 93 25 seventy
2149 862 98 23 persons
2255 856 24 22 in
2286 856 38 22 the
2332 859 104 27 steerage
2444 864 69 23 every

1923 885 90 30 month,
2025 887 114 22 sufficient
2159 887 147 24 inducement
2316 888 76 23 would
2403 889 28 23 be
2443 889 69 24 affor-

1924 917 43 25 ded
1982 923 22 18 to
2024 918 64 24 those
2117 920 124 23 connected
2262 921 54 23 with
2334 921 39 23 the
2397 922 80 31 colony
2490 929 24 18 at

1923 951 75 29 home,
2013 956 22 20 to
2056 953 109 31 despatch
2178 962 13 14 a
2202 954 75 23 vessel
2295 955 104 31 monthly
2411 955 34 23 for
2466 956 46 23 this

1923 989 61 27 port.
2038 986 50 23 The
2110 986 73 24 whole
2213 988 97 22 number
2331 987 38 24 the
2394 989 118 31 Company

1925 1018 74 24 would
2010 1019 64 31 place
2085 1019 138 24 themselves
2242 1020 70 24 under
2324 1017 153 35 engagement
2490 1028 22 18 to

1923 1052 118 24 introduce
2051 1052 52 24 here
2116 1053 24 23 in
2152 1052 38 24 the
2203 1061 80 15 course
2295 1055 25 22 of
2328 1054 80 24 twelve
2421 1056 90 24 months

1924 1085 73 23 would
2009 1085 30 30 by
2051 1085 55 24 such
2118 1094 14 15 a
2149 1087 146 29 declaration,
2309 1093 94 19 amount
2415 1094 22 17 to
2449 1089 62 31 eight

1922 1118 104 24 hundred
2056 1119 43 23 and
2128 1119 62 32 forty
2213 1127 104 24 persons.
2365 1121 35 25 At
2422 1122 90 24 sixteen

1922 1152 90 31 pounds
2024 1160 39 23 per
2076 1152 64 29 head,
2153 1153 74 24 which
2248 1154 20 23 is
2281 1162 13 15 a
2305 1150 43 27 full
2360 1156 103 23 estimate
2475 1156 36 23 for

1922 1184 64 25 these
1999 1186 74 28 times,
2086 1186 38 23 the
2136 1191 86 19 utmost
2229 1186 96 33 liability
2333 1193 24 17 to
2367 1188 30 22 be
2404 1189 107 23 incurred

1923 1219 30 30 by
1963 1219 39 23 the
2016 1219 79 31 Comp.
2106 1220 108 30 annually
2223 1225 22 18 to
2258 1228 78 15 secure
2347 1227 28 15 us
2388 1228 29 15 an
2429 1221 83 24 arrival

1921 1252 67 24 home
2013 1253 111 30 monthly,
2145 1253 76 23 would
2244 1253 30 23 ber
2292 1253 124 28 £13,440.
2463 1254 48 24 But

1922 1285 63 24 there
1997 1294 38 15 are
2056 1290 42 18 two
2119 1286 80 22 modes
2220 1285 24 23 in
2265 1285 72 23 which
2359 1285 47 25 this
2427 1287 82 32 charge

1922 1318 75 23 would
2016 1318 28 23 be
2064 1318 145 23 diminished.
2247 1318 62 24 That
2327 1320 74 23 which
2420 1321 89 30 should,

1922 1351 23 23 in
1959 1351 38 23 the
2009 1351 64 23 order
2085 1351 25 23 of
2126 1351 55 24 time
2201 1351 28 23 be
2241 1353 73 23 stated
2335 1353 54 30 last,
2401 1359 62 18 must
2474 1354 36 25 for

1922 1384 107 31 practical
2046 1391 110 24 purposes
2176 1385 30 23 be
2222 1386 74 23 stated
2316 1386 58 24 first.
2411 1387 26 23 If
2451 1390 58 22 such

1921 1417 88 24 vessels
2020 1426 25 14 as
2057 1425 31 16 we
2100 1417 56 24 have
2169 1418 117 24 described
2296 1427 58 16 were
2365 1428 53 16 sure
2430 1421 25 23 of
2470 1430 39 15 se-

1922 1452 82 29 curing
2016 1459 13 14 a
2040 1456 77 19 return
2129 1451 85 31 freight
2233 1452 71 24 direct
2319 1453 60 24 from
2392 1455 45 22 this
2448 1461 61 25 port,

1922 1484 54 31 they
1988 1484 65 24 could
2065 1484 71 24 afford
2148 1490 23 18 to
2191 1485 68 31 bring
2279 1491 38 19 out
2337 1494 138 25 passengers
2487 1495 23 18 at

1922 1527 14 15 a
1947 1517 92 24 smaller
2051 1518 90 32 charge.
2179 1518 24 23 It
2220 1519 74 24 would
2306 1520 113 24 therefore
2430 1522 28 23 be
2470 1522 39 24 the

1922 1553 95 22 interest
2030 1551 25 23 of
2070 1552 37 23 the
2128 1553 132 24 mercantile
2280 1553 60 31 body
2351 1553 63 31 here,
2424 1555 57 24 with
2497 1565 14 15 a

1922 1586 57 22 view
1990 1589 23 18 to
2027 1593 12 15 a
2049 1590 105 19 constant
2169 1586 191 25 communication
2372 1587 56 24 botli
2439 1595 70 24 ways,

1923 1624 22 18 to
1957 1626 127 24 encourage
2096 1619 46 23 this
2154 1619 61 24 class
2230 1619 26 23 of
2270 1619 117 35 shipping.
2423 1621 27 23 If
2463 1622 46 24 this

1922 1654 96 21 interest
2036 1652 106 32 operated
2161 1653 115 31 properly,
2296 1654 18 22 it
2332 1654 76 23 would

1923 1685 62 24 them
1997 1690 23 18 to
2034 1687 49 29 give
2095 1690 80 20 return
2191 1686 97 31 freights
2306 1687 168 33 preferentially
2486 1694 23 19 to
2519 1689 4 3 *

1923 1718 46 25 this
1980 1718 60 26 clasi>
2061 1720 24 23 of
2100 1720 95 23 vessels.
2232 1719 26 24 If
2274 1720 52 30 they
2345 1720 96 32 adopted
2462 1722 46 24 this

1923 1760 89 21 course,
2025 1760 13 16 a
2051 1753 71 23 vessel
2145 1753 102 30 arriving
2258 1754 103 30 monthly
2374 1755 56 23 from
2443 1756 67 23 home

1923 1786 26 23 of
1964 1786 46 23 this
2022 1787 55 28 size,
2089 1794 53 23 may
2154 1786 72 31 safely
2240 1787 28 23 be
2286 1787 132 24 considered
2431 1797 79 15 secure

1923 1820 25 22 of
1963 1819 118 33 obtaining
2092 1828 14 14 a
2117 1825 79 19 return
2209 1828 67 24 cargo
2288 1821 57 24 from
2366 1821 47 24 this
2425 1827 50 25 port
2487 1828 23 18 to

1923 1852 118 32 England.
2083 1853 52 24 The
2154 1858 99 26 tounage
2265 1852 131 33 'according
2419 1860 22 18 to
2462 1856 46 23 this

1922 1886 54 31 plan
1997 1887 117 30 requiring
2131 1892 22 18 to
2172 1887 29 23 be
2221 1887 121 31 freighted,
2362 1894 105 18 amounts
2488 1894 22 19 to

1924 1921 75 27 3,000
2013 1924 58 19 tons.
2107 1919 43 24 We
2169 1919 67 24 think
2256 1928 33 16 we
2307 1929 52 23 may
2376 1930 50 15 now
2439 1922 71 31 safely

1923 1953 106 23 estimate
2041 1960 40 16 our
2092 1957 83 26 export
2187 1953 26 23 of
2227 1953 29 23 oil
2274 1955 43 23 and
2330 1955 59 23 bone
2401 1960 24 18 at
2437 1957 73 27 1,200

1923 1990 59 22 tons,
1994 1986 42 20 and
2051 1986 44 20 this
2107 1986 75 21 would
2194 1987 90 27 require
2296 1993 61 14 more
2366 1989 54 20 than
2435 1990 73 26 1,500

1922 2020 53 17 tons
1987 2017 26 20 of
2022 2017 107 28 shipping
2140 2021 22 18 to
2176 2025 86 20 convey
2272 2018 17 21 it
2302 2023 22 16 to
2336 2016 93 31 Europe
2439 2027 7 18 ;
2465 2021 48 21 and.

1924 2055 33 15 we
1968 2055 53 23 may
2033 2048 72 30 safely
2117 2052 74 19 assert
2203 2048 49 22 that
2270 2056 40 15 our
2323 2054 92 26 exports
2427 2049 82 25 hence-

1924 2080 96 24 forward
2042 2082 25 22 of
2091 2082 73 28 wood,
2189 2085 84 25 staves,
2298 2089 72 24 spars,
2396 2084 113 29 treenails,

1924 2114 65 30 bark,
2012 2115 63 28 wool,
2089 2114 44 24 and
2152 2115 56 28 flax,
2228 2115 46 23 will
2294 2115 98 24 demand
2411 2121 23 18 at
2453 2117 59 24 least

1924 2148 96 23 another
2034 2150 73 27 1,500
2119 2153 60 19 tons.
2218 2148 101 31 Cargoes
2330 2149 35 23 for
2378 2158 14 14 a
2403 2150 74 23 vessel
2490 2152 24 22 of

1924 2181 39 23 the
1975 2182 47 23 size
2041 2189 31 16 we
2084 2181 57 24 have
2153 2182 81 24 named
2246 2183 20 23 it
2285 2183 20 23 is
2317 2183 113 24 therefore
2441 2184 71 30 plain,

1924 2215 46 25 will
1981 2215 28 23 be
2022 2215 67 31 ready
2112 2215 112 24 hereafter
2246 2220 23 19 to
2288 2216 28 23 be
2336 2216 96 32 shipped
2444 2217 67 24 home

1924 2248 57 24 from
1995 2248 46 24 this
2051 2253 51 27 port
2121 2249 111 31 monthly,
2246 2254 24 18 at
2288 2249 66 24 least.
2392 2250 24 23 It
2427 2251 20 22 is
2460 2254 51 20 true

1924 2282 50 23 that
1985 2282 38 23 the
2035 2282 29 24 oil
2077 2283 19 22 is
2109 2286 40 20 not
2168 2283 135 23 distributed
2323 2291 52 15 over
2389 2284 37 23 the
2438 2284 73 24 whole

1923 2324 61 22 year,
1997 2315 41 24 but
2049 2317 19 22 it
2078 2316 19 23 is
2110 2316 98 32 shipped
2223 2317 60 22 from
2301 2317 95 31 August
2415 2322 22 19 to
2450 2317 62 24 Feb-

1924 2357 76 23 ruary,
2011 2348 69 26 about
2090 2357 71 16 seven
2171 2349 94 24 months
2276 2350 24 23 of
2310 2351 39 22 the
2360 2359 63 22 year.
2447 2350 65 25 With

1924 2390 14 16 a
1948 2383 60 30 good
2020 2383 181 31 understanding
2211 2384 101 23 between
2333 2384 38 23 the
2391 2392 87 16 owners
2490 2386 25 22 of

1924 2416 38 23 the
1979 2416 86 24 vessels
2087 2424 33 16 we
2140 2416 59 24 need
2219 2418 111 31 monthly,
2343 2418 45 23 and
2410 2418 24 24 of
2448 2418 64 24 those

1924 2449 50 24 who
1986 2449 82 24 should
2084 2450 53 23 load
2158 2451 70 28 them,
2242 2451 30 23 oil
2290 2451 74 31 might
2383 2452 82 23 almost
2486 2453 26 22 be

1924 2483 120 24 furnished
2054 2484 103 31 monthly
2171 2492 26 16 as
2215 2484 39 24 the
2270 2484 56 24 dead
2338 2486 85 31 weight
2434 2486 24 23 of
2474 2485 38 24 the

1926 2517 82 23 vessel.

1963 3938 53 25 The
2026 3938 131 25 merchants
2170 3947 38 16 are
2220 3938 69 25 much
2300 3937 125 25 interested
2436 3938 24 24 in
2473 3937 44 24 this

1930 3977 90 23 matter,
2034 3972 34 25 for
2080 3972 60 24 their
2152 3973 108 23 business
2272 3971 66 25 could
2350 3971 29 24 be
2392 3970 87 24 carried
2490 3977 29 16 on

1959 2559 125 23 Possessed
2096 2559 26 24 of
2137 2559 46 24 this
2203 2560 111 31 certainty
2326 2560 26 23 of
2367 2560 143 31 obtaining.a

1925 2595 80 21 return
2016 2600 67 24 cargo
2091 2597 24 19 to
2128 2592 109 33 England
2246 2593 71 24 direct
2326 2594 59 23 from
2398 2594 44 24 this
2454 2599 58 26 port,

1924 2625 89 24 vessels
2025 2627 73 23 would
2116 2627 29 22 be
2164 2627 96 24 enabled
2279 2632 23 19 to
2319 2627 71 31 -bring
2401 2632 39 19 out
2453 2628 57 23 emi-

1924 2663 80 27 grants
2016 2665 23 19 at
2050 2668 14 16 a
2074 2660 68 24 lower
2154 2665 48 19 rate
2223 2660 54 24 than
2298 2669 33 15 we
2352 2661 58 24 have
2421 2661 74 24 stated
2504 2671 6 19 ;

1924 2693 36 24 for
1969 2693 86 32 having
2067 2698 21 19 to
2108 2694 90 32 expend
2219 2701 62 17 some
2302 2694 62 23 three
2386 2691 91 27 month's
2490 2696 22 22 in

1925 2727 114 31 resorting
2051 2732 21 19 to
2086 2727 65 24 other
2162 2733 65 26 ports
2239 2728 24 24 in
2275 2727 79 25 search
2366 2728 26 24 of
2407 2728 103 31 freights,

1925 2761 21 23 is
1957 2761 107 23 attended
2074 2761 54 24 with
2140 2769 15 16 a
2173 2761 155 24 considerable
2340 2762 89 31 outlay,-
2438 2762 75 23 which

1926 2798 62 20 must
1999 2794 28 24 be
2039 2794 108 32 regarded
2160 2802 25 16 as
2199 2804 12 14 a
2220 2799 41 20 tax
2267 2803 62 24 upon
2335 2795 156 32 immigration
2502 2804 6 21 ;

1922 2828 28 23 .in
1963 2835 24 16 as
2001 2828 68 23 much
2081 2836 26 15 as
2118 2828 20 23 if
2152 2837 14 15 a
2184 2834 123 26 guarantee
2328 2830 68 23 could
2407 2830 27 23 be
2446 2830 67 30 given

1926 2862 49 23 that
1987 2861 65 32 delay
2065 2861 72 25 would
2156 2867 41 19 not
2215 2870 78 22 ensue,
2312 2862 39 24 the
2371 2863 52 31 ship
2436 2870 74 18 owner

1926 2894 66 25 could
2004 2894 70 25 afford
2086 2899 23 19 to
2128 2894 83 25 deduct
2231 2895 39 24 the
2291 2901 94 18 amount
2403 2896 57 24 from
2474 2896 38 24 the

1925 2936 51 16 sum
1988 2935 51 15 now
2049 2928 86 24 needed
2146 2928 36 23 for
2202 2928 37 23 the
2261 2936 142 23 conveyance
2415 2929 24 24 of
2455 2930 56 25 emi-

1924 2964 90 28 grants.
2069 2961 102 24 Assume
2197 2962 49 22 that
2268 2962 63 22 three
2357 2962 91 23 months
2474 2971 38 14 are

1923 2994 139 31 profitlessly
2080 2994 126 31 expended,
2226 2995 45 22 and
2291 2995 49 22 that
2359 3002 15 16 a
2394 2995 73 23 vessel
2488 2995 26 25 of

1924 3029 50 22 250
1987 3031 53 20 tons
2049 3027 47 24 will
2107 3027 77 31 outlay
2197 3032 23 19 al
2237 3027 38 24 the
2286 3028 79 23 lowest
2377 3028 135 25 calculation

1924 3062 72 24 £150
2020 3068 40 25 per
2081 3061 88 29 month,
2195 3070 24 15 or
2241 3061 71 25 £450
2340 3062 24 23 in
2387 3061 38 25 the
2448 3061 64 25 three

1924 3095 101 24 months.
2055 3095 75 24 Cause
2143 3095 46 24 this
2200 3100 95 19 amount
2305 3099 24 20 to
2340 3095 29 23 be
2381 3095 75 29 saved,
2469 3096 44 23 and

1925 3129 18 23 it
1954 3128 73 24 would
2039 3128 28 24 be
2079 3136 26 16 as
2126 3128 169 31 advantageous
2306 3128 36 24 for
2354 3128 38 25 the
2405 3129 73 23 vessel
2490 3133 22 20 to

1924 3162 69 31 bring
2005 3166 41 20 out
2056 3166 95 28 seventy
2162 3162 127 32 emigrants
2300 3167 24 19 at
2335 3163 55 24 £13
2403 3171 40 24 per
2453 3163 59 24 head

1925 3204 25 16 as
1962 3200 24 20 at
1997 3196 54 24 £19
2063 3204 41 23 per
2114 3195 68 30 head,
2196 3196 19 24 if
2225 3196 23 24 in
2258 3196 38 24 the
2307 3196 69 24 latter
2388 3204 50 16 case
2451 3196 63 24 three

1926 3229 92 25 months
2036 3237 38 16 are
2091 3234 24 19 to
2135 3229 29 24 be
2182 3230 47 23 lost
2246 3230 25 24 in
2290 3230 98 32 seeking
2406 3239 13 15 a
2437 3237 76 25 cargo.

1924 3262 67 26 With
2004 3263 38 24 the
2053 3263 111 32 certainty
2177 3263 26 25 of
2212 3263 119 32 obtaining
2338 3263 69 25 home
2418 3263 94 32 freights

1926 3296 62 31 here,
2002 3305 33 16 we
2047 3296 67 26 think
2125 3298 19 23 it
2164 3297 75 24 would
2260 3298 28 23 be
2305 3298 73 23 found
2396 3297 48 24 that
2456 3298 56 23 emi-

1925 3335 81 27 grants
2025 3330 75 25 would
2119 3331 87 31 readily
2226 3331 29 23 be
2276 3331 98 30 brought
2393 3335 39 20 out
2455 3336 24 18 at
2503 3339 13 15 a

1926 3364 85 32 charge
2022 3365 24 23 of
2056 3365 54 24 £13
2120 3372 41 23 per
2173 3364 66 29 head,
2249 3364 44 24 and
2302 3364 49 24 that
2363 3369 151 27 consequent-

1926 3397 23 33 ly
1962 3403 96 27 seventy
2069 3406 41 24 per
2121 3397 88 30 month,
2222 3405 26 16 or
2269 3397 62 32 eight
2349 3398 104 26 hundred
2471 3398 43 24 and

1926 3432 61 31 forty
1999 3439 40 24 per
2051 3439 61 24 year,
2126 3432 68 23 could
2204 3432 29 23 be
2251 3431 83 25 landed
2352 3437 24 19 at
2388 3441 29 15 an
2429 3440 85 23 expen-

1926 3466 75 24 diture
2013 3466 25 23 of
2053 3466 123 29 £10,920.
2213 3465 47 24 Let
2277 3465 39 24 the
2333 3465 84 25 Phoebe
2429 3470 85 27 system

1926 3499 28 25 be
1966 3499 146 30 maintained,
2126 3499 45 24 and
2183 3506 33 17 we
2227 3499 88 36 belieye
2328 3508 28 15 or.
2369 3500 39 24 the
2420 3507 95 24 average

1928 3533 38 25 the
1980 3533 118 33 Company
2109 3533 74 23 would
2196 3533 53 31 only
2257 3533 59 24 have
2328 3538 22 19 to
2363 3542 44 24 pay
2418 3533 50 24 half
2477 3533 39 24 the

1926 3566 87 31 freight
2023 3568 26 23 of
2057 3574 95 25 persons
2164 3566 94 33 coming
2267 3573 39 19 out
2313 3568 23 23 in
2349 3568 40 24 the
2397 3573 101 25 steerage
2506 3575 6 20 ;

1927 3601 45 24 and
1985 3605 24 20 at
2021 3601 37 24 the
2069 3606 71 20 same:
2151 3601 55 24 time
2226 3601 39 24 the
2284 3601 59 24 class
2363 3601 73 24 would
2456 3608 27 15 as
2503 3608 14 15 a

1928 3634 60 25 class
2001 3634 28 24 be
2042 3634 70 24 found
2131 3641 65 17 more
2214 3634 103 25 valuable
2336 3636 25 23 in
2381 3635 36 24 the
2436 3633 80 31 colony

1928 3669 55 24 than
1995 3667 39 24 the
2046 3668 58 23 class
2116 3667 78 24 whose
2213 3676 97 24 passage
2329 3669 42 24 has
2390 3674 23 19 to
2425 3668 27 23 be
2463 3665 53 33 paid

1927 3702 85 31 wholly
2024 3701 29 32 by
2065 3701 38 25 the
2116 3701 130 33 Company.
2281 3703 66 23 With
2368 3702 38 24 the
2418 3701 98 30 security

1928 3736 26 24 of
1968 3744 14 15 a
2003 3740 78 19 return
2100 3735 94 31 freight,
2207 3736 44 24 and
2272 3736 37 24 the
2329 3735 84 24 Phabe
2430 3738 86 27 system

1928 3769 128 29 combined,
2068 3777 34 15 we
2122 3769 60 25 have
2201 3778 31 16 no
2251 3770 70 24 doubt
2340 3769 39 23 the
2398 3768 119 31 Company

1928 3803 68 24 could
2011 3802 118 25 introduce
2149 3808 95 29 seventy
2255 3810 94 25 persons
2368 3803 26 23 of
2408 3810 14 15 a
2441 3801 84 34 useful^

1928 3837 69 30 class,
2018 3837 48 23 into
2093 3837 47 24 this
2161 3837 138 28 settlement,
2321 3836 112 34 monthly,
2462 3839 23 20 at
2503 3843 21 15 a<

1929 3870 84 32 charge
2038 3876 61 26 upoa
2123 3870 38 25 the
2181 3870 134 32 emigration
2333 3869 59 27 fund
2413 3870 25 26 of
2464 3869 53 30 only

1928 3905 38 26 £6
1987 3907 51 22 10s.
2051 3912 40 23 per
2102 3904 68 30 head,
2183 3912 25 17 or
2221 3905 26 23 of
2260 3904 98 29 £5,460
2370 3912 41 23 per
2423 3910 93 16 annum.

587 44 98 45 ®t)t
709 42 120 43 istto
855 43 211 41 Ztalmb
1092 43 194 47 <&ca}cttt
1311 43 91 40 mt*
1429 43 300 48 mitninQtim
1755 40 253 51 Ssputatot.

287 3485 157 23 FREIGHTS.

133 3727 170 26 SHIPPING
320 3723 282 33 INTELLIGENCE.

293 3783 145 23 ARRIVED.

99 3817 118 23 December
227 3819 36 25 10,
277 3818 106 22 schooner
391 3820 64 24 Kate,
471 3820 36 25 62,
526 3819 137 27 Macfarlane,

71 3845 55 22 from
136 3846 36 20 the
182 3845 54 22 East
245 3846 73 21 Coast.

99 3872 63 21 Same
171 3873 48 27 day,
234 3874 121 27 brigantine
364 3875 69 24 Ariel,
451 3875 34 25 73,
496 3875 97 26 Skelton,
609 3876 56 22 from

71 3900 100 22 Ekolaki.

96 3928 121 21 December
227 3930 34 24 10,
269 3929 47 27 ship
326 3930 123 25 Mandarin,
460 3931 50 25 650,
522 3931 77 25 Smith,
607 3932 56 22 from

71 3956 92 22 London
172 3957 35 20 via
217 3956 84 22 Hotart
309 3957 67 21 Town
385 3957 42 21 and
437 3958 120 22 Auckland.

938 131 118 21 SAILED.

724 165 116 21 December
851 166 19 23 9,
882 166 105 20 schooner
997 167 93 22 Aurora,
1101 166 26 19 35
1139 168 57 21 tons,
1208 165 77 22 Smith,

695 193 34 19 for
739 192 82 21 Nelson
831 193 41 19 and
880 192 115 20 Taranaki.

725 219 61 21 Same
797 220 47 25 day,
855 220 105 20 schooner
970 220 74 23 Mana,
1056 220 26 19 21
1095 223 57 21 tons,
1163 219 82 26 Swany,
1256 220 29 19 for

695 247 91 20 Nelson.'

723 273 118 21 December
861 274 33 23 12,
906 273 120 26 brigantine
1047 274 120 25 Vanguard,
1185 274 24 20 61
1230 275 55 22 tons,

695 301 93 24 Pelford,
799 301 34 20 for
844 301 84 19 Nelson
938 301 41 19 and
989 301 113 20 Taranaki.

723 327 62 21 Same
810 328 47 26 day,
877 327 61 26 sloop
963 328 69 25 Royal
1058 328 101 26 William,
1184 328 28 20 43
1230 330 55 22 tons,

694 356 33 19 for
746 354 95 21 Porirua.

922 398 33 21 IN
971 398 88 22 PORT.

701 447 3 3 ■
720 433 87 24 Barque
825 431 132 26 Indemnity,
977 432 41 20 312
1044 435 57 20 tons,
1121 432 29 20 R.
1170 431 115 27 Sedgvrick.

694 460 91 25 Agents,
795 459 114 26 Ridgways
920 459 42 20 and
973 459 40 20 Co.
1042 459 96 26 Loading
1146 460 35 20 for
1189 459 96 21 London.

720 487 113 20 Schooner
854 487 59 26 Ann,
938 488 28 18 22
987 489 60 18 tons.
1077 486 52 21 Laid

720 515 112 20 Schooner
857 515 64 25 Erin,
948 515 26 19 25
1001 516 59 18 tons.
1089 514 53 20 Laid
1152 521 38 20 up.

720 542 112 20 Schooner
837 542 73 19 Maori
917 542 73 25 Davis,
1000 541 25 20 15
1033 544 59 17 tons.
1120 541 124 27 Repairing.

720 569 84 26 Barque
825 569 106 24 Glenarm,
949 569 42 22 297
1007 570 58 24 tons,
1082 570 57 25 Guy.
1177 570 108 25 Boulcott,

694 598 77 24 Agent.
802 596 96 25 Loading
905 596 34 21 for
949 596 100 21 London.

701 633 4 3 •
719 624 53 25 Brig
790 624 102 24 Victoria,
904 624 41 20 220
963 626 58 22 tons,
1040 624 98 21 Sinclair.
1167 624 69 21 Waitt
1244 626 41 19 and

694 652 73 26 Tyser,
777 651 88 25 Agents.
896 651 96 25 Loading
1003 651 34 20 for
1049 651 97 21 London.

721 679 109 20 Schooner
841 679 77 25 Fidele,
936 680 12 18 5
959 681 58 23 tons,
1036 678 96 22 Cemino.
1162 680 69 20 Waitt
1244 680 41 21 and

694 706 73 26 Tyser,
779 706 89 25 Agents.

723 733 53 26 Brig
789 734 51 20 Bte.

722 760 111 21 Schooner
846 762 62 24 Kate,
926 762 26 20 62
966 764 57 22 tons,
1039 762 137 20 Macfarlane.
1206 762 79 26 Agent,

694 788 126 21 Machattie.

720 815 128 27 Brigantine
863 816 68 27 Ariel,
948 817 26 20 73
992 818 56 24 tons,
1061 816 96 21 Skelton.
1186 817 99 26 Captain,

694 843 77 26 Agent.

699 882 11 10 *
724 870 52 27 Ship
785 871 121 26 Mandarin,
920 872 39 20 650
978 873 56 24 tons,
1046 871 75 21 Smith.
1150 872 88 25 Agents,
1250 871 35 21 W.

694 898 27 20 B.
731 897 93 28 Rhodes,
835 899 42 19 and
887 898 40 21 Co.

873 963 121 16 GUSTOM
1011 963 107 16 HOUSE.

894 1016 188 21 EXPORTS.

722 1047 29 21 In
761 1054 47 15 the
854 1049 105 20 Rover's
1097 1054 43 15 kob
1150 1049 106 20 Sydney.
1262 1059 20 5 —

692 1076 102 25 Howson,
800 1077 77 26 Agent.
880 1087 25 5 —
907 1078 27 19 27
946 1077 52 26 kegs
1006 1077 66 26 paint,
1084 1077 12 20 7
1103 1077 43 20 tins
1156 1076 44 25 do.,
1211 1077 14 19 2
1232 1076 50 21 coils

692 1109 60 20 rope,
778 1104 12 20 9
814 1104 51 26 bags
884 1105 73 23 coffee,
983 1105 13 19 2
1021 1105 70 20 chests
1109 1106 41 23 tea,
1173 1105 25 19 14
1218 1103 64 22 boxes

692 1130 48 20 Eau
750 1130 26 20 de
792 1131 104 27 Colonge,
906 1133 15 19 3
930 1138 58 14 cases
1000 1132 65 26 slops,
1078 1132 10 19 1
1099 1137 47 16 case
1155 1131 127 24 velveteens,

695 1158 10 19 1
724 1160 45 17 mat
786 1159 69 24 boots,
876 1160 10 19 1
904 1160 35 19 do.
958 1159 55 25 hats,
1030 1160 12 19 6
1060 1165 48 14 cans
1123 1159 130 25 turpentine,
1270 1160 12 19 5

692 1185 77 20 tierces
779 1186 54 24 beef,
846 1187 12 20 6
869 1188 51 19 tuns
929 1186 61 21 black
1001 1187 37 23 oil,
1049 1188 12 19 4
1073 1189 48 18 cwt.
1131 1186 131 25 whalebone,
1270 1188 12 19 8

692 1219 60 14 cases
761 1214 89 26 brandy,
862 1214 11 20 7
884 1214 50 26 bags
945 1214 73 24 coffee,
1030 1214 27 21 80
1067 1214 50 25 bags
1133 1220 69 19 sugar.
1233 1213 49 22 Pas-

692 1246 85 20 sengers
779 1251 27 5 —
807 1242 91 20 Messrs.
917 1242 102 25 Howson,
1035 1242 94 25 Catting,
1139 1241 87 27 Jeffery,
1242 1242 40 20 and

692 1267 94 22 Donald.

908 1337 5 3 -
931 1325 114 21 Imports.

722 1356 29 20 In
769 1362 48 15 the
964 1364 66 14 from
1050 1357 97 21 Sydnby
1165 1358 33 19 via
1215 1357 67 20 Two-

692 1390 63 14 fold
764 1384 61 20 Bay.
885 1385 95 25 Captain,
997 1387 78 25 Agent.
1077 1397 26 3 —
1104 1385 28 21 37
1150 1388 49 17 tons
1216 1386 66 23 coals,

692 1412 25 19 84
729 1414 81 17 trusses
821 1412 49 26 hay,
887 1412 39 20 600
937 1413 72 25 sheep,
1027 1414 26 19 10
1064 1413 63 20 boxes
1142 1416 41 21 tea,
1195 1413 12 19 8
1225 1418 57 14 cases

692 1439 61 23 wine,
769 1439 13 19 4
800 1439 63 20 hhds.
880 1439 89 26 brandy,
985 1441 13 19 7
1014 1440 52 25 kegs
1076 1440 95 24 tobacco,
1188 1440 25 19 18
1232 1440 50 25 kegs

692 1466 87 25 brandy,
796 1466 13 19 3
827 1466 51 26 kegs
896 1467 96 20 tobacco.
1021 1467 125 26 Passengers
1148 1477 27 4 —
1176 1466 44 21 Mr.
1241 1467 41 20 and

692 1494 54 20 Mrs.
759 1493 83 27 Harper
852 1494 41 19 and
903 1494 59 21 three
972 1494 103 21 children.

842 1550 125 24 Inwards,
984 1550 149 21 Coastwise.

718 1581 30 20 In
772 1587 47 15 the
1068 1588 63 15 from
1156 1583 97 21 Kapiti.
1254 1593 28 5 —

693 1609 68 20 Waitt
771 1609 43 20 and
824 1611 73 24 Tyser,
912 1611 87 25 Agents.
1001 1621 28 4 —
1030 1611 26 20 20
1068 1613 47 18 tons
1125 1611 51 20 flax.

719 1636 30 20 In
759 1642 47 15 the
974 1644 66 14 from
1057 1638 119 20 Ekolaki.
1178 1649 27 3 —
1205 1638 77 25 Lloyd,

692 1664 104 25 Agent.—
799 1665 27 20 29
836 1664 15 24 i
860 1667 51 18 tuns
925 1666 61 19 black
998 1666 37 24 oil,
1052 1666 39 20 183
1100 1666 90 20 bundles
1205 1665 77 21 whale-

692 1692 63 19 bone.
761 1714 5 4 _
799 1692 154 26 Passengers—
953 1693 89 21 Messrs.
1080 1694 67 23 Price,
1185 1692 97 25 Walton,

692 1718 93 26 Rhodes,
798 1719 69 21 Green
877 1720 42 21 and
929 1720 149 24 Hempleman.

685 1781 95 63 New
811 1781 220 63 Zealand
1062 1781 220 63 Gazette

731 1844 68 22 AND
814 1844 216 23 WELLINGTON
1051 1845 188 24 SPECTATOR.

81 3526 89 19 jOKPON
478 3528 6 13 i
569 3523 14 20 5
610 3524 14 21 0
649 3525 16 20 0

81 3552 10 23 f
93 3560 35 17 tvr
142 3553 81 24 South
237 3553 87 23 Wales
338 3561 47 16 and
397 3553 29 22 V.
437 3554 29 23 D.
477 3554 28 23 L.
533 3570 7 6 .
546 3570 6 7 .
569 3557 14 21 2
610 3558 14 21 0
649 3552 23 28 6*

81 3587 110 24 1ei50m.,
199 3586 128 25 ,....,..'..
333 3604 13 14 y
350 3604 5 7 .
569 3594 14 20 2
610 3595 13 20 0
643 3595 21 22 .0

81 3622 114 24 'aranaki
206 3630 47 21 AfiD
259 3623 75 27 Cqast
503 3637 49 9 *...
569 3628 14 20 2
610 3629 14 21 0
650 3629 15 21 0

81 3660 121 20 Luckxand
598 3662 39 21 nil.

93 139 22 26 f
251 133 113 20 THIS
402 133 100 20 DAY.

287 166 96 21 Public
398 165 70 21 Sale.

85 200 162 48 MESSRS.
271 197 150 24 BETHUNE
446 197 65 23 AND
538 197 130 22 HUNTER

176 226 44 21 will
230 225 40 22 sell
281 226 29 26 by
322 225 78 22 Public
408 224 105 25 Auction,
522 227 24 18 at
556 224 110 22 Lambton

83 252 73 27 Quay,
174 259 28 14 on
214 251 143 27 Wednesday
371 255 60 22 next,
449 249 42 23 the'
504 250 50 21 13th
570 254 95 22 current,

82 283 23 16 at
115 278 107 27 half-past
232 280 26 21 12
267 278 93 26 o'clock,
372 285 28 14 ex
411 278 38 21 the
459 278 56 20 Kate
515 287 28 5 —

135 313 29 21 20
178 315 52 19 tuns
239 311 65 23 black
314 312 37 26 oil,

136 341 14 19 2
163 341 51 19 tons
224 338 136 27 whalebone,

107 386 4 4 .
135 367 42 20 200
191 365 89 22 bushels
290 365 80 26 maize,

135 393 14 20 5
164 394 48 19 cwt.
223 391 64 23 hams
297 392 44 22 and
351 393 80 19 bacon.
672 398 2 14 1

81 419 48 21 The
139 418 73 22 whole
223 422 22 18 to
254 419 30 21 be
294 418 46 22 sold
350 419 22 20 in
383 417 48 27 lots,
442 421 22 18 to
474 418 44 21 suit
527 417 137 27 purchasers.

107 452 129 22 December
245 454 33 23 13,
289 452 60 21 1843.

82 497 160 49 MESSRS.
265 496 93 26 HORT,
376 497 159 26 MOCATTA,
557 504 45 17 and
619 497 44 21 CO.

172 524 58 21 have
240 523 100 22 received
350 524 131 21 instruction
491 524 56 21 from
555 523 45 22 Mr.
610 523 23 22 F.
642 523 21 21 J.

81 549 91 26 France,
184 553 22 17 to
216 550 40 22 sell
267 550 30 26 by
307 550 78 22 Public
396 551 105 26 Auction,
511 557 29 14 on
548 550 117 27 Thursday

81 580 61 23 next,
153 580 23 18 at
186 576 38 22 the
230 577 109 21 Southern
347 577 67 23 Cross
422 577 75 26 Hotel,
506 580 23 18 at
540 579 10 19 1
558 577 91 26 o'clock,

105 610 13 19 3
134 607 77 22 trunks
220 608 145 27 gentlemen's
376 608 101 27 superior
486 607 105 28 clothing',
622 619 3 4 ■

103 636 25 21 A
137 634 103 28 splendid
251 634 86 22 double-
342 636 72 20 barrel
426 642 53 19 gun,

106 659 24 24 A*
138 660 79 27 sword,
230 661 81 27 fishing
320 661 49 26 rod,
379 662 41 21 &c.

99 704 6 8 r
101 689 43 22 '&n
156 692 133 18 assortment
299 688 25 21 of
331 688 59 21 solar
400 688 78 28 lamps,

105 715 72 26 Lamp
188 713 80 24 shades
278 715 44 21 and
330 715 92 27 glasses,

105 742 21 21 A
138 741 142 22 well-chosed
294 742 63 21 stock
373 742 25 21 of
411 741 71 22 useful
494 742 167 27 ironmongery,

77 769 122 26 consisting
209 769 26 21 of
241 768 92 27 cooking
343 768 101 25 utensih,
454 768 70 27 locks,
536 769 39 21 &c.

104 795 53 22 And
169 802 13 14 a
191 795 86 27 variety
287 795 26 21 of
320 795 64 21 other
394 795 77 26 goods.

290 834 77 15 TEIIMS
382 834 65 15 CASH.

104 858 147 27 Wellington,
263 858 55 22 Dec.
330 861 33 24 12,
376 860 61 20 1843.

318 904 108 21 Notice.

77 937 163 49 MESSRS.
264 937 150 22 BETHUNE
438 937 68 23 AND
532 937 132 24 HUNTER

169 964 43 22 will
223 964 38 22 sell
273 965 29 26 by
313 964 78 22 Public
402 965 106 26 Auction,
518 967 23 19 at
552 965 111 23 Lambton

80 991 71 27 Quay,
170 991 24 22 in
210 992 68 22 about
292 999 14 13 a
319 991 116 27 fortnight,
451 992 31 27 by
501 991 65 23 order
584 992 27 22 of
626 991 37 23 the

153 1018 121 27 •Registrar
284 1019 26 21 of
317 1018 109 22 Intestate
437 1018 95 27 Estates,
543 1019 37 21 the

209 1050 203 23 SCHOONER
438 1052 97 25 ERIN,

72 1076 56 32 -vyith
137 1076 42 22 her
188 1076 73 23 tackle
273 1076 42 22 and
325 1081 185 24 appurtenances,
522 1085 26 14 as
564 1077 39 22 she
614 1085 49 14 now

69 1102 46 23 -lies
126 1110 28 15 on
166 1104 38 21 the
214 1103 71 22 beach
296 1107 22 18 at
329 1105 32 22 Te
374 1103 53 23 Aro.

103 1130 62 26 Also,
176 1130 83 28 sundry
270 1130 76 23 effects
357 1131 156 27 appertaining
524 1134 22 19 to
558 1132 105 21 Intestate

77 1156 94 23 Estates.

144 1184 51 26 Day
205 1184 25 21 of
238 1184 50 22 Sale
297 1184 45 23 will
353 1185 28 22 bo
392 1185 53 27 duly
456 1186 140 22 announced.

103 1215 145 27 Wellington,
259 1216 56 22 Dec.
328 1218 32 24 12,
376 1217 61 21 1843.

205 1261 162 22 Committee
385 1262 30 21 of
428 1263 106 26 Safety.

75 1296 51 47 A
142 1294 147 23 MEETING
304 1295 25 22 of
341 1295 44 22 this
402 1296 133 22 Committee
550 1297 44 21 will
612 1297 50 21 take

153 1322 65 27 place
228 1326 23 18 at
259 1322 38 21 the
308 1322 123 28 Exchange
442 1330 29 15 on
612 1323 49 23 14th

75 1348 91 26 instant,
183 1352 24 18 at
223 1351 14 19 3
252 1348 86 22 o'clock
355 1357 62 20 p.m.,
430 1350 32 22 for
478 1350 37 22 the
534 1358 94 20 purpose
640 1353 26 20 of

75 1376 120 26 arranging
205 1383 60 14 some
275 1376 42 21 few
327 1376 146 28 outstanding
482 1380 100 19 matters.

184 1407 44 27 (By
238 1406 73 27 order)
369 1409 29 21 A.
415 1408 77 27 Hort,
510 1410 61 26 Sen.,

436 1435 60 22 Hon.
507 1437 123 26 Secretary.

101 1462 90 27 Friday,
204 1462 55 22 Dec.
271 1463 20 25 8,
306 1463 60 21 1843.

75 1506 92 49 MR.
190 1506 27 23 T.
243 1506 133 23 HORNER
401 1506 115 27 GREEN,
542 1515 121 20 passenger

165 1541 40 21 per
214 1534 71 26 Mary,
297 1533 82 28 Kemp,
391 1534 57 22 from
460 1534 124 27 Liverpool,
598 1535 18 22 is
626 1542 32 15 re-

73 1560 92 28 quested
184 1565 23 18 to
227 1561 163 22 communicate
410 1560 34 23 his
463 1560 92 24 address
578 1565 22 18 to
625 1562 36 22 the

73 1588 157 27 undersigned.

285 1615 133 26 Ridgways,
435 1616 108 27 Guyton,
558 1617 20 21 ix
593 1616 40 22 Co.

99 1647 143 27 Wellington,
254 1647 56 22 Dec.
320 1648 36 25 .12,
369 1649 62 20 1843.

164 1694 52 20 For
231 1693 69 25 Sale,
315 1699 36 15 esc

72 1727 173 50 BOTTLED
268 1727 61 23 ALE
354 1727 69 23 AND
445 1727 133 26 PORTER,

149 1755 63 26 Very
221 1754 99 28 superior
329 1755 87 28 brandy
424 1755 25 22 in
465 1754 132 27 hogsheads,
615 1754 46 22 and

71 1781 79 28 sherry
160 1781 23 22 in
195 1785 96 23 octaves,

99 1809 38 21 An
148 1812 135 19 assortment
293 1809 25 22 of
325 1809 67 28 slops,

100 1836 73 22 Gents
182 1834 66 24 shoes
258 1836 45 22 and
312 1844 87 20 pumps,

99 1862 89 22 Pickles
197 1863 46 21 and
252 1863 107 22 mustard.

99 1890 27 22 17
141 1892 51 19 tons
203 1889 112 23 Gordon's
325 1898 49 14 new
385 1890 30 22 oil
427 1891 71 22 casks.

351 1924 36 22 W.
405 1924 27 22 B.
449 1925 95 21 Rhodes
559 1925 20 21 &
594 1925 38 21 Co.

94 1956 132 22 December
237 1958 31 25 12,
285 1958 59 20 1843.

235 2001 43 21 Ex

71 2034 105 46 NOW
191 2034 158 25 LANDING,
361 2031 46 23 and
416 2040 29 14 on
455 2033 47 21 sale
512 2038 24 16 at
550 2034 37 22 the
598 2035 63 21 Store

153 2059 27 21 of
188 2058 36 22 the
236 2059 151 27 undersigned
387 2070 29 5 —

96 2085 72 27 Nails,
179 2085 29 22 all
219 2085 56 23 sizes
284 2085 45 23 and
340 2086 72 23 descri
420 2087 83 27 ptions.

424 2119 28 23 B.
468 2120 33 21 M.
518 2120 113 23 Fereira.

97 2150 190 29 Lambton-quay,
300 2150 130 24 December
440 2154 33 25 12,
485 2153 62 21 1843.

219 2202 40 21 To
274 2202 34 21 be
322 2202 68 21 Sold
405 2202 100 28 Cheap,

69 2237 51 47 A
136 2234 151 28 COTTAGE,
299 2235 127 28 pleasantly
439 2237 104 27 situated,
560 2238 103 21 contain-

147 2262 41 27 ing
197 2263 165 27 settirtg-room,
370 2263 126 28 bed-room,
505 2264 46 22 and
562 2265 99 27 kitchen,

70 2289 53 23 with
143 2297 15 14 a
176 2289 50 23 well
246 2289 121 23 cultivated
384 2290 94 26 garden.
513 2291 45 22 For
574 2292 90 22 further

69 2316 139 28 particulars,
219 2317 66 27 apply
295 2319 22 19 to
327 2317 46 22 Mr.
384 2318 56 27 Roe,
452 2322 23 18 at
485 2318 39 23 the

70 2343 79 23 Office.

96 2376 127 23 December
233 2378 34 26 12,
279 2378 60 22 1843.

69 2423 68 49 TO
152 2422 67 28 LET,
235 2432 13 14 a
259 2424 154 23 commodious
430 2425 78 22 House
525 2433 29 15 on
574 2426 33 22 Te
618 2427 45 26 Aro

144 2450 58 27 Flat,
214 2451 53 22 with
277 2451 85 26 garden
372 2453 90 26 ground
471 2453 113 27 attached,
597 2453 68 31 lately

69 2477 107 28 occupied
186 2477 30 28 by
228 2478 44 22 Mr.
284 2479 106 22 Wallace.

95 2510 46 22 For
150 2510 139 27 particulars,
301 2511 69 29 apply
381 2515 23 19 at
414 2512 37 22 the
464 2513 88 20 Gazette
560 2513 72 23 office.

96 2541 128 23 December
233 2544 34 25 12,
279 2544 61 21 1843.

282 2590 165 23 Almanack.

69 2623 75 49 AN
164 2623 182 23 ALMANACK
366 2624 35 23 for
418 2625 138 28 Wellington
574 2626 45 23 will
632 2627 28 21 be

140 2650 119 28 published
269 2655 23 18 at
301 2651 45 23 this
357 2651 71 23 Office
438 2654 33 20 Ist
482 2653 110 28 January,
602 2655 61 22 1844.

302 2693 77 20 PRICE,
395 2687 31 21 Is.

119 2719 97 22 Gazette
247 2719 78 28 Office,
338 2721 128 22 December
476 2721 20 27 7,
508 2722 63 22 1843.

139 2769 117 27 ANTED,
275 2770 30 27 by
322 2771 38 22 the
379 2771 159 28 undersigned,
560 2772 101 23 Tenders

82 2799 39 19 TT
165 2796 36 22 for
218 2796 38 23 the
272 2797 99 28 delivery
390 2797 26 22 of
430 2797 57 23 Flax
506 2798 49 23 leaf
573 2802 24 19 at
617 2799 46 22 Kai

70 2821 81 24 Warra
158 2830 6 20 ;
179 2823 19 22 it
209 2827 59 19 must
276 2824 28 22 be
315 2824 21 23 in
346 2826 138 22 convenient
489 2825 62 23 sized
560 2826 102 27 bundles,

70 2849 38 23 the
124 2849 77 23 leaves
217 2851 80 28 sound,
318 2852 44 22 and
379 2852 78 23 within
472 2852 64 23 three
550 2853 78 22 inches
641 2854 25 21 of

70 2876 66 29 equal
150 2877 91 28 lengths
257 2879 21 21 in
297 2879 55 22 each
368 2879 91 23 bundle.
488 2879 100 23 Tenders
605 2883 59 20 must

70 2904 87 27 specify
165 2903 39 23 the
215 2905 101 30 quantity
330 2914 41 20 per
387 2907 62 22 week
464 2906 49 23 that
530 2907 37 22 the
581 2908 82 28 parties

71 2938 42 15 can
124 2931 93 23 deliver.

344 2960 119 24 Kenneth
481 2961 152 23 Mathieson.

72 2991 70 32 _Kai
153 2992 86 28 Warra,
251 2994 56 22 Dec.
319 2997 35 25 12,
366 2997 62 20 1843.

70 3038 186 50 WANTED,
279 3040 30 27 by
327 3041 39 21 the
388 3041 160 27 undersigned,
569 3045 43 19 two
635 3049 26 15 or

167 3065 63 23 three
241 3067 47 27 pair
299 3067 25 22 of
335 3068 109 27 Sawyers.

347 3102 118 23 Kenneth
482 3103 148 23 Mathieson.

95 3133 48 23 Kai
155 3134 85 28 Warra,
251 3136 56 21 Dec.
320 3137 34 26 12,
365 3138 37 21 184
402 3138 25 21 S.

296 3181 128 26 Wanted,

103 3215 61 31 rggt
210 3215 25 31 A
250 3215 14 21 s
276 3215 210 24 FIRST.OFFICE
494 3216 34 23 for
534 3216 38 23 the
579 3217 83 28 barque

94 3237 95 39 mSm.
355 3244 200 22 GLENARM.

211 3269 74 28 Apply
296 3272 22 19 to
329 3270 38 23 the
378 3271 94 28 Captain
482 3278 28 15 on
523 3271 76 27 board,
609 3279 24 14 or
639 3274 24 19 to

71 3298 120 28 ■^HH^
394 3304 23 22 J.
433 3305 111 23 BOUCOTT
558 3307 22 21 &
597 3306 38 22 Co.

97 3337 69 23 None
183 3338 60 22 need
262 3337 66 29 apply
347 3338 95 24 without
460 3347 14 15 a
491 3340 62 28 good
577 3347 86 15 recom-

70 3364 137 25 mendation.

437 3394 69 22 Capt.
523 3394 32 23 H.
574 3396 61 21 Guy.

98 3423 149 29 Wellington,
257 3424 56 24 Dec,
325 3426 34 26 12,
372 3426 61 21 1843.
