3320 4340
2460 3130 54 16 THE
2528 3130 61 16 ROM.
2600 3130 21 16 A.
2631 3129 19 17 J.
2664 3129 110 17 CADMAN.

2532 3193 12 17 A
2560 3198 73 12 FJ.YIN(-
2650 3198 57 12 VISIT.

2426 3231 38 17 Tlio
2474 3230 50 17 Hon.
2535 3229 21 17 A.
2572 3229 17 16 .T.
2606 3229 90 21 Ciidman,
2712 3230 86 16 Minister
2812 3231 27 16 for

2404 3254 66 17 Mine;,
2481 3253 71 16 arrived
2559 3252 18 17 in
2587 3252 82 17 Rotorini
2681 3254 48 15 from
2748 3253 88 18 Tokaanu

2404 3283 23 12 on
2437 3276 76 21 Sunday
2527 3276 55 19 night
2597 3281 23 11 on
2636 3276 29 17 his
2679 3282 42 15 way
2737 3278 19 15 to
2773 3276 69 18 attend,

2403 3301 33 17 the
2443 3299 82 22 opening
2533 3299 20 16 of
2564 3298 33 17 the
2612 3298 71 18 Paeroa
2697 3299 85 21 railway.
2813 3301 23 15 At

2404 3323 89 18 Tokaanu
2513 3321 31 18 Mr
2565 3321 84 18 Cadmin
2672 3322 58 17 found
2750 3322 42 17 thrat
2808 3323 32 16 Mr

2394 3344 2 26 ,
2404 3347 59 23 Percy
2472 3345 61 17 Smith
2542 3350 23 12 on
2575 3344 28 17 his
2612 3347 63 14 recent
2684 3345 44 18 visit
2737 3346 38 16 had
2787 3351 39 11 com-

2391 3368 5 26 j'
2404 3368 62 23 plote.d
2475 3368 24 17 all
2509 3368 32 16 the
2555 3370 143 18 arrangements
2712 3368 18 17 in
2746 3368 93 18 reference

2391 3391 2 23 !
2404 3396 20 13 to
2440 3391 91 23 applying
2549 3392 23 21 toj
2584 3391 44 17 that
2644 3391 52 22 place
2718 3391 32 17 the
2772 3391 67 18 Native

2404 3415 109 21 Townships
2528 3414 35 17 Act
2578 3414 67 22 passed
2662 3415 36 16 la-;t
2715 3415 76 17 session.
2819 3415 17 16 It

2405 3444 42 12 was,
2466 3438 98 17 therefore,
2580 3441 125 19 Unnecessary
2720 3438 31 17 for
2768 3438 36 16 him
2819 3439 20 16 to

2404 3467 29 11 see
2443 3466 36 16 any
2488 3461 19 15 of
2516 3460 31 16 the
2556 3461 64 15 native
2629 3466 71 12 owners
2711 3468 19 9 as
2739 3461 45 21 they
2792 3461 38 16 haw-

2404 3485 24 16 all
2438 3483 87 23 Signified
2533 3483 49 16 their
2591 3483 116 21 willhignes'-i
2717 3485 18 16 to
2747 3484 45 17 have
2806 3483 35 18 the

2405 3508 42 16 Act'
2460 3506 83 22 applied;
2576 3506 49 17 Most
2642 3507 19 17 bf
2678 3507 33 17 the
2728 3507 73 16 holders
2820 3507 20 17 of

2404 3531 86 17 interests
2499 3535 46 11 wore
2554 3530 66 16 absent
2629 3530 49 17 from
2685 3530 33 17 the
2725 3530 73 22 plftcobi
2805 3536 34 15 mg

2404 3552 86 22 engaged
2498 3553 19 15 in
2526 3549 94 26 planting,
2631 3551 35 19 but
2671 3553 50 17 their
2726 3553 46 20 only
2777 3553 61 22 stipur

2404 3576 60 17 latiou
2476 3576 15 16 is
2505 3575 42 17 that
2565 3576 70 17 certain
2653 3577 82 16 sections-
2750 3576 46 17 shall
2816 3575 23 18 bo

2404 3598 79 18 allotted
2492 3600 19 15 to
2518 3599 54 17 them,
2578 3599 39 17 and
2626 3600 37 16 this
2672 3599 44 23 will;
2732 3600 20 15 of
2768 3605 70 10 course,

2404 3623 23 16 be
2436 3621 78 18 acceded
2523 3623 26 15 to.

2427 3645 31 17 Mr
2467 3644 99 18 Cadman's
2575 3645 44 17 visit
2632 3645 38 17 had
2683 3651 25 11 no
2722 3645 78 21 bearing
2815 3650 23 11 on

2405 3669 84 16 Rotorua.
2497 3669 78 16 matters
2582 3668 21 17 in
2612 3674 36 16 any
2658 3671 79 19 respect.
2763 3668 29 16 He
2804 3668 35 21 put

2404 3691 26 22 iip
2446 3692 19 16 at
2483 3691 50 17 Lake
2547 3691 65 17 House
2630 3692 60 16 where
2707 3692 23 16 he
2747 3695 37 13 was
2801 3692 37 15 met

2404 3714 73 19 shortly
2486 3714 49 16 after
2543 3714 29 16 his
2580 3715 68 16 arrival
2657 3715 25 21 by
2689 3715 36 15 -Mr
2733 3714 28 16 W.
2775 3713 62 21 Kelly,

2404 3737 87 18 M.11.1!.,
2501 3737 36 16 and
2547 3743 25 11 on
2580 3737 84 20 Monday
2675 3738 88 15 forenoon
2772 3736 23 17 he
2801 3742 38 10 was

2404 3760 100 21 visiteddiy
2514 3760 113 17 Lieut.-Col.
2638 3760 86 18 Roberts,
2808 3759 31 16 Mi-

2404 3783 44 19 Gill,
2465 3782 46 18 land
2521 3783 94 25 .purchase
2631 3785 64 20 agent,
2714 3782 36 16 and
2768 3779 74 20 sevdral

2404 3806 133 22 townspeople.
2563 3806 44 16 Had
2617 3807 45 15 time
2670 3805 100 23 permitted
2780 3811 8 10 a
2805 3805 21 16 de-

2404 3829 87 22 putation
2500 3829 62 16 would
2572 3829 93 22 probably
2672 3829 49 16 have
2733 3827 66 18 waited
2814 3833 22 11 on

2392 3850 2 23 '■
2406 3853 29 16 Mr
2445 3852 82 17 Cadman
2536 3852 19 17 in
2564 3852 67 21 regard
2641 3853 19 16 to
2669 3852 32 16 the
2712 3851 90 16 reversion
2818 3850 20 18 to

2405 3876 32 16 the
2445 3875 32 17 old
2486 3879 68 13 system
2563 3875 19 16 in
2594 3873 167 19 thertransmissiou
2771 3873 20 18 of
2805 3873 25 16 d.e-

2404 3898 54 17 lavel
2468 3899 105 19 t.'legranis.
2600 3897 29 18 On
2642 3897 37 16 this
2695 3897 73 19 matter,
2785 3896 39 16 how-

2392 3919 1 24 '
2404 3928 47 10 ever,
2459 3922 23 17 he
2490 3921 56 22 spoke
2552 3927 44 14 very
2602 3920 69 21 clearly
2678 3921 19 16 to
2705 3920 133 17 aCHROXICCE

2405 3944 149 23 representative.
2580 3942 101 19 Infaceof
2696 3942 31 18 the
2742 3942 52 21 largo
2808 3942 29 16 in-

2392 3965 2 23 I
2405 3972 61 12 crease
2474 3967 19 17 in
2507 3966 78 22 delayed
2598 3966 53 17 wires
2666 3965 37 17 and
2717 3965 32 17 the
2766 3966 61 17 corrbs
2827 3966 7 11 1

2404 3990 86 22 puiiding
2496 3989 84 17 decrease
2589 3989 18 16 in
2617 3995 79 10 revenue
2705 3989 13 16 it
2730 3993 36 11 wa<
2773 3994 64 11 ne'-'\;-

2405 4019 42 16 sa.ry
2457 4014 19 15 to
2485 4012 23 17 do
2514 4012 107 20 something
2628 4014 20 14 to
2653 4012 54 16 effect
2713 4017 24 11 ail
2744 4011 83 21 improve-

2405 4037 57 18 m-ent,
2478 4035 38 17 and
2531 4041 11 10 a
2558 4036 65 15 return
2639 4035 20 15 to
2677 4035 32 15 the
2723 4034 31 16 old
2768 4035 69 23 system

2405 4057 73 18 seemed
2487 4058 31 16 the
2526 4057 39 17 best
2577 4063 40 15 way
2626 4059 33 14 out
2669 4057 19 17 of
2697 4057 32 18 the
2737 4056 99 23 difficulty.

2406 4082 18 16 It
2441 4087 37 10 was
2494 4085 96 16 necessary
2607 4080 60 16 either
2681 4082 19 13 In
2722 4080 24 16 do
2763 4080 37 16 this
2818 4086 21 11 or

2404 4103 48 18 limit
2460 4103 54 17 Press
2523 4108 92 15 messages
2624 4103 60 15 which
2693 4108 38 12 was
2737 4103 31 17 not
2780 4103 49 17 desir-

2405 4126 51 17 able.'
2478 4126 30 16 Mr
2517 4125 61 17 Ward,
2589 4125 23 16 lie
2621 4125 67 21 stated,
2705 4131 39 11 was
2753 4126 86 20 working

2404 4150 36 15 out
2447 4148 92 17 iwsclveihe
2547 4148 60 17 under
2616 4148 60 17 which
2695 4148 79 17 delayed
2791 4149 38 16 tele-

2848 125 2 30 j
2858 133 64 17 grams
2932 125 194 22 wouicTSeabolished
3136 128 79 24 altogetli

2858 157 11 11 a
2877 153 33 15 ten
2918 152 51 16 word
2980 154 38 20 sy.-t
3027 157 22 12 >m
3062 152 20 16 of
3097 151 88 23 ordinary
3201 154 41 18 six™

2848 174 1 23 ,
2858 174 101 23 telegrams
2966 175 101 18 substitute
3075 174 12 18 1.
3095 181 115 16 messygesex
3230 190 6 4 ~

2848 197 142 26 [thatnumber
3004 199 20 16 of
3041 198 61 17 words
3119 200 20 14 i>
3154 198 22 17 ba
3192 200 47 18 chain

2848 220 1 24 '
2858 220 68 24 higher
2942 223 40 16 rate
2999 221 37 17 and
3053 222 48 16 have
3121 227 31 17 pre
3164 221 53 19 edenc

2858 243 84 19 Cadman
2951 250 39 12 was
3008 244 55 17 much
3080 244 103 23 iurpr(*ssed
3197 247 38 19 with
3246 245 8 18 ,'

2848 267 1 22 '■
2858 274 88 15 progress
2954 269 21 15 of
2987 268 33 16 the
3035 270 61 15 town,
3112 267 96 19 evidenced
3224 277 15 12 e.

2848 287 111 28 [numerous
2980 290 97 22 buildings
3102 291 59 16 which
3182 291 33 19 had

2857 314 76 17 erected
2940 314 52 17 since
2999 314 30 17 his
3037 314 71 17 former
3121 314 49 17 visit.
3194 315 59 21 The(,.

2858 338 91 19 ernment,
2961 338 22 17 he
2994 336 68 19 stated,
3076 338 38 16 lost
3129 343 25 11 no
3170 343 70 17 oppart:,

2848 360 1 22 j
2859 361 21 15 of
2887 360 117 21 advertising
3012 361 33 16 the
3053 361 53 21 place
3113 361 75 19 abroad,
3196 367 20 12 an
3225 360 4 22 t
3234 371 5 10 T
3241 360 2 22 ,

2848 383 1 22 I
2857 388 74 11 w,n-ev<
2940 390 19 15 ;-y
3044 385 21 16 to
3072 384 45 17 h/ok
3129 384 80 18 forward
3223 389 27 14 (.-,.-
3277 383 4 22 :
3285 383 3 22 .
3288 383 10 11 k

2859 406 76 22 greater
2939 407 107 23 prosperity
3063 413 21 11 us
3098 407 33 17 the
3147 408 92 20 attraction
3256 406 3 24 '

2848 430 1 22 ■
2860 430 31 16 t'ne
2904 430 53 22 place
2975 430 74 18 became
3067 435 51 12 more
3134 430 67 22 widely
3216 431 22 20 fen.

2882 453 39 16 The
2930 453 88 17 Minister
3025 453 35 17 left
3073 454 21 16 at
3109 459 57 14 noon,
3241 461 5 11 ,:

2848 475 1 23 ■
2859 475 30 18 for
2897 476 105 22 Tauranga,
3013 475 132 23 accompanied
3159 476 24 22 by
3194 477 25 17 Mr
3228 480 11 16 K

2859 498 80 18 M.H.E.
2966 499 103 23 Yesterday
3079 500 47 22 they
3134 505 47 12 were
3190 501 49 22 topto

2858 522 27 21 by
2892 522 126 23 Thompson's
3029 522 61 18 Track
3107 524 20 16 to
3143 523 25 17 Tc
3185 524 65 23 Aroha,!

2859 545 84 17 Cadman
2952 546 59 22 being
3019 544 84 24 dt'i.-iivji;
3112 546 19 17 of
3140 546 56 22 inspni
3203 547 32 19 tiar-
3272 557 11 9 -..

2848 565 1 29 |
2859 569 60 16 route.
2945 569 29 17 On
2983 569 71 22 Friday
3071 565 31 21 Mr
3119 568 82 19 Cadman
3217 576 25 13 ;;;;.

2860 592 32 16 the
2900 592 84 23 opening
2992 593 20 16 of
3021 592 32 17 the
3062 592 78 22 railway
3148 592 37 17 hue
3194 595 55 16 top,

2860 614 36 17 and
2905 615 23 17 he
2939 616 36 16 will
2985 615 112 17 afterwards
3105 614 25 24 g.>
3147 621 24 11 on
3188 617 7 15 t
3205 614 2 24 .
3223 619 12 15 V,

2860 637 61 18 where
2929 638 53 18 there
2991 644 31 12 »rc
3039 644 57 16 many
3113 640 77 16 matters
3199 642 46 18 roirai

2860 661 29 17 his
2902 662 100 17 attention.

1601 392 123 17 VISITORS'
1738 392 63 17 LIST.

1622 439 72 17 Grand
1704 439 76 17 Hotel.

1509 467 80 22 Captain
1605 467 86 22 Meryon,
1709 467 71 17 H.M.s.
1799 466 119 21 Katnoinba;

1486 491 29 16 Sir
1524 490 76 17 Patrick
1608 491 36 16 and
1654 491 17 16 L
1676 491 29 16 idv
1720 490 91 21 Buckley,
1827 489 81 23 Welling-

1486 517 31 14 ton
1526 512 4 24 ;
1544 513 69 17 Messrs
1622 514 75 19 Govett,
1708 513 38 17 and
1755 513 56 18 Roth,
1827 512 81 24 Welling-

1486 538 32 17 ton
1525 536 4 23 ;
1544 536 55 21 How,
1610 536 76 23 Sydney
1692 536 4 23 ;
1711 537 29 16 Mr
1749 536 36 17 and
1793 536 39 16 Mrs
1839 536 79 19 Benson,

1486 560 91 19 London;
1597 560 31 16 Mr
1642 560 37 16 and
1693 560 40 17 Mrs
1752 559 82 22 McKay,
1853 559 67 17 Misses

1486 583 75 22 Waugh
1567 583 37 17 and
1610 583 98 20 Farmiloe,
1714 583 82 23 Sydney;
1806 583 114 22 DrLevigne

1486 606 144 19 Christehureh;
1655 607 32 16 Mr
1702 606 136 22 Kempthorne,
1855 606 65 17 Misses

1486 629 130 22 Kernpthorrie
1622 629 33 24 (2),
1662 630 69 16 Messrs
1741 629 107 18 Studholm,
1855 629 52 17 Mont-

1486 658 84 17 gomery,
1580 653 72 16 Martin
1660 653 38 17 and
1707 653 64 22 Batty,
1782 652 105 17 Auckland.

1510 699 82 18 Geyseb
1601 699 76 18 Hotel.
1689 700 208 16 Wuak.vrewarewa.

1510 728 69 17 Messrs
1587 727 65 19 Elliot.
1660 728 54 20 Ross,
1724 728 62 19 Hunt,
1798 727 63 18 Misses
1865 727 56 23 Lang

1487 750 33 24 (2).
1530 750 59 20 Since,
1602 752 27 15 Mr
1637 748 39 20 and
1685 751 41 16 Mrs
1740 752 22 16 O.
1781 750 69 23 Grady,
1865 750 42 23 Eng-

1487 774 55 20 land;
1557 774 69 16 Messrs
1641 774 21 18 B.
1679 774 124 20 Richardson,
1822 773 99 22 Swansea;

1488 796 97 23 Kennedy,
1603 797 47 17 New
1665 797 63 19 York;
1750 797 89 17 .Mitchell.
1857 797 62 20 Kahn,

1488 820 66 20 India;
1568 820 69 22 White,
1646 820 101 22 Brisbane;
1899 821 22 16 A.

1488 844 63 18 Davis,
1566 844 29 16 Mr
1608 844 38 17 and
1660 844 40 16 Mrs
1717 844 105 19 MoManus,
1843 845 28 15 Mr
1884 844 38 16 and

1487 867 40 17 Mrs
1544 867 22 17 G.
1589 867 57 19 Read,
1671 867 40 18 Mrs
1730 866 108 23 Benjamin,
1855 867 66 17 Misses

1488 889 117 21 Mitchelson,
1624 889 110 23 Auckland;
1750 890 65 17 Messrs
1834 890 86 22 Hughes,

1488 914 47 21 Roy,
1545 913 52 20 Gow,
1615 914 76 19 Cowell.
1708 914 69 19 Burke,
1795 913 87 20 Foulkcs,
1895 914 27 16 Dr

1488 936 76 21 Young,
1575 936 28 16 Mr
1618 936 37 18 and
1672 937 40 17 Mrs
1728 936 87 21 Stowart,
1834 936 75 22 Sydney
1917 936 3 22 ;

1488 960 68 16 Messrs
1566 959 57 19 Bach,
1634 960 79 21 Zaeller,
1723 961 95 20 Germany
1826 959 3 22 ;
1845 959 33 18 Mr
1884 959 37 18 and

1488 983 39 16 Mrs
1544 982 63 20 Kohn,
1625 983 146 21 Ciir'.stchurch;
1792 983 32 17 Mr
1838 983 37 16 and
1885 983 37 16 Mrs

1488 1004 80 22 Bindon;
1585 1004 113 25 Waiiganiii.

1554 1053 87 17 Brent's
1654 1053 112 17 Bathgate
1778 1053 77 17 House.

1511 1084 31 17 Mr
1550 1084 37 17 and
1601 1084 153 21 MivMoCurdv,
1766 1085 28 16 Dr
1802 1084 81 20 Russell,
1894 1086 20 15 Mi-

1488 1107 25 17 ll.
1531 1108 20 16 C.
1570 1107 67 20 White,
1765 1108 40 17 Mis
1822 1107 37 17 and
1876 1108 47 16 Miss

1488 1130 71 20 Danka,
1573 1130 127 24 Wellington;
1727 1132 44 16 Miss
1792 1131 75 17 Garden
1889 1131 32 21 (21,

1488 1154 113 19 Yorkshire;
1616 1154 28 17 Mr
1654 1155 23 18 N.
1688 1155 22 18 E.
1723 1154 64 19 Gibbs.
1803 1148 118 27 Melbourne';

1493 1179 33 15 Mrs
1542 1177 19 17 J.
1583 1178 98 17 Renshaw.
1700 1178 37 17 and
1748 1178 28 16 Mr
1790 1178 92 16 Rcnshaw
1893 1178 28 21 jr.,

1488 1199 90 20 Thames;
1603 1200 36 17 Sirs
1658 1201 37 17 and
1711 1201 44 17 Miss
1772 1201 22 17 G.
1808 1201 22 16 B.
1854 1201 67 20 Smith,

1485 1223 103 21 .Dunodin;
1604 1223 66 18 Messrs
1680 1224 88 19 Melville,
1778 1224 143 22 TeAwamutu;

1489 1247 165 18 Coniiollv.Hvde;
1664 1248 81 22 Rodney,
1751 1244 100 23 Pahiatua;
1858 1248 63 18 Stone,

1488 1270 19 17 J.
1529 1270 20 17 C.
1571 1270 78 21 Abbott,
1671 1270 74 21 Nichol,
1770 1272 28 14 Mr
1819 1270 38 18 and
1881 1271 42 17 Miss

1489 1293 111 19 Alexander,
1614 1294 30 16 Mr
1658 1294 37 16 and
1711 1295 40 15 Mrs
1765 1294 26 16 H.
1801 1293 78 21 Abbott,
1896 1294 28 17 Mr

1488 1317 37 16 and
1531 1317 40 16 Mrs
1580 1316 99 22 Thomson,
1737 1315 113 22 McDonald]
1860 1317 50 16 Auck-

1489 1340 55 19 land;
1559 1340 39 16 Rev
1608 1340 19 17 C.
1645 1341 26 16 H.
1689 1341 91 18 Yatman,
1798 1340 47 17 New
1858 1340 63 19 York;

1489 1363 81 22 Captain
1591 1363 38 17 and
1653 1364 40 16 Mrs
1711 1361 40 21 Hill
1771 1363 96 22 Weipawa
1875 1361 3 24 ;
1893 1364 31 16 Mr

1489 1387 82 21 Chancy,
1594 1385 78 25 Napier;
1688 1387 66 17 Misses
1784 1387 74 16 Bewick
1887 1387 36 16 and

1490 1409 102 22 Ferguson,
1611 1409 85 23 Mercury
1718 1409 52 23 Bay;
1785 1410 46 17 Miss
1847 1409 76 18 Dobsou

1489 1432 37 17 and
1543 1432 55 19 maid,
1617 1432 99 26 England;
1732 1434 40 17 Rev
1782 1434 32 17 Mr
1830 1433 37 16 and
1885 1434 39 16 Mrs

1489 1456 68 19 Evans,
1569 1456 119 23 Cambridge.

1623 1503 43 16 The
1679 1504 112 16 LANciiAM.

1512 1529 63 23 Judge
1584 1530 77 19 Wilson,
1669 1531 85 19 Aucklan
1761 1531 20 19 1:,
1791 1531 68 16 Messrs
1866 1531 46 17 Tara-

1490 1554 59 21 whiti,'
1567 1551 85 25 Huntiy;
1672 1554 107 17 Sherridan,
1799 1551 123 25 Wellington;

1490 1577 90 18 Gemmell
1589 1577 38 17 and
1641 1578 87 18 Merrick,
1745 1578 14 17 0
1766 1576 93 22 imbridge
1868 1576 3 22 ;
1895 1576 30 18 Mr

1490 1602 36 16 and
1540 1601 39 16 Mrs
1589 1601 75 20 Munro,
1674 1600 89 23 Sydney;
1776 1601 46 16 Miss
1836 1599 87 21 Lundon,

1490 1625 130 16 Wlmkiitane.-

1560 1682 31 17 TO
1612 1681 263 18 CORRESPONDENTS.

1514 1728 144 17 L.A.M.—-This
1678 1728 15 17 is
1710 1728 68 22 hardly
1796 1728 31 16 the
1844 1728 45 16 time
1905 1728 20 16 to

1491 1758 53 12 move
1552 1752 19 16 in
1581 1752 118 16 the-manner
1708 1757 37 16 you
1754 1752 85 21 suggest.

1492 1803 56 24 THE
1570 1803 54 23 HOT
1641 1800 99 26 LAKES
1758 1802 166 24 CHRONICLE

1490 1833 435 19 AND

1593 1869 117 20 Tourists'
1736 1869 84 24 Journal.

1491 1929 170 20 WEDNESDAY,
1670 1929 143 18 DECEMBER
1828 1930 25 18 18,
1874 1930 50 17 1895.

1492 1982 101 22 LOCAL
1607 1982 96 22 NEWS
1727 1982 70 22 AND
1813 1982 109 22 NOTES.

1515 2030 51 16 Next.
1574 2029 118 23 Wednesday
1706 2030 58 23 being
1782 2029 103 18 Christmas
1894 2029 31 18 the

1492 2058 116 17 CIiROXiCM
1618 2058 38 16 will
1665 2058 23 17 be
1697 2057 100 23 published
1809 2063 23 12 on
1842 2058 32 17 the
1882 2063 32 17 pre-

1492 2086 67 23 ceding
1565 2086 86 23 evening.
1677 2085 117 20 Advertisers
1811 2086 38 18 will
1864 2086 62 23 pleaso

1491 2116 44 16 note
1545 2116 31 15 tlie
1587 2116 79 21 change;

1515 2144 16 16 A
1540 2143 83 21 meeting
1637 2144 20 16 of
1674 2143 31 17 tho
1722 2143 72 23 Jockey
1812 2143 47 17 Club
1874 2143 51 17 takes

1491 2167 52 22 place
1552 2172 24 11 on
1585 2166 84 22 Monday
1678 2166 62 24 night.

1514 2194 39 17 The
1561 2193 60 18 finder
1630 2194 19 16 of
1663 2200 11 10 a
1691 2199 56 16 purse
1761 2194 15 16 is
1791 2194 98 22 requested
1905 2195 20 16 to

1491 2217 57 23 apply
1557 2217 20 17 at
1585 2217 33 17 the
1627 2216 97 19 Chronicle
1735 2217 62 17 Office.

1515 2246 58 17 Offers
1582 2246 39 16 will
1637 2246 25 17 be
1677 2246 84 21 receive/!
1776 2246 26 22 by
1819 2246 32 17 the
1867 2246 57 17 Town

1491 2269 61 18 Board
1561 2269 30 17 for
1599 2268 70 24 crppoi
1676 2268 90 24 standing
1775 2269 38 22 luiy
1822 2269 103 18 orLcastorn

1490 2293 52 19 slope
1551 2293 20 17 of
1585 2292 92 17 Pnkcroa.

1513 2320 39 18 Tho
1568 2321 58 16 Town
1642 2319 63 18 Board
1725 2319 84 24 meeting
1826 2321 37 16 will
1882 2321 45 17 tiike.

1490 2344 52 23 pluco
1559 2349 24 11 on
1600 2342 70 22 Friday
1695 2343 101 19 afternoon
1814 2343 75 18 instead
1905 2344 20 18 of

1490 2365 97 23 Thursday
1597 2372 19 12 as
1625 2366 107 23 previously
1743 2367 117 17 announced.

1513 2396 69 17 Messrs
1591 2397 61 16 Burns
1661 2395 37 18 arid
1708 2395 86 21 Christie,
1809 2395 114 23 carpenter?,

1489 2421 35 16 left
1530 2418 136 23 forTaupqlast
1672 2420 51 16 week
1729 2421 120 16 tocinstruct
1855 2418 70 19 eevtuiiii

1490 2442 93 19 additions
1593 2444 18 15 to
1622 2442 118 23 Gallagher's
1754 2442 64 18 Hotel.

1590 2472 19 15 to
1619 2470 32 17 tho
1659 2470 80 18 lowness
1748 2472 20 16 of
1776 2471 33 17 the
1825 2471 42 17 hike
1876 2471 48 17 level

1489 2495 32 17 the
1531 2494 125 23 temperature
1665 2493 19 17 of
1697 2494 32 17 the
1747 2494 61 17 Priest
1824 2494 50 17 Bath
1891 2494 33 18 litis

1489 2519 47 16 heon
1545 2523 43 17 very
1597 2517 45 23 high
1653 2517 23 17 of
1684 2516 43 20 la'tci.

1512 2547 17 17 A
1538 2546 124 23 subscription
1670 2547 33 17 list
1711 2547 34 17 has
1754 2547 47 17 been
1814 2547 72 22 opened
1895 2548 29 17 for

1489 2570 32 17 the
1535 2576 80 16 purpose
1632 2571 19 16 of
1668 2570 72 22 raising
1755 2570 56 18 fund's
1828 2572 20 16 to
1861 2571 43 17 liolrt
1913 2577 11 11 a

1489 2594 75 20 regatta
1572 2599 25 12 on
1605 2599 22 12 or
1634 2593 62 18 about
1702 2594 43 17 29th
1760 2593 91 23 January.
1874 2594 49 17 Lists

1491 2616 37 18 will
1536 2616 22 18 be
1568 2616 59 18 found
1635 2618 20 16 at
1664 2616 33 18 the
1707 2617 67 17 hotels.

1512 2645 104 18 Christmas
1632 2646 87 21 hampers
1733 2646 120 22 appropriate
1863 2647 22 16 to.
1891 2647 33 16 tho

1489 2668 66 18 festive
1564 2674 63 12 season
1645 2675 44 16 may
1710 2669 20 17 br
1754 2669 76 18 ordored
1851 2670 19 17 at
1892 2670 31 18 tho

1489 2692 64 16 Grand
1570 2692 64 18 Hotel,
1651 2699 20 9 its
1688 2698 34 16 per
1738 2693 150 17 announcement
1904 2692 19 18 in

1489 2715 79 18 another
1577 2715 80 18 column.

1513 2746 73 18 Section
1596 2748 16 17 .'J,
1623 2747 54 17 block
1687 2748 28 16 '2-'>.
1734 2749 51 15 town
1799 2748 17 16 oi
1832 2748 89 18 Rotonia.

1489 2769 70 26 having
1568 2776 23 11 an
1601 2775 42 12 area
1652 2771 20 16 of
1688 2777 35 10 one
1741 2770 51 21 rood,
1802 2771 16 16 is
1836 2771 87 21 gazette'd

1488 2799 20 12 as
1517 2799 11 11 a
1537 2793 34 17 site
1585 2793 30 16 for
1629 2794 67 16 Public;
1713 2794 81 22 Library
1810 2794 37 17 and
1864 2795 58 16 Town

1489 2816 62 18 Board
1563 2816 66 18 offices.

1512 2844 31 17 Mr
1551 2844 98 22 Maughan
1663 2844 86 21 Barnott,
1760 2845 32 17 the
1801 2845 122 17 well-known

1488 2867 75 22 pianist,
1573 2867 20 17 in
1601 2867 121 22 conjunction
1729 2867 47 19 .with
1783 2868 50 16 Herr
1839 2869 82 21 Balling,

1489 2891 32 17 the
1535 2888 105 22 celebrated
1655 2891 50 18 viola
1715 2891 72 22 player,
1803 2891 39 17 wilt
1856 2892 42 22 give
1912 2898 11 11 a

1489 2914 74 17 concert
1571 2914 44 16 here
1624 2919 23 11 on
1656 2912 86 24 January
1752 2914 16 17 3.

1512 2941 86 21 Mahuta,
1613 2941 32 16 the
1659 2942 60 16 Maori
1734 2942 52 21 king,
1804 2942 37 17 will
1859 2948 37 16 pay
1912 2950 11 10 a

1489 2964 44 18 visit
1541 2965 20 16 to
1577 2964 112 23 Tarulionga
1705 2964 58 18 about
1776 2964 86 23 January
1879 2966 42 17 25th

1488 2989 52 16 next.
1565 2987 39 17 The
1613 2987 61 22 object
1684 2988 20 16 of
1712 2988 29 17 his
1750 2988 45 18 visit
1799 2989 19 17 is
1822 2989 34 17 not
1861 2989 62 17 stated

1488 3011 35 16 but
1531 3010 77 22 already
1615 3009 130 24 preparations
1755 3017 23 11 on
1789 3017 24 11 an
1828 3013 95 16 extensive

1489 3034 48 17 scale
1545 3039 31 11 are
1585 3033 57 23 being
1651 3034 54 17 made
1714 3034 29 17 for
1752 3035 29 16 his
1790 3035 100 21 reception.

1499 3061 1 18 .
1512 3061 56 18 News
1576 3061 33 16 has
1618 3061 46 18 been
1674 3061 84 18 received
1766 3062 19 16 in
1795 3062 98 17 Auckland
1903 3063 20 16 of

1489 3084 33 17 the
1533 3084 55 17 death
1606 3084 23 17 of
1638 3084 31 17 Mr
1686 3083 49 19 Fred
1752 3084 77 23 Harvey
1846 3086 19 16 at
1879 3085 33 18 Cal-

1489 3108 57 16 cutta.
1572 3107 94 17 Deceased
1682 3114 39 10 was
1738 3114 11 10 a
1766 3114 32 10 son
1813 3109 20 15 of
1848 3109 31 16 Mr
1892 3109 28 17 W.

1489 3131 82 23 Harvey,
1581 3131 76 16 uow-of
1672 3131 101 18 Auckland
1787 3131 136 23 but-formorly

1489 3153 81 18 resident
1577 3154 50 16 here.

1513 3181 29 17 Sir
1550 3181 76 16 Patrick
1634 3181 38 16 and
1680 3181 55 22 Lady
1749 3181 85 22 Buckley
1851 3182 35 17 left
1895 3182 28 17 for

1490 3227 45 17 land
1537 3227 38 17 and
1580 3227 122 23 Wellington.
1713 3227 29 18 Sir
1749 3227 74 18 Patrick
1829 3228 96 23 regretted

1490 3251 32 16 the
1531 3250 95 17 shortness
1635 3251 20 16 of
1663 3250 28 17 his
1700 3251 44 16 visit
1754 3257 19 10 as
1780 3251 24 16 he
1810 3256 38 11 was
1855 3251 59 17 receiv-

1489 3274 34 21 ing
1532 3273 55 18 much
1595 3274 70 16 benefit
1675 3273 49 18 front
1740 3274 33 17 the
1789 3274 62 17 Priest
1867 3274 56 17 Bath.

1514 3302 96 17 Amission
1617 3302 18 17 in
1642 3302 110 17 connection
1761 3302 44 17 with
1813 3303 31 16 the
1852 3303 72 17 Roman

1491 3325 85 17 Catholic
1581 3325 74 18 Church
1663 3325 37 17 will
1709 3325 124 23 boopenedin
1841 3325 83 18 Rotoriia

1491 3354 23 11 on
1523 3348 85 22 January
1623 3349 39 19 ttrd,
1677 3349 57 17 whoa,
1745 3354 35 11 one
1796 3350 22 15 of
1828 3349 32 16 the
1877 3349 35 16 Vin-

1491 3371 73 17 cention
1574 3371 82 18 Fathers,
1662 3371 48 18 from
1719 3371 96 18 Australia
1828 3372 39 17 will
1881 3377 42 18 give

1491 3401 10 10 a
1510 3394 55 17 series
1575 3394 19 17 of
1602 3394 96 17 addresses
1707 3394 19 23 i:i
1736 3395 32 17 the
1782 3394 69 17 church
1865 3394 58 23 daily.

1491 3418 38 16 Tho
1538 3417 76 17 mission
1623 3417 37 17 will
1670 3418 69 16 extend
1749 3423 43 11 over
1801 3424 10 10 a
1820 3417 57 17 week.

1514 3446 38 17 The
1561 3446 80 21 Library
1658 3446 112 17 Committee
1785 3446 46 18 Have
1849 3446 74 18 decided

1491 3469 42 17 that
1542 3469 31 16 the
1582 3469 96 21 projected
1695 3470 74 16 concert
1782 3469 19 16 in
1817 3469 31 16 aid
1863 3469 19 16 of
1893 3469 26 17 the-

1491 3491 113 19 funds.shali
1616 3489 43 19 take
1672 3491 94 25 place-jon
1780 3492 84 22 January
1876 3493 47 16 17th.

1491 3515 38 18 Tho
1538 3516 92 19 secretary
1647 3519 39 12 was
1700 3514 103 17 instractrd
1815 3516 19 15 to
1844 3515 52 16 write
1905 3517 19 14 to

1491 3538 31 16 Mr
1530 3538 22 16 P.
1562 3537 21 17 F.
1593 3537 82 22 Battley,
1682 3538 89 20 solicitor,
1789 3538 106 18 Auckland;
1903 3538 18 17 in

1491 3561 93 17 reference
1597 3561 21 15 to
1626 3560 32 17 tho
1667 3561 75 19 vesting
1759 3561 19 16 of
1788 3561 31 16 the
1836 3561 88 23 property

1491 3584 20 16 of
1520 3583 30 17 the
1562 3582 87 25 Institute
1658 3583 19 17 in
1687 3584 32 16 the
1730 3584 59 17 Town
1797 3584 76 17 Board.'

1515 3611 30 16 Mr
1561 3611 99 20 Homiing,
1673 3611 46 18 with
1736 3618 9 10 a
1762 3612 117 22 companion,
1895 3618 20 11 ar-

1491 3634 52 17 rived
1550 3634 44 16 here
1603 3640 23 10 on
1636 3634 77 22 Sunday
1721 3634 46 18 from
1775 3635 98 17 Auckland
1879 3636 37 16 hav-

1491 3657 34 20 ing
1531 3657 136 22 accomplished
1674 3658 33 16 the
1712 3657 89 20 distance,
1809 3664 33 13 per
1848 3658 75 22 bicycle,

1491 3679 19 18 id
1522 3680 19 17 17
1548 3680 57 17 hours
1615 3679 69 23 (actual
1692 3680 63 25 riding
1762 3681 58 23 time).
1846 3682 39 16 The
1892 3688 22 10 ex-

1491 3708 65 14 penses
1564 3703 86 16 incurred
1660 3709 24 10 on-
1692 3704 35 16 the
1733 3704 48 17 road
1795 3705 102 16 amounted
1906 3706 19 16 to

1495 3726 34 16 10s.
1559 3726 43 16 This
1616 3726 15 16 is
1648 3726 69 17 almost
1734 3734 20 10 as
1772 3727 69 22 speedy
1857 3734 20 10 .-is

1492 3749 88 20 ordinary
1588 3749 49 17 train
1646 3750 45 16 time
1700 3751 38 16 and
1750 3751 72 22 nearly-
1830 3756 21 11 as
1868 3747 60 26 eheaji'
1927 3747 1 26 l

1492 3777 19 12 as
1520 3771 68 17 Yaiie's
1598 3773 75 19 system.

1515 3799 39 18 The
1575 3800 70 18 Native-.
1663 3801 136 18 Lund..-Court
1822 3803 103 21 adjourned

1492 3822 98 23 yesterday
1599 3825 45 15 next
1653 3824 29 17 for
1694 3825 35 16 the

1492 3846 20 16 to
1522 3851 67 17 reopen
1599 3852 23 11 on
1631 3846 85 23 January
1732 3850 26 14 11.
1790 3848 39 16 The
1844 3854 50 11 cares
1907 3848 19 17 in

1493 3869 77 17 relation
1588 3871 20 15 to
1625 3869 32 18 tho
1671 3870 174 18 Whakarewavcwa
1891 3871 34 17 -cks

1492 3891 48 18 have
1548 3891 47 18 been
1609 3892 58 17 heard
1681 3893 34 18 but
1731 3894 33 17 the
1780 3894 91 17 decisions
1888 3894 37 17 will

1492 3916 34 15 not
1534 3914 24 17 be
1566 3915 56 19 given
1630 3916 49 17 until
1688 3917 32 16 the
1738 3917 57 16 Court
1813 3917 56 20 again
1886 3923 38 10 sus.

1494 3937 53 17 Since
1559 3937 45 17 25th
1621 3938 81 18 October
1719 3940 32 16 214
1761 3940 34 17 053
1812 3945 50 11 acres
1879 3940 47 16 have

1492 3960 47 17 been
1547 3961 87 17 awarded
1638 3963 19 15 to
1663 3962 32 17 the
1702 3963 68 17 Crown
1775 3963 19 16 in
1801 3963 37 16 this
1846 3963 78 17 district.

1517 3988 28 18 Mr
1553 3989 22 17 R.
1585 3989 18 17 J.
1615 3989 42 19 Gill,
1667 3991 46 16 land
1721 3991 91 22 purchase
1822 3995 64 17 agent,
1894 3996 21 12 ac-

1493 4012 109 22 companied
1610 4012 26 22 by
1644 4013 31 16 Mr
1684 4013 117 21 Cumuchaii,
1811 4013 35 17 left
1855 4015 60 19 yester-

1493 4034 37 22 day
1538 4035 89 22 morning
1641 4036 29 16 for
1684 4037 107 21 T.-iuranga,
1809 4036 117 26 Whakutjine

1493 4058 129 21 und.Opotiki.
1648 4058 66 18 On-his
1723 4061 66 15 return
1794 4060 48 16 from
1851 4058 32 17 the
1889 4059 27 17 lat-

1494 4081 28 16 ter
1530 4080 53 22 place
1593 4081 28 16 Mr
1629 4081 36 17 Gill
1676 4082 89 21 proceeds
1773 4084 19 15 to
1802 4081 123 18 Mauukaewa

1493 4103 20 16 in
1522 4103 32 16 the
1562 4103 61 17 Waihi
1632 4104 78 21 district,
1726 4105 37 17 and
1776 4100 39 22 will
1829 4105 64 16 return
1907 4105 19 16 to

1494 4126 84 26 Rotorug
1586 4126 18 17 in
1614 4127 45 17 time
1667 4128 30 16 fur
1707 4128 31 17 the
1747 4127 113 24 re-opening
1867 4128 19 16 oi
1896 4128 30 16 the

1495 4149 67 17 Native
1570 4149 55 17 Land
1634 4151 57 16 Court
1700 4151 20 16 in
1728 4151 90 17 Januurv.
1834 4149 3 21 .

1964 129 70 25 Owing
2042 132 20 16 to
2071 135 86 18 pressure
2168 134 24 12 on
2209 134 35 12 our
2259 128 118 24 advertising

1940 154 38 17 and
1986 155 50 16 Joc.il
2044 154 86 17 columns
2134 152 78 22 leading
2219 151 40 18 and
2263 152 55 17 other
2326 154 39 16 mat-

1940 177 30 16 ter
1977 178 21 15 of
2006 183 25 10 an
2039 176 114 22 interesting
2166 177 67 15 nature
2249 176 16 16 is
2272 175 46 17 held
2326 181 50 12 over.

1941 200 40 16 Our
1989 200 102 23 telegrams
2100 199 39 17 also
2149 197 50 19 meet
2214 199 33 16 tlie
2264 204 50 12 same
2330 199 46 17 fate.

1940 223 44 17 This
1991 224 16 16 is
2015 224 32 16 the
2054 224 36 16 less
2098 225 21 15 to
2126 223 25 17 be
2156 221 96 23 regretted
2258 227 20 12 as
2286 222 33 17 the
2327 224 50 15 most

1941 246 104 22 important
2061 247 45 16 item
2127 251 59 11 seems
2203 247 20 15 to
2239 245 25 16 he
2281 245 43 17 that
2344 246 33 16 the

1941 268 85 19 Duchess
2034 270 20 17 of
2062 270 54 17 York
2124 267 39 19 aiid
2178 268 34 18 the
2226 273 42 12 new
2284 268 51 23 baby
2346 275 31 11 are

1941 292 58 23 doing
2012 293 47 17 well.

1965 322 17 16 A
1990 320 146 24 correspondent
2145 320 20 17 at
2174 320 25 16 IV
2208 319 70 18 Whaiti
2284 320 93 16 writes:—

1941 344 38 17 Tlie
1992 345 39 17 late
2043 345 62 21 heavy
2118 344 42 16 rain
2177 343 67 17 caused
2260 343 33 17 the
2307 343 59 17 Whiri-

1941 368 43 16 naki
1994 368 57 17 River
2059 369 20 16 to
2088 367 23 17 be
2119 366 75 18 Hooded
2203 366 33 17 the
2243 366 77 23 highest
2334 365 43 18 that

1941 390 34 17 has
1983 391 48 17 been
2039 397 44 11 seen
2091 392 30 15 for
2130 396 50 11 some
2189 390 36 16 few
2234 395 60 14 ve.trs,
2309 390 16 16 it
2339 395 38 12 was

1942 419 19 12 so
1980 414 76 17 flooded
2076 414 43 16 that
2139 413 33 17 the
2191 407 48 22 two*
2249 413 128 22 foot-bridges

1942 437 73 17 erected
2024 438 24 21 by
2057 437 34 17 the
2098 436 61 23 police
2167 436 37 17 and
2220 436 85 22 artillery
2318 437 22 16 at
2352 437 26 16 Te

1942 459 76 21 Whaiti,
2034 466 47 11 were
2095 459 71 18 carried
2182 465 60 15 away,
2260 459 117 23 pedestrians

1941 489 43 10 now
1994 484 72 21 having
2074 484 19 16 tu
2103 489 49 11 cross
2162 482 32 18 the
2207 482 49 18 river
2270 482 25 23 by
2313 489 64 11 means

1942 506 20 17 of
1970 512 10 10 a
1990 512 63 12 canoe.

1965 534 38 17 The
2013 534 120 23 frontispiece
2141 534 21 16 of
2170 533 32 17 the
2215 533 38 17 last
2265 533 81 17 number
2358 533 21 17 of

1941 557 32 18 the
1987 557 63 18 ''"War
2059 559 37 20 Cry
2122 557 15 19 is
2147 562 12 11 a
2166 557 96 21 grouping
2271 557 19 16 of
2297 557 82 21 pictures

1942 581 20 16 of
1970 581 64 16 native
2043 581 33 16 life
2085 578 144 25 photographed
2238 579 25 22 by
2272 580 32 15 Mr
2311 579 67 17 Josiali

1942 604 78 21 Martin,
2031 604 38 16 and
2077 602 62 19 issued
2148 603 25 22 by
2182 602 42 18 that
2233 602 110 23 gentleman
2358 608 21 11 as

1942 633 11 11 a
1962 628 44 16 neat
2014 627 86 17 business
2109 625 50 18 card.
2190 626 39 16 The
2243 625 64 17 "'War

1942 650 73 22 people,
2039 651 92 18 however,
2153 648 102 22 reproduce
2275 649 33 16 the
2328 654 52 11 same

1943 673 81 18 without
2044 673 32 18 the
2097 672 88 24 slightest
2203 671 176 24 acknowledgment

1943 696 60 17 which
2011 703 59 10 seems
2077 696 63 17 rather
2144 697 53 20 quest
2200 695 72 18 ioriable
2276 695 104 17 behaviour

1943 725 25 12 on
1977 720 31 17 the
2017 722 43 19 part
2069 720 20 17 of
2097 719 33 17 the
2156 718 72 18 Official
2237 718 77 18 Gazette
2322 719 20 17 of
2347 719 33 16 the

1944 742 97 18 Salvation

1967 773 17 16 A
1992 772 73 17 variety
2074 770 146 20 entertainment
2230 771 20 16 of
2258 777 10 10 a
2283 770 52 24 light
2342 771 37 16 and

1944 795 99 18 attractive
2052 797 67 15 nature
2129 794 38 17 will
2187 794 24 16 be.
2231 794 56 22 given
2307 794 20 17 in
2347 794 33 17 the

1944 818 86 17 Pukeroa
2039 818 45 17 Hall
2094 824 25 11 un
2127 818 48 16 New
2183 817 51 17 Year
2241 823 8 10 s
2259 817 55 22 night
2321 817 59 18 under

1944 842 32 16 the
1985 842 133 21 management
2127 840 20 18 of
2156 840 57 17 Owen
2224 840 85 22 Higgins
2317 841 63 16 whose

1943 865 88 17 versatile
2039 865 66 21 genius
2114 870 21 11 as
2144 870 23 10 an
2182 864 114 17 entertainer
2309 864 14 16 is
2338 864 41 17 well

1944 888 120 17 established.
2097 887 38 18 The
2157 887 77 17 services
2255 887 19 16 of
2291 887 32 16 the
2339 887 43 17 best

1944 914 94 14 amateurs
2046 912 19 16 in
2076 912 31 16 the
2116 910 156 22 neighbourhood
2279 910 47 17 have
2333 910 47 17 been

1944 935 90 20 retained,
2043 934 38 18 and
2090 941 12 10 a
2111 936 66 19 strong
2186 933 73 17 feature
2266 933 20 17 in
2295 933 32 17 the
2335 940 34 17 pro-

1944 964 85 17 gramme
2038 959 16 15 is
2061 965 11 9 a
2081 957 33 18 fire
2123 957 43 17 club
2175 957 96 24 swinging
2278 959 30 15 act
2317 957 26 23 by
2353 958 28 16 Mr

1944 981 85 23 Higgins
2038 981 80 17 himself.
2132 981 40 17 The
2180 981 52 16 show
2240 980 39 18 will
2288 987 25 11 no
2321 980 59 18 doubt

1943 1005 57 23 bring
2009 1005 88 21 together
2105 1011 23 10 an
2139 1004 121 23 overflowing
2268 1004 65 17 house.

1967 1035 39 16 The
2015 1034 100 17 children's
2130 1035 76 16 concert
2221 1033 18 16 in
2257 1033 33 17 the
2307 1034 64 16 school-

1944 1058 58 17 house
2011 1058 36 17 last
2056 1058 55 21 night
2122 1063 37 11 was
2177 1063 45 16 very
2239 1057 101 17 successful
2349 1057 32 17 the

1944 1087 52 11 room
2005 1081 58 22 being
2072 1080 51 18 tilled
2132 1080 45 16 with
2187 1080 32 16 the
2232 1080 49 16 little
2290 1086 45 10 ones
2344 1080 38 16 and

1944 1105 50 16 their
2002 1105 77 16 friends.
2096 1104 56 17 MrT.
2164 1103 18 17 J.
2193 1103 97 18 Robinson
2297 1103 56 18 acted
2361 1109 20 12 as

1944 1128 97 17 chairman
2046 1127 39 18 and
2090 1134 11 10 a
2107 1132 45 16 very
2161 1125 92 19 excellent
2262 1133 120 15 programme

1945 1157 37 12 was
1992 1150 110 18 submitted.
2128 1150 38 17 The
2183 1149 84 19 children
2285 1149 96 24 acquitted

1945 1174 112 18 themselves
2066 1175 19 16 in
2095 1181 11 9 a
2120 1173 67 22 highly
2197 1173 119 23 satisfactory
2326 1180 41 10 man-

1944 1203 39 13 ner,
1991 1198 33 17 the
2030 1197 114 21 recitations,
2152 1196 61 17 which
2220 1202 47 11 were
2272 1202 108 15 numerous,

1945 1220 116 24 betokening
2066 1220 70 18 careful
2144 1220 85 21 training
2242 1225 23 11 on
2272 1220 32 17 the
2313 1221 43 21 part
2362 1220 20 17 of

1944 1244 50 16 their
2002 1244 90 17 teachers.
2118 1240 92 20 Valuable
2226 1243 102 17 assistance,
2344 1249 38 11 was

1939 1267 96 18 'rendered
2044 1267 25 23 by
2079 1267 39 17 Mrs
2127 1266 71 17 Wilson
2207 1266 37 16 ami
2259 1267 66 16 Misses
2334 1266 36 18 Cin-

1945 1290 47 20 ders,
1998 1291 50 17 Brab
2055 1292 33 16 mi,
2098 1289 282 23 Dansey,Robinson,Malfroy,

1945 1314 21 17 P.
1977 1313 85 18 Griffiths
2071 1314 38 16 and
2117 1312 28 17 Mr
2154 1313 73 21 George
2240 1314 71 21 Mayes.

1969 1343 40 16 The
2016 1343 62 17 Jivlea
2087 1343 31 16 fife
2127 1342 36 17 and
2176 1342 54 16 druai
2245 1342 64 17 native
2324 1342 56 20 band,

1945 1366 60 16 under
2020 1366 32 17 the
2067 1364 146 23 conductorship
2227 1366 20 16 of
2262 1365 31 18 Mr
2309 1366 71 19 Lovell,

1945 1389 74 17 arrived
2029 1390 42 16 here
2081 1395 23 11 on
2114 1388 70 22 .Friday
2192 1388 37 17 last,
2238 1389 37 16 and
2285 1394 22 12 on
2315 1389 58 17 Satur-

1946 1412 36 22 day
1992 1413 82 21 paraded
2091 1413 32 16 the
2139 1413 57 17 town,
2215 1411 66 21 giving
2295 1419 8 9 a
2314 1412 68 22 highly

1946 1436 119 22 satisfactory
2075 1435 55 23 proof
2139 1435 20 17 of
2166 1435 50 16 their
2224 1435 78 17 musical
2311 1435 60 17 attain-

1947 1461 66 14 ments.
2040 1459 23 18 Iji
2080 1458 33 21 the
2120 1458 88 22 'evening
2223 1465 13 9 a.
2248 1460 75 15 concert
2337 1458 45 18 took

1945 1482 54 22 place
2008 1482 19 17 in
2036 1482 33 17 the
2078 1482 85 16 Pukeroa
2180 1481 46 17 Hill
2239 1481 19 17 in
2272 1481 32 17 aid
2317 1482 20 17 of
2351 1482 31 17 the

1946 1505 51 17 baud
2006 1505 53 17 fund.
2085 1505 39 17 The
2133 1510 120 17 programme
2262 1505 92 17 consisted
2363 1505 20 16 of

1947 1528 77 19 musical
2034 1528 103 18 selections,
2147 1528 59 16 hakas
2215 1528 37 17 and
2262 1534 19 11 so
2288 1529 51 16 forth
2345 1528 37 17 and

1946 1551 83 24 judging
2045 1552 24 22 by
2085 1552 31 17 the
2133 1551 88 22 frequent
2238 1551 89 22 applause
2345 1557 37 11 was

1947 1576 55 16 much
2017 1575 80 17 relished
2111 1575 24 21 by
2150 1574 53 16 those
2217 1576 80 21 present.
2332 1575 19 17 It
2367 1575 15 17 is

1947 1598 94 21 doubtful,
2052 1599 92 19 however,
2154 1597 16 17 if
2182 1598 34 17 the.
2228 1597 70 18 Band's
2311 1599 38 21 trip
2363 1599 19 16 to

1947 1622 85 17 Rotorua
2040 1627 38 12 was
2087 1621 107 17 a-financial
2205 1627 76 11 success.

1970 1649 38 17 Tin-
2018 1649 104 18 Christmas
2135 1648 85 18 Number
2235 1649 20 16 of
2268 1649 33 16 the
2314 1649 55 16 Auek-

1939 1671 1 27 j
1947 1672 44 19 laud
2001 1673 77 22 Weekly
2084 1672 86 19 News-is
2177 1672 139 22 exceptionally
2333 1672 51 21 good

1946 1696 20 16 in
1975 1701 56 17 every
2039 1695 117 24 particular,'
2175 1695 18 17 It
2200 1695 15 17 is
2224 1695 96 24 profusely
2329 1696 45 16 illus-

1947 1719 61 17 trated
2018 1719 36 17 and
2062 1720 20 16 in
2090 1726 10 10 a
2110 1724 78 12 manner
2197 1724 56 12 never
2261 1718 82 18 excelled
2358 1719 25 22 by

1947 1748 37 16 any
1991 1743 79 16 colonial
2078 1742 123 22 publication.
2210 1742 123 16 Theviewsof
2337 1742 46 17 Now

1947 1766 83 17 Zealand
2050 1771 76 17 scenery
2143 1771 32 11 are
2196 1765 105 21 admirably
2319 1770 53 18 repro-

1939 1788 1 24 |
1947 1789 59 17 dnced
2015 1789 38 17 and
2062 1789 32 17 the
2123 1788 250 22 Parliamentary.Charaelm-

2064 1812 38 17 and
2111 1811 54 18 other
2173 1817 58 17 pages
2241 1811 47 18 done
2295 1811 19 18 in
2324 1811 60 18 colors

1947 1841 31 10 are
1993 1836 52 22 quite
2062 1843 11 10 a
2090 1835 102 17 revelation
2209 1835 19 16 in
2245 1834 38 18 this
2300 1835 48 17 class
2364 1835 20 18 of

1947 1859 91 23 printing;
2064 1859 39 17 The
2112 1858 78 22 reading
2199 1860 70 15 matter
2279 1858 16 16 is
2310 1858 39 17 also
2364 1858 20 18 of

1947 1889 13 10 a
1978 1883 68 22 highly
2067 1881 113 23 interesting
2196 1883 67 15 nature
2281 1881 56 17 while
2352 1881 32 18 the

1948 1906 60 17 whole
2028 1905 113 23 production
2148 1904 80 18 vrofleets
2251 1905 34 17 the
2300 1906 82 20 greatest

1947 1929 58 17 credit
2027 1935 23 11 on
2072 1929 32 16 the
2128 1928 54 17 office
2205 1928 50 17 from
2281 1928 62 17 which
2369 1928 15 17 it

1947 1954 102 16 emanates.

1939 1983 1 24 I
1971 1985 16 16 A
1996 1985 53 22 day's
2057 1985 66 21 racing
2132 1984 40 17 will
2180 1984 45 17 take
2238 1983 55 23 place
2308 1985 18 16 at
2339 1984 43 17 O-il-

1939 2007 1 26 I
1947 2008 42 17 atoa
1999 2014 24 11 on
2032 2009 76 21 Boxing
2124 2008 40 21 Day
2173 2007 35 17 and
2226 2008 75 20 though
2311 2008 33 17 the
2353 2013 20 11 ar-

1939 2030 1 25 i
1947 2032 110 23 rangments
2074 2038 31 11 are
2120 2032 20 16 of
2157 2037 11 10 a
2187 2030 64 17 rather
2266 2030 117 22 impromptu

1947 2056 67 15 nature
2023 2062 11 10 a
2043 2055 49 21 good
2107 2053 112 19 attendance
2236 2053 18 17 is.
2261 2054 121 22 anticipated.

1947 2077 42 18 The'
1994 2081 79 14 amount
2082 2082 20 13 to
2111 2077 24 18 be
2151 2077 55 21 given
2223 2083 53 15 away
2293 2077 16 17 is
2325 2077 59 17 about

1948 2102 37 15 £3O
1994 2102 54 16 made
2058 2108 25 11 un
2100 2108 19 10 as
2133 2100 74 17 follows
2214 2105 10 12 :-
2234 2100 84 17 -Hurdle
2327 2100 55 21 Race,

1947 2121 37 26 £1;
2006 2124 48 23 Cup,
2071 2121 39 25 i'S;
2132 2123 71 22 Flying
2219 2123 107 23 Handicap,
2345 2121 37 26 £-1;

1947 2147 77 17 Maiden
2032 2148 61 20 Plate,
2104 2146 36 22 £3;
2151 2147 54 21 Pony
2212 2147 55 20 Race,
2276 2146 38 22 £2;
2328 2147 55 17 Hack

1947 2170 55 21 Race,
2025 2171 35 21 £2;
2082 2171 62 17 Maori
2160 2170 95 17 Women's
2271 2170 55 20 Race,
2345 2171 24 16 £1
2378 2170 3 22 ;

1947 2194 122 17 Consolation
2078 2194 55 19 Race,
2145 2192 31 18 £2.
2190 2193 38 17 The
2238 2193 68 17 second
2315 2199 68 17 money

1947 2219 88 15 amounts
2043 2219 21 16 to
2077 2218 25 17 £1
2119 2217 20 17 in
2157 2217 31 16 the
2206 2217 46 20 Cup,
2271 2216 38 17 and
2325 2218 30 15 10s
2364 2217 19 17 in

1947 2242 49 15 most
2005 2241 20 16 of
2033 2241 32 17 the
2074 2241 69 19 others,
2170 2239 38 18 The
2217 2244 66 13 course
2298 2240 60 17 which
2368 2240 15 17 is

1939 2262 1 23 .
1947 2270 11 10 a
1967 2264 50 21 good
2025 2271 35 10 one
2069 2265 34 16 has
2112 2264 47 15 boon
2168 2262 60 21 newly
2237 2263 72 16 cleared
2315 2264 29 16 for
2352 2264 31 16 the

1947 2288 91 17 occasion,
2048 2288 37 16 and
2094 2288 31 16 Mr
2134 2286 29 17 W.
2172 2284 26 20 H.
2212 2286 45 16 Bird
2272 2286 16 17 is
2305 2286 79 23 making

1946 2311 62 21 ample
2014 2311 95 22 provision
2115 2311 29 15 for
2149 2309 31 17 the
2188 2309 93 23 reception
2287 2310 20 16 of
2311 2313 71 19 guests.

1969 2349 48 16 Lust
2037 2347 136 23 Wednesday's
2192 2349 60 15 storm
2272 2353 38 11 was
2326 2348 58 18 much'

1947 2377 51 11 more
2006 2371 71 19 violent
2086 2378 11 10 a
2105 2371 50 18 little
2165 2377 41 15 way
2213 2372 33 15 out
2253 2371 19 16 of
2279 2372 51 16 town
2336 2371 46 18 than

1945 2400 126 17 appearances
2088 2394 48 18 from
2154 2394 43 16 here
2213 2393 101 18 indicated.
2346 2395 24 16 Be-

1945 2418 61 16 tween
2015 2418 44 18 here
2068 2418 37 17 and
2113 2417 101 17 Paharaka
2227 2418 30 16 for
2271 2423 11 11 a
2299 2417 83 17 distance

1945 2441 21 17 of
1974 2441 59 17 about
2041 2448 11 10 a
2061 2441 43 17 mile
2118 2441 15 16 it
2148 2446 58 11 seems
2223 2441 20 17 to
2259 2440 48 17 have
2324 2447 45 15 rage
2375 2441 7 17 1

1947 2464 44 17 witli
2001 2465 80 16 unusual
2091 2464 83 17 violence
2183 2464 30 16 for
2226 2464 57 21 heaps
2298 2464 20 17 of
2332 2464 40 17 hail-

1945 2489 63 16 stones
2017 2488 39 17 still
2065 2488 30 21 lay
2105 2493 25 11 on
2142 2487 33 16 the
2190 2486 74 23 ground
2279 2487 54 17 when
2351 2488 32 17 Mr

1946 2510 45 18 Bird
1999 2511 68 22 passed
2076 2517 24 11 on
2109 2511 31 16 the
2156 2510 99 22 following
2269 2510 43 22 day.
2343 2511 39 17 The

1945 2534 46 17 road
2007 2535 20 16 in
2043 2540 57 15 many
2117 2533 63 23 places
2196 2533 38 17 had
2248 2533 32 18 the
2298 2536 32 20 top
2347 2534 34 18 soil

1945 2558 76 17 washed
2031 2556 111 23 completely
2152 2562 53 16 away
2213 2557 73 17 but.no
2301 2557 80 22 damage

1946 2586 37 11 was
1992 2581 54 17 done.
2064 2581 39 17 The
2112 2585 42 13 men
2164 2581 20 15 at
2192 2580 51 16 work
2253 2586 23 11 on
2286 2580 32 17 the
2326 2581 58 17 roads

1945 2603 73 18 declare
2034 2604 43 17 that
2093 2604 46 21 they
2156 2608 57 12 never
2228 2609 38 11 saw
2283 2603 99 22 lightning

1944 2626 38 18 like
1991 2627 15 18 it
2014 2627 20 17 in
2042 2627 50 17 their
2104 2627 52 17 lives.
2182 2626 38 17 The
2234 2625 98 23 discharge
2344 2633 37 11 was

1945 2650 68 17 almost
2026 2651 93 16 incessant
2135 2649 37 17 and
2186 2650 31 16 the
2231 2650 103 22 electricity
2347 2656 34 11 ran

1945 2673 58 22 along
2012 2674 31 18 the
2058 2672 74 23 ground
2149 2672 37 18 like
2203 2672 44 18 wild
2264 2673 38 17 fire.
2337 2674 43 18 Two

1945 2697 57 17 cattle
2011 2703 31 11 are
2051 2696 88 23 reported
2148 2697 20 15 to
2176 2696 47 16 have
2232 2696 47 17 been
2294 2696 56 18 killed
2361 2700 17 14 at

1945 2719 85 18 Maketu.

1968 2752 24 17 In
1998 2752 69 21 regard
2074 2754 19 14 to
2102 2751 31 17 the
2139 2751 47 17 New
2193 2751 66 18 Tear's
2265 2751 42 22 Day
2314 2751 66 23 Sports

1944 2775 19 17 in
1970 2775 30 17 aid
2007 2777 20 15 of
2034 2773 31 20 the
2072 2774 54 18 Band
2135 2774 56 17 Fund
2199 2774 15 17 it
2222 2779 39 12 was
2270 2774 77 18 decide!
2359 2778 20 14 at.

1945 2798 33 18 thfe
1985 2799 37 16 last
2031 2799 83 21 meeting
2123 2798 20 17 of
2152 2797 31 16 the
2192 2796 72 24 Jockey
2276 2798 49 17 Club
2338 2799 42 16 that

1944 2822 32 17 the
1982 2828 32 11 use
2018 2822 20 17 of
2043 2822 33 17 the
2081 2827 42 11 race
2130 2826 64 12 course
2200 2820 67 18 should
2271 2821 22 17 be
2299 2822 80 21 granted

1944 2851 24 11 on
1983 2845 96 17 condition
2096 2845 44 17 that
2156 2844 33 16 the
2205 2844 91 18 members
2311 2845 20 16 of
2348 2845 32 16 the

1944 2867 54 19 Band
2008 2873 47 18 gave
2064 2868 49 17 their
2126 2867 78 18 services
2217 2867 127 21 gratuitously
2356 2874 24 11 on

1944 2897 41 12 race
1994 2892 44 21 day.
2063 2891 44 17 This
2115 2895 67 12 -sec-ins
2199 2896 11 10 a
2226 2896 45 16 very
2285 2891 94 22 equitable

1944 2916 134 19 arrangement
2086 2914 25 17 a.ll
2118 2913 66 20 round;
2199 2914 32 16 the
2240 2914 62 22 sports
2312 2914 37 18 will
2356 2914 23 16 be

1944 2937 90 17 rendered
2046 2944 51 10 more
2111 2936 98 18 attractive
2222 2937 63 21 owing
2299 2938 19 16 to
2330 2937 50 17 their

1944 2961 68 21 taking
2020 2961 55 22 place,
2081 2966 24 11 on
2114 2959 33 18 the
2164 2965 122 12 race-course,
2302 2960 37 17 and
2347 2961 33 16 the

1944 2984 156 22 presi-mceof-thv
2109 2982 88 17 Band-on
2206 2988 41 11 race
2256 2982 37 23 day
2302 2983 15 17 is
2330 2986 50 15 most

1944 3007 97 17 desirable.
2066 3007 40 16 The
2114 3006 35 16 full
2157 3003 121 25 prbgran>irie>
2285 3006 20 17 of
2318 3008 61 21 sports

1944 3030 33 17 has
1985 3031 75 21 not-yct
2067 3030 47 17 been
2130 3029 99 21 published
2250 3029 34 16 but
2305 3030 14 16 it
2342 3030 36 16 will

1944 3053 96 18 doubtless
2049 3052 91 22 comprise
2153 3053 49 16 most
2219 3053 20 16 of
2247 3052 32 17 the
2297 3053 82 18 features

1944 3076 104 17 noticeable
2057 3078 19 15 at
2085 3081 24 12 an
2118 3074 78 18 athletic
2208 3075 107 23 gathering.
2341 3076 38 17 The

1944 3102 64 14 events
2029 3098 122 18 enumerated
2159 3098 20 16 in
2191 3098 2 18 .
2203 3099 80 16 another
2304 3099 75 17 column

1940 3123 117 21 .are.simply,
2062 3123 53 17 those
2124 3121 19 18 in
2153 3121 61 17 which
2222 3122 70 17 entries
2299 3126 50 15 must
2357 3123 22 17 be

1944 3146 69 21 lodged
2023 3146 24 22 by
2076 3145 72 17 o'clock
2157 3150 23 11 on
2189 3144 106 18 December
2304 3146 50 17 30th.

1968 3179 38 17 The
2015 3179 85 21 Railway
2109 3179 129 21 Department,
2245 3184 108 12 announces
2360 3179 19 17 in

1944 3202 80 17 another
2039 3201 75 18 column
2129 3201 44 16 that
2186 3201 79 21 holiday
2281 3202 98 17 excursion

1945 3226 68 16 tickets
2022 3227 19 14 at
2052 3225 22 16 Id
2083 3231 33 15 per
2131 3224 44 17 mile
2191 3224 132 19 second-class,
2342 3226 38 16 and

1945 3248 23 17 2d
1977 3254 34 16 per
2020 3248 43 17 mile
2071 3247 101 18 first-cl.ass
2180 3247 38 17 will
2232 3247 23 17 be
2271 3248 48 16 issic
2326 3248 6 16 1
2347 3248 22 18 bc-

1945 3273 7 14 t
1955 3270 52 18 weed
2011 3277 37 17 any
2056 3271 70 17 station
2132 3269 38 18 and
2175 3270 106 20 Auckland,
2289 3271 90 20 Rotorua,

1945 3294 106 20 Hamilton,
2062 3292 125 24 Ohaupo.'Te
2201 3294 108 20 Awumutu,
2324 3295 42 16 Cam-

1944 3317 73 22 bridge,
2027 3318 26 16 To
2062 3317 68 17 Aroha.
2142 3315 90 19 Okoroiro
2241 3316 37 17 and
2292 3318 77 17 Morrins-

1940 3340 108 21 -ville.i'rqm
2065 3340 43 17 ISth
2121 3339 110 18 December-
2238 3339 93 24 _{to-day),
2343 3340 37 18 ami

1945 3364 37 16 2nd
1991 3363 91 21 January,
2093 3363 37 17 and
2139 3363 48 16 from
2197 3368 37 16 any
2239 3363 70 17 station
2317 3366 19 14 to
2343 3369 37 17 any

1945 3387 71 17 station
2025 3393 23 10 on
2057 3386 104 18 December
2170 3387 27 17 2.-1,
2208 3385 33 22 20,j
2253 3387 27 18 2(r,
2297 3386 37 17 and
2352 3387 27 20 31,

1945 3409 133 22 and-January
2088 3410 5 16 1
2105 3409 37 17 and
2151 3409 17 16 2.
2194 3408 58 17 These
2261 3408 67 18 tickets
2342 3410 38 16 will

1945 3433 23 16 be
1977 3433 92 17 available
2079 3434 29 15 for
2117 3438 35 10 one
2161 3431 66 21 IBQJItIS
2243 3433 48 16 from
2305 3432 43 17 date
2361 3433 21 16 of

1945 3455 54 20 issue,
2010 3455 32 19 the
2050 3455 67 18 holder
2125 3461 43 14 .may
2182 3455 32 16 bi'c
2221 3455 18 16 ik
2255 3455 31 17 the
2300 3455 80 23 journey

1945 3478 37 17 and
1992 3485 44 16 may
2044 3478 70 17 exlend
2122 3478 29 16 his
2165 3478 57 18 ticket,
2237 3478 29 16 for
2279 3485 12 10 a
2309 3479 73 18 further

1945 3502 65 21 period
2019 3503 20 16 of
2047 3508 9 10 a
2069 3502 90 19 fortnigM
2172 3507 23 9 on
2210 3503 91 20 payment
2314 3503 21 17 of,
2347 3502 33 16 the

1946 3523 101 19 difference'
2066 3525 83 16 between
2172 3530 22 10 an
2320 3525 61 21 single

1946 3548 58 17 ticket
2013 3548 37 17 and
2059 3548 41 17 half
2109 3548 31 15 the
2150 3547 96 17 excursion
2262 3548 44 16 fare.
2337 3548 44 17 This

1946 3572 133 20 arrangement
2090 3570 2 22 .
2099 3570 64 18 makes
2184 3570 32 16 the
2239 3570 39 17 fare
2297 3571 83 17 between

1947 3594 98 17 Auckland
2054 3594 36 16 and
2100 3594 82 18 Rotonr.!
2192 3594 30 15 Irs
2231 3593 22 17 3d
2263 3594 37 16 and
2310 3594 31 16 2Ss
2350 3594 30 20 Od,

1946 3618 30 16 for
1984 3617 68 17 second
2060 3617 38 17 and
2107 3616 99 17 first-class
2218 3617 127 22 respectively.

1970 3646 35 16 Mi-
2022 3646 86 20 Stewart,
2130 3645 146 21 photographer,
2299 3645 33 17 has
2352 3651 19 10 re-

1946 3669 69 16 turner.!
2032 3669 51 16 from
2097 3668 29 17 his
2144 3668 44 16 visit
2203 3668 20 16 to
2240 3669 32 15 the
2293 3668 86 18 Urewcra

1947 3692 80 22 country
2036 3692 47 17 with
2091 3697 11 11 a
2111 3690 90 22 portfolio
2211 3690 34 17 full
2260 3692 20 15 of
2293 3692 78 16 interest-

1947 3716 33 20 ing
1989 3715 62 17 views:
2076 3715 31 17 He
2115 3713 79 17 readied
2208 3720 20 10 as
2243 3715 29 15 far
2289 3720 20 10 as
2323 3715 46 16 Tara-

1939 3736 1 24 i
1947 3743 101 17 pounaicu,
2060 3738 32 16 the
2101 3737 80 17 farthest
2191 3736 45 17 road
2245 3742 10 11 o
2261 3743 39 16 imp
2314 3737 19 18 in
2350 3737 31 16 the

1939 3756 1 27 I
1947 3758 79 21 district!
2052 3761 38 18 The
2099 3759 102 22 travelling
2206 3765 40 11 v.-.us
2252 3761 34 16 not
2293 3766 20 10 so
2320 3760 60 23 rough

1939 3781 1 26 j
1947 3790 20 10 as
1975 3789 39 11 was
2023 3781 120 26 anticipated,
2154 3782 33 16 but
2197 3788 20 10 as
2226 3782 32 17 the
2266 3783 45 17 road
2325 3783 56 17 skirts

1939 3805 1 24 i
1947 3807 48 22 deep
2001 3807 75 21 Ravines
2088 3805 38 17 and
2140 3805 60 17 wincl}
2213 3811 25 16 up
2257 3806 68 16 almost
2338 3812 32 16 per-

1947 3829 110 22 pendicular
2064 3829 76 21 heights
2151 3828 24 17 he
2190 3829 95 21 questions
2300 3829 24 16 its
2341 3829 32 16 effi-

1947 3858 44 16 cacy
2000 3853 30 16 for
2039 3852 54 17 stock
2101 3856 95 17 purposes.
2222 3852 86 17 He'took
2325 3852 56 16 views

1947 3875 20 17 of
1976 3875 23 17 all
2009 3875 63 24 points
2083 3875 19 17 of
2110 3875 77 15 interest
2196 3880 20 10 as
2224 3874 24 23 hp
2257 3876 49 16 went
2324 3875 58 20 along

1947 3898 37 17 and
1994 3899 31 16 the
2038 3898 74 17 Various
2126 3902 60 16 gangs
2200 3901 20 14 of
2234 3903 42 11 men
2294 3899 19 16 at
2330 3898 41 16 work-

1947 3922 39 15 also
1996 3921 69 18 offered
2073 3920 83 22 subjects
2166 3921 28 16 for
2203 3920 28 17 his
2239 3926 79 11 camera.
2351 3921 31 17 Mr

1948 3944 81 17 Stewart
2037 3944 64 17 thinks
2109 3940 88 20 however
2205 3940 41 20 that
2256 3944 32 16 the
2302 3945 80 20 country

1947 3967 15 16 is
1971 3969 34 15 not
2013 3968 52 16 what
2074 3967 33 16 has
2119 3966 48 16 been
2180 3967 121 21 represented
2316 3972 20 11 so
2353 3967 29 16 far

1947 3996 19 10 as
1977 3996 75 16 scenery
2060 3989 16 17 is
2083 3989 103 16 concerned
2195 3989 48 17 most
2252 3989 19 16 of
2281 3990 31 15 the
2330 3990 52 17 route

1939 4012 1 23 I
1947 4013 66 22 laying
2022 4012 83 23 through
2114 4012 56 16 dense
2183 4012 55 16 bush.
2268 4012 31 17 He
2313 4012 69 17 visited

1947 4036 37 17 and
1993 4036 46 17 took
2046 4036 30 16 vie
2112 4035 20 16 of
2147 4035 103 17 Fnurakau
2263 4041 32 16 pa,
2309 4036 65 17 around-

1940 4057 68 19 which
2021 4059 60 17 much
2098 4057 84 22 fighting
2196 4057 46 18 took
2250 4058 59 22 .place
2322 4059 20 16 in
2350 4056 32 19 the

2059 4080 1 21 •
2069 4080 37 17 aiid
2124 4080 39 17 al-'O
2180 4081 83 17 Hiirenri
2279 4082 61 16 when-
2358 4082 24 15 Te

1947 4104 58 17 Kooti
2022 4110 38 10 was
2078 4104 39 17 shji
2136 4103 18 16 in
2173 4103 32 17 flic
2224 4103 36 23 leg,
2282 4101 37 19 aiid
2337 4104 45 21 only

1948 4127 80 22 escaped
2034 4127 46 17 with
2091 4126 28 16 his
2127 4125 33 17 lite
2170 4127 62 21 owing
2248 4129 19 15 to
2285 4127 32 16 tile
2326 4127 45 17 forti-

1949 4149 44 18 tude
2002 4150 20 17 of
2031 4155 10 12 a
2048 4149 66 18 native,
2125 4148 81 19 .woiimn.

2394 129 1 22 \
2422 129 39 17 The
2470 129 49 18 local
2528 129 107 22 post-ofifce
2651 129 39 17 will
2707 129 24 17 bd
2740 129 48 18 bbse
2796 130 39 15 lon

2400 151 103 18 Christmas
2512 152 36 16 and
2559 151 47 18 New
2620 152 66 17 Year's
2700 152 49 22 Day.
2780 150 57 19 Mails

2399 175 75 22 closing-
2492 181 25 10 on
2537 174 128 24 Wednesdays
2681 175 40 18 will
2742 173 94 19 Qierefore

2399 199 49 17 closo
2456 204 25 10 on
2489 198 33 17 the
2531 198 87 22 previous
2632 199 55 20 night
2702 203 20 12 at
2736 199 47 17 7.30,
2798 197 39 17 iiud
2844 197 1 23 j

2399 221 55 18 mails
2461 221 86 23 arriving
2554 221 40 18 will
2600 221 25 18 be
2637 221 63 18 sorted
2714 227 24 12 on
2752 222 27 16 tin
2799 220 28 19 fol-

2399 244 72 23 lowing
2479 244 94 23 morning.
2599 246 29 15 On
2639 245 78 23 Boxing
2731 245 49 22 Day,
2797 244 39 17 D<—

2399 268 75 17 comber
2482 267 50 20 2<>th,
2540 267 33 18 the
2580 268 54 17 office
2641 268 38 18 will
2692 268 24 16 l>e
2724 273 49 17 open
2788 267 49 17 from
2844 267 1 23 :

2399 293 10 15 !>
2419 292 21 16 io
2450 291 21 16 10
2479 296 45 11 a.m.
2533 291 51 21 only,
2594 291 35 17 but
2642 291 55 17 mails
2706 291 39 17 will
2754 291 49 17 close
2816 296 21 11 a-s
2844 288 1 24 !

2399 314 61 17 usual.

2423 346 38 16 The
2470 345 92 17 attention
2573 346 20 16 of
2601 350 34 12 our
2644 345 75 19 readers
2727 345 17 17 is
2754 344 82 19 directed

2399 371 20 16 to
2428 369 32 17 the
2469 368 92 23 coaching
2569 369 108 18 time-table
2691 369 21 17 of
2725 368 69 18 Messrs
2813 368 22 17 E.

2399 392 106 18 Robertson
2515 391 37 18 and
2561 392 32 18 Co,
2604 389 61 20 which
2674 398 80 16 appears
2766 392 71 16 on'the
2844 389 1 27 ]

2400 416 51 16 front
2460 420 55 17 page.
2536 414 40 18 The
2580 420 45 12 new
2630 415 70 17 stables
2704 414 132 18 inTutaiiek.ii

2400 438 38 18 and
2445 438 173 18 Hincmoa-strcets
2626 444 32 11 are
2671 444 43 11 now
2731 437 106 23 completed

2400 461 38 18 and
2445 461 34 18 the
2486 461 103 23 travelling
2595 461 66 23 public
2676 461 38 18 will
2729 461 52 18 thcrj
2798 460 41 18 find

2399 486 27 16 all
2444 485 33 16 the
2490 484 111 17 accessories
2621 486 20 15 to
2658 486 39 15 safe
2714 484 38 17 and
2768 484 69 23 speedy

2400 508 154 22 transportation.
2592 508 17 16 A
2630 508 115 22 description
2768 508 21 16 of
2804 508 34 16 the

2400 532 58 16 firm's
2467 537 41 10 new
2521 531 88 22 premises
2623 531 15 17 is
2655 530 125 24 unavoidably
2794 531 43 16 held

2401 561 43 11 over
2453 554 48 17 until
2510 557 43 14 next
2564 555 56 16 issue.

2423 582 39 17 The
2477 581 84 18 children
2578 581 43 17 who
2637 587 82 17 purpose
2736 579 103 25 attending

2401 606 33 17 the
2445 605 61 22 picnic
2519 606 111 15 to-morrow
2647 608 20 13 at
2683 605 112 20 Taruke.ngn
2806 609 31 12 are

2401 627 85 24 required
2496 628 19 17 to
2524 628 91 16 assemble
2627 628 21 16 at
2664 628 32 16 the
2714 625 123 21 schoolhousc

2401 653 33 16 not
2444 651 48 17 later
2497 651 46 17 than
2553 652 41 15 CtA~>
2603 658 51 12 a.m.,
2667 651 53 16 when
2729 650 73 18 heidcd
2810 651 26 22 by

2394 674 1 22 :
2401 675 33 16 the
2443 674 53 17 Hand
2505 674 45 22 they
2560 674 38 17 will
2613 674 63 18 march
2693 674 20 17 in
2729 674 108 22 procession

2394 699 27 20 |to
2430 698 33 16 the
2479 697 77 21 railway
2571 697 75 17 station.
2672 697 99 23 Carriages
2790 697 47 17 have

2401 721 47 17 been
2457 722 42 15 sent
2508 726 25 16 up
2542 717 48 20 from
2600 721 101 17 Auckland
2718 721 30 16 for
2764 721 76 21 tho-oc-;

2402 745 61 16 casion
2473 743 37 17 and
2520 743 38 18 will
2562 743 26 18 bo
2592 743 91 22 detached
2692 743 50 18 from
2747 743 32 18 the
2788 744 52 16 train'

2402 768 19 17 at
2430 766 112 23 Tarukenga
2548 766 37 17 and
2592 766 66 23 picked
2666 773 17 10 ih
2688 773 7 10 t
2700 772 24 12 on
2731 767 32 16 the
2772 766 73 23 return.

2402 790 79 23 joarney
2489 795 18 12 in
2517 789 31 18 the
2557 788 86 25 evening!
2669 790 39 17 The
2726 790 61 22 sports
2799 790 38 16 will

2401 814 24 17 bo
2434 813 71 18 earned
2514 813 31 17 out
2561 813 60 17 under
2637 813 32 17 the
2686 813 116 22 supervision
2818 813 21 17 of

2402 837 70 18 Messrs
2479 835 85 18 Webber
2568 835 38 18 and
2620 836 115 23 Fitzgerald,
2751 836 37 17 and
2806 836 32 18 the

2554 865 10 11 a
2578 859 119 23 department
2715 859 21 18 of
2752 865 86 16 supreme

2402 884 119 22 importance
2543 882 61 18 where
2621 883 87 22 growing
2725 884 114 21 youngsters

2402 912 32 14 are
2443 905 108 21 concerned,
2565 906 39 17 will
2613 906 22 16 be
2653 905 91 23 presided]
2757 905 44 19 ovej:
2813 906 25 17 bv

2404 930 43 16 Miss
2457 929 62 23 Selby,
2529 929 78 18 assisted
2616 929 25 22 by
2658 929 54 17 other
2729 929 64 16 ladies.
2820 930 18 15 If

2402 952 16 17 is
2427 957 97 18 necessary
2533 952 29 17 for
2570 952 25 17 all
2605 952 32 17 the
2651 952 84 18 children
2745 953 19 16 to
2773 952 66 18 attend

2403 976 20 17 at
2430 976 31 17 the
2469 975 121 18 schoolhousc
2597 973 20 19 at
2625 976 31 17 the
2665 976 60 18 above
2730 982 43 11 men
2774 977 40 16 turn
2815 975 24 19 oil

2403 1000 48 16 hour
2467 999 19 16 in
2503 999 54 16 order
2573 999 20 17 to
2611 999 70 18 receive
2698 999 50 17 their
2764 999 73 19 tickets,

2404 1022 97 17 otherwise
2511 1022 44 21 they
2564 1022 38 17 will
2617 1022 52 17 have
2674 1023 20 16 to
2703 1029 37 15 pay
2749 1022 90 22 ordinary

2404 1046 45 16 fare.
2553 1045 37 17 will
2608 1047 32 20 get
2657 1045 71 23 special
2742 1044 68 19 tickets
2818 1046 20 17 at

2404 1069 32 18 the
2445 1069 77 17 station.

2427 1097 38 17 The
2479 1096 75 18 concert
2567 1096 110 17 announced
2695 1097 19 16 to
2729 1096 44 17 take
2787 1096 53 22 place

2404 1126 24 10 on
2437 1119 70 23 T'Viday
2515 1119 55 21 night
2579 1119 20 17 in
2608 1119 34 17 the
2657 1120 85 16 P'ukerou
2761 1119 47 18 Hall
2820 1119 19 17 in

2468 1143 18 17 to
2495 1142 81 22 provide--
2589 1143 56 16 funds
2660 1143 29 16 for
2702 1142 96 24 repairing
2808 1143 31 16 the

2404 1168 42 15 roof
2453 1166 21 17 of
2482 1166 32 16 the
2523 1166 85 17 Catholic
2625 1166 75 18 Church
2718 1166 90 22 promises
2819 1167 20 16 to

2404 1190 22 18 be
2435 1189 32 18 the
2476 1190 49 16 most
2538 1189 101 17 successful
2656 1189 147 17 entertainment
2820 1189 21 17 of

2403 1214 25 16 its
2436 1213 46 17 kind
2494 1218 43 12 ever
2554 1213 55 21 given
2626 1213 21 17 in
2662 1213 91 17 Rotorua.
2780 1213 17 17 It
2807 1213 33 16 has

2523 1236 74 17 evident
2606 1241 24 12 on
2645 1242 51 11 more
2707 1236 47 17 than
2764 1241 35 12 one
2807 1242 22 11 oc-

2404 1260 62 16 casion
2475 1259 42 17 that
2526 1258 54 18 there
2595 1264 31 12 are
2643 1260 53 16 vocal
2712 1258 39 18 and
2768 1259 61 17 instru-

2404 1283 71 17 mental
2484 1282 99 17 musicians
2592 1283 19 16 in
2624 1288 35 11 our
2672 1283 56 16 midst
2747 1283 20 16 of
2784 1283 55 17 much

2404 1312 50 11 more
2464 1305 46 17 than
2519 1305 89 22 ordinary
2617 1306 60 18 merit,
2694 1305 37 17 anil
2740 1305 15 18 it
2762 1306 15 17 is
2785 1306 46 17 satis-

2404 1330 74 20 factory
2491 1330 19 15 to
2526 1329 56 16 know
2599 1329 42 16 that
2658 1329 53 17 these
2728 1328 58 19 Indies
2803 1328 38 18 and

2405 1352 106 22 gentlemen
2521 1352 47 16 have
2583 1352 94 22 willingly
2692 1352 40 18 lent
2747 1352 48 17 their
2809 1359 20 9 as-

2404 1376 80 16 sistance
2497 1375 20 17 in
2532 1375 121 17 furtherance
2666 1375 20 17 of
2703 1375 32 17 the
2753 1375 88 17 laudable

2404 1399 64 23 object
2473 1398 20 17 in
2501 1398 53 17 view.
2568 1399 38 16 The
2616 1404 120 17 programme
2751 1399 15 16 is
2775 1404 12 11 re
2792 1399 49 17 most

2404 1422 92 17 excellent
2514 1427 33 12 one
2564 1422 19 15 in
2601 1427 55 17 every
2673 1421 109 23 particular,
2803 1422 38 16 and

2404 1446 52 17 there
2463 1445 16 17 is
2484 1451 24 11 no
2512 1444 60 18 doubt
2577 1445 43 17 that
2625 1445 33 17 the
2665 1444 83 18 haltwill
2757 1445 23 17 be
2789 1445 52 17 filled

2404 1470 20 16 to
2433 1469 25 16 its
2467 1469 70 17 utmost
2549 1467 86 24 capacity
2651 1474 24 10 on
2694 1467 68 23 Friday
2778 1468 61 23 night.

2405 1493 25 16 At
2437 1492 33 17 the
2479 1491 106 17 conclusion
2601 1491 19 17 of
2629 1491 32 17 the
2677 1492 79 17 concert
2761 1497 14 11 a
2781 1491 60 18 dance

2406 1515 36 17 will
2452 1515 43 16 take
2505 1514 52 23 place
2566 1516 20 15 to
2595 1514 61 17 which
2668 1515 75 16 holders
2752 1514 23 19 of
2780 1520 50 12 reser-

2405 1538 36 18 ved
2448 1539 41 17 scat
2496 1538 70 18 tickets,
2572 1538 47 23 ordy
2626 1538 39 18 will
2678 1538 24 17 be
2718 1538 97 17 admitted.

2428 1567 154 18 Lieut.-Colonel.
2595 1567 86 20 Roberts,
2701 1568 55 19 S.M.,
2774 1567 67 22 passed

2406 1591 83 21 through
2498 1596 24 11 on
2531 1591 84 21 Monday
2630 1591 37 16 last
2681 1597 24 10 on
2720 1591 29 16 his
2763 1596 41 16 way
2821 1593 20 14 to

2405 1615 70 22 Taupo;
2486 1614 61 17 where
2556 1614 23 16 he
2587 1613 74 18 holds-a
2671 1616 58 15 court.
2742 1613 99 23 Returning

2394 1636 1 23 i
2406 1638 43 17 here
2458 1637 73 18 in-time
2540 1637 29 17 for
2581 1638 47 18 nest
2642 1636 101 23 Monday's
2757 1637 84 22 sittings.

2406 1660 77 19 Colonel
2496 1660 80 18 Roberts
2590 1657 51 21 cSme
2657 1655 184 28 from'Opotikt"by

2406 1690 41 17 way
2465 1684 19 17 of
2498 1684 79 18 Matata,
2596 1684 36 16 and
2650 1684 19 16 in
2687 1684 76 20 coining
2780 1688 61 13 across

2406 1710 80 19 country
2503 1707 50 17 from
2568 1707 33 16 the
2617 1707 57 16 latter
2690 1707 53 21 place
2761 1707 52 16 made
2831 1714 10 9 a

2406 1731 57 21 slight
2474 1730 67 19 detours
2548 1730 18 17 in
2581 1730 55 17 order
2650 1731 19 16 to
2684 1730 66 17 enable
2766 1730 41 17 kirn-
2822 1733 19 14 to

2406 1754 43 17 take
2457 1754 20 17 in
2486 1754 32 16 the
2526 1753 61 21 newly
2597 1752 73 18 formed
2679 1754 45 16 road
2738 1753 58 22 along
2809 1754 32 16 the

2406 1778 63 16 shores
2478 1778 20 16 of
2507 1777 50 17 L.ike
2567 1776 79 18 Rotoiti.
2674 1777 16 16 It
2707 1782 36 11 was
2757 1777 28 16 his
2801 1777 40 17 first

2406 1801 43 17 visit
2458 1801 20 17 to
2487 1801 41 16 that
2538 1799 92 18 romantic
2639 1799 76 23 locality
2725 1800 37 17 and
2772 1801 22 15 lie
2808 1806 22 11 ex-

2406 1830 71 16 presses
2486 1824 32 16 the
2527 1823 76 22 opinion
2613 1823 42 16 that
2665 1823 52 16 when
2728 1824 31 16 the
2772 1823 44 16 road
2826 1824 15 16 is

2407 1848 47 21 fully
2464 1846 72 23 opened
2543 1846 16 17 it
2569 1846 36 17 will
2622 1846 75 18 become
2713 1846 32 17 the
2762 1846 79 18 favorite

2406 1872 53 16 route
2468 1871 30 15 for
2515 1870 82 16 tourists,
2626 1869 15 17 [t
2659 1870 15 16 is
2691 1874 32 12 not
2741 1871 32 20 yet
2789 1870 52 21 quite

2406 1900 43 16 appi
2462 1893 82 17 lachable
2553 1893 47 16 from
2611 1893 84 16 Rotorua.
2703 1893 18 16 in
2731 1893 80 17 vehicles
2820 1899 23 10 sis

2406 1917 71 18 several
2486 1917 19 16 of
2514 1916 32 17 the
2555 1916 80 17 culverts
2649 1921 32 12 are
2692 1916 37 17 still
2748 1916 91 21 wanting,

2406 1940 35 18 but
2450 1940 50 17 work
2510 1940 15 16 is
2534 1938 114 26 proceeding
2656 1939 71 22 briskly
2736 1938 59 19 find'a
2805 1940 36 16 few

2407 1963 60 18 weeks
2476 1963 38 17 will
2523 1968 29 12 SCO
2561 1963 32 16 the
2602 1963 46 16 road
2657 1963 52 21 quite
2721 1963 120 22 practicable.

2407 1988 25 15 As
2442 1987 30 16 (lie
2487 1986 87 17 traveller
2588 1985 59 18 winds
2663 1986 59 22 along
2740 1986 31 17 the
2788 1985 51 21 road,

2407 2010 59 17 wuioli
2476 2010 15 16 is
2500 2010 31 17 cut
2540 2012 33 13 out
2582 2009 20 16 of
2611 2010 31 15 the
2652 2008 46 18 cliffis
2710 2008 132 24 overhun'ging

2406 2032 88 21 thelaktv,
2503 2032 47 18 view
2566 2032 49 17 after
2631 2032 48 16 view
2695 2032 20 18 of
2732 2032 110 23 surpassing

2406 2057 97 16 lovelineis
2512 2056 16 16 is
2537 2055 90 17 unfolded
2640 2055 19 17 ill
2677 2056 31 16 the
2727 2055 113 23 description

2406 2080 20 17 of
2435 2079 59 17 which
2509 2079 15 16 it
2538 2079 62 16 would
2614 2078 22 18 bo
2651 2078 108 23 impossible
2774 2081 20 15 to
2808 2085 33 10 ex-

2394 2099 1 27 I
2406 2104 97 22 aggoratel

2430 2132 28 18 On
2468 2132 28 17 bis
2517 2132 35 17 last
2574 2132 37 22 trip
2621 2132 19 17 to
2661 2131 79 18 Galatea
2761 2131 38 17 and
2816 2132 25 17 To

2406 2155 69 18 Whaiti
2485 2155 31 17 Mr
2524 2155 22 17 R.
2557 2155 58 16 Wake
2625 2156 37 16 mit
2676 2154 45 17 with
2740 2161 10 9 a
2767 2154 74 23 mishap

2407 2179 59 17 which
2476 2177 112 24 lengthened
2599 2180 30 14 out
2642 2178 30 16 his
2683 2178 81 21 journey
2778 2179 19 15 to
2807 2177 22 17 be-

2406 2201 50 18 yond
2465 2201 24 17 its
2498 2201 52 17 usual
2559 2201 56 17 limit.
2641 2201 22 16 In
2681 2201 59 21 going
2757 2201 82 21 through

2406 2225 32 17 the
2455 2225 53 22 gully
2526 2225 18 16 in
2561 2225 33 16 the
2611 2224 142 21 neighborhood
2771 2224 19 16 of
2808 2224 33 17 the

2405 2248 112 18 Motumako
2526 2248 57 18 Hush,
2594 2247 57 19 shout
2666 2250 9 13 X
2693 2247 52 17 miles
2762 2253 25 11 on
2802 2247 38 17 this

2406 2271 38 17 side
2453 2272 20 16 of
2482 2271 83 18 Galatea,
2576 2271 32 17 the
2626 2272 41 21 trap
2685 2270 79 18 collided
2774 2271 44 16 with
2829 2277 11 9 a.

2406 2296 69 20 stump,
2486 2293 110 23 completely
2615 2293 96 23 smashing
2728 2300 34 10 one
2780 2293 20 17 of
2808 2294 32 17 the

2406 2318 73 17 wheels,
2490 2318 37 16 and
2536 2317 95 21 throwing
2640 2318 30 17 out
2691 2317 31 17 the
2731 2317 62 16 driver
2802 2316 37 17 and

2395 2340 2 22 .
2406 2342 45 17 Miss
2460 2341 78 17 Mcl.'ae.
2549 2341 31 16 the
2597 2341 44 21 only
2659 2346 106 16 passenger,
2793 2340 37 17 l<or-

2394 2363 1 23 !
2405 2365 86 21 innately
2505 2365 29 16 for
2548 2364 32 16 the
2591 2369 65 17 young
2672 2363 44 23 lady
2735 2363 31 17 the
2783 2363 55 21 burly

2394 2386 1 23 1
2405 2388 48 17 form
2471 2388 22 16 of
2507 2388 33 16 Mr
2555 2387 57 17 Wake
2629 2386 104 23 interposed
2755 2386 84 17 between

2394 2409 1 24 |
2405 2412 34 16 her
2451 2411 38 16 and
2506 2411 31 17 the
2554 2410 87 21 roadway
2658 2410 37 17 and
2712 2410 33 16 she
2762 2409 77 23 escaped

2394 2427 1 28 !
2405 2434 80 17 without
2494 2434 69 21 injury.
2589 2434 38 16 The
2636 2434 36 16 rest
2686 2433 20 17 of
2714 2433 33 17 the
2755 2433 85 17 distance

2394 2455 1 23 ■
2406 2460 18 14 to
2441 2457 75 17 Galatea
2533 2463 36 10 was
2583 2455 138 23 accomplished
2735 2462 23 10 on
2775 2457 54 16 horse-

2404 2481 48 17 back
2468 2480 36 17 and
2523 2481 78 16 another
2616 2480 70 16 vehicle
2703 2479 72 23 having
2793 2480 46 15 been

2394 2502 1 24 |
2404 2503 90 23 procured
2504 2504 31 16 Mr
2544 2503 57 17 Wake
2613 2502 96 19 returned,
2725 2502 114 18 transferred

2394 2521 1 28 I
2404 2527 32 17 the
2445 2526 82 23 loading,
2538 2526 37 17 and
2583 2526 100 16 continued
2693 2526 28 16 his
2729 2526 81 22 journey
2819 2527 20 15 to

2404 2551 25 16 To
2437 2550 76 17 Whaiti.
2547 2549 30 18 Mr
2592 2549 56 17 Wake
2662 2551 72 19 reports
2750 2547 42 19 that
2806 2548 33 18 the

2394 2571 1 23 !
2404 2573 54 18 roads
2468 2574 48 16 from
2525 2573 100 21 Waiotapu
2634 2572 87 17 onwards
2729 2579 32 10 are
2775 2572 64 17 rather

2394 2595 1 26 j
2405 2597 58 22 rough
2474 2597 49 16 since
2534 2596 31 17 the
2580 2596 36 17 last
2630 2596 49 16 rains
2694 2595 38 17 and
2806 2595 33 17 the

2394 2613 1 27 !
2405 2620 49 17 fords
2469 2626 23 10 on
2508 2620 32 16 the
2556 2619 107 21 Rangitaiki
2681 2619 37 16 and
2733 2618 105 17 Wliirinaki

2394 2638 1 26 !
2404 2643 56 16 rivers
2470 2643 46 16 have
2524 2643 46 16 been
2580 2641 71 19 filtered
2661 2643 23 21 by
2694 2642 32 16 the
2735 2641 65 18 Hoods.

2427 2674 105 18 SAILING
2575 2673 105 19 STORMY
2687 2673 127 17 WEATHER

2405 2728 17 16 Is
2432 2732 44 17 very
2486 2726 84 18 different
2579 2726 49 16 from
2637 2725 69 23 sailing
2718 2731 24 11 on
2756 2731 73 11 siimme
2829 2725 8 12 1
2838 2725 1 24 '

2404 2756 45 11 seas.
2476 2749 36 17 For
2521 2749 122 17 sea-sickness
2651 2749 15 16 it
2681 2748 62 18 would
2758 2748 22 18 bo
2798 2748 39 18 well

2404 2775 18 14 in
2440 2773 47 17 have
2508 2779 23 10 i>n
2552 2770 50 19 bund
2623 2779 10 10 a
2654 2772 53 17 stock
2725 2772 22 17 of
2762 2772 76 17 Wolfe's

2404 2796 103 23 Schnapps.

2426 2830 89 18 We-have
2530 2829 82 18 received
2628 2829 47 17 from
2693 2829 70 17 Messrs
2780 2829 58 17 Jones

2403 2853 37 20 and
2454 2856 36 13 Son
2500 2853 20 18 of
2529 2853 105 23 Wanganui
2643 2858 50 16 some,
2702 2852 94 18 beautiful
2805 2852 23 18 de-

2403 2878 51 22 sign's
2464 2877 17 16 in
2491 2876 103 17 Christmas
2603 2873 53 20 birds
2669 2875 60 21 >vhich
2745 2876 33 17 not
2793 2875 45 23 only

2403 2906 71 14 convoy
2490 2899 32 17 the
2537 2899 130 22 compliments
2683 2899 21 16 of
2724 2899 32 16 tlio
2773 2905 64 11 season

2402 2924 35 16 but
2451 2923 39 17 also
2504 2922 71 17 furnish
2594 2921 70 18 friends
2678 2921 69 17 abroad
2763 2922 47 17 wil.li
2827 2928 12 11 a

2403 2946 85 22 splendid
2497 2944 146 24 representation
2657 2944 20 18 of
2692 2945 47 17 Now
2756 2944 82 18 Zealand

2402 2969 48 18 bush
2459 2969 37 17 and
2505 2968 97 17 mountain
2617 2973 82 17 scenery.
2730 2968 59 18 Those
2804 2974 34 11 can

2400 2991 1 22 ;
2402 2993 23 17 be
2433 2992 89 19 .obtained
2531 2993 19 15 at
2559 2991 32 17 the
2601 2991 117 18 GllKOsreLE
2728 2991 73 18 Office.*

2425 3026 39 17 The
2474 3022 101 21 Christinas
2583 3024 89 18 numbers
2686 3024 21 17 of
2714 3024 33 17 the
2764 3025 74 16 various

2403 3048 80 24 English
2492 3048 125 19 publications
2632 3053 32 12 are
2672 3048 138 22 now,arrivlng
2819 3048 19 17 at

2403 3067 157 23 the"Cmni.vn'i.K
2575 3070 72 18 Office.*

2915 712 121 20 ROTORUA
3048 714 103 18 JOCKEY
3157 715 73 19 CLUB.

2884 761 16 16 A
2912 762 85 20 meeting
3009 761 21 17 of
3044 761 100 17 stewards,
3151 761 20 17 of
3187 762 30 17 the
3231 761 2 21 :
3236 761 11 21 ,T.
3253 761 2 21 -

2860 784 48 17 Club
2917 784 44 17 took
2971 785 53 22 place
3032 785 21 16 at
3062 783 52 18 Lake
3123 783 64 18 House
3194 792 21 10 oi,
3225 787 14 17 1,
3252 783 3 24 ,

2860 807 55 23 night
2924 808 43 17 last.
2993 808 31 17 Mr
3033 808 23 17 R.
3065 808 24 17 D.
3100 808 118 22 Dunxywa-
3229 810 8 17 i,

2860 830 57 19 chair,
2928 831 37 17 and
2975 831 52 17 there
3036 836 49 12 were
3093 832 75 21 present
3174 831 71 20 Mo--q\]

2860 855 50 15 tuiic.
2922 854 67 18 Clarke
2999 851 89 23 fVraham-,
3099 853 52 17 Hiiot
3153 867 5 12 ?
3164 854 56 18 J{ou!!
3234 863 7 11 i.

2883 900 56 20 After
2953 906 53 11 srimc
3020 900 106 18 discussion'
3141 905 24 12 an
3182 902 66 21 applies

2860 924 54 16 made
2924 924 25 21 by
2958 924 69 16 Messrs
3037 924 70 16 Adams
3121 922 38 18 and
3173 923 75 21 Andrew;

2849 945 2 28 j
2860 947 52 16 work
2921 947 32 16 the
2965 945 109 19 tofalisa'fcr
3082 947 72 22 paying
3168 946 31 18 the
3208 949 38 18 Chilj

2849 970 2 26 I
2861 971 83 21 percent
2954 975 23 12 on
2987 970 32 17 the
3028 971 77 16 amount
3116 970 20 19 of
3149 976 65 16 money
3227 978 10 16 p
3238 980 6 9 a
3246 970 4 26 ,

2849 992 101 23 i.througln
2966 994 32 16 the
3016 994 86 16 machine
3119 999 38 11 was
3174 994 69 19 acceded
3253 992 2 23 ■

2860 1016 40 17 The
2909 1018 92 21 secretary
3011 1022 37 11 was
3058 1015 141 19 instrup.f<;d*to'
3204 1015 4 24 !
3210 1019 37 17 \vii;.

2861 1039 32 18 the
2902 1040 85 16 Colonial
2996 1040 100 22 Secretary
3107 1041 33 15 -fiir
3152 1041 98 21 permission
3256 1039 2 23 ■

2849 1063 2 22 I
2863 1068 32 12 use
2903 1063 155 17 tho'totalisator;
3078 1063 3 22 _

2849 1080 2 25 I
2872 1080 2 25 .
2884 1086 39 17 The
2945 1087 91 16 Rotorudi'
3049 1083 92 20 Amateur
3165 1086 53 18 Brass
3239 1089 9 16 !',

2850 1110 2 21 !
2863 1111 59 17 wrote,
2929 1110 110 21 requesting
3048 1110 31 16 tile
3089 1116 32 10 use
3129 1111 22 15 of-
3159 1110 30 16 the
3197 1116 49 13 coursi

2862 1133 48 16 their
2919 1133 46 17 New
2975 1133 66 17 Year's
3056 1133 43 22 Day
3115 1130 67 24 spirits.
3217 1133 30 20 Pen

2850 1155 1 23 .
2862 1155 40 18 sion
2918 1161 39 12 was
2970 1157 57 21 given
3042 1161 28 12 on-
3083 1156 95 17 condition
3192 1156 35 19 thai
3244 1159 8 17 tl

2850 1178 1 24 i
2862 1178 43 24 play
2914 1185 25 12 on
2948 1180 35 17 the
2989 1185 66 12 coin-so
3070 1185 25 12 on
3110 1184 45 12 race:
3166 1180 36 22 day
3216 1181 37 18 witiii

2850 1200 1 23 '
2862 1202 74 21 charge.

2885 1226 32 17 Mr
2926 1226 85 17 Fortune-
3109 1226 50 17 That
3167 1225 32 18 the
3208 1225 47 25 Cupd

2851 1249 1 20 .
2862 1250 53 16 tanco
2924 1250 23 15 be
2956 1249 81 18 reduced
3049 1250 21 15 to
3088 1250 21 16 1.1
3126 1249 57 17 mile.-
3190 1249 5 20 -;
3258 1249 1 20 .

2862 1272 67 20 stated,
2941 1272 61 18 would
3012 1272 55 18 make
3076 1272 33 18 the
3117 1272 82 18 distance
3206 1279 42 12 .-nn.;-.

2862 1296 114 22 conformity
2985 1296 45 16 with
3041 1296 54 17 other
3105 1296 72 21 .places.
3196 1295 2 23 .
3206 1295 31 20 .Mu
3239 1307 5 7 ?
3246 1295 4 23 ;

2850 1319 3 22 •
2861 1319 34 16 the
2907 1321 82 20 country
3005 1319 52 18 clubs
3072 1319 37 16 had
3127 1321 41 14 se'eii
3185 1319 31 17 the
3232 1326 7 11 n
3241 1321 17 17 ■[-._

2862 1342 66 22 ability
2938 1343 19 16 of
2964 1342 91 21 reducing
3062 1342 52 17 their
3118 1340 128 24 BuyraistaTice,
3250 1350 8 12 a:

2851 1365 2 25 I
2862 1365 15 17 it
2886 1371 38 11 was
2938 1366 110 16 observable
3061 1366 44 16 that
3120 1365 131 25 tl«3.*-irieetings
3258 1365 3 25 i

2862 1387 62 24 places
2932 1389 62 16 where
3002 1389 34 17 the
3042 1389 97 17 reduction
3147 1387 37 19 had
3190 1389 42 17 been
3239 1397 7 10 i,
3248 1387 3 24 :
3255 1387 1 24 ,

2863 1418 47 11 wen;
2919 1412 37 17 last
2964 1418 49 16 year
3022 1413 49 17 most
3084 1408 107 22 successful.
3222 1413 24 18 He
3256 1429 5 3 ..

2851 1434 2 23 i
2862 1435 75 18 stancod
2947 1436 26 16 To
2982 1436 68 17 Aroha-,
3061 1436 106 21 Tauranga,
3178 1436 32 17 the
3218 1437 35 18 Thai

2850 1458 50 21 [and
2909 1459 54 17 other
2971 1459 63 22 places
3043 1458 53 18 when
3107 1465 13 14 a,,
3126 1458 120 19 considerable
3256 1458 2 23 ;
3259 1458 3 23 :
3263 1458 2 23 .

2851 1481 2 19 i
2862 1482 88 16 crease-in
2960 1483 69 16 entries
3038 1481 37 17 hwl
3086 1481 86 17 followed
3182 1483 31 16 the
3219 1483 38 17 inn..-,

2863 1505 46 16 tion.
2944 1506 30 16 He
2996 1504 121 23 confidently
3131 1505 110 22 anticipated
3256 1504 2 23 •

2851 1528 2 21 ,
2862 1534 50 11 same
2921 1529 59 16 result
2989 1529 51 16 here.
3053 1528 31 19 -If
3091 1528 17 17 it
3123 1534 46 11 were
3185 1529 77 20 decided:

2862 1552 67 16 H-do.ei'
2938 1552 176 22 the'Cnp'iJirttaiice
3123 1552 93 16 lie'would
3223 1554 34 16 furtl

2851 1570 2 27 !
2863 1577 79 19 suggest
2950 1575 44 17 that
3003 1575 37 17 the'
3046 1573 85 24 Railway
3140 1575 65 17 Stakes
3212 1576 43 18 ili-i.:
3267 1570 1 27 .

2863 1597 71 18 be'also
2944 1598 81 18 reduced
3034 1599 20 16 to
3071 1596 27 24 Is'
3107 1598 49 17 mile;
3186 1599 30 16 Mr
3229 1599 33 18 Clarl

2863 1621 101 23 supported
2975 1622 32 17 the
3016 1622 72 17 motion
3098 1627 24 12 on
3131 1622 32 16 the
3173 1623 68 20 ground
3248 1624 9 17 tl

2863 1644 44 22 they
2917 1645 62 22 might
2989 1644 82 23 possibly
3081 1645 45 21 gain
3135 1645 122 24 somethingb;

2852 1667 1 25 '
2863 1667 37 17 and
2912 1668 63 18 would
2990 1667 96 23 assuredly
3103 1667 39 18 Lose
3159 1668 81 24 nothing,

2863 1688 63 21 would
2935 1691 39 18 also
2984 1692 22 16 be
3015 1691 58 16 easier
3083 1691 29 17 for
3120 1691 32 17 the
3164 1691 90 25 handicap]

2863 1714 31 17 Mr
2905 1714 73 23 Dansey
2989 1720 41 13 wafr
3035 1714 81 19 dubious
3124 1720 21 12 as
3155 1716 18 15 to
3182 1714 80 23 thaexiii.

2852 1737 1 22 ,
2863 1744 46 15 ency
2918 1738 20 18 of
2947 1738 91 21 reducing
3046 1737 34 17 the
3088 1737 89 17 distance.
3205 1739 18 16 In
3234 1745 7 12 u
3252 1737 3 22 ;

2852 1758 2 26 I
2863 1761 43 17 niile
2915 1762 42 21 Cup
2966 1768 64 10 course
3037 1767 12 10 a.
3059 1760 62 18 better
3129 1761 74 23 Quality
3211 1762 18 18 of
3233 1762 23 18 hoi

2864 1790 46 11 were
2919 1784 87 17 entered.'
3034 1784 98 19 However,
3147 1784 23 17 he
3185 1785 57 18 would
3256 1792 6 11 :.

2863 1813 69 16 oppose
2942 1808 31 17 the
2983 1808 78 17 motion.
3087 1808 18 16 It
3116 1813 36 11 was
3161 1807 86 19 therefore
3258 1807 2 22 i

2851 1831 2 24 j
2863 1831 115 17 solv<sl-that
2987 1831 32 17 (die
3029 1831 41 22 Cup
3083 1831 84 17 distance
3181 1831 23 17 be
3218 1832 39 18 rcilui

2851 1853 2 19 •
2863 1855 19 16 to
2894 1855 18 16 I.'.
2924 1854 43 17 mile
2976 1854 36 18 and
3023 1854 32 17 the
3065 1853 85 19 Railway
3163 1853 63 18 Stakes
3239 1857 14 15 to
3263 1853 1 19 '

2864 1877 48 18 mile.
3107 1881 9 10 ••
3180 1877 2 18 ■
3197 1877 2 18 •

2886 1900 126 20 Mi'iFor.tune
3023 1907 19 10 as
3057 1906 39 12 one.
3109 1900 67 17 of-the
3192 1902 69 17 coiinniti

2863 1924 101 22 appointed
2975 1926 19 15 to
3003 1924 45 17 visit
3056 1924 32 16 the
3098 1930 64 10 course
3171 1925 21 15 to
3205 1926 59 16 ascerini

2848 1961 5 5 ~
2864 1947 50 19 what
2924 1945 53 20 work
2994 1954 38 10 was
3048 1952 98 18 necessary
3162 1948 51 21 priwr
3228 1952 16 12 tu
3256 1949 7 16 i

2863 1971 88 21 ni'o-'tiilg-'
3077 1970 40 17 that
3140 1977 50 10 some
3210 1972 59 19 fevcllii;

2851 1993 2 21 1
2864 1994 60 16 would
2935 1994 46 17 need
2991 1996 18 16 to
3021 1994 21 16 Fie
3109 1996 24 18 at,
3141 2000 51 12 once,
3207 1996 31 15 ainl
3252 1996 9 16 ..'.

2863 2017 42 17 that
2914 2018 32 16 the
2955 2017 85 20 training-
3046 2017 54 17 track
3105 2017 86 22 required
3197 2019 58 16 attiii!:
3263 2017 2 22 i

2863 2040 38 16 The
2910 2040 40 17 fern
2961 2040 55 17 could
3026 2040 22 16 lie
3057 2043 30 14 cut
3098 2046 11 11 a
3124 2041 36 16 few
3174 2041 44 22 days
3232 2041 26 18 het'i

2863 2064 32 15 tin-
2903 2069 57 11 nu-es.
2989 2064 29 16 Mr
3027 2064 78 22 Dansey
3113 2069 36 11 was
3157 2064 108 22 empowered;

2863 2086 74 23 employ
2954 2089 42 15 t.vo-
3013 2092 43 12 men
3075 2088 23 16 to*
3112 2086 24 17 do
3153 2087 31 17 tin-
3201 2089 62 16 nbces-si:

2863 2110 57 17 work!
2947 2111 38 16 Tin'
3001 2112 92 20 secretary
3110 2116 37 10 was
3161 2111 94 17 instructed
3263 2110 2 22 :

2862 2133 67 17 collect
2938 2134 24 17 all
2973 2132 124 22 outstanding
3106 2139 67 16 money
3180 2139 19 12 as
3211 2134 44 22 fairly
3263 2132 4 24 ..

2862 2156 87 22 possible.
2975 2157 38 16 The
3023 2158 37 15 rest
3069 2158 20 15 of
3098 2157 31 16 the
3139 2154 83 20 business
3230 2163 40 11 was.fi

2851 2180 1 21 ■
2862 2185 24 11 an
2895 2180 93 21 informal,
2993 2181 75 16 nature.

2862 2229 41 21 THE
2917 2229 243 21 SURVEYOR-GENERAL'S
3174 2229 81 21 VISIT.

2876 2279 49 23 „Tho
2943 2279 117 23 Wellington
3078 2279 144 22 corjLSpdmkmi
3241 2286 8 11 t
3259 2281 6 17 i]

2851 2297 84 22 'Herald
2952 2303 75 22 reports
3044 2309 24 10 an
3083 2302 97 17 interview
3200 2298 41 23 with
3259 2300 19 28 Jlj

2848 2326 1 21 •
2851 2326 2 21 .
2863 2326 58 21 Percy
2932 2326 61 18 Smith
3003 2332 23 10 on
3034 2326 28 16 his
3071 2326 67 17 return
3146 2326 48 18 from
3194 2326 73 19 —Rotors

2863 2349 59 17 which
2933 2349 129 23 supijlcments
3071 2349 32 19 tjie
3116 2349 110 23 particulars
3240 2351 29 22 giva

2861 2371 19 18 in
2892 2373 31 16 the
2932 2372 36 18 last
2978 2372 48 18 issue
3036 2372 19 17 of
3073 2372 31 17 the
3125 2371 120 20 f-'iiito.vuh.!:.
3264 2374 7 17 li

2863 2396 53 22 reply
2924 2396 22 17 to
2953 2396 29 16 his
2991 2396 118 16 iiitcixicwci'
3118 2395 30 17 Mr
3157 2395 105 19 Smitlwsstid:

2864 2424 10 3 '•
2884 2418 9 18 I
2904 2419 57 17 found
2969 2419 40 17 that
3017 2418 32 18 the
3055 2424 87 19 progress
3148 2418 104 23 of/Rotorua
3256 2420 16 17 h

2862 2443 45 17 Wen
2916 2442 124 22 phenomenal
3048 2442 49 17 sinev
3106 2442 107 18 BWrtSthere
3222 2443 50 17 inl-Y'-

2862 2471 56 17 ruary
2928 2465 42 19 last,
2980 2465 38 18 and
3027 2466 19 17 at
3056 2464 32 18 the
3097 2467 75 19 present
3181 2465 44 19 time
3242 2466 25 18 tliei

2862 2494 31 11 are
2901 2489 67 17 houses
2976 2489 60 22 going
3044 2493 26 17 up
3078 2488 24 17 all
3110 2494 44 11 over
3159 2488 32 17 the
3197 2490 71 21 to\vnslii|

2850 2511 2 26 |
2862 2512 38 16 'J'lie
2907 2512 65 17 Grand
2979 2511 64 19 Hotel,
3051 2512 10 16 I
3067 2511 87 26 believe.:
3163 2511 2 26 i
3172 2513 41 17 how
3219 2512 54 18 thebes

2862 2535 51 17 hotel
2918 2534 58 20 itf.thc
2981 2535 73 23 colony.
3080 2534 34 20 We
3120 2540 31 12 are
3156 2535 59 24 going
3220 2537 18 17 to
3243 2535 30 18 buiH

2862 2565 9 10 a
2885 2558 49 17 little
2945 2559 61 16 wharf
3012 2564 24 11 on
3042 2558 32 16 the
3080 2558 47 17 lake,
3136 2559 21 16 at
3163 2558 60 19 which
3229 2559 42 23 peojil

2850 2581 1 22 i
2861 2582 86 16 cinland
2956 2582 58 21 easily
3023 2581 49 17 from
3081 2581 32 17 the
3127 2583 79 16 steamer
3214 2582 59 18 runnin:

2849 2606 36 18 ion
2902 2605 85 18 Kbtorun
3003 2604 38 18 and
3185 2605 23 17 In
3228 2612 39 17 rcga:

2861 2629 18 16 to
2906 2629 83 21 sanitary
3012 2627 144 26 arrangements.
3179 2629 31 16 Mr
3233 2629 38 17 Smitl

2861 2652 49 16 said:
2933 2650 39 19 The
2994 2651 115 22 probability
3136 2652 15 17 is
3177 2652 41 17 that
3243 2658 26 11 som

2848 2674 2 23 i
2860 2676 51 21 steps
2919 2674 38 18 will
2976 2674 48 18 havb
3036 2675 21 16 to
3066 2674 22 17 be
3101 2674 56 18 taken
3175 2674 66 23 during
3258 2676 11 16 tl.

2860 2703 82 12 summer
2951 2699 17 15 in
2979 2698 43 16 that
3031 2698 74 19 matter,
3116 2704 19 10 as
3143 2698 31 16 the
3185 2699 86 22 pbpulutioi

2860 2721 14 16 is
2881 2721 106 22 increasing
3006 2726 44 17 very
3069 2720 135 23 considerably,
3224 2721 32 18 and
3264 2725 8 13 a'

2860 2746 72 20 present
2949 2744 51 18 there
3013 2744 16 16 is
3046 2745 25 15 ho
3088 2744 84 22 sanitary
3189 2747 63 20 system
3271 2744 2 23 '

2848 2761 2 32 '
2860 2766 31 19 all.
2917 2768 38 16 The
2970 2770 42 14 vote
3021 2768 20 16 of
3059 2767 61 17 £IOOO
3130 2767 37 17 will
3177 2763 26 26 go*
3214 2767 60 19 toward'
3291 2761 2 32 j

2848 2789 1 24 !
2860 2791 103 22 supplying
2970 2796 50 12 some
3029 2791 20 16 of
3057 2790 33 17 the
3099 2789 114 20 deficiencies
3234 2793 15 16 in
3257 2791 12 17 tl

2860 2816 71 19 present
2944 2814 149 17 establishment.
3120 2814 38 16 The
3177 2814 97 18 intentioni>

2860 2838 19 16 to
2889 2837 41 18 roof
2935 2837 33 17 the
2977 2842 42 12 new
3026 2837 129 22 postmaster's
3170 2838 51 17 bath.
3245 2839 19 16 Tl:

2848 2860 26 24 lis
2881 2867 10 10 a
2899 2866 44 16 very
2951 2861 85 22 popular
3041 2860 52 17 bath.
3120 2860 49 17 That
3174 2861 50 18 work
3231 2862 42 17 isuo»

2860 2883 18 17 in
2888 2884 56 17 hand.
2970 2884 38 17 Tiie
3015 2889 68 16 money
3092 2883 20 17 to
3120 2883 23 17 bo
3156 2885 92 21 expendvd
3255 2885 20 15 w:i.

2848 2906 2 24 j
2860 2912 25 17 go
2893 2907 82 18 towards
2984 2906 113 23 renovating
3106 2907 36 16 and
3151 2907 120 23 improving!.

2848 2929 2 23 |
2861 2931 74 21 present
2944 2930 61 21 liaths,
3016 2929 37 18 aod
3060 2930 104 21 extending
3172 2931 93 18 the-fsrciliti

2848 2953 2 22 ;
2860 2953 19 17 in
2888 2953 111 19 connection
3006 2953 46 17 with
3062 2953 64 19 thvm...

2884 2977 22 16 In
2916 2976 68 23 regard
2993 2977 19 16 to
3019 2976 31 17 the
3060 2975 96 23 projected
3163 2977 105 23 iu'rangenic:

2848 2998 2 26 ;
2860 3000 20 15 at
2888 3000 91 16 Tokaanu
2988 3000 31 16 Mr
3032 2998 60 17 Smith
3102 2999 40 17 said
3147 3005 13 11 :•■
3198 3001 10 16 T
3227 3007 39 17 pass;

2860 3020 83 26 through
2953 3022 90 17 Tokaanu
3052 3022 45 18 btfth
3106 3023 59 24 going
3170 3024 102 17 .■mil'C'oiiiiii.

2860 3046 36 16 and
2906 3046 25 21 by
2941 3046 90 17 direction
3041 3045 19 17 of
3065 3045 32 17 the
3109 3046 123 18 Government
3243 3045 3 22 1
3254 3054 12 10 in

2860 3069 32 18 the
2897 3069 62 18 Maori
2965 3074 71 13 owners
3043 3069 19 16 at
3069 3069 136 19 TolcSunrnjind.
3210 3070 59 22 ex]ilain-

2860 3092 22 16 ed
2893 3093 18 16 to
2921 3093 51 16 them
2981 3090 32 24 lln•
3022 3090 104 24 provi&birs'
3135 3093 21 16 of
3175 3094 32 15 the
3227 3094 14 17 K
3250 3094 20 16 itii

2860 3116 110 21 Townships
2980 3116 41 16 Act.
3032 3114 45 18 with
3087 3115 32 17 the
3126 3115 41 17 idea
3177 3116 99 23 ofapp'vi:..

2860 3138 12 16 il
2885 3139 19 17 to
2921 3139 96 16 Tokaanu.
3043 3139 38 15 The
3098 3138 72 18 natives
3180 3145 46 13 were
3243 3140 28 22 qui!

2848 3161 2 23 :
2862 3161 79 23 willing,
2950 3161 92 19 auditive
3049 3161 136 19 their.cou.se.ut
3197 3164 42 17 read
3243 3161 2 23 1
3250 3165 10 14 !'.
3268 3161 2 23 I

2848 3184 2 25 ;
2860 3184 32 17 the
2899 3185 40 17 Act.
2944 3184 58 22 Wing
3010 3184 75 22 applied
3093 3184 62 19 there..
3174 3186 13 16 T
3202 3186 52 17 think
3260 3191 16 17 re)

2848 3207 2 19 ■
2860 3207 96 18 interview
2965 3208 44 16 with
3019 3207 36 16 t.bfe
3064 3208 73 15 natives
3146 3208 36 16 will
3205 3210 37 16 V-.iv
3261 3207 3 19 •

2862 3232 68 15 matter
2938 3231 18 16 in
2966 3231 64 17 suchla
3032 3230 84 23 position
3126 3231 40 17 that
3177 3232 95 18 MrCadmi

2849 3253 2 24 ■
2862 3253 37 18 will
2909 3254 10 16 h
2928 3259 49 12 ivan
2987 3253 3 24 )
2999 3254 39 17 ditli
3045 3253 47 23 julty
3101 3254 19 16 in
3140 3255 112 22 comipleting
3262 3255 11 18 tl

2848 3273 7 28 :
2862 3276 59 18 whole
2930 3273 62 28 thing.
3018 3276 38 18 The
3066 3277 74 22 springs
3149 3278 91 18 there.are
3252 3285 11 9 v,
3269 3284 7 10 r

2861 3299 43 18 fine.
2937 3301 59 16 There
3010 3300 38 16 will
3065 3300 93 22 probably
3171 3301 23 16 be
3208 3307 10 12 a
3236 3301 43 18 wkiri

2850 3320 1 27 j
2862 3323 54 17 ina.de
2929 3323 53 17 there
2995 3323 25 22 by
3033 3323 60 17 which
3110 3329 63 12 ui'-hiis
3186 3330 90 17 passenser

2864 3347 47 15 from
2922 3346 121 22 Wellington,
3055 3342 121 26 goihg'norfh
3186 3346 60 22 to.SToi
3258 3346 16 19 iru
3289 3340 8 33 |

2862 3375 21 11 or
2896 3369 104 17 Auckland,
3019 3368 38 17 will
3064 3368 2 20 •
3074 3369 56 17 avoid
3145 3370 31 17 the
3176 3373 10 8 '■
3193 3372 75 16 somev.li
3277 3368 3 20 '
3290 3368 7 10 *

2857 3392 77 18 •tedious
2947 3393 57 16 coach
3010 3393 80 21 journey
3104 3393 60 17 round
3178 3394 32 17 the
3224 3396 73 16 cistersS

2850 3410 2 31 '
2862 3415 38 16 side
2910 3415 20 17 of
2939 3415 132 21 LakeTaupo.'
3093 3415 44 17 This
3145 3417 37 16 will
3189 3417 37 18 bea
3234 3422 47 13 cearrs
3290 3410 8 31 |

2862 3438 47 17 from
2918 3438 59 17 which
2988 3438 80 17 tourists-
3074 3438 38 17 aiirl
3120 3440 63 15 others
3193 3441 36 17 will
3243 3440 32 18 mill
3294 3434 5 23 I

2850 3457 1 30 j
2862 3459 117 24 expeditions
2989 3462 19 16 to
3015 3461 106 21 Tougariro
3129 3462 37 17 and
3174 3462 92 24 Ruapehu.
3290 3457 9 30 |

2886 3488 11 5 '•
2993 3485 100 16 continued
3103 3485 31 16 Mr
3140 3485 67 20 Smith,
3219 3485 61 19 "'Asisi
3292 3483 7 27 |

2861 3513 20 10 as
2887 3508 24 16 Te
2919 3508 75 17 Whaiti.
3001 3508 19 16 in
3027 3508 32 16 the
3066 3508 87 18 I'rewbra
3160 3513 83 14 country,
3251 3508 27 19 and

2850 3525 1 33 |
2863 3530 49 17 what
2920 3531 78 16 isiuoiv.
3012 3530 62 17 iweut
3088 3531 25 20 by
3130 3533 63 16 cfuch.
3207 3530 50 20 'ln-
3269 3532 12 17 /j

2862 3553 52 17 miles
2921 3554 47 16 from
2975 3554 91 17 Rotorua.
3076 3555 18 15 in
3101 3555 32 16 the
3147 3555 127 19 Pi-ow«aiaKoiiß-

2861 3577 41 20 tryj
2923 3576 41 17 Tin-
2977 3576 45 17 mad
3041 3577 16 16 is
3074 3577 18 16 in
3110 3577 138 19 handhevonYl
3267 3578 16 17 Tf

2855 3598 82 21 'Wliuiti,
2947 3600 30 15 for
2985 3600 58 16 about
3055 3601 18 15 H
3082 3601 58 16 miles.
3166 3602 37 17 The
3212 3602 64 19 cßrjtrno-

2862 3623 38 15 tors
2909 3628 31 10 are
2949 3622 78 21 making
3036 3623 69 22 cipital
3115 3629 86 16 progress
3213 3626 40 16 =vitli
3263 3625 22 17 tl:.-

2855 3642 63 19 'work.
2945 3646 44 16 Tins
3010 3645 45 17 road
3073 3647 15 15 is
3109 3643 85 26 fo'go'oil
3205 3650 19 16 to
3247 3647 36 19 Lab

2849 3667 1 27 ;
2862 3667 159 23 Waikarempanit,
3041 3668 96 26 fiisbprne;
3160 3671 36 16 and
3217 3669 66 20 Waiix*

2848 3690 3 23 I
2861 3690 33 18 We
2902 3691 96 18 have-also
3007 3692 19 16 in
3034 3692 52 17 hand
3093 3693 32 17 the
3132 3694 97 19 road.from
3238 3695 12 17 li
3260 3699 7 12 .1
3276 3701 6 8 >■

2849 3714 1 21 ;
2860 3719 33 11 rua
2901 3715 20 15 to
2930 3715 25 15 Te
2962 3715 57 20 Tbkp,
3029 3720 23 12 on
3064 3716 31 16 the
3104 3714 113 20 road'which
3226 3718 35 16 will

2861 3736 32 17 the
2902 3737 51 17 main
2962 3738 46 17 roa.d
3017 3739 49 16 front
3076 3739 84 17 Rotorua
3179 3741 20 18 to
3214 3741 33 17 Wli
3255 3741 28 16 .':•:-

2861 3762 43 13 tar.e
2914 3760 37 17 and
2961 3760 83 22 Opotiki.
3055 3760 42 18 and'
3106 3762 15 17 it
3131 3762 45 17 will'
3181 3760 2 26 1
3191 3764 63 22 enal)le
3263 3763 21 17 :V

2848 3780 2 26 !
2861 3780 158 26 pe6ple-iri'those
3028 3784 62 22 places
3097 3786 20 15 to
3126 3784 127 19 etihnhun-icat.
3270 3786 9 16 li-

2862 3806 57 21 reedy
2926 3807 44 17 v.-jjli
2982 3807 31 16 tho
3019 3808 90 16 terminus
3119 3810 20 15 ot'
3147 3806 4 22 !
3158 3810 21 15 lie
3186 3810 61 18 r.iihva
3254 3806 11 22 ■.
3275 3812 6 8 ''

2862 3828 13 16 I!
2887 3829 64 20 itoruil,
2958 3830 76 17 .lio.,i:les
3044 3831 82 23 opening
3135 3832 86 22 up-three
3238 3833 15 17 fa
3271 3838 6 11 a-

2861 3850 43 19 tiful
2914 3852 15 16 I,
2936 3852 44 17 decs.
3013 3852 39 18 The
3068 3854 65 17 idea-is
3144 3856 19 16 to
3172 3861 52 15 carry
3234 3856 42 17 outii

2861 3875 44 16 roM.i
2914 3882 20 10 as
2944 3876 77 21 ipiickiy
3027 3882 21 11 as
3057 3882 75 14 viscttn.
3148 3875 3 22 .
3160 3878 31 18 YVd
3200 3880 38 17 ai.So
3249 3875 3 22 i
3273 3887 7 6 ..

2848 3897 2 25 .
2860 3897 18 16 iu
2885 3898 49 17 hinl
2942 3899 17 16 in
2968 3897 3 25 i
2977 3899 28 17 lint
3023 3899 74 23 district
3111 3901 30 15 the
3151 3902 90 18 now,road
3248 3908 11 10 ::

2848 3918 2 29 '
2862 3920 80 18 Rotorua
2953 3922 6 17 t
2968 3918 4 29 i
2981 3922 53 17 T..;;'o
3048 3918 3 29 ,
3069 3923 28 16 via
3113 3919 103 28 WaTotapu,
3236 3924 44 18 wliiJ

2848 3940 1 31 :
2862 3943 38 17 will
2907 3944 23 16 hj,.
2940 3950 11 12 a
2959 3951 51 11 more
3019 3940 113 31 iriiergtiug
3141 3951 53 12 route
3204 3948 44 23 th-uj
3264 3948 9 17 i!

2860 3966 30 17 old
2899 3967 181 19 Tarr.o.R'ifid/aivt
3094 3965 102 21 ?';i'.|-whM-
3217 3962 46 26 Srerl

2862 3989 17 17 It
2885 3989 34 18 has
2929 3990 32 18 the
2973 3988 106 22 add'&itM
3085 3992 106 24 advantage
3262 3995 21 19 in?

2848 4013 2 25 !
2860 4016 42 18 past
2911 4014 32 16 the
2952 4013 34 18 hot
2995 4018 74 18 BpWSfcS
3078 4017 20 14 at
3112 4014 105 24 Waiotiipui
3235 4024 11 9 u
3253 4024 13 9 .;.
3282 4013 2 25 .

2861 4036 48 17 must
2919 4033 4 26 1
2961 4038 33 16 \rn-i
3004 4043 8 11 a
3035 4037 52 22 place
3097 4039 20 17 of
3121 4039 126 19 considerable
3260 4033 39 24 im-1

2862 4061 154 24 l.orl.iueeinthr■
3020 4061 69 17 future.
3097 4062 19 16 It
3124 4063 36 17 villi
3168 4063 40 17 also
3213 4069 40 16 pa-
3271 4069 13 5 '••

2848 4082 2 26 .
2861 4082 53 16 other
2923 4085 60 21 gr-ftitp
2993 4084 20 16 of
3021 4084 33 16 hot
3065 4082 2 26 !
3067 4084 97 24 jpi-ingß_at
3173 4092 9 10 a
3191 4087 51 21 place
3250 4082 2 26 ■
3264 4085 21 17 ..!•

2848 4104 34 21 i<l
2893 4106 66 17 Oinik-i.
2985 4106 16 17 T!
3014 4100 116 29 tliefrpsslies
3205 4108 80 19 Aratiati

2848 4127 2 23 i
2862 4128 68 22 rapids,
2949 4129 38 17 and
2996 4136 24 9 -i-
3036 4136 24 10 mi
3080 4130 173 19 throurlrWair..!;,
3262 4127 2 23 i
3274 4128 22 22 '.".'

2959 4153 32 21 J,Vq
2999 4158 31 11 are
3036 4150 112 25 li.-.tihingoii

1243 70 58 19 THE
1328 69 57 21 HOT
1413 68 92 22 LAKES
1532 67 173 25 .CHRONICLE,
1733 65 190 24 WEDNESDAY,
1952 67 155 20 DECEMBER
2137 68 29 21 IS,
2184 66 32 19 189
2216 66 17 19 a.

125 249 97 38 LTNIOX
235 246 137 17 STEAMSHIP
389 245 114 17 COMPANY
523 243 29 16 OF

146 262 6 23 J
204 269 57 16 NEW
273 268 115 16 ZEALAND
396 267 82 16 Limited.

184 304 123 17 fKOPOsKD
318 304 168 16 DEPABt'UKKS.

122 732 161 44 Bt'DDAIiT.
308 731 111 17 PAKKEK,
441 729 53 17 AND
516 727 37 17 CO.

285 753 106 24 (LIMITED-},

198 802 59 18 NEW
271 800 84 18 STEAM
368 798 109 19 SERVICE

123 835 128 29 Bringing
261 834 61 22 Low
330 833 79 22 Fares
418 831 56 23 into
485 830 70 22 force

131 878 3 30 •
146 884 95 24 Splendid,
252 880 161 24 Well-appointed
417 880 95 18 Steamers
516 878 40 18 will

123 910 21 16 he
153 906 113 24 despatched
275 906 48 17 from
332 906 119 18 Auckland,
461 909 21 11 as
497 902 60 18 under

123 931 88 18 Sveatlier
227 929 37 18 and
283 929 54 17 other
354 928 143 17 circumstances
513 931 43 17 per-

122 975 182 21 FokGISBOENB,
311 974 105 20 NAPIER,
424 972 116 18 WELLING-

144 1000 56 20 TON,
212 998 157 19 LYTTELTON.
380 997 13 18 &
404 995 128 21 DCNEDIN,

126 1025 97 19 ANGLIAN,
234 1023 86 19 FRIDAY,
332 1021 45 17 Dec.
386 1021 28 19 20,
423 1025 55 12 noon.

123 1049 114 17 Tasmania.
247 1043 2 23 ■
258 1043 3 23 •
269 1045 110 20 .Tuesday,
387 1044 44 16 Dec.
440 1043 28 21 31j
476 1047 56 12 noon.

250 1091 51 18 FOE
315 1089 111 20 SYDNEY,

169 1115 114 24 (Returning
295 1115 19 16 to
323 1112 99 18 Auckland
431 1111 79 23 Direct.)

123 1139 93 23 Carrying
235 1138 113 23 Passengers
369 1136 29 17 for
420 1135 135 20 Melbourne,

134 1163 53 16 other
193 1162 130 17 AUSTRALIAN
330 1159 71 21 POUTS,
409 1158 36 17 and
452 1158 91 21 BT.OISART,

122 1195 102 19 Anglian.
233 1192 109 18 .Tuesday,
352 1190 44 16 Dec.
405 1188 27 21 31,
444 1188 9 16 3
463 1193 45 16 p.m.

123 1216 106 19 Tasmania
277 1214 97 19 Monday,
391 1212 43 16 Jan.
450 1211 26 21 13,
485 1212 9 15 4
510 1214 44 18 p.m.

144 1242 78 24 Freight
231 1242 38 17 and
277 1242 92 21 Passages
382 1240 20 17 at
416 1242 78 14 lowest
507 1241 36 15 CUR-

124 1270 51 15 RENT
188 1268 68 16 RATES.

145 1291 72 17 Return
226 1288 73 18 Tickets
306 1285 91 20 available
403 1285 30 18 for
438 1285 28 16 six
473 1284 82 17 months.

222 1318 22 17 L.
258 1318 24 16 D.
291 1315 107 18 NATHAN
412 1315 14 17 &
440 1313 45 21 CO.,

452 1337 81 23 Agents.

256 1371 99 28 7|MIOS.
377 1377 69 18 COOK
468 1377 15 17 &
507 1376 48 17 SON

163 1419 91 33 '€sfP>
299 1429 50 14 BOOK
363 1427 96 15 rASSAGES
473 1427 42 13 AND

172 1447 72 17 iSJ:3£24
325 1451 75 15 SECURE
412 1451 78 13 BERTHS

285 1473 31 16 AT
329 1470 103 19 LOWEST
445 1468 80 21 RATES

125 1503 24 16 BY
163 1504 16 13 P.
189 1498 14 18 &
214 1502 17 13 0.
242 1501 35 17 CO.,
288 1499 74 14 ORIENT
370 1499 35 14 CO.,
417 1497 71 13 DIRECT
499 1496 56 14 LINES

216 1524 89 16 OCEANIC,
320 1520 141 17 MESSAGERIES,

223 1548 27 18 Or
255 1553 37 17 any
301 1546 36 18 line
346 1553 20 10 as
376 1546 58 16 desire
440 1545 13 17 1.

146 1595 83 24 Enquiry
238 1593 77 18 invited.
331 1592 126 17 Information
466 1592 65 21 gratis.

125 1642 17 17 [a
145 1642 72 20 tending
222 1644 101 18 passenierß
336 1639 61 15 should
411 1638 53 20 apply
480 1638 26 15 for
524 1642 31 11 our

143 1666 34 13 iieo
185 1663 29 16 list,
223 1662 18 15 of
249 1664 71 13 steamer
334 1660 72 20 sailings
417 1660 33 15 and
460 1660 46 15 fares
516 1661 18 13 at

168 1688 88 19 COOK'S
268 1687 125 18 SHIPPING
407 1686 99 20 OFFICE,

197 1719 21 16 T(i
228 1721 40 14 AND
278 1717 21 17 78
313 1716 163 20 QUEEN-STREET.

142 1745 131 17 N.B.—Drafts
280 1745 34 15 aud
322 1743 78 17 Circular
408 1743 54 16 Notes
470 1741 57 17 issued
538 1743 18 14 at

127 1770 52 13 cwest
187 1768 68 14 current
262 1769 51 12 rates.

212 1809 247 44 NOTICE.

125 1935 195 34 FRANKTON
346 1933 207 33 JUNCTION

289 1969 111 32 HOTEL.

342 2027 27 20 by
385 2027 53 19 train
454 2027 20 18 to
489 2025 64 20 Aucb

122 2152 71 19 Trains
216 2152 44 23 stop
280 2151 76 23 twenty
374 2148 87 20 minutes
481 2149 20 18 at
522 2147 33 19 the

169 2176 106 21 Frankton
284 2175 95 19 Junction
391 2174 30 19 for
432 2174 77 18 dinner.

149 2204 42 18 The
214 2201 137 24 undersigned
378 2201 38 17 has
447 2199 109 20 first-class

122 2304 217 46 William
352 2300 199 55 Geateh,

178 2369 319 25 PROPRIETOR.

124 2432 145 24 Hancock's
278 2430 98 23 XXXX
382 2430 62 23 Ales
455 2429 100 29 always

254 2465 33 15 on
297 2456 126 28 Draught.

124 2503 74 23 Sixth
212 2502 73 22 Year.

332 2501 74 23 Price
416 2500 138 29 Sixpence.

372 2527 88 21 Postage
471 2526 31 19 -2d.

167 2679 343 34 ILLUSTRATED

123 2740 163 42 ALMANAC
311 2740 70 39 AND
413 2737 138 46 DIARY,

262 2811 64 23 FOR
340 2810 69 24 1896.

125 2846 86 30 ''pillS
226 2846 67 19 useful
303 2846 82 18 Annual
395 2846 38 18 has
447 2851 45 12 now
510 2849 33 21 per-

137 2865 16 23 --
191 2872 101 25 manently
310 2872 62 18 taken
387 2872 26 18 its
431 2871 57 25 place
504 2876 22 14 as
543 2877 12 11 a

126 2898 114 20 Handbook
252 2898 20 18 of
289 2898 53 24 daily
359 2898 102 18 reference
482 2896 20 20 in
520 2896 35 18 the

124 2924 102 25 Counting
236 2924 70 19 House
316 2926 39 16 and
367 2924 72 18 Home.
468 2923 21 18 It
497 2922 17 20 is
521 2922 34 18 the

124 2950 95 20 standard
231 2949 52 19 book
296 2950 20 18 of
326 2949 102 20 reference
442 2949 32 18 for
494 2948 50 18 Ihisi-

125 2982 44 14 ness
181 2975 54 24 Men,
247 2975 99 23 Farmers,
358 2975 106 22 Mariners,
473 2975 69 18 House-

125 3003 88 24 keepers,
225 3001 40 19 and
275 3001 34 19 the
320 3001 86 19 General
416 3001 78 18 Public.

150 3028 28 18 To
188 3027 25 19 bo
223 3027 41 19 had
282 3027 21 19 of
319 3027 27 19 all
365 3026 130 20 Booksellers
515 3025 40 19 and

125 3053 148 26 Storekeepers.

129 3344 207 48 HANC

250 3417 182 21 CELEBRATED

307 3469 85 31 XXXX

238 3526 209 51 ALES,

257 3592 58 13 MADE
323 3592 54 14 EBOM
388 3592 40 13 THE

132 3622 112 33 FINEST
269 3624 87 33 MALT
378 3624 63 31 AND
459 3622 99 37 HOPS,

169 3705 52 13 PUEE
233 3705 54 14 FROM
299 3705 38 13 ALL
352 3705 127 14 ANTISEPTICS
492 3705 25 13 Oil

236 3736 136 15 DELETERIOUS
391 3737 63 13 ACIDS.

133 3796 136 33 CAPTAIN
292 3797 80 32 CQOR
391 3798 167 37 BREWERY,

235 3839 191 21 NEWMAEKET.

132 4022 9 16 r
145 4016 97 36 p'OTAtR
245 4020 17 18 A
267 4019 95 19 HOUSE
369 4019 111 19 BLOCKS.
486 4019 28 19 St-
527 4016 1 36 i
534 4020 18 18 in-

137 4050 25 14 -X-
197 4051 38 14 ors:
248 4045 40 19 and
297 4045 136 19 Goverinnent
443 4045 40 18 size
496 4045 64 22 Posts,

130 4074 21 18 in
163 4079 40 18 any
214 4071 100 25 quantity,
325 4070 102 19 delivered
436 4072 21 16 to
468 4076 38 18 any
516 4073 45 22 part

130 4099 21 19 of
160 4099 35 19 the
209 4097 80 20 listriet.
291 4096 93 25 —Apply
398 4098 21 16 at
430 4096 34 19 tho
476 4096 85 18 Auction

130 4125 61 19 Mait.

311 4149 19 18 .J.
348 4147 28 19 11.
391 4146 117 21 TAYLOK.

632 282 122 17 ROTORUA
764 279 101 19 JOCKEY
874 278 73 18 CLUB.

593 329 8 12 *
631 327 130 20 MEETING
771 327 21 18 of
801 327 35 18 the
846 325 119 19 Committee
986 324 21 19 of

615 350 3 25 .
645 357 35 15 the
707 357 73 16 otorua
796 352 78 23 Jockey
891 350 52 19 Club
961 350 42 19 will

575 383 25 18 La
610 381 47 19 held
675 383 21 16 at
715 379 56 19 Lake
788 378 75 21 House,
886 383 26 12 on
931 375 75 26 Friday

575 411 54 20 next,
637 405 113 20 December
762 407 6 16 1
774 407 16 21 -1,
801 407 20 16 at
832 406 10 15 8
854 409 47 19 p.m.

601 434 19 18 A
633 432 39 19 full
689 432 119 19 attendance
826 430 17 18 is
860 428 108 24 requested
985 434 22 13 as

575 460 92 19 business
683 458 21 19 of
719 458 123 24 importance
859 454 41 19 will
921 454 25 19 bo
966 454 32 19 dis-

576 485 75 20 cussed.

726 510 21 17 T.
757 509 20 18 C.
787 507 149 21 IJRQTJHART,

879 531 50 17 Hon.
944 529 40 18 Sec.

622 578 59 18 NEW
693 576 92 20 YEAR'S
797 576 55 19 DAY
861 575 100 18 SPORTS.

580 625 24 14 O
609 623 79 19 PORTS
698 623 37 17 will
747 623 23 18 be
782 622 45 17 hold
842 628 25 12 ou
879 622 47 17 New
942 621 67 18 Year's

580 642 27 25 ,5
633 647 42 22 Day
684 647 19 16 iii
712 646 31 17 aid
751 646 20 17 of
777 646 32 17 the
818 646 85 17 Rotorua
916 644 92 19 Amateur

577 672 54 16 Bv.ua
640 670 60 17 Rand.
717 670 2 18 •

600 693 75 18 Entries
677 694 20 16 to
703 691 150 19 beaddressedto
860 691 135 18 thcßandCom-

577 718 64 16 imttee
662 716 48 17 with
731 715 139 23 performances
889 715 38 16 and
947 715 49 16 nomi-

577 740 64 17 nation
656 740 29 16 fee
698 739 30 17 for
743 739 33 16 the
792 738 100 22 following'
907 738 102 22 handicaps

577 763 39 17 will
631 762 23 18 be
665 762 85 17 received
766 767 25 16 up
808 764 19 14 to
844 761 85 22 Monday
946 761 62 22 night,

578 785 102 19 December
688 785 51 21 30th;
749 785 20 17 at
778 786 10 15 ,S
797 785 78 17 o'clock.

603 810 14 16 1.
630 809 89 16 Hi-kdlk
732 808 60 21 RACE,
804 809 33 16 120
846 807 61 23 yards,
918 808 10 17 3
937 807 71 23 flights.

580 833 33 20 Ist,
623 832 23 17 £1
657 837 31 15 us;
702 832 44 21 2nd,
752 837 26 12 os.
804 831 124 18 Nomination
938 832 25 15 Is.
972 832 25 16 Ac-

578 857 87 20 ceptance
676 856 25 17 Is.

602 880 15 16 2.
632 878 96 18 Rotorua
737 878 42 18 Cup
787 877 109 18 Handicap
905 877 19 17 in
957 877 53 16 heats

578 902 20 17 of
608 903 38 19 1(10,
656 903 34 15 220
699 901 38 18 and
745 901 32 22 440
777 901 44 22 yds.
838 901 32 18 Ist,
878 900 25 17 £3
914 901 40 18 10s;
966 900 42 19 2nd,

579 924 36 22 £1;
634 925 39 20 3rd,
693 926 36 18 10s,
761 926 33 17 Ist,
804 924 44 17 2nd.
865 923 38 17 and
921 922 33 18 3rd
971 923 39 17 will

579 949 56 17 count
644 949 16 18 0,
677 949 18 18 4,
713 947 37 17 and
767 948 10 16 2
790 947 123 22 respectively
928 946 21 18 in
965 946 44 17 each

579 972 49 16 heat.
652 971 124 17 Nomination
785 972 25 15 .'is.
823 969 117 23 Acceptance
949 969 25 17 2s.

602 995 16 16 3.
631 994 56 17 Mile
695 994 115 20 Handicap.
830 994 32 18 Ist,
873 992 25 17 £2
909 992 42 22 10s;
966 992 42 21 2nd,

580 1019 36 15 l()s.
641 1017 123 17 Nomination
773 1018 25 15 2s.
829 1016 116 22 Acceptance
956 1016 23 16 Is.

601 1042 17 16 4.
632 1040 58 17 Half
703 1040 56 18 Mile
769 1040 61 16 Rack.
858 1040 33 19 Ist,
906 1039 38 19 £1;
966 1039 42 19 2nd,

579 1065 25 16 is.
630 1063 94 17 Entrance
735 1064 25 15 Is.

582 1086 2 18 .
602 1086 49 18 Four
660 1087 19 16 to
688 1087 48 16 start
745 1086 18 16 in
773 1086 32 16 the
815 1086 59 16 above
886 1091 21 11 or
922 1091 25 10 no
962 1090 47 11 race.

602 1108 110 19 Committee
721 1108 38 18 will
773 1108 103 23 disqualify
892 1114 73 16 anyone
982 1107 29 17 for

579 1133 65 22 giving
653 1133 45 15 false
708 1132 144 22 performances.

601 1155 81 18 Tenders
690 1155 30 17 for
728 1155 62 17 Booth
799 1157 19 15 at
828 1155 32 17 the
869 1155 58 17 above
935 1155 65 16 return-

578 1178 42 17 able
628 1180 20 15 at
656 1185 51 10 same
717 1179 51 16 time.

587 1227 7 8 ■
606 1222 13 13 \
625 1220 66 17 ANCE
700 1220 20 16 in
728 1219 33 17 the
770 1218 86 18 Pukeroa
865 1218 45 17 Hall
919 1223 24 12 on
958 1218 51 17 Box-

579 1246 41 18 XJ
646 1244 34 21 ing
692 1242 67 23 Night.
790 1241 63 18 Music
868 1241 26 22 by
909 1241 33 18 the
956 1241 54 17 Band

579 1267 37 18 and
625 1267 76 17 friends.

684 1289 19 18 J.
717 1289 28 18 W.
759 1287 115 21 WEBBER,
886 1288 50 18 Hon.
947 1287 39 17 Sec.

670 1336 246 25 MASSAGE.

587 1389 15 23 \
612 1387 55 18 riSS
685 1386 104 22 FRASER,
806 1385 90 24 qualified
912 1385 98 17 American

585 1413 20 15 IT
613 1412 9 16 I
653 1411 101 20 Masseuse,
765 1409 83 22 recently
862 1409 48 17 from
924 1409 85 20 London,

578 1435 14 16 is
606 1433 91 23 prepared
710 1435 19 15 to
743 1432 165 23 attend-patients
925 1438 24 11 on
966 1438 44 17 very

579 1458 93 17 moderate
682 1457 62 17 terms.

602 1481 35 17 She
646 1480 34 16 has
688 1480 38 16 had
735 1485 56 16 many
799 1479 59 23 years'
869 1478 109 22 experience
991 1479 20 16 in

578 1504 32 17 the
626 1503 107 21 treatment,
752 1503 37 16 and
809 1503 14 16 is
841 1502 116 22 thoroughly
980 1507 20 12 ac-

578 1526 89 24 quainted
676 1526 45 17 with
731 1526 32 17 the
773 1525 72 22 System
855 1526 22 16 of
884 1526 28 16 Dr
928 1525 17 17 S.
961 1524 50 18 Weir

578 1550 91 18 Mitchell,
680 1550 19 16 of
708 1548 136 23 Philadelphia,
855 1548 30 17 for
894 1548 34 16 the
935 1554 43 10 cure
992 1549 19 15 of

578 1573 78 18 General
666 1573 90 21 Debility,
764 1572 134 20 Nervousness,
907 1571 102 18 Insomnia,

578 1595 110 24 Dyspepsia,
698 1595 39 21 &c,
749 1595 31 18 &o.

602 1623 86 19 Address,
699 1623 34 17 Co

670 1646 96 22 Bathgate
779 1646 70 17 House,

632 1675 21 11 or
666 1670 44 16 Hot
719 1669 69 17 Lakes
797 1670 117 16 Ciikoxici.e
924 1668 63 18 Office.

579 1709 44 42 TO
639 1709 25 41 &
679 1709 93 41 FROM
792 1698 218 51 THITBATHS,

581 1834 148 47 CTilliSS
745 1841 49 12 runs
813 1841 10 11 a
842 1836 114 22 wagonette
976 1834 24 20 bo-

625 1875 7 8 .
663 1863 63 16 tweon
742 1860 33 19 the
793 1860 38 19 Old
847 1858 109 27 '.Township
973 1860 38 19 and

579 1888 34 18 the
623 1886 64 20 Baths
696 1886 126 25 throughout
833 1886 34 19 the
877 1886 47 24 day.

578 1949 49 19 Also
648 1948 198 23 Whakarewarewa,
872 1947 73 20 Sodom
971 1948 40 19 and

613 1975 112 19 Gomorinh
736 1975 39 18 and
786 1975 58 17 other
854 1974 65 25 sights
929 1980 49 12 near

740 2001 35 18 the
787 2002 59 18 town.

677 2067 79 23 Fares
771 2067 141 23 Moderate.

645 2200 68 21 Lands
724 2202 41 19 ami
774 2202 78 24 Survey
863 2202 67 22 Office,

630 2227 112 24 Auckland,
756 2228 111 20 December
874 2228 41 23 sth,
929 2228 56 17 18-95.

591 2262 169 24 ATTENTION
778 2263 17 18 is
812 2263 69 18 drawn
898 2264 21 17 to
940 2262 71 19 Poster

580 2288 39 15 -£*-
646 2290 39 17 No.
698 2290 43 22 240;
756 2289 65 20 which
830 2289 16 18 is
858 2290 20 17 to
895 2288 26 19 be
932 2294 47 13 seen
992 2289 20 17 at

578 2315 34 18 the
630 2314 50 19 Post
698 2314 60 19 Office
779 2315 91 19 Rotorua
889 2314 42 19 and
953 2313 58 20 other

579 2340 48 20 Post
636 2340 71 19 Offices
717 2342 20 17 in
752 2342 34 18 the
798 2341 88 23 District,
896 2344 20 15 to
925 2340 85 19 sectio-hs

580 2366 69 19 within
668 2366 35 19 the
726 2367 90 19 Rotorua
837 2367 40 18 aitd
896 2366 98 19 Otanewai-

578 2392 56 19 nuku
644 2392 77 25 Survey
732 2392 100 24 Districts,
845 2394 90 17 Kotorua.
942 2391 54 19 Coun-

578 2421 27 22 ty,
616 2421 19 16 to
646 2418 26 19 be
682 2418 78 20 thrown
770 2425 51 19 open
829 2419 31 18 for
867 2419 41 18 sale
917 2425 23 12 or
947 2417 53 19 selec-

578 2445 48 23 tion,
637 2444 21 19 in
669 2446 60 17 terms
742 2445 20 18 of
773 2445 78 19 Section
865 2446 34 18 130
910 2444 21 19 of
968 2444 43 18 The

578 2471 57 18 Land
653 2471 44 21 Act,
820 2471 65 19 either
905 2471 31 18 for
954 2470 54 23 cash,

578 2497 116 24 occupation
707 2497 48 19 with
766 2497 55 25 right
832 2497 21 19 of
863 2497 104 24 purchase,
989 2502 21 12 or

578 2523 31 18 for
618 2523 54 18 lease
680 2523 21 17 in
708 2524 121 23 perpetuity,
839 2530 26 12 on
875 2522 133 24 Wednesday,

581 2549 44 18 18th
638 2549 114 23 Deotmber,
769 2551 56 16 1805.

603 2574 42 19 The
663 2574 49 19 land
727 2575 17 18 is
761 2575 62 19 about
840 2577 22 16 18
882 2575 58 19 miles
957 2575 52 18 from

578 2600 137 25 Ngongotaha
723 2600 92 25 Railway
827 2601 85 18 Station.

629 2625 137 21 GERHARD
786 2626 142 23 MUELLER,

655 2653 156 19 Commissioner
821 2653 70 19 Crown
908 2652 76 20 Lands.

578 2716 62 24 FOE,
666 2716 81 22 SALE
771 2716 44 22 AT
842 2716 67 22 THE
932 2716 60 22 PAR-

724 2742 135 23 SONAGE.

580 2793 122 25 QPRIXG
715 2794 71 19 CART
797 2795 41 20 and
847 2794 91 19 Harness

578 2846 134 25 One-quarter
722 2853 45 12 acre
778 2846 66 19 Green
856 2846 49 19 Oats

578 2872 134 20 Chaff-cutter

578 2899 61 18 Hand
649 2899 46 17 Mill
705 2899 31 18 for
747 2899 61 18 bones
827 2905 22 12 or
865 2901 68 22 oyster
949 2898 62 20 shells

672 2925 124 20 .invaluable
807 2925 31 18 for
848 2925 73 24 fowls.)

681 2955 80 29 Toll
784 2965 88 19 LEASE

581 3017 16 42 I
598 3016 170 26 PARSONAGE
802 3019 67 16 House
898 3017 112 19 furnished.

644 3043 47 18 Two
702 3043 94 18 live-acre
806 3043 108 24 paddocks,
924 3043 85 19 drained

578 3069 143 24 swamplands,
733 3069 125 19 well.fenced
865 3069 39 18 and
913 3069 96 25 partially

578 3097 21 17 in
609 3101 63 18 grass.

580 3162 228 41 HINKMOA
839 3162 171 42 STORE,

766 3231 109 19 ROGERS
892 3231 72 19 directs
982 3234 20 17 at-

595 3252 11 10 *
614 3252 10 10 *
657 3257 78 18 tention
745 3259 20 16 to
773 3257 35 18 the
817 3257 106 25 following
930 3258 50 19 linos
992 3259 21 18 of

581 3276 262 54 eaaitMil
859 3290 151 40 m%m

580 3342 101 18 Bvcroft's
691 3342 110 19 Snowdrift
812 3342 51 19 N.X-
872 3342 63 20 Flour

581 3367 100 24 Sultanas,
692 3367 100 20 Muscatel
802 3368 40 20 and
851 3368 96 19 Valencia
964 3368 36 19 Rai-

632 3394 47 20 sins,
691 3394 40 18 and
740 3394 98 19 Currants

581 3419 49 24 Pigs
637 3419 40 19 and
687 3419 111 20 Preserved
809 3420 82 25 Ginger,
903 3420 70 25 Spices

582 3445 73 18 Lemon
667 3445 39 19 and
716 3445 81 26 Orange
808 3447 50 18 Peel

636 3471 68 19 White
715 3471 112 24 Sugar—A
844 3472 116 25 Speciality.

583 3497 49 19 New
642 3493 161 23 Zcaland-Dairv
810 3498 145 18 Association's
963 3498 38 19 But-

685 3525 36 17 ter.

608 3547 59 20 TEA.
726 3549 112 19 COFFEE.
893 3549 94 20 COCOA.

583 3596 86 19 General
681 3597 127 20 Assortment
825 3598 21 19 of
863 3598 151 26 Storekeeper's

759 3624 73 19 Goods;

641 3660 311 56 HIHKMOFSTORE.

584 3806 80 30 rpHE
675 3807 169 20 FOLLOWING
853 3807 73 24 Goods,
936 3807 78 26 freight

649 3833 49 24 paid
708 3836 20 16 to
742 3833 88 19 Kotorua
840 3841 34 11 :

673 3864 93 19 AVooden
776 3864 109 24 Bedstead,
902 3866 34 17 2<2s

623 3904 11 9 ~
671 3890 50 18 Iron
819 3905 12 8 ~
902 3892 35 16 40s

623 3930 11 9 „
642 3916 189 23 Brass-mounted,,
848 3918 42 21 48s,
902 3918 40 21 68s,
955 3917 35 17 80s

584 3941 48 19 Best
642 3941 74 19 double
728 3942 46 19 wire
783 3942 125 23 Muttresses,
921 3943 35 17 2'is

645 3981 11 9 ~
721 3967 40 19 flax
827 3982 12 8 ~
923 3970 34 16 24s

645 4007 12 9 ~
721 3993 75 25 Kapok
807 3994 44 18 Bed
861 3995 35 17 40s

688 4018 55 20 Cash
761 4025 55 13 with
831 4019 80 19 Okder.

609 4043 175 27 Paperhangings,
796 4052 12 12 a
818 4045 56 24 large
886 4045 63 23 stock,
968 4052 46 18 very

584 4069 68 24 cheap,
681 4071 55 18 Send
745 4071 31 18 for
785 4073 99 23 patterns.

602 4103 41 31 T,
667 4104 57 31 W.
747 4105 252 37 MAUNDER,

693 4144 130 20 HAMIL
834 4146 15 18 T
859 4148 16 16 O
886 4146 26 18 N.

1074 282 40 19 EW
1138 281 61 34 TJW.

1058 402 148 19 CHRISTMAS
1223 402 53 17 AND
1289 402 60 19 NEW
1361 403 71 18 YEAR

1175 426 140 17 HOLIDAYS.

1030 475 142 18 AUCKLAND
1185 475 82 17 RACES
1281 475 57 17 DEC.
1357 476 28 20 26,
1406 475 56 16 JAN.

1195 499 8 16 1
1218 498 52 17 AND
1283 499 16 16 2.

1129 548 107 17 CHEAP
1256 548 108 17 FARES.

1057 597 91 24 Holiday
1159 596 111 20 Excursion
1277 597 80 18 Tickets
1364 599 22 16 at
1396 597 23 19 Id
1429 604 35 18 per

1031 624 47 18 milo
1096 623 141 22 second-class,
1258 623 26 18 '2d
1303 629 35 18 per
1356 623 47 19 milo
1422 624 43 18 tirst

1030 649 58 23 class,
1101 649 106 19 minimum
1216 651 21 15 2s
1246 649 39 18 and
1293 651 23 16 4s
1326 649 137 24 respectively,

1032 676 40 18 will
1083 676 24 18 be
1117 675 68 19 issued
1196 682 22 11 as
1228 675 79 18 follows
1315 675 4 19 :

1058 702 59 18 From
1131 701 47 19 18th
1189 701 47 18 Dec.
1247 703 20 15 to
1282 701 39 18 2nd
1338 700 54 23 Jan.,
1412 701 52 18 from

1032 734 40 18 any
1087 728 75 18 station
1177 730 20 15 to
1218 726 112 22 Auckland,
1350 727 112 19 Hamilton.

1033 754 90 24 Ohaupo,
1135 753 28 19 To
1173 754 113 20 Awamutu,
1297 751 130 27 Cambridge.
1436 753 28 18 Te

1032 780 75 22 Arolia,
1129 779 103 23 Okoroire,
1250 778 91 19 Rotorua
1355 779 40 18 and
1410 779 42 19 Mor-

1032 806 96 19 rinsville.

1058 833 61 18 From
1129 837 40 17 any
1180 831 73 18 station
1262 833 19 15 to
1298 837 39 15 any
1348 831 75 18 station
1439 838 26 12 on

1032 858 54 23 24th,
1098 858 55 21 25th,
1166 856 47 19 2fith
1223 856 40 19 and
1275 858 44 17 31st
1326 857 55 23 Dec,
1390 858 41 18 and
1439 864 26 12 on

1032 884 46 19 Jan.
1091 885 30 17 Ist
1131 883 39 18 and
1182 882 45 19 2nd.

1059 909 106 20 Available
1178 910 31 17 for
1224 914 38 13 one
1281 908 94 20 calender
1394 910 71 18 month

1032 937 52 18 from
1095 936 47 18 date
1152 935 21 18 of
1180 935 59 18 issue.

1062 962 85 18 Holders
1157 961 21 18 of
1189 960 55 19 these
1255 960 73 19 tickets
1344 964 54 16 must
1415 964 51 17 start

1032 995 25 12 on
1068 988 35 19 the
1113 987 87 25 journey
1217 992 24 12 on
1260 986 33 19 the
1309 987 40 25 day
1366 988 21 18 of
1403 989 61 22 issue,

1032 1014 46 22 and,
1096 1015 53 17 after
1169 1012 109 25 travelling
1295 1014 24 18 25
1336 1014 63 23 miles,
1420 1021 45 18 may

1033 1039 62 20 break
1105 1039 34 19 tho
1149 1039 87 25 journey
1255 1042 21 15 at
1293 1045 39 19 any
1350 1040 74 19 station
1445 1044 20 15 at

1033 1065 65 21 which
1109 1065 34 19 the
1153 1065 53 18 train
1216 1065 15 18 is
1245 1065 61 19 timed
1317 1070 20 14 to
1348 1068 51 23 stop.

1058 1092 65 19 These
1134 1091 106 19 excursion
1251 1091 72 19 tickets
1333 1098 46 19 may
1394 1092 24 20 be
1431 1099 24 13 ex-

1032 1117 74 20 tended
1118 1120 20 16 to
1149 1117 59 19 make
1218 1115 55 21 them
1291 1117 101 21 available
1406 1119 31 19 fur
1455 1125 11 12 a

1032 1144 80 19 farther
1122 1143 70 22 period
1202 1143 21 18 of
1233 1150 11 11 a
1255 1143 101 25 fortnight
1373 1152 26 11 on
1417 1152 37 18 pay-

1032 1171 21 18 of
1063 1170 34 18 tho
1108 1169 108 19 difference
1227 1171 21 16 of
1258 1169 58 19 value
1331 1170 90 20 between
1441 1178 25 12 an

1033 1197 95 22 ordinary
1147 1195 65 25 single
1228 1195 62 19 ticket
1309 1196 40 18 and
1370 1197 43 19 half
1432 1198 34 18 the

1033 1221 104 20 excursion
1152 1221 50 19 fare.

1059 1249 88 18 Persons
1158 1247 90 25 desiring
1262 1255 25 12 an
1298 1249 103 19 extension
1414 1253 53 15 must

1033 1276 61 23 apply
1104 1275 21 17 at
1136 1273 35 19 the
1185 1273 73 20 station
1279 1275 51 17 from
1349 1273 64 21 which
1433 1277 34 17 the

1033 1301 62 18 ticket
1105 1306 42 13 was
1156 1300 67 19 issued
1244 1300 68 19 beforo
1330 1300 35 19 tho
1382 1301 47 19 date
1446 1302 21 18 of

1033 1327 70 24 expiry

1060 1353 66 18 Goods
1136 1352 41 19 and
1187 1352 49 19 Live
1246 1352 61 19 Stock
1317 1353 64 19 traffic
1389 1354 40 19 will
1443 1353 24 20 bo

1033 1378 114 25 suspended
1159 1381 21 16 at
1190 1378 27 19 all
1227 1379 85 18 stations
1319 1386 25 11 o.i
1354 1379 47 19 Dec.
1411 1381 54 21 25th,

1033 1405 48 18 2Cth
1092 1405 39 18 and
1141 1405 47 18 Jan.
1203 1406 34 17 Ist.

1059 1431 41 18 For
1110 1431 54 18 train
1174 1430 117 19 alterations
1303 1437 33 13 see
1347 1434 84 22 posters.

1291 1456 32 20 Bsr
1335 1457 79 20 Oiider.

1032 1503 199 42 CHRISTMAS
1268 1504 198 42 HOLIDAYS!

1034 1574 111 33 GRAND
1168 1573 114 36 HOTEL,
1306 1574 161 33 ROTORUA.

1084 1630 29 17 W.
1128 1630 22 16 A.
1164 1628 126 23 BOTJLTON,
1305 1630 110 18 Maxackr.

1053 1677 9 16 i
1091 1675 63 19 CASE
1176 1675 32 17 OF
1227 1675 129 18 ASSORTED
1384 1677 85 19 WINES

1035 1693 42 25 +\_
1163 1699 53 16 AND
1234 1699 104 20 SPIRITS,

1186 1722 36 25 £3
1238 1723 27 22 5s
1283 1722 40 24 Od.

1058 1749 55 17 Cases
1134 1748 20 17 of
1170 1748 83 18 assorted
1270 1748 62 17 Wines
1349 1749 36 18 and
1402 1750 67 23 Spirits

1034 1772 54 17 made
1098 1778 25 16 up
1132 1777 20 12 as
1164 1771 73 17 follows
1252 1778 43 16 may
1308 1772 23 17 be
1345 1773 89 17 obtained
1449 1779 20 12 or

1034 1794 94 19 delivered
1136 1796 19 15 at
1166 1795 31 16 the
1206 1794 85 24 Railway
1300 1795 80 19 Station,
1398 1797 38 16 free
1450 1798 19 16 of

1034 1818 75 23 charge,
1121 1820 19 15 at
1149 1818 32 17 the
1190 1818 59 16 above
1258 1818 49 22 price
1316 1818 3 23 :

1152 1850 11 15 IS
1175 1849 73 18 Bottles
1255 1849 80 19 Whiskv

1152 1874 10 15 :i
1200 1886 11 7 „
1260 1873 76 23 Brandy

1154 1896 6 16 1
1201 1909 10 7 ~
1262 1896 34 17 Gin

1154 1920 9 17 1.
1201 1932 10 8 ~
1261 1917 48 20 Rum

1153 1943 9 16 2
1200 1955 11 7 ~
1260 1942 47 18 Port

1153 1966 10 15 2
1201 1979 11 6 ~
1262 1966 68 22 Sherry

1058 1995 59 17 These
1126 1995 56 17 Cases
1190 2000 32 11 are
1234 1994 54 18 made
1302 2001 28 17 up
1342 1996 20 17 of
1377 1996 32 17 tho
1425 2002 45 16 very

1035 2018 41 17 host
1085 2018 75 19 brands,
1171 2018 34 16 but
1217 2018 31 17 the
1262 2020 112 16 assortment
1388 2026 44 16 may
1447 2020 23 17 be

1036 2041 63 17 varied
1108 2048 19 9 as
1136 2041 79 17 desired,

1059 2064 30 17 All
1103 2064 63 18 orders
1180 2064 38 17 will
1231 2065 71 17 receive
1316 2067 76 21 prompt
1406 2067 53 16 atten-

1036 2088 46 16 tion.

1196 2130 114 24 GRAND

1049 2180 376 48 •ftUMsl:*!

1053 2268 129 37 FRIDAY,
1199 2268 73 32 DEC,
1288 2270 54 37 20,
1365 2271 85 32 1895.

1035 2328 432 52 PXJKKB.OA_HALL,

1049 2392 14 19 ,t
1075 2384 4 30 -
1088 2391 128 20 CONCERT
1227 2394 20 17 to
1258 2394 51 17 raise
1320 2393 61 20 funds
1392 2384 31 30 for
1434 2395 33 18 the

1034 2414 43 20 J-3*.
1105 2418 68 24 repair
1182 2418 21 19 of
1213 2419 34 18 the
1255 2420 44 18 roof
1309 2420 21 18 of
1340 2420 34 18 tho
1393 2420 62 19 Catho-

1032 2444 26 19 lic
1069 2443 80 20 Church
1161 2444 42 19 will
1211 2445 46 18 take
1267 2445 56 24 plane
1335 2452 22 12 as
1368 2446 71 19 above.

1060 2471 31 18 An
1104 2470 99 19 excellent
1222 2477 127 18 programme
1364 2472 38 19 has
1416 2472 51 19 been

1033 2496 100 25 arranged
1154 2496 20 19 in
1194 2497 64 19 which
1282 2497 34 19 the
1347 2498 43 19 best
1417 2499 50 18 local

1033 2523 69 22 talent,
1114 2522 85 19 assisted
1211 2522 26 25 by
1246 2529 12 13 a
1268 2523 38 19 few
1320 2524 87 23 visitors,
1425 2525 42 19 will

1138 2580 111 19 Reserved
1261 2581 68 23 Seats,
1342 2583 28 18 2s.

1138 2606 59 19 Body
1208 2613 23 12 of
1242 2607 66 23 Hall,
1323 2609 26 17 Is.

1060 2633 64 19 Doors
1130 2639 52 19 open
1189 2634 51 17 7.30.
1269 2634 118 19 Commence
1397 2636 21 17 at
1425 2636 10 17 8

1204 2662 93 22 prompt.-

1061 2700 19 18 N
1089 2700 118 19 connection
1216 2700 48 19 with
1269 2700 34 19 tho
1312 2701 65 18 above
1385 2707 11 12 a
1404 2701 63 20 dance

1034 2731 23 11 -»-
1087 2722 41 21 will
1137 2727 48 18 take
1194 2726 57 25 place
1259 2725 22 20 at
1298 2726 34 19 the
1350 2728 116 18 conclusion

1033 2753 20 18 of
1073 2752 34 18 the
1124 2752 145 24 performance,
1288 2754 19 17 to
1332 2753 67 18 which
1419 2754 48 24 only

1033 2778 80 19 holders
1123 2778 21 18 of
1153 2784 80 14 reserve
1243 2781 43 16 seat
1300 2778 73 19 tickets
1385 2780 40 18 will
1442 2780 25 19 bo

1033 2804 103 19 admitted.

1100 2836 167 18 Reikesximents
1284 2835 114 20 Provided.

1063 2884 163 45 Pttker
1229 2897 58 31 oa
1305 2883 129 48 Hall.

1081 2963 79 23 NEW
1171 2963 117 23 YEAR'S
1299 2963 115 24 NIGHT.

1034 3013 125 19 SIXOLNG.
1190 3012 114 20 BOXING.
1333 3013 132 21 YARIETY.

1034 3062 74 19 Gmvxu
1121 3062 50 19 Fire
1178 3062 56 19 Club
1244 3062 105 19 Swixgixg
1361 3063 103 20 Tableau.

1036 3111 113 45 OWEN
1175 3111 120 19 HIGGINS
1321 3111 51 26 begs
1391 3114 28 18 to-
1430 3120 25 11 an-

1108 3144 77 12 nounce
1195 3140 44 15 that
1250 3144 10 12 a
1271 3137 105 20 first-class
1386 3140 81 22 variety

1034 3163 360 24 entertainmentwillbegiveninthe
1401 3165 66 19 above

1035 3189 47 19 Hall
1094 3196 23 11 on
1129 3189 51 18 New
1196 3188 73 20 Year's
1284 3189 59 24 night
1354 3197 25 11 on
1399 3191 65 18 which

1034 3217 21 17 in
1072 3216 91 18 addition
1176 3217 20 17 to
1211 3215 34 19 the
1262 3215 46 19 best
1326 3216 51 18 local
1396 3217 69 21 talent,

1034 3239 108 22 Auckland
1152 3241 40 19 and
1201 3241 129 25 Wellington
1345 3243 69 19 ariists
1425 3243 41 19 will

1035 3274 81 16 apnear.

1119 3294 113 18 Admission
1233 3294 1 22 -
1243 3294 3 22 :
1264 3295 27 21 2s,
1303 3294 40 18 and
1356 3297 32 15 Is.-

1035 3319 65 19 Doors
1110 3326 52 12 onen
1173 3323 20 15 at
1206 3320 49 22 7.30,
1268 3321 20 16 to
1298 3326 113 13 commence
1418 3323 21 17 rit
1450 3322 10 17 8
1460 3319 3 23 -
1463 3319 4 23 .

1150 3456 91 23 Public
1253 3456 99 23 Notice-

1075 3507 133 21 ROTOKTTA
1223 3509 84 18 TOWN
1330 3509 99 19 BOARD.

1037 3560 134 48 OFFERS
1180 3567 33 12 are
1223 3561 76 18 invited
1309 3561 27 23 by
1352 3561 34 18 the
1402 3561 67 19 Board

1109 3589 32 17 for
1152 3587 33 18 the
1196 3586 97 25 purchase
1304 3587 21 18 of
1338 3587 33 18 She
1382 3593 46 19 crop
1450 3588 19 17 of

1036 3613 96 25 standing
1140 3613 41 23 hay
1193 3619 25 12 on
1228 3612 35 18 the
1278 3612 85 19 Eastern
1380 3613 55 25 slope
1449 3614 20 17 of

1037 3640 33 19 the
1079 3639 94 19 Piikeroa
1184 3644 86 13 reserve.

1062 3665 42 20 The
1114 3664 83 24 highest
1208 3670 21 12 or
1236 3669 40 18 any
1292 3663 51 19 offer
1350 3667 35 15 not
1401 3670 57 13 neces-

1036 3691 62 24 sarily
1107 3689 101 24 accepted.

1062 3716 99 24 Damage,
1171 3715 15 18 if
1197 3721 45 18 any,
1251 3716 20 16 to
1281 3714 33 19 the
1328 3721 70 18 young
1416 3717 53 17 trees

1036 3744 21 16 to
1067 3742 25 19 bo
1102 3740 90 19 assessed
1203 3740 26 24 by
1239 3740 35 19 the
1285 3740 66 19 Board
1366 3742 39 17 and
1422 3740 48 26 paid

1028 3761 1 31 j
1037 3768 31 18 for
1077 3768 28 23 by
1116 3767 34 19 the
1159 3766 114 25 purchaser.

1063 3794 66 18 Offers
1139 3795 20 16 to
1171 3791 25 19 be
1206 3791 73 26 lodged
1295 3793 35 17 not
1348 3792 58 22 later,
1420 3792 50 20 than

1037 3821 11 17 4
1058 3826 48 18 p.m.
1117 3826 26 12 on
1154 3817 107 22 Saturday,
1273 3819 44 17 21st
1324 3818 46 18 insf.

1063 3845 32 25 By
1105 3845 64 22 order,
1220 3839 25 23 B'.
1257 3843 26 19 D.
1296 3843 119 23 DANSEY,

1333 3869 111 25 Secretary.

1063 3897 92 19 Rotorua
1164 3895 75 24 Board,

1116 3921 112 19 December
1243 3922 51 19 Kith.
1309 3924 56 16 1805.

1042 4022 103 45 FROM
1156 4023 33 17 the
1199 4021 110 25 Tauranga
1324 4022 66 18 Coach
1403 4021 69 19 withiu

1107 4048 57 18 three
1174 4047 57 19 miles
1242 4048 20 18 of
1273 4047 91 19 Rotorua
1375 4053 28 13 on-
1413 4047 45 19 Mon-

1039 4075 45 24 day,
1096 4074 35 19 9th
1145 4073 120 22 December,
1283 4073 53 19 book
1354 4073 118 23 containing

1039 4106 72 19 papers
1120 4100 20 18 of
1157 4106 26 11 no
1201 4099 59 19 value
1281 4100 21 17 to
1320 4105 39 17 any
1378 4105 39 12 one
1436 4099 36 17 but

1039 4132 72 13 owner.
1140 4125 75 18 Finder
1224 4124 68 25 pleaso
1304 4125 60 24 apply
1381 4124 80 19 Cinioxi-

1039 4158 36 12 olk
1087 4151 69 19 Office.

1484 132 196 23 Strawberries!
1704 132 84 23 Straw
1792 138 96 16 oernes
1896 131 19 23 i!

1485 195 221 44 HHEERDEGE
1711 197 10 16 N
1722 194 4 45 T
1729 194 4 45 ,
1739 195 80 19 Fenton
1825 194 91 22 Avenue,

1538 230 9 8 •
1577 222 17 18 is
1613 221 99 25 prepared
1731 223 21 17 to
1769 220 84 26 provide
1867 220 40 19 resi-

1484 244 58 24 dent
1561 247 40 19 and
1614 248 83 18 tourists
1711 248 50 19 with

1536 279 70 19 Fkesh
1616 279 160 19 Strawbf.ukies
1788 276 75 19 Daily.

1557 331 33 18 No
1600 332 51 17 stale
1661 337 49 12 ones
1720 328 125 20 obtainable.

1045 4240 104 38 Ask
1177 4240 71 38 for
1278 4238 268 40 Hancock's
1574 4238 275 39 Celebrated
1901 4238 187 39 XXXX
2113 4238 113 39 Ales
2254 4240 94 36 and
2374 4237 153 39 Stout,
