3275 4228
1172 69 58 21 THE
1245 70 58 20 HOT
1319 69 93 20 LAKES
1428 67 174 23 CHRONICLE,
1619 65 194 25 WEDNESDAY,
1836 64 157 22 DECEMBER
2008 65 34 24 18,
2054 64 58 24 1*95,

2781 4077 72 16 Printed
2863 4077 35 16 and
2909 4077 92 22 published
3019 4077 27 17 for
3063 4078 29 16 the

2804 4102 16 12 nt,
2836 4099 26 15 his
2882 4099 96 19 registered
2983 4098 80 21 printing
3068 4099 47 16 office
3129 4099 77 17 Rotorutl

2803 4120 22 20 by
2834 4120 56 16 l'l'.ncY
2902 4120 59 16 Jamks
2970 4119 101 21 H&mkond,
3084 4121 17 14 of
3108 4120 79 17 Botorua

2802 4144 162 23 WEDNESDAY,
2973 4144 133 21 DECEMBER
3115 4147 26 21 lb,
3149 4146 60 22 1895,*

2675 2797 50 68 to

190 152 244 69 LAKE
491 145 348 79 HOUSE,
959 145 4 98 |

167 252 306 47 Hydropathic
494 247 143 41 Hotel,
652 247 208 35 T.otorua.

357 302 220 31 Established
596 302 86 26 1881.

75 346 71 21 Under
160 348 35 20 the
212 350 111 24 patronage
339 346 21 19 of
379 345 31 20 Sir
419 344 34 19 AV.
470 341 84 25 Jervois,
571 341 49 19 Earl
635 341 41 19 and
693 341 98 19 Countess
806 339 21 20 of
835 338 121 26 Hopotown,

246 374 33 19 the
289 374 54 18 Hon.
358 370 90 21 Premier
458 369 40 19 and
512 367 101 21 Members
628 369 20 17 of
658 367 130 20 Parliament.

129 427 42 19 The
181 426 62 20 Hotel
253 426 16 18 is
279 423 85 21 situated
374 430 26 12 on
409 429 27 12 an
446 421 90 19 elevated
545 421 88 25 position
642 426 26 13 on
678 419 34 20 the
722 419 68 18 shores
801 418 20 19 of
835 417 55 18 Lake
898 416 48 19 Eoto-

76 460 43 17 rua,
131 453 117 19 convenient
261 454 21 16 to
292 451 26 18 all
328 450 34 19 the
372 449 65 24 sights
447 448 21 19 in
477 447 35 19 the
522 447 83 19 district.

152 485 134 23 SULPHUR
295 486 15 19 &
320 483 132 20 MINERAL
461 482 91 19 BATHS
561 482 22 19 in
592 482 35 18 the
636 480 94 20 Grounds
740 480 22 18 of
771 479 35 19 the
815 478 69 20 Hotel.

127 541 29 18 To
166 541 51 18 meet
227 538 33 19 the
270 537 80 19 duluess
360 536 21 19 of
390 536 35 19 the
433 536 58 19 times
501 541 12 12 a
522 535 73 24 charge
606 534 21 18 of
637 533 29 19 £2
677 534 21 18 2s
708 539 36 19 per
754 531 56 21 week
818 530 40 20 will
868 530 25 18 ho
903 529 57 19 made

75 567 32 19 for
116 573 11 12 a
137 564 121 26 lengthened
268 566 50 22 stay.
346 562 72 20 Under
428 568 37 13 one
475 561 55 20 week
541 562 20 18 8s
571 567 36 19 per
621 560 39 24 day

77 625 33 22 £j-
126 622 52 20 N.B.
180 622 69 19 —Mrs
259 621 89 20 Graham
357 620 42 19 will
406 620 42 19 also
458 619 93 20 continue
561 620 20 18 to
591 616 103 27 supervise
703 616 35 19 the

93 654 172 28 GEYSER
282 652 143 28 HOUSE
444 647 318 30 HYDROPATHIC
783 646 153 31 HOTEL,

384 689 33 24 W
430 686 195 27 AIRAKE
640 687 18 26 I,

77 725 66 20 which
160 726 38 18 has
212 725 81 19 become
312 730 11 12 a
332 722 87 26 popular
437 722 40 19 and
493 720 99 20 favourite
611 720 64 19 resort
691 720 94 23 amongst
801 717 104 20 travellers
921 715 39 21 and

472 747 93 19 invalids.

219 781 18 19 A
246 780 104 19 reduction
359 780 17 18 is
385 778 59 19 made
453 780 20 17 to
487 777 77 23 weekly
574 783 23 12 or
611 775 92 25 monthly
713 775 103 19 boarders.

88 813 66 20 Guide
164 813 68 19 Books
242 812 38 19 and
291 811 129 19 information
437 809 63 26 gratis
511 811 21 16 at
541 808 56 20 Cook
611 807 40 20 and
661 807 57 20 Sons'
730 807 51 25 (solo
791 806 81 26 agents)
883 805 65 20 offices

355 834 3 27 •
381 835 127 26 throughout
518 835 34 19 the
568 834 84 25 Colony.

76 893 103 38 MRS
209 893 40 36 R.
270 890 209 44 GRAHAM,

710 887 245 46 Proprietress,

77 974 461 75 ATIAMURI
608 969 343 74 HOTEL

312 1073 32 20 On
354 1072 34 19 the
397 1071 67 19 hanks
474 1071 20 18 of
505 1070 34 19 the
548 1068 98 22 Waikato
656 1068 68 20 River.

101 1122 120 21 Patronised
239 1121 27 26 by
281 1121 33 19 the
329 1120 49 19 Earl
395 1119 39 19 and
445 1118 97 21 Countess
560 1117 22 19 of
592 1117 87 22 Onslow,
694 1115 98 19 Countoss
806 1114 22 19 of
838 1112 94 25 Glasgow

258 1147 40 20 and
312 1147 63 19 Suite.
404 1145 31 19 Sir
445 1145 88 19 Thomas
547 1144 40 18 and
597 1143 57 25 Lady
668 1140 133 21 Mcllwraith.

107 1235 111 26 Situated
232 1234 101 31 halfway
341 1234 110 22 between
463 1232 115 26 Rotorua,
592 1229 86 31 Taupo
691 1227 46 24 and
751 1225 125 26 Lichfield.
906 1224 53 24 The

75 1270 102 31 starting
202 1268 66 33 place
286 1268 37 23 for
341 1266 40 25 the
391 1263 181 26 Aniwhaniwha
595 1261 73 27 Falls,
688 1260 40 24 the
753 1257 206 27 Orakei-Korako

75 1304 42 23 red
131 1303 45 23 and
191 1302 71 23 white
274 1301 125 26 Terraces,
414 1299 113 30 Geysers,
548 1296 72 24 Alum
645 1295 88 26 Caves,
752 1293 44 24 &c.
801 1315 5 15 ?
821 1297 24 19 to
858 1291 75 24 which
945 1300 12 14 a

75 1345 51 16 new
146 1336 47 23 and
214 1343 54 23 easy
293 1334 65 23 track
373 1332 19 24 is
411 1340 53 15 now
488 1329 144 32 completed.
670 1328 117 22 Distance
806 1326 54 23 nine
882 1324 76 24 miles,

74 1371 53 23 four
138 1370 24 24 of
174 1362 136 30 which'can
330 1367 30 23 be
380 1365 85 23 driven
487 1372 58 15 over
567 1362 17 24 if
602 1361 103 24 desired.
750 1360 53 23 Hot
823 1359 69 24 baths
911 1358 46 24 and

72 1404 54 24 falls
145 1402 80 25 within
241 1409 28 16 io
282 1400 102 24 minutes
397 1397 76 26 drive.

140 1486 72 27 Good
226 1491 63 20 trout
303 1484 85 34 fishing
401 1483 47 25 and
468 1482 112 32 shooting
593 1480 21 26 in
629 1480 40 25 the
682 1477 207 35 neighbourhood.

73 1562 75 23 Guides
156 1561 40 21 and
204 1559 73 23 Saddle
286 1557 75 22 Horses
368 1555 99 29 supplied.
482 1556 49 20 Post
538 1554 40 21 and
587 1552 115 27 Telegraph
709 1552 60 21 Offico
776 1558 26 14 on
808 1550 34 21 the
851 1549 104 29 premises.

506 1589 10 13 o

164 1614 40 22 For
214 1612 77 23 further
301 1607 130 26 information
446 1609 61 27 apply
520 1608 75 20 Messrs
606 1606 54 21 Cook
671 1605 40 22 and
721 1605 46 25 Sou,
780 1604 83 28 Agents,

368 1731 287 35 PROPRIETOR.

151 1830 143 60 Pupe
348 1827 255 62 derated
641 1825 239 66 Waters.

219 1961 42 21 One
277 1961 21 19 of
312 1961 34 19 the
356 1959 115 21 necessities
487 1959 21 19 of
517 1958 34 19 the
560 1957 82 25 coming
651 1956 76 19 Season
736 1953 41 21 will
787 1953 26 19 be

73 2009 28 30 A
127 2008 128 31 COOL
279 2010 105 27 AND
409 2005 350 31 REFRESHING
790 2001 169 29 BRINK

99 2054 139 21 Untinctured
249 2053 25 26 by
284 2060 38 19 any
339 2051 127 22 Peleteribus
478 2051 78 19 (.'hemic
564 2050 13 19 J.
589 2048 125 25 Compound.
755 2047 18 19 A.
783 2045 61 20 drink
854 2048 20 15 at
884 2050 49 13 once

231 2086 244 33 Exhilarating
494 2085 69 27 and
581 2082 216 32 Refreshing,

75 2131 40 21 and
126 2127 65 25 Which
201 2131 40 19 will
251 2137 61 19 prove
322 2137 11 12 a
343 2129 116 26 preventive
470 2128 20 19 of
505 2126 113 26 Dyspepsia
637 2125 40 19 and
693 2124 28 20 all
739 2123 92 20 Internal
849 2121 111 20 Disorders.

100 2184 88 20 Aerated
199 2183 80 20 Waters
290 2182 39 19 and
338 2181 97 23 Cordials,
446 2180 123 26 comprising
579 2179 34 19 the
622 2177 74 22 Purest
712 2175 121 25 Lemonade,
854 2175 34 19 the
908 2173 54 19 Most

75 2211 103 20 Delicious
188 2210 76 25 Ginger
275 2209 43 23 Ale,
330 2207 163 27 Higly-charged
505 2206 51 19 Soda
567 2204 78 25 Water,

353 2242 311 46 ZOLAKONE,

75 2297 11 20 a
96 2304 43 12 new
155 2294 160 28 liivigorvatiug,
326 2293 149 21 non-alcoholic
488 2293 109 23 Beverage;
611 2291 57 20 Lime
674 2290 59 19 Juice
743 2288 86 23 Cordial,
839 2286 122 26 Easpborry,

74 2323 136 26 Peppermint,
222 2322 76 22 Cloves,
310 2320 50 20 Pine
369 2321 73 24 Apple,
454 2319 40 19 and
503 2319 76 19 Lemon
594 2318 76 25 Syrups
687 2316 41 19 and
742 2314 133 26 Sarsaparilla
893 2319 33 13 are
937 2313 26 19 all

336 2346 155 20 manufactured
507 2352 24 12 on
546 2345 34 18 the
595 2344 102 26 premises.

268 2399 114 21 Lemonade
393 2399 39 19 and
444 2398 76 26 Ginger
531 2398 42 22 Ale,
585 2398 69 24 Quarts
665 2396 40 19 and
712 2395 61 25 pints.

150 2472 62 80 C.
266 2476 61 73 A.
383 2472 338 89 CLARKE,
799 2471 83 73 Jr.

77 2612 371 55 SEDDON'S
487 2609 210 52 LAKE
729 2605 214 52 VIEW

195 2674 137 30 Overlooking
341 2677 35 20 the
390 2678 35 24 Pa,
437 2678 82 25 Boiling
529 2676 84 27 Springs
628 2675 40 20 and
683 2675 91 19 Kotorua
783 2672 64 21 Lake.

159 2767 142 32 •TteBMS
317 2770 106 28 :—3os
436 2777 62 26 per
510 2768 105 33 week,
632 2775 38 20 or
689 2768 37 26 5s
739 2773 63 27 per
816 2765 73 33 day.

82 2826 133 37 Special
237 2825 270 35 Arrangements
531 2824 54 27 for
606 2831 20 19 a
647 2819 209 36 lengthened
882 2820 64 27 resi-

341 2860 105 26 dence
466 2859 68 26 and
552 2857 154 27 iamilies.

343 2926 170 22 CUISINE.—A
531 2924 172 22 SPECIALITY.

132 2979 123 20 References
272 2976 126 26 throughout
415 2975 51 19 New
480 2973 90 21 Zealand
581 2973 39 20 and
637 2973 34 20 the
685 2972 118 20 Australian
821 2970 92 21 Colonies

394 3003 52 18 from
457 3001 93 26 previous
564 2999 85 21 Visitors

80 3052 33 20 No
124 3055 54 17 touts
192 3052 103 26 employed
306 3053 20 18 at
341 3049 108 21 Auckland
463 3055 23 14 or
508 3048 91 20 Kotorua
612 3047 93 25 Railway
719 3046 88 20 Stations
822 3053 22 13 or
858 3045 54 20 Steat

315 3099 32 19 No
362 3100 33 18 ten
411 3104 38 19 per
461 3099 46 17 cent
520 3096 94 25 Coupons
628 3094 100 27 accepted.

115 3160 212 27 NOTE.—Ask
341 3160 36 22 for
388 3156 173 31 beddon's,
574 3155 48 24 and
636 3164 41 15 see
687 3162 46 24 you
746 3163 41 15 are
799 3153 43 26 left
856 3153 73 25 there.

219 3227 73 61 E.
319 3225 78 62 A,
424 3220 404 77 SEDDON,

315 3302 411 64 Proprietress.

105 3422 267 66 WHERE
419 3422 86 65 TO
567 3418 375 67 PURCHASE

465 3516 117 26 FROM

278 3567 148 63 WW.

82 3683 161 45 Lamps
531 3683 155 35 Cruets

313 3730 195 36 Brushes
792 3726 165 36 Knives

82 3776 179 39 Trunks
531 3776 166 45 Spoons

370 3822 139 36 Locks
819 3819 138 35 Forks

81 3870 163 36 Bazors
531 3868 139 45 Trays

324 3914 185 45 Teapots
519 3918 5 40 [
783 3912 174 36 Churns

183 3965 75 33 LAWN
280 3965 123 36 MOWERS,
426 3966 77 34 HOES,
520 3965 90 36 RAKES,
632 3965 111 35 SPADES,
766 3963 91 37 FORKS,

128 4010 60 35 At
247 4007 182 43 Greatly
489 4007 202 35 Reduced
754 4006 157 34 Prices.

138 4150 85 29 (Fourth
233 4149 51 28 Bhop
293 4149 52 20 from
608 4153 49 21 304
674 4149 14 18 &
704 4148 49 26 306
762 4147 91 28 QUEEN
863 4148 41 21 ST.

977 321 58 26 HIGH
1054 321 35 25 ST.
1110 321 39 25 and
1167 320 110 26 VICTORIA
1299 320 34 26 ST.
1356 319 65 30 EAST,

1003 430 44 19 The
1063 429 65 20 above
1145 429 109 20 Favourite
1268 429 40 19 and
1317 426 91 22 Commod-

978 456 44 19 ious
1055 456 63 19 Hotel
1151 456 74 19 affords
1257 453 167 22 EXCELLENT

978 482 242 19 ACCOMMODATION
1234 482 32 19 for
1281 479 142 23 TOURISTS,

978 508 184 19 TRAVELLERS
1191 510 15 17 &
1233 506 129 21 VISITORS
1379 504 45 20 who

978 534 42 19 will
1030 534 78 19 receive
1118 541 59 14 even'
1193 534 89 21 Comfort
1297 533 41 19 and
1353 532 70 18 Atten-

1005 660 106 20 Excellent
1134 660 88 19 Cuisine.
1264 658 96 26 Spacious
1385 656 41 19 and

982 693 181 22 Well-Ventilated
1182 689 122 24 Bedrooms.'

979 729 65 18 Room
1056 729 48 20 with
1115 731 39 17 two
1164 728 104 20 first-class
1282 727 72 20 tubles.
1383 726 44 18 Hot

981 828 14 18 &
1007 827 50 20 Cold
1071 827 81 26 Plunge
1162 828 14 18 &
1190 827 81 19 Shower
1281 826 70 19 ISatlis.

979 853 71 19 Wines
1086 853 72 26 Spirits
1175 853 40 19 and
1230 853 48 19 Ales
1296 853 22 19 of
1336 852 35 20 the
1381 851 45 21 Lest

1132 879 79 19 Brands
1219 879 52 25 outy.

1652 147 71 33 Et£

2006 230 38 47 1

1864 275 105 22 ifcKSSSsI

1809 278 30 15 ss

2082 301 29 30 5

2099 346 67 33 SHI

1570 344 53 30 m

1587 360 27 50 1

2200 401 26 24 &

2171 693 68 14 in,;

1612 675 36 38 m

1518 680 73 30 —P%ii(.

1682 715 23 14 K*

1592 790 31 17 m

1545 819 83 24 «£iV

2341 429 84 26 Sample
2444 430 68 20 Room
2533 428 33 21 for
2578 425 189 22 COMMERCIAL

2316 468 185 20 TRAVELLERS
2518 475 25 12 a/
2554 466 66 21 liable
2639 468 22 18 at
2671 466 29 19 all
2709 465 39 19 tim
2757 470 10 14 e

2342 569 91 27 Charges
2482 570 112 22 Moderate.
2653 569 117 21 SPECIAL

2317 609 91 19 RATES
2424 609 34 19 TO
2484 609 177 20 PERMANENT
2686 609 83 19 BOAR-

2446 747 38 38 C.
2521 747 223 45 CAULTON,

2446 870 209 45 Proprietor.

1113 971 637 63 WAIWERA
1860 969 779 79 SANATORIUM,

1820 1035 123 35 AND

1459 1084 167 75 HOT
1653 1082 352 76 SPRINGS
2086 1084 280 77 HOTEL

979 1188 88 34 Cnly
1096 1190 43 26 30
1170 1190 99 26 miles
1303 1188 113 28 North
1446 1187 38 28 of
1510 1185 193 32 Auckland,
1734 1184 87 28 with
1849 1184 97 34 daily
1977 1187 295 28 communication
2303 1190 87 26 with
2420 1190 112 28 Coach
2563 1197 40 20 or
2623 1190 134 27 steame

1308 1230 54 21 See
1377 1228 167 23 advertised
1554 1228 84 20 Time
1654 1227 79 21 table
1745 1226 29 21 of
1783 1232 45 15 s.s.
1844 1226 78 21 Rose
1932 1227 98 27 Casey
2042 1227 58 20 and
2117 1227 128 23 Butler's
2256 1230 84 21 R.'M.
2359 1232 106 21 Coach.

979 1267 103 63 THE
1108 1267 116 23 ABOVE
1240 1265 298 25 ESTABLISHMENT
1549 1263 140 25 STANDS
1703 1263 231 24 UNRIVALLED
1948 1272 26 14 as
1992 1271 15 16 a
2019 1263 90 23 Health
2120 1272 27 16 or
2160 1265 109 31 pleasure
2284 1267 97 28 Resort,
2395 1268 47 23 and
2456 1268 42 23 has
2511 1267 91 31 special
2624 1267 153 31 advantages

1064 1300 38 24 for
1115 1301 77 23 either
1216 1300 111 24 Tourists
1343 1308 27 15 or
1385 1299 116 25 Invalids,

1342 1398 174 29 Beautiful
1536 1397 157 33 Scenery,
1715 1396 240 33 Sea-Bathing,
1975 1396 158 35 Boating,
2152 1398 152 39 Fishing,
2319 1399 55 32 &c.

1531 1431 126 27 Cusine
1670 1430 70 28 and
1753 1430 209 28 attendance
1982 1429 36 28 of
2038 1430 60 28 the
2118 1432 85 31 best.

976 1474 94 25 Famed
1081 1475 38 25 for
1133 1476 29 24 its
1176 1476 109 24 curative
1298 1475 95 25 natural
1407 1474 104 25 medical
1526 1474 52 24 Hot
1590 1474 103 32 Springs
1707 1474 49 24 and
1769 1473 81 25 Baths.
1886 1472 37 24 As
1937 1472 40 24 the
1992 1472 101 33 Springs
2106 1474 48 24 and
2168 1474 73 24 Baths
2254 1483 41 16 are
2305 1475 41 24 the
2359 1480 115 27 property
2487 1475 25 25 of
2525 1475 40 25 the
2580 1474 85 29 Hotel,
2679 1474 86 26 visitor
2766 1472 12 18 s

1008 1516 41 17 are
1060 1509 111 33 supplied
1182 1509 57 26 with
1249 1509 104 30 Towels,
1368 1509 47 26 and
1429 1516 43 17 can
1481 1508 57 25 take
1549 1516 29 16 an
1592 1507 127 25 unlimited
1733 1507 101 25 number
1848 1506 25 25 of
1885 1505 75 26 Baths
1972 1511 25 20 at
2010 1514 46 25 any
2069 1507 58 25 time
2140 1507 26 24 of
2175 1508 40 24 the
2228 1507 47 26 dav
2290 1509 78 27 FREE
2380 1509 64 25 from
2457 1517 46 25 any
2511 1509 90 28 charge
2612 1509 132 25 whatever.

1163 1551 225 42 TARIFF
1406 1551 122 41 PER
1540 1550 143 48 DAY,
1704 1549 53 41 7s
1775 1550 66 48 8s;
1890 1549 121 40 PER
2024 1549 193 49 WEEK,
2239 1551 65 41 ,£1
2352 1550 79 42 15s
2448 1552 50 41 to
2525 1551 71 42 £2
2615 1551 67 42 2s.

1385 1607 160 34 Cottages
1557 1606 35 28 to
1606 1605 48 29 let
1665 1606 49 33 by
1726 1605 59 29 the
1804 1604 105 33 week,
1921 1604 132 35 month,
2068 1611 39 23 or
2127 1604 57 30 the
2203 1613 131 22 season,

976 1657 47 27 For
1042 1666 46 27 any
1102 1659 154 25 information
1270 1658 112 34 required
1397 1658 80 33 please
1491 1657 71 34 apply
1576 1663 25 19 to
1613 1656 146 34 Proprietor.

1534 1700 59 45 A.
1622 1699 52 40 A.
1704 1698 202 49 SMITH,
2029 1700 278 47 Proprietor.

1001 1884 73 20 Under
1089 1883 35 19 tho
1141 1883 150 25 distinguished
1309 1882 116 26 Patronage
1441 1882 22 19 of
1477 1882 32 19 bis

1350 1909 31 19 arl
1397 1909 21 19 of
1429 1909 85 19 Onslow,

1039 1973 141 65 HOT
1211 1969 303 67 SPRINGS
1563 1969 252 72 HOTEL,

1049 2128 53 23 The
1115 2127 58 24 best
1198 2126 129 28 Situated,
1350 2126 46 24 the
1410 2126 67 23 most
1491 2124 186 29 Comfortable,
1692 2124 45 23 the
1750 2123 59 24 best

1215 2159 140 32 appointed
1369 2159 80 24 Hotel
1458 2158 29 24 in
1500 2159 33 23 Te
1552 2158 95 24 Aroha.

1016 2198 111 33 Adjoins
1152 2198 73 32 (with
1249 2198 104 24 Private
1380 2195 141 32 Entrance)
1548 2196 45 24 the
1625 2195 124 25 Thermal
1771 2193 106 33 Springs

983 2232 121 32 Domain,
1116 2232 95 24 Tennis
1225 2231 81 25 Court
1316 2231 28 24 in
1357 2230 120 25 Domain.

983 2310 49 39 W.
1060 2309 40 40 JL
1130 2308 161 47 KJiOCK,,

1651 2305 205 44 Proprietor
1857 2313 8 12 3
1868 2335 7 7 .

2281 1827 110 20 s3»*££s

2208 1841 116 19 'M>*:*.iT*i

2640 1954 98 44 ASKi

1009 2396 42 19 The
1070 2395 60 19 batlis
1149 2394 38 19 and
1209 2393 96 22 ilriukiug
1326 2395 64 17 water
1410 2398 33 12 are
1458 2390 110 25 especially
1587 2391 116 19 efficacious
1722 2391 20 19 in
1766 2390 57 20 Gout
1839 2389 37 19 and

983 2421 124 21 Rheumatic
1118 2420 115 24 affections,
1244 2419 89 20 Chronic
1342 2417 121 26 Dyspepsia,
1475 2417 108 20 Disorders
1602 2418 21 19 of
1634 2418 34 19 the
1679 2417 91 25 Urinery
1791 2417 86 24 Organs,

983 2451 117 17 Cutaneous
1111 2448 99 23 Diseases,
1227 2446 78 26 Splenic
1316 2446 40 19 and
1373 2444 87 27 Hepalic
1474 2444 116 23 Disorders,
1608 2445 94 19 Diseases
1717 2444 38 19 due
1763 2445 21 17 to
1792 2443 86 19 Exeesat

988 2476 86 25 Acidity,
1085 2474 118 25 Neuralgia,
1214 2473 95 20 Sciatica.

1374 2509 80 14 -

1107 2543 59 19 Town
1183 2541 47 20 Hall
1242 2540 37 21 and
1291 2539 81 27 Sample
1382 2540 78 19 Rooms
1476 2539 109 19 connected
1601 2539 44 19 ,\ith
1657 2539 34 19 the
1702 2538 70 23 Hotel,

1062 2623 52 19 New
1124 2620 87 22 Billiard
1221 2619 64 21 Room
1296 2619 50 20 with
1361 2625 37 13 one
1412 2619 20 18 of
1441 2616 106 22 Dennett's
1557 2617 51 21 Now
1618 2617 87 20 Billiard
1716 2617 66 19 Table;

987 2778 457 61 GEYSER
1464 2775 403 63 HOUSE,

2029 2476 97 24 iVEW.OLD
2135 2476 46 24 SPE(

2478 2537 73 26 AND
2574 2530 163 35 MELLOW

2217 2605 224 48 MTOjAjtP
2473 2613 230 40 PRODUCES

1902 2666 301 46 hrraP^^™i
2208 2666 1 46 j
2210 2666 3 46 i

2248 2741 179 47 Proprietors
2430 2764 7 13 :
2438 2767 15 6 -

2445 2795 53 39 IP

1181 2900 36 20 Six
1227 2900 57 19 miles
1294 2901 53 18 from
1357 2900 57 18 Lako
1423 2899 71 25 Taupo
1504 2898 100 25 (Rotorua
1615 2898 59 25 side).

1110 2932 218 33 SUPERIOR
1359 2930 386 32 ACCOMMODATION

1178 2972 54 19 ALL
1242 2972 56 18 THE
1309 2970 144 21 COMFORTS
1463 2970 35 19 OF
1509 2970 15 19 A
1536 2969 81 20 HOME
1627 2969 55 20 FOR

1216 3031 155 27 Tourists
1390 3029 68 28 and
1489 3028 164 28 Invalids.

1890 2934 271 33 WHOLESALE
2180 2935 183 40 AGENTS,

2182 2978 49 39 L,
2260 2977 54 41 D.
2343 2978 264 45 NATHAN
2633 2985 107 41 &Co

983 3118 72 28 Hot
1074 3116 203 33 Swimming
1292 3114 119 33 Baths,
1427 3113 195 28 Kiri-c-Kai
1636 3120 40 19 or
1690 3112 83 27 New
1787 3109 82 28 Skin

1037 3151 103 31 Eath,
1159 3151 72 26 Hot
1248 3148 141 27 Douche
1410 3147 116 31 Baths,
1542 3147 118 27 Grand
1674 3144 150 31 Climate.

1085 3188 314 33 Elevation—l,3so
1409 3187 68 27 feet
1491 3186 107 27 above
1612 3192 59 21 sea
1684 3184 94 28 level.

982 3268 257 30 COMPETENT
1256 3266 161 29 GUIDES
1429 3273 154 24 accompany
1596 3264 106 25 tourists
1712 3265 26 22 to
1747 3262 45 26 the
1803 3262 53 25 vari-

1082 3313 46 15 ous
1140 3304 84 31 places
1237 3302 26 25 of
1275 3302 116 30 interest,
1406 3301 86 24 which
1500 3297 75 27 baffle
1588 3299 45 23 the
1645 3298 67 23 most
1723 3296 76 25 facile
1810 3304 57 24 pen,

1082 3337 49 24 and
1144 3345 46 16 can
1202 3336 61 32 only
1275 3335 32 24 he
1319 3334 109 25 realized
1439 3334 78 23 when
1535 3340 66 16 seen.

1331 3377 197 19 trs-^SJi^a^^*^
1528 3382 25 7 —

1176 3429 1 33 !
1191 3435 193 27 VALLEY
1394 3435 94 20 contains
1495 3433 36 21 the
1539 3433 107 24 following
1653 3429 122 27 unequalled
1786 3429 81 19 Batura

1061 3464 93 18 wonders
1163 3468 31 8 '—
1196 3462 122 23 Tuliuatahi,
1339 3469 22 13 or
1382 3462 65 20 Great
1466 3461 131 24 Champagne
1617 3458 105 20 Cauldron
1731 3455 4 30 ;
1750 3456 35 19 the
1803 3455 64 20 Groat

1060 3488 104 21 Wairakei
1174 3490 78 25 Geyser
1261 3482 4 33 ;
1273 3488 35 20 the
1319 3489 87 19 Donkev
1417 3488 79 24 Engine
1506 3482 4 33 ;
1522 3487 34 19 the
1566 3485 84 20 Fairies'
1659 3483 53 21 Bath
1723 3482 3 33 ;
1737 3483 36 19 the
1783 3482 72 24 Lightn-

1061 3516 38 25 ing
1112 3516 45 19 Pool
1167 3508 4 33 ;
1183 3515 35 20 the
1228 3516 49 19 Case
1291 3515 25 19 de
1328 3515 84 25 Geyser,
1427 3521 22 13 or
1460 3512 103 26 Dragon's
1573 3511 70 20 mouth
1654 3508 3 33 ;
1669 3510 35 19 the
1713 3508 58 21 blaek
1782 3508 84 25 Geyser;

1061 3543 34 19 the
1104 3542 49 20 Mud
1166 3542 91 24 Geyser;
1274 3541 35 20 the
1319 3540 53 21 Blue
1382 3541 55 21 Lake
1446 3549 6 17 ;
1460 3539 35 21 the
1516 3539 31 19 Oil
1561 3538 51 19 Bath
1622 3534 3 32 j
1644 3537 36 19 tho
1702 3535 79 26 Eagle's
1801 3534 66 24 Nest;

1061 3570 35 18 the
1108 3568 77 20 Devil's
1196 3567 69 21 Punch
1277 3560 69 32 Bowl;
1358 3568 34 20 the
1404 3567 71 20 Prince
1490 3565 21 19 of
1522 3565 75 19 Wales*
1608 3563 111 23 Feathers;
1728 3563 33 18 the
1778 3560 87 26 Mirror;

1061 3596 34 19 the
1104 3595 55 19 Twin
1169 3595 77 26 Geyser
1257 3603 5 15 ;
1272 3593 35 21 the
1317 3595 59 19 Coral
1389 3595 77 19 Gevser
1476 3601 5 14 ;
1493 3592 33 19 the
1537 3591 66 19 Green
1620 3590 47 19 Pool
1677 3587 4 34 ;
1700 3587 132 25 Terekorehe,
1844 3595 21 12 or

1061 3621 47 21 Hell
1120 3622 90 23 Geyser;
1222 3621 34 19 the
1266 3621 69 19 Sieam
1345 3621 104 19 Hammer.
1478 3617 85 21 Guide's
1573 3618 32 18 fee
1615 3619 21 17 to
1648 3617 80 25 Gey3er
1746 3614 79 24 Valley,
1836 3617 28 22 ss;

1060 3649 92 19 distance
1162 3648 52 19 from
1225 3647 33 19 the
1269 3647 61 24 hotel,
1340 3654 38 12 ono
1389 3645 44 21 mile

982 3702 95 24 THE
1098 3698 335 27 AREATEATEA
1465 3704 23 13 or
1498 3696 81 21 Ladder
1588 3695 85 27 Rapids.
1701 3695 42 20 The
1760 3695 104 20 Grandest

1058 3728 78 26 Rapids
1149 3728 19 18 in
1179 3727 35 19 the
1225 3726 100 19 Southern
1337 3724 137 25 Hemisphere
1483 3722 4 32 ;
1498 3723 72 25 falling
1581 3723 20 19 in
1622 3729 28 13 bix
1669 3722 86 19 distinct
1771 3725 91 17 cascades

1058 3756 94 23 amongst
1169 3753 60 19 weird
1241 3752 39 19 and
1291 3751 75 25 rugged
1383 3757 89 19 scenery.
1500 3749 97 20 Distance
1608 3749 50 20 from
1672 3749 34 19 the
1726 3748 61 24 hotel,
1807 3748 55 21 three

1058 3781 64 19 miles.
1150 3779 75 21 Saddle
1235 3779 70 19 horses
1319 3780 21 17 to
1352 3777 46 20 visit
1408 3777 33 19 the
1450 3776 83 26 Rapids,
1543 3776 22 20 7s
1577 3776 25 20 Gd
1611 3776 56 20 each.

1320 3808 4 11 .
1409 3808 20 11 :o:

979 3827 220 26 KERAPITI
1229 3833 21 13 or
1262 3826 33 19 tho
1306 3826 77 19 Devil's
1393 3826 97 23 Trumpet
1500 3824 17 19 is
1533 3824 42 19 said
1596 3827 20 16 to
1637 3823 51 20 emit
1707 3831 12 12 a
1740 3829 91 18 pressure
1841 3824 21 19 of

1057 3855 71 20 ISOlbs
1138 3855 21 18 of
1175 3858 62 15 steam
1249 3856 20 16 te
1281 3852 33 19 the
1321 3852 54 23 inch,
1390 3852 53 19 from
1452 3858 25 12 an
1493 3853 96 23 aperture
1599 3850 21 19 of
1639 3850 64 19 about
1722 3850 25 19 12
1763 3849 68 20 inches
1841 3850 19 19 in

1056 3882 104 19 diameter.
1189 3880 97 19 Distance
1298 3880 53 18 froji
1363 3878 52 19 hotel
1425 3878 56 19 three
1493 3879 37 18 and
1543 3885 12 12 a
1564 3876 42 21 hnlf
1617 3876 69 24 miles;
1706 3876 70 20 saddle
1792 3876 68 20 horses

1057 3910 21 17 to
1090 3908 46 19 vißit
1147 3907 34 19 the
1191 3907 68 23 above,
1270 3906 55 19 2s(id
1336 3905 55 20 each.

1388 3937 53 14 ALSO

980 3961 96 25 THE
1096 3959 132 25 HUKA
1246 3958 155 25 FALLS
1434 3956 35 21 the
1476 3956 114 27 JGrandest
1599 3956 57 21 Falls
1666 3963 20 13 m
1707 3956 33 20 the
1761 3956 98 20 Southern

1056 3991 140 25 Hemisphere.
1225 3990 41 19 The
1277 3989 55 20 Falls
1342 3995 45 19 may
1402 3989 23 18 he
1435 3988 72 19 visited
1516 3994 24 13 on
1550 3988 34 18 the
1594 3995 54 12 same
1654 3988 116 24 exp?dition
1784 3995 21 11 as
1826 3987 34 20 the

1056 4017 78 21 Devil's
1139 4017 105 25 Trumpet.
1273 4015 97 20 Distance
1380 4014 51 19 frnrn
1444 4014 52 19 hotel
1508 4014 56 19 three
1574 4015 37 19 and
1623 4022 10 11 a
1646 4014 43 19 half
1700 4015 61 18 miles.
1787 4014 72 19 Saddle

1059 4045 58 19 horse
1134 4050 22 13 or
1166 4043 66 25 buggy
1247 4042 48 19 2-fld
1307 4042 54 19 each.

1112 4083 87 27 MRS
1213 4082 36 26 R.
1269 4080 193 32 GRAHAM,
1482 4080 242 33 Proprietress.

1891 3092 175 67 THE
2112 3093 301 71 GRAND
2470 3097 298 68 HOTEL

2371 3257 303 35 street,

1921 3393 148 27 First-class
2079 3395 93 33 family
2184 3396 88 25 Hotel.
2313 3397 131 25 Situation
2462 3398 172 32 ivnsurpassed
2681 3398 71 24 Patro-

1885 3431 74 25 nised
1972 3433 34 31 by
2019 3433 69 24 their
2101 3433 181 26 Jixccllencics
2296 3435 45 24 the
2361 3436 133 25 Governor
2506 3436 50 24 and
2568 3435 125 24 Admiral.

2312 3491 11 12 o

1997 3519 147 32 Telegrams
2166 3520 52 24 and
2241 3520 89 25 letters
2339 3522 132 32 promptly
2483 3521 120 25 attended
2615 3522 34 24 to.

2307 3573 11 12 o

1955 3602 91 38 MRS
2074 3602 271 47 GALLAGHLR,
2378 3604 281 50 Proprietress.

2153 3729 346 29 TKURHNGH

1882 3764 81 40 Smith
1992 3764 49 39 and
2059 3763 114 50 Carriage
2196 3764 103 46 Works,
2330 3764 80 39 Coach
2436 3764 49 38 and
2514 3763 110 51 Waggon
2659 3763 106 53 Factory

2087 3826 212 21 ESTABLISHED
2314 3826 82 21 OVER
2412 3826 26 19 10
2452 3824 106 21 YEARS.

1900 3873 37 16 The
1945 3873 116 20 undersigned
2070 3878 28 11 are
2107 3872 138 18 manufacturers
2252 3874 19 15 of
2278 3874 22 15 all
2310 3874 61 15 classes
2379 3873 19 16 of
2406 3871 79 18 Vehicles
2493 3871 13 17 &
2515 3872 121 20 Agricultural
2645 3872 118 21 Imjlements.

1901 3894 37 17 Our
1945 3894 112 17 well-known
2064 3894 101 21 reputation
2172 3899 19 12 as
2198 3894 85 17 Prae.tio.al
2297 3894 101 17 Mechanics
2413 3893 33 16 and
2461 3892 57 18 W.P'a
2531 3894 18 16 27
2566 3899 51 15 years
2629 3894 99 21 experience
2746 3896 17 15 in

1879 3915 29 17 the
1911 3915 120 17 Australasian
2039 3915 86 21 Colonies,
2133 3915 64 22 justify
2205 3920 19 12 u.B
2234 3916 16 16 in
2267 3916 82 20 claiming
2362 3915 38 17 that
2415 3920 25 10 we
2456 3920 30 10 can
2502 3915 68 15 furnish
2586 3921 10 9 a
2612 3916 57 15 better
2683 3915 44 17 class
2747 3918 17 15 of

1878 3937 75 17 vehicles
1961 3937 95 16 consistent
2065 3937 42 16 with
2114 3937 62 15 honest
2185 3937 46 16 work
2241 3939 17 14 at,
2266 3942 10 11 a
2285 3937 74 20 cheaper
2370 3937 36 14 rate
2415 3935 41 16 than
2466 3941 33 14 any
2507 3936 18 15 of
2534 3941 31 10 our
2573 3937 119 19 competitors.

1900 3958 36 17 The
1944 3958 60 16 Public
2013 3958 35 16 will
2060 3958 34 16 find
2104 3958 14 16 it
2129 3960 17 14 to
2161 3958 43 16 their
2220 3958 97 19 advantage
2333 3960 18 13 to
2366 3956 148 19 ENCOURAGE
2534 3956 79 18 LOCAL
2631 3957 132 24 INDUSTKY,

1878 3980 56 16 where
1942 3979 41 21 tbey
2000 3984 32 11 can
2039 3979 45 16 have
2089 3979 30 17 the
2125 3979 78 21 pleasuro
2210 3979 18 16 of
2235 3979 59 21 seeing
2309 3978 91 17 first-class
2415 3978 77 16 material
2506 3978 33 15 and
2556 3979 129 21 workmanship
2699 3981 33 19 put
2746 3982 17 15 in

1899 4001 32 16 clo.s
1933 4000 2 20 1
1935 4006 5 14 )
1947 4001 49 15 made
2005 4002 17 14 to
2030 4000 45 16 their
2081 4001 61 15 valued
2151 4001 62 15 orders.

1899 4022 45 18 N,B.
1948 4021 99 17 —Vehicles
2055 4022 18 15 of
2079 4021 23 17 all
2110 4022 112 21 descriptions
2231 4021 84 22 repaired,
2326 4021 78 21 painted,
2414 4021 94 15 renovated
2516 4021 34 15 and
2559 4021 50 16 mude
2624 4023 19 14 to
2657 4022 40 16 look
2714 4024 49 19 equal

1878 4045 18 15 to
1904 4049 44 10 new.

1877 4090 202 27 WILLIAM
2304 4089 255 31 Coachbuilder.

2231 4127 139 26 JAMES
2389 4127 132 31 HAUA,
2542 4127 219 31 Blacksmith

2145 4159 147 20 DEVONJPORT
2307 4158 75 19 ROAD.
2397 4159 128 18 TAURAGA.

2808 110 94 20 Football
2910 110 36 19 bus
2963 110 81 20 become
3054 110 49 20 such
3123 117 11 12 a
3153 118 53 14 craze

2783 136 18 19 in
2815 136 94 25 England
2919 136 45 20 that
2980 137 115 25 employers
3112 137 97 25 complain

2783 163 20 19 uf
2826 163 53 19 their
2898 169 44 13 Tnoji
2961 163 109 24 absenting
3093 164 116 21 themselves

2783 190 51 18 from
2844 189 61 21 work.
2935 190 58 19 Some
3008 190 111 26 employees
3139 190 19 19 in
3178 191 32 20 the

2783 216 102 19 Midlands
2895 216 88 25 actually
2996 217 99 25 proposed
3106 216 46 19 that
3164 217 46 27 they

2783 242 71 19 should
2865 242 24 19 be
2896 242 85 20 allowed
2993 245 22 16 to
3023 243 54 19 work
3092 250 25 12 on
3131 244 79 26 Sunday

2784 271 21 16 at
2815 268 34 20 the
2858 268 59 23 mills,
2937 269 20 19 in
2978 269 59 20 order
3058 272 21 17 to
3096 270 24 19 be
3131 269 41 20 free
3190 273 20 18 to

2784 294 71 20 attend
2870 294 86 20 football
2971 295 91 20 matches
3076 302 26 13 on
3116 296 94 26 Monday.

2784 321 43 20 The
2837 321 85 20 football
2933 321 57 20 fever
2997 322 37 19 has
3044 324 35 24 got
3086 322 49 20 such
3146 329 11 13 a
3167 322 44 21 hold

2785 348 21 19 of
2816 347 34 20 the
2858 347 139 26 Birmingham
3011 348 39 26 boy
3069 348 46 20 that
3133 355 12 13 a
3162 348 48 21 local

2787 380 60 19 paper
2870 381 46 18 says
2940 374 49 26 boys
3004 374 107 21 introduce
3130 374 81 23 football

2785 400 87 20 editions
2881 400 21 19 of
2906 400 35 19 the
2945 401 86 25 evening
3038 407 72 20 papers
3114 401 45 20 into
3164 402 48 21 their

2786 427 74 20 classes
2870 428 21 18 at
2902 426 83 26 Sunday
2996 427 74 25 school,
3081 428 38 19 and
3139 428 74 21 discuss

2787 453 33 20 the
2842 453 94 26 previous
2959 452 58 27 day's
3032 454 48 26 play
3094 454 75 26 during
3182 455 30 21 the

2786 480 72 19 lesson.

2813 518 43 20 The
2865 518 127 20 inhabitants
3011 518 23 20 of
3052 518 36 20 the
3107 518 104 22 Andaman

2788 544 80 20 Islands
2879 551 33 13 aire
2920 545 35 19 the
2963 545 92 20 smallest
3063 551 45 14 race
3117 545 23 20 of
3147 547 67 24 people

2788 571 20 19 in
2819 571 34 19 the
2863 571 69 19 world.
2960 571 42 20 The
3013 578 84 19 average
3107 571 69 26 height
3196 574 19 19 of

2789 597 116 26 full-grown
2916 598 118 20 Andamans
3044 599 18 19 is
3072 598 49 20 four
3130 598 42 20 feet
3181 599 34 20 five

2790 624 73 24 inches,
2875 624 38 19 and
2924 624 38 20 few
2978 624 64 25 weigh
3062 631 47 13 over
3128 628 87 23 seventy-

2790 651 28 19 Bix
2831 651 84 24 pounds.
2943 650 47 20 Few
3007 651 107 21 travellers
3133 658 45 13 care
3197 656 17 16 to

2789 679 110 17 encounter
2909 683 38 18 any
2957 677 23 19 of
2990 677 58 20 these
3059 677 94 20 bellicose
3166 678 49 21 little

2790 703 75 26 people,
2876 703 33 19 for
2923 699 52 23 their
2985 704 49 19 skill
3044 704 20 19 in
3075 703 100 26 throwing
3184 705 31 20 the

2790 736 58 18 spear
2857 730 38 19 and
2907 729 20 20 in
2944 731 61 24 using
3025 730 35 19 the
3079 731 43 19 bow
3140 731 17 19 is
3171 732 43 25 only

2789 756 92 25 equalled
2891 756 26 25 by
2929 756 52 19 their
2992 757 101 19 readiness
3110 758 20 18 to
3150 759 65 19 attack

2792 784 111 23 strangers.

2839 838 159 53 Steele
3037 840 139 52 Bros.

2795 926 194 40 MARAEROA
3046 927 171 44 SAWMILL.

2795 985 132 48 DESIRE
2937 987 20 17 to
2968 985 64 20 thank
3054 986 34 20 the
3105 986 69 26 public
3192 988 28 21 for

2873 1014 46 23 past
2926 1011 69 21 favors
3003 1012 40 20 and
3051 1012 37 26 beg
3095 1015 19 17 to
3121 1020 99 15 announce

2793 1037 45 20 that
2855 1037 74 25 having
2948 1045 11 12 a
2982 1038 57 26 large
3058 1040 57 19 stcck
3134 1040 22 19 of
3173 1041 47 20 well.

2793 1065 95 19 seasoned
2909 1065 107 19 first-class
3036 1065 73 21 timber
3127 1072 25 14 on
3172 1066 48 22 bund

2794 1089 48 27 they
2852 1097 32 13 are
2896 1091 97 25 prepared
3013 1096 21 14 to
3051 1091 53 21 fulfil
3121 1093 69 20 orders
3201 1099 17 16 at

2794 1117 86 20 reduced
2891 1119 59 19 rates.

2796 1176 39 41 T
2877 1177 52 40 IVT
2970 1178 48 31 TT
3024 1178 126 21 ARRI3ON
3152 1176 4 41 >
3168 1180 17 19 B
3188 1176 3 41 -
3194 1181 16 19 A
3212 1195 8 10 -.

2809 1235 162 21 BARRISTER
2986 1237 62 19 AND
3058 1237 152 26 SOLICITOR,

2809 1268 44 23 118,
2864 1268 109 20 Victoeia.
2985 1270 93 23 Abca.de,
3090 1270 121 22 Auckland.

2984 1305 59 19 Also

2797 1333 102 20 Barrister
2909 1334 38 19 and
2958 1334 94 21 Solicitor
3062 1335 22 20 of
3090 1338 34 18 the
3130 1336 92 26 Supremo

2875 1360 69 25 Court,
2956 1361 93 25 Ontario,
3060 1362 88 21 Canada.

2801 1436 273 48 PHOENIX
3096 1439 126 48 FIRE

2900 1492 223 48 OFFICE.

2799 1597 80 22 Losses
2903 1598 90 22 Paid,,,
3083 1600 141 27 ,£20,000,000

2798 1650 54 22 FIbE
2860 1651 106 22 Peemium
2976 1651 101 24 Exceeds
3118 1654 36 27 1,5'
3159 1658 31 18 M(
3203 1657 21 22 00

2798 1706 161 21 Accumulated
3008 1707 71 21 FrjNDP

2799 1732 87 22 Exceed
2971 1732 4 25 ,
3119 1736 105 21 £IOOOOOO

2797 1784 25 23 W.
2837 1785 59 23 WARD
2905 1786 66 23 BAKER
3016 1788 41 29 |W.
3073 1788 18 22 A.
3103 1788 100 25 WILLIAMS

2832 1811 71 23 District
2918 1812 67 27 Manger
3017 1810 3 31 |
3066 1813 50 23 Local
3128 1815 50 26 Igent

2882 1837 105 23 Aucklaand.
3018 1834 3 31 I
3111 1839 78 26 Rotoraa,

2797 1901 166 43 ROTORUA
2970 1902 178 59 JSAWMILL
3173 1905 49 42 CO.

2801 1980 134 50 WHITE
2944 1982 64 20 AND
3017 1983 57 19 BED
3084 1983 68 20 PINE
3163 1984 21 20 of
3196 1985 27 19 the

2899 2009 60 19 finest
2978 2009 80 26 quality
3076 2009 40 21 and
3132 2011 92 25 carefully

2794 2101 90 17 JXUtbtUi

2822 2120 133 27 Shingles,
2968 2121 118 26 Palings,
3102 2122 97 23 Blocks

2933 2147 51 22 and
3010 2148 83 22 Posts.

2819 2190 18 19 A
2851 2190 54 26 good
2915 2190 40 20 and
2964 2191 92 20 assorted
3070 2192 74 26 supply
3154 2192 69 26 always

2792 2222 27 14 on
2829 2216 55 20 hand
2895 2219 21 17 at
2928 2217 34 19 the
2973 2217 83 20 Timber
3065 2216 63 26 Yard,

2938 2249 141 21 ROTORUA.

2792 2298 162 27 N.B.—Special
2963 2306 46 13 care
3019 2300 63 20 taken
3098 2300 21 20 in
3135 2300 35 20 the
3186 2307 28 14 sea-

2975 2326 80 26 soning.

2805 2373 99 21 PRICES
2919 2373 36 21 AT
2969 2373 134 21 CURRENT
3117 2375 93 20 RATES.

2841 2433 34 21 W.
2889 2434 156 24 HENSHAW,
3067 2434 111 20 Manageh.

2841 2490 167 37 Rotopua
3022 2490 160 45 Library.

2794 2556 115 47 OPEN
2924 2557 53 21 from
2988 2559 25 18 10
3026 2565 45 13 a.m.
3080 2559 21 19 to
3112 2559 11 19 5
3131 2565 45 19 p.m.
3187 2558 35 20 and

2854 2585 46 19 6.30
2909 2586 20 18 to
2939 2585 25 19 10
2973 2592 46 18 p.m.
3031 2585 93 25 Sundays
3133 2585 31 19 till
3172 2587 50 24 9p.m

2794 2616 194 21 Subscription:
2998 2617 52 17 »Os
3062 2621 50 18 per
3124 2618 96 18 anuuiri

2818 2646 88 21 Visitors
2926 2653 44 18 may
2989 2650 87 23 procure
3091 2644 68 23 Books
3174 2648 49 20 from

2792 2672 34 20 the
2843 2673 86 26 Library
2947 2680 26 13 on
2990 2670 83 30 making
3090 2681 13 13 a
3116 2674 78 26 deposit
3204 2674 19 20 of

2792 2701 37 18 not
2844 2699 40 20 less
2903 2698 48 21 than
2969 2700 29 24 ss,
3016 2700 40 20 and
3072 2700 121 27 purchasing
3203 2702 19 19 Is

2792 2732 80 18 coupon
2882 2726 32 19 for
2924 2733 61 19 every
2997 2726 56 21 Four
3063 2727 70 20 books.

2818 2752 43 20 The
2879 2752 87 26 Library
2985 2752 18 21 is
3027 2760 52 20 open
3102 2754 73 26 during
3192 2754 31 21 the

2793 2779 91 25 evening.

2816 2836 45 40 M
2866 2835 16 15 R
2906 2834 51 38 W
2989 2836 42 38 J.
3058 2836 38 38 N
3099 2837 79 20 APIER>

2842 2881 153 21 BARRISTER
3006 2883 17 19 &
3032 2883 141 21 SOLICITOR.

2794 2911 144 19 Commissioner
2947 2912 21 18 of
2976 2913 32 18 the
3026 2913 90 23 Supreme
3131 2914 59 19 Court
3201 2913 19 19 of

2984 2936 56 24 Fiji.)

2793 2958 87 19 Solicitor
2892 2959 19 18 to
2920 2959 32 18 the
2960 2959 26 19 N.
2996 2959 20 19 Z.
3027 2961 128 18 Government
3168 2961 55 18 under

2898 2982 98 19 Advances
3004 2985 21 17 to
3033 2984 77 18 Settlers

2792 3018 96 18 Victohia
2897 3018 91 24 Arcade,
2997 3020 115 22 Queen-sr.,
3120 3020 101 19 Auckland,

2815 3054 69 23 Money
2893 3057 19 15 to
2921 3054 10 18 I
2936 3055 37 18 end
2982 3060 26 13 on
3017 3056 83 18 freehold
3113 3057 79 23 security
3204 3060 16 14 nt

2791 3078 36 17 low
2836 3079 49 16 rates
2891 3078 20 17 of
2914 3078 85 19 interest.
3024 3080 71 23 Money
3104 3080 84 19 invested
3196 3081 26 17 for

2791 3101 68 18 clients
2867 3101 40 18 free
2916 3102 19 17 of
2945 3102 75 23 charge.

2841 3153 30 27 J.
2886 3153 51 34 W,
2951 3154 219 35 WRIGLEY,

2933 3225 146 23 ROTORUA.

2816 3257 68 26 Agent
2891 3258 34 20 for
2935 3258 34 21 the
2980 3259 64 20 South
3059 3259 78 21 British
3147 3260 47 21 Fire
3204 3260 15 20 &

2790 3283 82 21 Marine
2883 3285 113 20 Insurance
3006 3286 110 26 Company.

2848 3365 73 21 Wh«n
2933 3367 24 20 in
2970 3366 126 22 Auckland
3106 3367 57 22 Visit

2863 3394 33 33 E.
2917 3398 229 29 SPENCER'S

2830 3437 142 25 CURIO
2996 3438 182 32 DEPOT,

2876 3467 34 21 (On
2922 3467 60 19 Queen
2991 3469 56 16 Street
3056 3469 76 21 Wharf.)

2829 3511 40 19 For
2878 3511 28 19 all
2915 3511 61 20 kinds
2986 3512 22 20 of
3024 3512 51 20 New
3086 3512 91 20 Zealand

2862 3537 71 19 Curios
2943 3537 40 20 and
2999 3538 140 20 Greenstones.

2809 3642 70 47 W.
2903 3643 289 56 THOMAS,

2810 3706 254 22 MONUMENTAL
3074 3707 118 21 MASON

2831 3747 139 21 VICTORIA
2980 3747 104 21 STREET
3093 3749 76 24 EAST,

2914 3789 171 21 AUCKLAND.

2816 3841 94 26 Orders
2929 3841 28 25 in
2978 3842 110 29 Marble,
3109 3842 106 25 Granite

2783 3875 50 25 and
2841 3876 86 28 Stone,
2937 3876 133 32 promptly
3079 3875 51 24 and
3136 3876 66 24 faith-

2785 3908 66 33 fully
2862 3909 135 26 executed.

2811 3968 110 32 Designs
2932 3968 52 25 and
2996 3968 83 32 prices
3087 3968 56 25 free
3154 3976 35 17 on

2914 4001 167 32 application.
