2420 3836
680 823 111 35 Oxford
809 823 55 35 and
882 823 74 35 Cust
974 823 165 35 Observer.

733 905 185 17 PUBLISHED
938 904 153 21 WEEKLY.

715 961 164 24 SATURDAY,
896 961 106 20 October
1015 961 18 24 5,
1051 961 57 19 1889.

682 1034 36 24 At
729 1042 15 16 a
761 1033 89 32 special
861 1032 106 31 meeting
985 1032 27 24 of
1019 1032 43 24 the
1082 1032 89 31 Synod,

650 1077 122 25 convened
783 1076 37 24 for
838 1075 54 25 that
912 1075 131 31 particular
1061 1082 110 24 purpose,

650 1128 15 15 a
675 1127 54 16 new
739 1119 93 29 Bishop
843 1126 49 16 was
903 1117 92 25 elected
1006 1117 48 25 last
1065 1117 66 25 week
1142 1117 31 30 by

650 1162 43 25 the
703 1161 116 24 members
831 1160 26 25 of
866 1161 40 24 the
918 1159 96 26 Church
1026 1163 25 21 of
1060 1159 114 32 England

649 1204 26 24 m
684 1203 156 31 Canterbury.
875 1202 52 25 The
936 1202 139 31 clergyman
1083 1202 90 24 chosen

649 1246 21 24 is
681 1246 42 24 the
735 1245 132 25 Venerable
879 1244 156 25 Archdeacon
1047 1244 87 28 Julius,
1147 1246 26 23 at

649 1290 98 29 present
765 1288 27 24 of
800 1288 116 27 Ballarat,
936 1288 28 23 m
975 1287 107 25 Victoria
1094 1296 6 21 ;
1126 1287 47 23 and

649 1331 31 24 he
692 1331 44 23 has
748 1330 113 31 accepted
872 1329 41 25 the
924 1329 75 25 office.
1033 1329 44 25 We
1089 1329 30 25 do
1130 1331 44 23 not

648 1373 100 30 pretend
767 1375 25 21 to
804 1373 27 23 be
842 1372 144 30 profoundly
1004 1372 131 24 interested
1146 1373 27 22 m

649 1415 42 24 the
710 1415 170 29 appointment,
898 1421 44 16 nor
961 1413 88 24 should
1065 1421 35 16 we
1111 1414 62 23 have

650 1456 111 25 swooned
772 1456 19 24 if
809 1463 67 17 some
887 1456 70 24 other
970 1455 136 32 gentleman
1124 1455 50 25 had

648 1500 60 23 been
719 1499 125 31 preferred.
879 1498 50 25 But
940 1507 36 16 we
995 1498 46 25 call
1052 1499 121 24 attention

649 1544 24 23 to
685 1542 42 24 the
738 1541 155 32 proceedings
905 1541 26 25 of
939 1541 42 25 the
995 1541 80 31 Synod
1086 1542 26 23 m
1123 1541 50 24 this

644 1585 118 28 instance,
783 1585 101 24 because
902 1585 57 31 they
978 1584 66 25 show
1066 1584 42 25 the
1127 1592 44 16 un-

647 1629 99 24 wisdom
758 1629 26 24 of
794 1629 114 29 shooting
925 1630 26 22 at
962 1636 13 15 a
986 1635 60 16 man
1056 1627 63 25 from
1130 1627 40 24 be-

647 1672 61 24 hind
719 1679 15 17 a
745 1672 81 30 hedge.
877 1670 57 25 Just
952 1672 48 23 two
1018 1670 58 31 days
1093 1670 79 24 before

646 1715 43 24 the
708 1714 82 31 Synod
807 1718 58 24 met,
887 1721 14 17 a
919 1713 117 31 cowardly
1037 1727 33 4 —
1071 1714 100 23 because

645 1764 151 24 anonymous
796 1771 32 3 —
828 1756 82 24 attack
929 1763 66 24 upon
1015 1755 155 25 Archdeacon

645 1800 82 24 Julius
738 1799 118 31 appeared
866 1799 27 24 m
913 1798 42 25 the
967 1798 202 31 correspondence

646 1843 110 24 columns
768 1843 26 24 of
805 1846 5 11 '
819 1842 52 23 The
882 1842 89 23 Press.'
1005 1841 24 25 It
1037 1849 49 16 was
1094 1841 77 24 clever

646 1886 48 24 and
705 1885 137 25 well-timed
842 1898 30 5 —
872 1885 50 24 and
931 1885 31 24 its
973 1884 76 25 result
1059 1892 51 16 was
1116 1884 55 24 that

648 1928 126 32 sympathy
786 1935 49 17 was
846 1927 88 26 roused
950 1927 36 23 for
997 1927 42 24 the
1050 1926 84 25 victim
1145 1927 27 23 m

647 1973 108 31 quarters
762 1970 136 32 previously
906 1970 143 24 indifferent.
1083 1964 88 36 In/fact

646 2015 20 23 it
687 2014 22 23 is
731 2013 104 31 possible
858 2012 54 24 that
934 2012 49 26 this
1006 2012 89 28 letter,-
1114 2011 56 25 with

646 2056 71 25 those
727 2055 80 24 which
819 2055 124 31 naturally
959 2054 109 25 followed
1078 2055 28 27 it,
1118 2062 53 16 won

647 2098 92 25 several
749 2100 67 23 votes
828 2097 37 25 for
882 2097 42 24 the
935 2097 93 31 Bishop
1039 2097 67 24 elect.

678 2142 25 24 It
713 2142 22 24 is
746 2140 147 25 understood
899 2140 53 24 that
964 2147 73 24 many
1042 2138 129 32 .flattering

646 2184 82 31 things
750 2191 59 17 were
832 2183 52 25 said
905 2183 26 25 of
958 2182 50 25 this
1031 2179 140 34 gehUeman

645 2227 71 24 while
727 2227 42 24 the
787 2226 101 25 election
907 2234 50 16 was
968 2225 144 32 proceeding
1119 2232 24 22 ;.,.
1145 2232 26 17 so

646 2271 61 27 that,
736 2270 21 23 if
782 2278 15 15 a
823 2269 46 24 fair
890 2269 140 31 proportion
1052 2268 26 24 of
1103 2268 100 27 them's.

646 2313 88 25 should
745 2315 57 22 turn
814 2314 42 23 out
868 2314 25 22 to
904 2311 30 24 be
946 2313 60 26 true,
1019 2311 42 24 the
1073 2310 96 25 Church

645 2356 85 31 people
745 2356 26 23 of
792 2355 150 30 Canterbury
964 2361 40 17 are
1027 2354 108 30 securing
1157 2361 15 16 a

645 2398 78 25 useful
734 2406 56 16 man
801 2398 38 24 for
854 2397 65 25 their
929 2396 63 24 chief
1001 2396 93 24 Pastor.
1139 2395 32 24 At

646 2441 32 24 all
690 2443 89 26 events,
800 2448 36 17 we
855 2440 63 31 hope
938 2448 33 16 so.
1021 2439 112 31 Eeligion
1150 2439 21 24 is

646 2484 164 31 undoubtedly
822 2492 14 15 a
847 2484 61 30 good
917 2483 76 24 moral
1004 2483 77 31 police
1088 2483 64 24 force
1161 2490 6 22 ;

646 2528 48 23 and
712 2527 43 24 the
773 2526 98 25 Church
891 2526 24 25 ol
938 2525 114 32 England
1074 2526 26 23 m
1122 2525 49 25 this

647 2570 92 31 Colony
760 2569 117 24 numbers
899 2576 90 23 among
1010 2568 32 24 its
1063 2568 108 24 nominal

647 2613 130 25 adherents
788 2620 15 16 a
814 2611 164 25 considerable
997 2612 138 29 proportion
1147 2610 27 25 of

647 2664 44 16 our
702 2654 90 32 people.
844 2655 41 23 On
902 2654 33 24 all
954 2655 123 26 accounts,
1093 2653 77 25 there-

646 2699 58 27 fore,
716 2698 20 24 it
747 2697 22 24 is
781 2696 117 25 desirable
909 2699 25 22 to
946 2704 39 16 see
994 2704 15 16 a
1021 2697 84 29 strong
1115 2704 57 15 man

647 2743 25 23 at
684 2742 42 24 the
737 2740 75 25 helm.
858 2739 124 31 Although
994 2739 41 24 the
1046 2746 55 17 now
1113 2738 60 32 aged

648 2785 92 30 Bishop
763 2784 96 29 Harper
876 2790 71 16 never
965 2781 85 31 spared
1066 2782 105 28 himself,

648 2828 49 24 and
708 2825 119 31 although
837 2824 32 24 lie
876 2824 124 31 possessed
1011 2824 41 24 the
1061 2823 112 25 valuable

648 2871 57 31 gifts
717 2869 26 25 of
753 2877 14 16 a
778 2869 126 24 courteous
920 2875 102 16 manner
1033 2866 48 24 and
1092 2866 81 32 genial

647 2920 122 24 presence,
797 2911 31 24 he
861 2917 49 16 was
936 2912 50 26 not,
1016 2918 35 15 we
1084 2909 88 24 should

648 2955 114 31 imagine,
786 2961 14 17 a
821 2960 58 17 man
900 2952 133 25 calculated
1054 2954 26 23 to
1102 2960 71 16 rouse

649 2997 152 25 enthusiasm
818 3003 26 17 or
861 2996 107 30 promote
986 2994 75 25 much
1079 3002 93 23 aggres-

649 3041 49 24 sive
720 3039 115 31 religious
858 3046 27 16 or
906 3037 180 32 philanthropic
1108 3037 65 24 work

647 3091 90 23 among
748 3083 38 23 his
799 3081 93 31 Clergy.
927 3081 40 23 He
978 3079 116 31 belonged
1105 3081 25 23 to
1142 3087 31 16 an

647 3127 42 24 old
700 3125 90 28 school,
802 3125 82 24 whose
894 3123 72 28 work,
978 3123 95 30 though
1084 3123 87 28 useful,

647 3169 107 32 requires
776 3175 66 17 some
872 3167 152 31 supplement
1051 3166 26 23 m
1105 3166 68 24 these

647 3213 67 31 days.
764 3212 31 22 In
813 3210 39 23 his
873 3217 121 16 successor
1011 3216 35 17 we
1065 3216 40 16 are
1123 3208 50 24 told

647 3256 55 24 that
718 3262 35 17 we
766 3253 63 24 shall
840 3252 52 23 find
912 3260 14 16 a
937 3259 58 17 man
1007 3259 26 15 as
1054 3251 118 30 energetic

647 3307 26 16 as
696 3296 111 33 possible,
830 3296 27 23 m
880 3295 42 24 the
943 3295 74 30 prime
1039 3293 26 24 of
1084 3292 50 29 life,
1158 3301 15 15 a

646 3342 73 30 ready
738 3339 116 32 platform
872 3339 106 30 speaker,
997 3337 47 24 and
1061 3344 16 16 a
1087 3336 86 31 telling

647 3384 123 33 preacher.
815 3382 47 23 Let
883 3389 29 17 us
936 3381 64 31 hope
1022 3380 55 24 that
1098 3380 30 23 he
1150 3379 22 23 is

649 3429 51 24 also
712 3436 15 15 a
737 3434 59 16 man
807 3425 26 24 of
851 3425 62 31 good
924 3425 110 23 business
1054 3422 117 31 capacity,

649 3471 54 24 able
718 3472 25 22 to
755 3468 96 24 unravel
872 3468 41 23 the
931 3465 98 31 tangled
1046 3465 86 23 thread
1150 3464 26 24 of

649 3513 42 24 the
711 3511 116 24 Church's
837 3509 106 24 finances
955 3516 4 21 ;
979 3507 55 28 and,
1053 3508 44 22 not
1104 3506 68 28 least,

648 3556 55 23 that
721 3555 30 22 he
762 3553 50 24 will
831 3560 70 23 prove
913 3554 85 27 strong
1015 3551 26 22 m
1059 3556 114 17 common

649 3605 69 17 sense
730 3596 48 24 and
790 3595 142 31 superiority
944 3596 25 22 to
981 3593 45 24 ties
1038 3591 25 25 of
1073 3591 63 24 class
1147 3599 27 16 or

647 3643 77 29 party.
759 3639 52 24 The
823 3638 96 24 Church
931 3636 26 26 of
974 3635 113 31 England
1098 3635 28 27 is,
1139 3642 35 16 we

647 3687 101 22 venture
761 3684 24 23 to
803 3682 79 27 think,
896 3680 139 29 something
1053 3677 26 25 of
1088 3685 15 16 a
1114 3677 60 24 class

647 3727 103 31 religion
758 3734 6 20 ;
781 3725 21 24 it
812 3725 21 23 is
846 3725 41 30 apt
898 3725 25 22 to
934 3723 31 23 be
984 3722 42 24 the
1039 3720 99 24 Church
1149 3722 25 22 to

647 3770 80 26 which
755 3775 99 25 persons
883 3766 118 31 gravitate
1028 3763 56 25 who
1112 3763 62 24 have

1261 152 64 24 risen
1346 153 26 23 m
1393 151 42 25 life
1445 158 5 21 ;
1479 151 45 23 but
1544 157 35 15 we
1599 156 109 23 presume
1729 149 56 24 that

1261 210 65 16 none
1337 202 26 24 of
1380 202 32 22 its
1424 199 124 24 Ministers
1565 197 80 24 would
1659 199 48 22 rest
1727 204 55 16 con-

1222 265 2 12 i
1261 251 54 22 tent
1325 249 58 24 with
1395 247 60 24 such
1466 254 16 16 a
1492 244 128 25 definition
1631 244 25 23 of
1664 244 27 24 it.
1736 244 46 24 We

1262 304 101 23 suppose
1386 296 53 23 that
1461 294 58 30 they
1541 292 50 25 will
1612 291 44 24 tell
1677 300 27 15 us
1728 292 54 24 that

1261 345 68 24 there
1348 344 21 23 is
1381 351 31 16 no
1430 349 86 17 reason
1531 341 54 30 why
1604 340 63 24 their
1685 339 97 25 Church

1263 391 87 25 should
1366 393 44 22 not
1427 390 41 31 lay
1486 388 58 25 hold
1562 388 26 24 of
1604 388 80 31 people
1706 389 77 31 he/ore

1262 435 58 30 they
1337 435 61 23 have
1417 433 65 24 risen
1499 433 26 23 m
1546 431 40 24 the
1609 431 71 24 social
1703 431 76 27 scale;

1261 477 56 27 and,
1336 484 26 16 so
1379 475 37 24 far
1431 483 26 16 as
1475 483 35 16 we
1530 481 93 24 possess
1642 480 47 24 any
1700 473 79 24 know-

1261 519 68 31 ledge
1341 518 25 26 of
1374 518 43 25 the
1429 518 100 31 subject,
1536 525 35 17 we
1582 524 40 17 are
1632 514 114 33 prepared
1757 517 25 22 to

1262 569 68 22 agree
1342 561 58 24 with
1418 561 72 24 them.
1540 560 27 23 If
1584 559 41 24 the
1644 559 95 24 Church
1758 557 28 24 of

1262 603 114 31 England
1386 604 26 22 m
1424 604 49 23 this
1485 602 134 24 Provincial
1630 602 92 23 district
1732 601 51 24 will

1262 645 67 25 show
1355 645 66 25 itself
1448 645 118 30 vigorous,
1594 643 186 30 hard-working,

1263 689 94 24 earnest
1367 687 37 25 for
1414 687 43 25 the
1464 687 61 31 good
1530 686 25 25 of
1562 686 32 24 all
1603 694 43 16 our
1654 685 125 27 Colonists,

1261 731 49 24 and
1320 731 20 23 if
1348 731 42 23 the
1401 731 81 22 future
1499 729 92 30 Bishop
1602 728 80 24 Julius
1692 727 48 24 will
1751 727 30 23 do

1261 772 40 25 his
1317 774 55 30 part
1388 772 103 25 without
1508 771 141 25 foolishness
1666 778 27 16 or
1714 769 67 24 favor

1261 816 26 23 to
1298 815 70 31 bring
1387 815 73 24 about
1478 814 59 23 such
1550 821 14 16 a
1576 814 62 23 state
1654 813 26 23 of
1690 812 89 30 things,

1261 858 61 30 why,
1341 857 67 28 then,
1426 857 89 23 honest
1533 863 57 16 men
1609 854 25 25 of
1649 854 32 24 all
1692 854 89 23 classes

1260 901 49 24 and
1328 899 81 25 creeds
1428 899 49 24 will
1494 899 94 30 rejoice.
1621 898 51 22 But
1690 904 34 16 we
1741 903 40 17 are

1260 942 76 25 afraid
1347 942 61 28 that,
1416 941 120 25 whatever
1545 939 60 32 good
1617 939 110 30 opinions
1738 938 43 24 the

1259 993 54 16 new
1335 985 91 29 Bishop
1452 991 58 22 may
1536 983 48 23 win
1610 981 63 24 from
1699 980 84 31 people

1261 1027 107 24 hitherto
1385 1025 166 25 uninterested
1572 1025 25 23 m
1619 1023 42 24 the
1673 1021 105 28 Church,

1261 1070 42 24 the
1303 1068 175 33 ■'probabilities
1489 1068 68 31 point
1576 1068 27 23 m
1614 1066 40 24 the
1666 1065 115 24 direction

1261 1113 27 24 of
1303 1112 39 24 his
1355 1112 116 29 shocking
1490 1118 74 23 many
1575 1110 26 23 of
1616 1109 42 24 the
1670 1108 40 25 old
1728 1108 55 23 fos-

1262 1155 51 24 sils.
1347 1155 39 24 He
1397 1154 21 24 is
1429 1153 107 31 reported
1548 1154 24 23 to
1583 1152 62 24 have
1656 1152 51 24 said
1719 1158 66 17 some

1262 1199 84 29 strong
1350 1197 83 30 things
1440 1195 74 25 about
1521 1195 40 24 the
1569 1193 216 32 poverty-stricken

1261 1247 93 16 masses
1365 1239 26 24 of
1400 1239 42 24 the
1454 1238 46 24 Old
1512 1237 107 31 Country
1627 1244 5 21 ;
1650 1236 31 24 he
1692 1235 20 25 is
1724 1242 60 18 even

1261 1282 106 24 credited
1377 1282 59 24 with
1447 1281 138 31 expressing
1593 1279 144 24 admiration
1747 1278 37 24 for

1222 1323 2 36 j
1262 1325 42 24 the
1326 1324 152 24 forbearance
1506 1323 83 24 shown
1615 1322 32 31 by
1675 1322 109 29 starving

1261 1374 56 16 men
1332 1367 27 23 m
1381 1366 42 24 the
1445 1373 113 24 presence
1580 1365 26 24 of
1625 1365 86 30 luxury
1733 1364 49 23 and

1263 1409 66 24 cruel
1341 1407 101 32 Capital,
1477 1407 60 25 Now
1548 1406 68 26 there
1633 1406 21 24 is
1665 1414 33 16 no
1709 1404 73 26 doubt

1261 1451 55 24 that
1339 1451 42 24 the
1518 1449 47 25 and
1586 1449 115 25 reverend
1723 1449 60 30 seig-

1261 1494 68 25 niors
1374 1493 25 24 of
1420 1493 148 31 Canterbury
1595 1494 120 29 represent
1741 1493 41 23 the

1261 1539 65 21 most
1338 1536 169 25 Conservative
1515 1537 69 29 party
1595 1536 26 23 m
1631 1536 42 23 the
1685 1534 96 25 Church

1261 1580 26 24 of
1303 1579 123 32 England.
1468 1579 52 24 The
1539 1578 146 31 Canterbury
1703 1578 78 24 settle-

1261 1625 68 22 ment
1339 1630 48 17 was
1397 1621 106 25 founded
1521 1621 60 25 with
1593 1621 42 24 the
1652 1620 128 24 deliberate

1262 1665 84 31 design
1368 1664 26 25 of
1414 1664 126 31 exporting
1562 1671 14 16 a
1591 1663 75 24 whole
1684 1663 56 24 slice
1758 1663 27 24 of

1261 1707 104 31 English
1379 1707 92 30 Society
1482 1707 62 23 from
1561 1705 114 31 England
1686 1707 25 22 to
1722 1705 61 24 New

1261 1749 106 25 Zealand
1376 1757 5 21 ;
1410 1749 49 24 and
1468 1749 43 23 the
1529 1748 121 25 founders'
1668 1748 61 24 wish
1756 1749 26 22 to

1260 1792 60 31 keep
1330 1792 43 24 the
1384 1792 110 24 different
1513 1792 161 24 constituents
1685 1790 26 25 of
1728 1790 55 25 that

1260 1836 58 24 slice
1417 1835 63 24 their
1506 1842 85 23 proper
1616 1834 68 31 place
1734 1842 46 16 was

1260 1880 99 24 obvious
1376 1879 94 30 though
1489 1877 168 33 unexpressed.
1707 1877 73 27 Here,

1259 1922 115 28 however,
1390 1922 22 23 is
1435 1929 14 16 a
1471 1921 70 24 cleric
1562 1921 55 24 who
1639 1919 86 33 openly
1746 1928 35 15 re-

1260 1965 110 32 pudiates
1404 1964 33 24 all
1464 1964 40 24 old
1531 1962 74 26 world
1633 1962 148 25 aristocratic

1260 2008 103 28 notions,
1377 2007 80 25 whose
1469 2006 119 31 language
1600 2005 127 33 perilously
1740 2013 41 24 ap-

1260 2051 147 31 proximates
1419 2052 25 22 to
1455 2049 72 24 belief
1544 2049 27 23 m
1615 2049 41 24 the
1675 2048 106 24 brother-

1260 2093 63 24 hood
1335 2093 25 24 of
1466 2092 54 24 who
1535 2098 70 26 poses
1623 2098 27 17 as
1669 2098 15 16 a
1702 2090 79 25 Chris-

1259 2136 52 24 tian
1325 2135 117 26 Socialist.
1490 2134 25 25 It
1531 2134 106 25 remains
1648 2135 25 23 to
1684 2134 30 24 be
1726 2142 57 15 seen

1259 2178 55 25 how
1325 2178 35 24 far
1370 2178 68 24 these
1456 2178 115 24 excellent
1581 2176 143 33 professions
1742 2184 41 16 are

1260 2222 95 24 honest.
1389 2221 107 32 Perhaps
1506 2222 58 30 they
1575 2221 49 24 will
1635 2222 43 23 not
1690 2221 93 24 survive

1246 2267 4 3 '
1259 2265 43 24 the
1308 2265 61 24 frost
1376 2265 26 24 of
1409 2263 167 25 conventional
1587 2264 98 31 opinion
1694 2270 90 24 among

1517 2306 26 25 of
1574 2306 48 24 this
1656 2306 124 25 Province.

1260 2347 353 35 Perhapsr6rTtri6^tk«r--han.d
1613 2369 4 10 !
1617 2367 6 9 ,
1624 2353 30 29 ;:^
1654 2373 9 9 r
1664 2349 95 29 Society
1766 2349 5 9 '
1775 2350 5 9 '

1260 2392 27 25 m
1299 2392 149 31 Canterbury
1456 2392 87 32 (which
1553 2392 22 24 is
1582 2400 15 15 a
1607 2392 63 24 term
1678 2399 103 23 synony-

1259 2443 71 17 mous
1342 2436 58 24 with
1413 2434 220 33 Churchmanship)
1653 2434 49 24 will
1713 2441 68 24 agree

1261 2481 24 22 to
1297 2478 28 25 be
1337 2479 73 24 silent
1421 2478 74 25 about
1513 2478 42 24 the
1567 2477 148 25 convictions
1732 2477 26 24 of
1768 2485 14 15 a

1259 2521 93 33 Bishop
1363 2521 51 24 who
1426 2528 80 17 comes
1517 2522 26 23 to
1553 2521 31 23 its
1593 2528 66 17 arms
1670 2521 59 23 with
1740 2520 43 24 the

1259 2566 153 31 imprimatur
1423 2564 25 25 of
1458 2571 67 17 more
1536 2564 61 24 than
1616 2571 46 17 one
1675 2563 108 25 Colonial

1260 2607 127 24 Governor'
1393 2614 66 24 upon
1469 2606 60 24 him.

1286 2692 118 20 Working
1431 2690 75 22 Mens'
1532 2691 98 21 Club.—
1631 2692 47 19 The
1701 2692 83 20 Oxford

1260 2730 108 25 Working
1384 2728 69 21 Men's
1476 2727 55 22 Club
1549 2728 54 20 held
1620 2728 60 21 their
1701 2729 84 20 annual

1261 2766 76 21 dinner
1355 2772 28 14 on
1400 2765 117 26 Thursday
1536 2766 92 23 evening
1649 2765 50 26 last,
1720 2766 64 20 when

1260 2805 63 20 there
1332 2810 44 13 was
1386 2810 13 13 a
1407 2803 63 25 large
1485 2803 132 20 attendance
1631 2802 24 20 of
1668 2803 113 21 members.

1261 2841 45 21 The
1317 2839 102 27 catering,
1431 2839 72 21 which
1516 2846 44 13 was
1570 2839 56 21 done
1635 2839 24 20 m
1668 2839 45 21 Mrs
1727 2841 57 20 Mit-

1261 2878 74 21 chell's
1344 2872 65 25 usual
1418 2876 56 26 good
1483 2877 62 25 style,
1561 2883 44 14 was
1614 2876 58 26 fully
1688 2876 96 26 appreci-

1260 2914 52 21 ated
1321 2915 30 24 by
1360 2913 30 20 all
1405 2914 95 25 present.
1530 2912 64 20 After
1603 2914 39 19 the
1654 2914 72 19 tables
1739 2913 47 20 had

1259 2952 56 20 been
1334 2950 90 25 cleared,
1442 2949 39 21 the
1499 2950 95 26 evening
1616 2957 45 13 was
1679 2951 65 26 spent
1761 2951 24 20 m

1261 2988 140 25 convivality.

1286 3031 46 19 The
1346 3029 58 20 Oust
1412 3028 87 20 Bridge.
1504 3027 86 21 —Much
1599 3028 159 20 inconvenience
1767 3030 19 19 is

1261 3066 75 22 caused
1352 3067 22 19 to
1388 3067 76 19 carters
1483 3064 45 21 who
1543 3071 34 14 are
1595 3064 83 26 trading
1696 3066 89 20 between

1262 3104 78 21 Oxford
1353 3102 42 21 and
1410 3101 106 26 Eangiora
1529 3101 28 25 by
1565 3101 36 20 the
1611 3101 70 26 bridge
1694 3108 47 14 over
1751 3103 35 20 the

1261 3140 51 20 Gust
1327 3139 62 21 Eiver
1407 3139 61 24 being
1481 3138 131 26 impassable,
1631 3139 41 20 and
1687 3140 23 18 to
1725 3140 61 19 make

1261 3177 87 20 matters
1357 3181 69 18 worse,
1437 3175 35 20 the
1481 3175 46 21 ford
1536 3175 18 19 is
1564 3181 47 13 now
1619 3175 23 19 m
1652 3182 12 13 a
1673 3175 41 21 bad
1724 3177 60 19 state.

1261 3212 82 21 Carters
1353 3217 26 14 on
1387 3212 46 19 that
1443 3212 50 19 road
1506 3212 57 19 must
1572 3217 46 14 now
1628 3212 47 20 take
1690 3217 27 15 an
1727 3213 58 19 extra

1260 3249 61 19 horse
1330 3253 23 14 or
1362 3248 49 18 wait
1421 3249 22 18 at
1452 3247 36 19 the
1497 3247 46 20 ford
1551 3248 33 18 for
1593 3247 88 20 another
1696 3248 57 19 team
1763 3248 22 19 to

1261 3284 76 21 double
1346 3283 61 24 bank,
1424 3283 41 20 and
1475 3288 50 15 even
1540 3283 50 20 then
1599 3283 36 20 the
1651 3283 50 21 odds
1711 3290 35 14 are
1762 3284 23 20 m

1260 3321 58 20 favor
1327 3321 22 20 of
1358 3327 28 13 an
1399 3319 100 21 accident.

1287 3363 111 19 Accident.
1409 3373 25 4 —
1443 3361 32 20 An
1490 3360 94 21 accident
1603 3362 96 20 occurred
1717 3368 12 14 a
1748 3363 37 20 few

1263 3400 50 25 days
1323 3406 39 18 ago
1378 3400 22 19 to
1409 3398 33 20 Mr
1458 3398 22 20 C.
1489 3398 76 25 Lugar,
1579 3398 67 20 which
1659 3399 127 25 fortunately

1262 3436 89 20 resulted
1360 3436 23 19 m
1397 3440 55 14 more
1461 3435 38 19 fun
1510 3434 51 20 than
1571 3434 76 20 broken
1657 3434 68 21 bones.
1753 3436 33 19 He

1263 3479 41 13 was
1315 3472 80 24 carting
1405 3476 56 14 some
1478 3470 75 20 timber
1562 3471 53 19 from
1631 3471 85 19 Booth's
1732 3471 53 24 mill,

1263 3508 58 20 when
1338 3507 36 21 the
1383 3506 60 21 horse
1457 3505 78 22 started
1544 3506 83 26 kicking
1640 3507 42 20 and
1697 3507 89 26 pirouet-

1263 3544 45 25 ting
1323 3544 23 19 m
1356 3544 35 19 the
1401 3543 55 20 most
1466 3541 99 21 eccentric
1579 3548 94 19 manner,
1684 3543 41 20 and
1735 3549 51 15 soon

1263 3581 102 24 managed
1373 3581 21 19 to
1410 3579 63 20 break
1482 3578 35 20 the
1528 3577 67 21 shafts
1610 3579 58 20 short
1678 3580 35 20 off.
1743 3580 43 20 The

1263 3619 44 19 cart
1315 3616 69 26 tipped
1394 3622 35 19 up,
1437 3614 43 22 and
1487 3614 35 20 the
1532 3614 73 24 driver,
1612 3615 46 19 who
1665 3621 42 14 was
1713 3616 73 25 sitting

1263 3661 28 13 oq
1302 3654 34 20 the
1346 3654 42 24 top.
1398 3659 52 14 soon
1459 3650 65 21 found
1531 3650 84 21 himself
1624 3652 22 19 at
1656 3652 35 19 the
1701 3652 85 21 bottom.

1263 3690 137 24 Fortunately
1410 3690 35 19 the
1458 3689 76 20 timber
1544 3694 42 14 was
1596 3689 28 19 all
1633 3688 54 25 light
1698 3689 88 24 battens,

1265 3728 42 20 and
1316 3727 26 19 he
1356 3732 51 14 soon
1416 3725 109 20 succeeded
1534 3725 23 19 m
1566 3725 124 24 scrambling
1697 3725 89 26 through

1265 3765 64 20 them,
1339 3768 55 15 none
1404 3762 34 20 the
1447 3767 66 15 worse
1522 3761 34 21 for
1564 3761 34 20 hia
1609 3761 117 21 adventure.

1896 147 144 21 Deseciution
2055 154 24 13 op
2088 148 111 20 Gbaves.—
2201 147 101 20 Valuable
2314 147 80 20 flowers

1870 183 84 26 planted
1963 185 27 24 by
2003 184 34 20 the
2045 184 69 20 bands
2123 184 21 20 of
2159 189 13 15 a
2181 183 70 26 loving
2264 190 38 14 son
2312 190 26 14 on
2356 184 36 20 the

1834 226 2 11 i
1870 227 60 19 grave
1940 221 21 20 of
1970 221 33 20 his
2013 221 95 21 deceased
2116 221 82 20 mother
2206 221 52 20 have
2267 221 50 20 been
2328 216 86 25 ruth-Y^

1870 258 64 25 lessly
1942 257 109 25 destroyed.
2081 257 136 25 Thoughtless
2223 263 86 19 persons
2316 256 76 21 should

1870 294 68 21 reflect
1954 294 46 20 that
2016 294 56 20 these
2090 293 144 26 depredations
2251 300 63 14 cause
2328 294 63 20 much

1869 331 50 26 pain
1930 331 40 19 and
1978 336 118 19 annoyance
2106 332 21 19 to
2137 331 59 20 those
2205 330 46 20 who
2258 336 34 14 are
2302 331 88 19 anxious

1870 369 21 19 to
1901 368 49 24 keep
1964 367 35 20 the
2008 373 70 19 graves
2088 368 21 19 of
2118 367 53 20 their
2184 367 95 20 relatives
2295 366 22 20 m
2333 368 57 19 neat-

1870 409 47 14 ness
1931 404 42 19 and
1989 404 64 20 order.
2095 404 79 24 Savage
2188 404 84 20 nations
2287 403 103 26 jealously

1870 439 65 25 guard
1947 439 36 20 the
2001 441 76 24 resting
2095 440 57 25 plaoe
2168 441 22 19 of
2203 440 54 20 their
2274 439 76 21 dead—
2352 445 39 15 our

1870 475 86 21 boasted
1971 476 127 20 civilization
2109 481 64 15 seems
2189 477 22 19 to
2220 476 24 21 be
2260 476 92 27 wanting
2367 476 24 20 m

1871 511 43 22 this
1924 514 86 24 respect.

1896 549 113 20 Midland
2015 550 115 19 Railway.
2131 561 26 3 —
2157 550 97 21 Tenders
2260 550 33 21 for
2298 551 94 21 tbecoo-
2402 546 4 6 '

1871 585 107 20 struction
1987 586 23 19 of
2019 586 38 20 the
2066 587 50 19 first
2124 587 81 19 section
2214 587 24 19 of
2244 587 40 20 the
2289 587 107 24 Midland.

1870 621 98 26 Railway
1976 622 45 19 will
2038 623 27 19 be
2083 623 124 19 advertised
2225 623 35 20 for
2276 624 24 19 m
2317 630 14 14 a
2348 624 43 21 few

1870 657 60 25 days.

1976 695 56 20 have
2049 694 54 21 been
2119 700 30 20 up
2164 695 72 20 before
2253 702 35 14 mo
2294 702 15 13 a
2323 696 68 21 dozen

1871 730 65 20 times
1945 730 45 20 this
2084 731 47 19 said
2140 738 14 12 a
2161 731 136 25 magistrate,
2306 733 87 25 Beverly
2408 731 6 22 I

1871 767 24 20 to
1904 773 14 14 a
1926 766 57 21 local
1990 768 100 24 vagrant,
2102 767 48 20 who
2159 767 53 20 thus
2222 768 62 20 made
2293 774 96 16 answer:

1966 808 54 18 now,
2032 802 73 26 judge,
2117 809 58 14 none
2193 803 24 20 of
2233 803 57 21 that.
2316 804 75 27 Every

1870 839 54 19 time
1933 839 45 20 I've
1988 838 53 21 been
2047 839 51 20 here
2105 839 46 20 I've
2158 845 52 14 seen
2218 836 49 28 you!
2297 840 50 20 You
2355 848 36 14 are

1870 874 53 21 here
1931 881 59 14 more
1999 875 56 20 than
2064 875 12 20 I
2084 881 43 14 am.
2155 875 78 26 People
2250 876 48 20 who
2305 876 48 21 live
2365 878 27 20 m.

1870 910 60 25 glass
1938 910 81 20 houses
2028 910 79 20 should
2114 917 68 14 never
2189 911 70 20 throw

1959 980 350 40 CRICKET.

1896 1046 48 20 The
1964 1046 78 20 Oxford
2063 1046 81 21 Cricket
2165 1047 53 20 Olnb
2239 1050 85 24 opened-
2338 1051 56 21 their

1871 1088 75 14 season
1956 1088 27 14 on
1991 1082 103 26 Saturday
2100 1083 42 21 last
2149 1084 22 19 m
2178 1082 109 24 Mitchell's
2291 1084 37 28 pa'
2328 1084 64 28 Mock,

1870 1118 44 24 but,
1931 1118 67 25 owing
2008 1119 22 20 to
2046 1120 36 19 the
2090 1120 47 19 rain
2147 1126 27 14 on
2190 1120 35 21 the
2233 1122 95 24 previous
2344 1124 47 28 day,

1871 1155 36 19 the
1916 1155 123 20 attendance
2054 1162 42 14 was
2112 1158 37 19 not
2164 1162 49 20 very
2227 1159 57 23 good.
2324 1160 70 21 Those
2406 1155 5 9 *

1870 1192 84 24 present
1964 1192 53 19 went
2025 1191 23 19 m
2057 1192 33 19 for
2102 1193 95 25 praotice,
2207 1193 47 25 and,
2264 1195 129 26 considering
2413 1200 2 5 '

1871 1226 36 20 the
1923 1227 54 20 state
1994 1227 21 19 of
2032 1227 37 20 the
2086 1228 87 25 ground,
2190 1235 56 15 some
2261 1230 64 26 really
2338 1232 54 24 good

1870 1263 54 19 form
1934 1269 42 14 was
1985 1263 72 21 shown
2067 1263 26 26 by
2106 1265 36 20 the
2150 1265 87 26 players.

1896 1300 18 19 A
1932 1300 90 25 meeting
2039 1307 41 13 was
2099 1301 48 21 held
2164 1302 23 20 m
2207 1303 34 19 the
2260 1305 87 24 evening
2369 1306 23 20 at

1870 1334 109 21 Mitchell's
1989 1338 22 17 to
2020 1337 50 20 elect
2081 1337 34 20 the
2129 1338 77 21 officers
2216 1340 32 19 for
2258 1339 34 21 tho
2302 1340 90 26 ensuing

1870 1376 54 19 year,
1935 1371 69 21 which
2013 1373 90 20 resulted
2117 1379 24 14 as
2156 1374 119 21 follows:—
2275 1375 117 22 President:

1870 1406 111 26 DrWeld;
1996 1407 100 26 Captain:
2116 1409 32 21 Mr
2157 1407 54 29 Dee;
2230 1411 106 26 Secretary
2351 1413 42 20 and

1871 1442 123 23 Treasurer:
2015 1444 132 26 MrEeston;
2164 1446 132 22 Committee:
2316 1448 77 21 Messrß

1870 1480 76 25 Ryder,
1974 1481 82 25 Brown,
2085 1482 124 25 Parkinson,
2239 1484 82 26 Dalley,
2351 1486 41 20 and

1872 1517 70 19 Smith
1950 1524 5 17 ;
1976 1517 72 21 Match
2063 1518 124 22 Committee
2195 1525 5 15 :
2223 1520 78 21 Messrs
2318 1520 75 26 Ryder,

1870 1553 82 25 Brown,
1963 1554 41 20 and
2013 1555 78 25 Dalley.

1896 1590 21 21 It
1931 1597 42 14 was
1989 1591 82 22 decided
2086 1593 21 20 to
2122 1592 106 26 challenge
2243 1594 36 21 the
2297 1595 97 21 Oarleton

1871 1626 53 20 Club
1934 1628 22 19 to
1964 1629 50 24 play
2023 1634 12 14 a
2044 1628 72 20 match
2126 1635 26 14 on
2163 1630 104 26 Saturday
2273 1632 55 20 next.

1898 1663 20 20 A
1930 1663 90 25 practice
2036 1664 41 20 will
2093 1664 24 22 ha
2126 1665 49 20 held
2190 1665 24 20 m
2224 1667 109 20 Mitchell's
2342 1668 52 26 pad-

1870 1699 51 20 dook
1938 1700 22 20 at
1970 1700 40 19 two
2025 1700 75 21 o'clock
2116 1701 43 21 this
2175 1702 116 25 afternoon,
2305 1703 59 24 when
2380 1710 14 16 a

1870 1736 37 19 full
1923 1736 122 21 attendance
2060 1737 22 20 of
2091 1738 80 25 players
2187 1738 18 20 is
2215 1740 133 26 particularly
2363 1745 29 16 re-

1870 1773 92 24 quested.

1978 1849 301 28 ODDFELLOWSHIP.

1895 1907 47 20 The
1955 1908 124 21 summoned
2091 1910 89 25 meeting
2196 1911 22 20 of
2226 1911 36 21 the
2276 1912 66 26 Loyal
2357 1913 37 22 Nil

1869 1944 157 25 Desperandum
2035 1945 76 26 Lodge,
2119 1946 64 25 M.U.,
2193 1953 41 15 was
2244 1948 48 21 held
2299 1955 27 15 on
2335 1950 57 26 Sept.

1869 1980 32 23 28,
1910 1980 60 21 when
1978 1981 58 20 there
2045 1987 43 14 waa
2098 1988 12 13 a
2119 1983 41 19 fair
2169 1983 123 22 attendance
2298 1986 21 19 of
2328 1992 64 14 mem-

1869 2016 52 20 bers.

1896 2053 82 20 D.Q-.M.
1994 2054 23 20 P.
2032 2054 70 21 Smith
2115 2055 49 26 paid
2180 2062 28 14 an
2225 2057 74 21 official
2313 2051 48 29 visit
2371 2060 23 20 to

1870 2089 36 20 the
1915 2090 76 24 Lodge.

1895 2126 47 21 Bro.
1956 2128 20 19 J.
1983 2127 80 25 Lough,
2079 2128 59 24 N.G.,
2148 2129 100 26 presided,
2257 2131 42 21 and
2307 2131 49 22 Bro.
2368 2132 24 22 P.

1871 2162 106 21 Thomson
1985 2164 97 25 occupied
2091 2164 35 21 the
2136 2165 138 23 Vice-cbairr

1897 2198 177 27 Correspondence
2090 2207 41 15 was
2148 2202 91 21 received
2258 2204 54 20 from
2329 2204 62 21 Prov.

1870 2236 44 20 O.S.
1924 2234 110 27 Jennings,'
2043 2237 122 26 intimating
2182 2239 35 20 the
2231 2239 90 22 Distriot
2329 2241 63 21 Meet-

1869 2272 39 27 ing
1914 2272 68 21 would
1991 2273 24 20 be
2023 2273 49 20 held
2084 2275 22 19 at
2114 2275 106 25 Bangiora
2229 2281 29 15 on
2267 2267 45 31 dot.
2322 2279 32 20 12.

1895 2309 18 19 A
1931 2309 59 20 letter
2010 2316 41 13 was
2069 2311 90 20 received
2177 2312 53 20 from
2245 2312 36 21 the
2295 2307 98 33 Friendly

1870 2345 104 20 Societies'
1997 2346 141 26 Anniversary
2164 2348 74 25 Sports
2260 2349 132 25 Committee,

1870 2381 73 24 asking
1954 2381 35 21 the
1997 2382 143 26 co-operation
2156 2384 22 20 of
2187 2384 37 21 the
2237 2384 70 27 Lodge
2321 2386 24 20 m
2358 2385 36 23 the

1869 2418 84 21 matter.
1980 2418 22 21 It
2011 2425 42 14 was
2063 2418 82 23 decided
2156 2421 21 20 to
2187 2421 47 22 take
2243 2427 28 15 no
2280 2423 77 21 action.

1895 2455 49 21 Bro.
1959 2456 51 21 P.G.
2020 2456 68 21 Smith
2102 2457 101 26 proposed
2218 2463 40 16 one
2272 2465 75 20 person
2361 2460 33 21 for

1869 2491 145 28 membership.

1896 2528 49 21 Bro.
1956 2529 49 20 P.G.
2015 2529 76 21 Morris
2100 2535 42 15 was
2151 2530 113 26 appointed
2273 2532 91 27 delegate
2371 2534 23 22 to

1870 2565 37 21 the
1917 2565 87 22 District
2013 2566 100 27 Meeting.

1897 2602 20 20 It
1926 2608 41 14 was
1977 2602 83 21 decided
2075 2604 22 19 to
2106 2603 101 22 advertise
2264 2605 48 22 date
2321 2606 22 21 of
2358 2606 36 22 the

1870 2639 50 19 next
1938 2639 125 21 summoned
2081 2641 90 25 meeting
2189 2641 23 20 m
2229 2641 35 21 the
2282 2644 40 19 two
2339 2643 55 21 local

1870 2681 80 21 papers.

1897 2713 160 25 Arrangements
2065 2719 52 15 were
2123 2714 61 21 made
2192 2716 25 21 to
2225 2721 41 22 pay
2273 2721 13 16 a
2294 2717 100 22 fraternal

1871 2750 50 20 visit
1929 2751 21 19 to
1959 2749 36 21 the
2004 2750 65 25 Loyal
2081 2750 80 22 Oxford
2170 2751 69 27 Lodge
2248 2759 28 14 on
2285 2754 36 21 the
2336 2759 58 17 even-

1871 2787 36 25 ing
1917 2787 21 19 of
1947 2787 87 20 October
2044 2786 45 21 sth.

1899 2824 32 19 On
1947 2824 37 20 the
1997 2823 81 20 motion
2095 2824 22 20 of
2125 2824 49 21 Bro.
2190 2825 50 21 P.G.
2258 2826 91 25 Weeber,
2359 2827 35 21 the

1870 2861 80 25 subject
1961 2861 21 20 of
1990 2860 36 21 the
2033 2861 100 25 proposed
2238 2863 77 25 parade
2323 2863 27 26 by
2358 2864 36 20 the

1872 2897 152 26 amalgamated
2039 2897 80 24 Lodges
2133 2904 42 13 was
2190 2899 63 24 again
2271 2898 125 26 considered,

1872 2934 42 21 and
1922 2934 17 20 it
1946 2940 42 14 was
1997 2933 73 26 finally
2079 2933 83 21 decided
2171 2933 47 23 that
2226 2935 18 21 it
2257 2935 75 21 should
2345 2936 48 21 take

1872 2972 58 26 place
1943 2977 23 14 as
1983 2976 51 15 soon
2050 2976 22 15 as
2089 2970 18 21 it
2123 2970 43 21 was'
2179 2968 123 26 convenient
2317 2973 34 20 for
2359 2972 37 22 the

1870 3008 60 21 other
1942 3007 75 25 Lodge.

1898 3045 105 20 Accounts
2022 3043 123 27 amounting
2163 3045 22 20 to
2203 3045 43 21 £18
2262 3046 25 21 Os
2303 3046 27 22 6d
2344 3052 52 16 were

1873 3081 75 26 passed
1957 3082 32 18 for
1997 3082 106 24 payment.

1900 3118 18 20 A
1935 3119 47 19 vote
2000 3119 22 18 of
2040 3116 78 22 thanks
2138 3124 42 14 was
2197 3119 98 23 accorded
2317 3121 22 20 to
2361 3119 36 22 the

1873 3155 81 20 D.G.M.
1965 3156 32 18 for
2004 3154 33 20 his
2048 3154 130 22 attendance.
2205 3156 27 21 In
2241 3156 99 26 replying,
2349 3156 48 21 that

1872 3192 116 23 gentlemen
2005 3191 106 25 expressed
2131 3191 35 21 the
2184 3194 59 23 greit
2262 3193 92 26 pleasure
2376 3192 18 22 it

1873 3234 52 19 gave
1933 3227 46 19 him
1989 3229 22 18 to
2019 3227 26 20 be
2053 3229 85 23 present
2148 3234 27 14 on
2186 3229 35 19 the
2230 3230 103 20 oooasion.

1898 3264 45 20 The
1960 3264 54 20 total
2032 3264 88 25 receipts
2136 3264 33 21 for
2184 3265 37 21 the
2239 3266 88 26 evening
2344 3271 50 15 were

1873 3301 41 20 £39
1924 3302 23 20 7s
1957 3300 32 21 3d.
2022 3292 1 3 '
2163 3292 5 6 ''
2188 3320 4 6 ,
2262 3324 1 2 .

1901 3338 44 20 The
1953 3338 69 25 Lodge
2032 3343 41 15 was
2087 3338 68 21 closed
2163 3338 23 21 m
2197 3338 39 21 due
2245 3339 62 23 form.

2060 3405 151 26 CUST.

1900 3464 124 21 Following
2034 3470 26 13 on
2070 3464 36 20 the
2122 3470 81 16 success
2213 3466 94 21 attained
2323 3466 26 26 by
2363 3466 35 22 the

1874 3501 92 20 scholars
1983 3501 21 19 of
2013 3500 35 21 the
2064 3500 84 22 Church
2163 3502 21 21 of
2198 3503 100 25 England
2313 3504 84 24 Sunday

1875 3537 75 21 School
1959 3537 23 19 m
1998 3537 36 20 the
2043 3537 102 21 Diocesan
2162 3539 151 26 examination,
2330 3544 67 16 comes

1875 3574 35 20 the
1920 3574 133 25 satisfactory
2062 3574 137 22 iaformation
2215 3576 29 26 (m
2255 3577 35 19 the
2305 3580 4 8 '
2317 3576 82 22 Church

1875 3610 60 20 News
1942 3610 5 9 '
1956 3610 32 19 for
1996 3610 42 20 this
2047 3612 83 26 month)
2147 3612 47 21 that
2204 3612 36 22 the
2250 3615 40 19 two
2308 3613 91 21 teachers

1875 3648 46 19 who
1938 3647 109 26 presented
2062 3648 123 22 themselves
2201 3651 55 20 from
2271 3650 43 22 this
2328 3649 71 22 Sohool

1875 3685 32 19 for
1917 3685 35 19 the
1961 3685 104 20 Diocesan
2072 3685 108 22 Teachers'
2189 3687 151 20 Examination
2349 3687 50 20 have

1877 3721 49 25 duly
1943 3721 81 26 passed.
2061 3723 53 20 Miss
2133 3724 24 19 A.
2175 3723 24 21 0.
2220 3724 84 25 Searles,
2324 3723 75 24 having

1876 3758 64 20 taken
1956 3758 35 20 the
2001 3760 143 18 examination
2156 3760 33 18 for
2198 3760 36 18 the
2243 3760 76 18 Junior
2335 3760 64 18 Grade

609 41 133 23 OXFORD
777 41 67 23 AND
879 41 84 23 CUST
998 38 185 26 OBSERVER,
1220 37 185 27 SATURDAY,
1440 32 152 27 OCTOBER
1625 34 22 26 5,
1683 33 60 25 1889

772 156 272 33 NOTICE.

651 219 8 15 r
666 219 9 16 I
682 218 50 20 VSE
746 219 137 20 well-known
892 219 96 25 position
997 218 23 21 of
1024 219 39 20 the
1073 218 97 26 Proprie-

658 248 26 10 -■-
718 246 35 19 tor
762 247 19 18 is
791 253 13 12 a
814 246 107 20 sufficient
934 247 120 24 guarantee
1064 246 51 19 that
1127 252 44 19 any

650 272 110 19 contracts
770 272 120 20 connected
902 272 55 19 with
966 272 45 19 this
1021 272 92 22 Journal
1126 272 46 19 will

650 297 27 20 be
688 298 88 25 strictly
786 299 44 19 and
839 298 120 24 honorably
969 298 85 20 carried
1063 299 44 19 out.

677 324 47 19 The
739 324 88 21 Printer
841 325 44 20 and
897 324 117 20 Publisher
1026 325 78 19 wishes
1117 324 19 20 it
1148 324 24 19 to

651 350 26 20 be
697 350 81 26 clearly
796 351 133 20 xinderstood
943 351 51 20 that
1006 351 28 20 he
1049 351 18 19 is
1081 352 39 19 not
1134 350 38 21 the

651 377 84 20 Editor.

678 404 37 19 All
729 404 200 24 communications,
945 404 90 25 reports,
1052 404 42 24 &c,
1113 404 61 19 must

651 430 27 21 be
688 430 119 21 addressed
816 432 23 19 to
929 430 78 21 Editor
1023 430 94 21 'Oxford
1129 430 45 20 and

651 458 56 19 Cust
716 458 123 24 Observer,'
850 458 56 19 East

678 483 46 20 The
735 483 77 20 Editor
823 484 50 19 does
886 484 40 19 not
935 483 54 20 bind
1002 482 89 21 himself
1099 484 23 19 to
1141 488 32 14 re-

651 510 53 20 turn
713 510 98 26 rejected
819 510 141 25 manuscript.
990 509 37 20 All
1040 510 80 19 letters
1130 509 44 20 and

651 538 64 19 other
732 536 197 21 communications
953 538 60 19 must
1022 537 27 20 be
1062 536 112 20 authenti-

652 564 65 20 cated
728 564 30 24 by
767 564 38 19 the
816 564 112 25 signature
938 563 25 20 of
972 564 39 19 the
1020 564 92 23 -writers,
1135 564 40 18 not

651 590 132 25 necessarily
797 590 34 20 for
844 589 136 26 publication
1000 590 42 19 but
1055 595 24 14 as
1089 595 14 13 a
1111 589 63 20 mark

652 617 23 19 of
684 617 57 25 good
749 616 63 20 faith.

678 644 46 18 The
734 642 78 20 Editor
818 642 50 20 does
879 643 39 19 not
924 642 54 20 hold
986 641 90 20 himself
1084 647 90 20 respon-

652 670 55 19 sible
716 670 36 19 for
764 669 40 20 the
814 669 99 25 opinions
926 668 117 26 expressed
1056 668 30 26 by
1095 674 79 14 corres-

651 696 116 26 pondents.
795 695 37 20 All
842 695 78 20 shades
929 695 23 20 of
959 695 88 26 opinion
1053 694 58 20 shall
1119 694 56 20 have

652 723 65 25 equal
734 722 181 26 representation,
940 722 107 26 provided
1065 722 54 25 they
1138 727 37 14 are

652 750 117 25 expressed
778 749 24 19 m
811 750 121 24 temperate
941 750 117 24 language.

150 159 301 52 NOTICE.

45 246 84 50 ON-
134 246 47 24 and
193 246 60 23 after
263 246 41 22 the
315 244 54 24 first
376 244 43 29 day
429 244 25 24 of
461 244 100 24 October

132 276 234 26 TRESPASSERS
389 276 57 23 with
468 277 46 29 dog
536 283 26 16 or

43 319 49 22 gun
103 318 32 16 on
146 311 42 23 the
200 309 90 29 Ashley
301 308 80 30 Gorge
398 308 93 24 Station
513 306 49 25 will

43 343 28 24 be
82 341 147 32 prosecuted.
258 341 13 23 I
282 342 59 22 have
353 340 49 24 also
413 340 50 24 laid
475 341 88 23 Poison

43 376 37 24 for
92 376 74 30 Dogs.

167 417 30 25 A.
209 414 214 29 HENDERSON,
441 415 121 31 Manager.

87 540 172 33 OXFORD
280 539 115 31 ROAD
417 539 112 30 BOAD

207 621 19 23 is
237 620 87 31 hereby
336 620 69 31 given
416 619 54 23 that
486 620 38 22 Mr
536 618 28 24 C.

45 644 41 23 -^
127 654 34 25 M.
174 653 81 30 Lugar
265 653 45 23 has
322 652 59 24 been
392 651 130 31 appointed
532 651 32 30 by

44 687 42 24 the
99 686 89 24 Oxford
196 685 67 24 Road
275 684 78 24 Board
361 685 55 29 Dog
422 684 95 30 Ranger
525 683 37 24 for

45 720 40 23 the
98 718 88 25 Oxford
198 717 66 25 Road
282 717 99 24 District
401 716 36 25 for
456 716 42 24 the
509 724 51 23 pre-

46 754 53 22 sent
110 759 62 22 year.

47 848 83 24 Notice
141 849 20 23 is
167 848 87 29 hereby
261 846 68 30 given
341 846 52 24 that
400 844 40 25 Mr
445 844 27 24 T.
480 844 84 24 Cleeve

43 882 42 22 has
97 882 60 22 been
168 879 123 31 appointed
302 879 32 29 by
345 879 39 22 the
397 877 89 24 Oxford
498 877 66 23 Road

44 912 79 24 Board
132 912 171 29 Poundkeeper
323 915 24 19 to
365 911 39 23 the
424 909 65 25 View
510 908 52 25 Hill

45 945 93 24 Pound.

125 1049 91 26 EYRE
244 1048 124 25 WATER
384 1048 95 24 RACE.

202 1115 22 25 is
234 1114 88 31 hereby
332 1113 70 31 given
414 1113 53 23 that
478 1112 85 23 Water

43 1137 40 24 •^
123 1148 27 23 m
162 1148 42 24 the
223 1147 84 27 Races,
328 1145 48 25 will
391 1145 30 24 be
432 1144 87 25 turned
531 1143 34 26 off

41 1180 69 26 from.
117 1180 119 31 Monday,-
247 1177 103 25 October
369 1178 51 27 7th,
439 1176 63 25 until
521 1176 42 24 the

42 1212 122 30 following
175 1210 155 31 Wednesday,
361 1210 47 24 and
420 1209 33 24 all
463 1215 99 24 persons

41 1244 80 25 whose
141 1245 75 22 Races
238 1240 59 26 have
319 1243 44 22 not
385 1241 97 31 already
501 1240 59 23 been

41 1275 100 28 cleared,
161 1276 67 23 must
245 1275 40 30 get
303 1274 68 24 them
393 1273 62 25 done
477 1272 84 25 within

40 1309 52 24 that
103 1308 67 25 time.

144 1349 108 26 JAMES
269 1348 34 25 H.
322 1347 142 28 SHARPE,

268 1388 69 27 Clerk
348 1392 25 22 to
384 1387 43 27 the
438 1389 89 24 Board.

42 1480 47 24 Qi
100 1479 46 25 Ql
163 1476 89 21 AOEES
271 1475 35 21 OF
323 1474 75 21 VERY
406 1474 72 21 EICH
485 1473 77 21 LAND

42 1495 109 31 OXOf
231 1505 36 21 TO
284 1504 62 24 LET,

42 1560 57 25 Two
111 1560 68 24 Miles
190 1559 61 23 from
268 1557 60 24 East
346 1554 91 26 Oxford
455 1556 106 31 Railway

256 1594 99 26 Station.

49 1655 97 24 TOHN
169 1653 132 26 INGRAM
333 1655 42 21 has
396 1651 107 25 received
525 1651 35 24 in-

42 1684 26 16 **
99 1688 125 23 structions
235 1686 61 23 froni
309 1684 93 25 Wilson
414 1684 84 23 Fisher
508 1684 51 30 Esp

42 1721 24 22 to
77 1719 73 24 invite
162 1718 128 25 OFFERS
303 1717 36 25 for
361 1716 111 25 SEVEN
484 1716 78 24 Years

42 1752 77 24 Lease
130 1752 26 23 of
164 1752 54 23 that
230 1750 97 24 Portion
339 1749 26 24 of
373 1748 39 25 his
424 1748 94 24 FARM
529 1756 31 15 on

42 1784 40 25 the
94 1785 50 23 east
156 1783 49 27 side
217 1783 25 24 of
251 1782 49 27 the.
304 1781 88 32 Ashley
404 1782 78 29 Gorge
493 1780 66 28 road,

42 1817 141 30 containing
193 1817 71 22 about
287 1814 64 33 818^
370 1814 80 27 Acres,
474 1813 26 24 of
520 1813 39 24 the

42 1850 51 23 best
103 1851 54 28 part
169 1848 26 24 of
204 1848 38 24 the
259 1847 60 24 farm
338 1846 48 25 and
409 1846 40 25 the
470 1845 90 24 richest

42 1881 58 24 land
110 1881 27 24 m
148 1881 42 24 the
202 1880 101 24 district.

73 1938 134 26 Paticulars
216 1941 24 22 to
252 1938 29 23 be
292 1945 56 16 seen
359 1939 25 22 at
395 1944 40 24 my
445 1936 75 25 office.

72 1997 78 25 Offers
160 1999 25 22 to
197 1996 29 25 be
238 1997 54 23 sent
302 1996 34 28 m,
348 1994 126 26 addressed
484 1995 24 23 io
523 2003 37 15 me

35 2038 32 16 on
80 2037 26 16 or
116 2030 80 24 before
208 2030 39 24 the
259 2029 59 23 10th
324 2028 45 31 day
379 2027 27 24 of
416 2027 109 24 October.

211 2071 87 28 JOIfN
316 2069 143 25 INGRAM.

100 2104 142 25 Auctioneer
252 2103 50 24 and
311 2103 85 24 Estate
408 2102 86 30 Agent,

426 2133 98 25 Oxford.

35 2201 306 49 BALANCE-SHEET
353 2202 26 25 of
389 2203 40 24 the
440 2201 113 24 Perform

106 2243 51 15 ance
165 2237 33 20 for
206 2236 36 22 the
249 2236 76 20 benefit
335 2236 22 19 of
364 2235 41 20 Mb.
414 2234 25 21 E.
449 2235 104 20 Rossitek

221 2272 146 22 RECEIPTS.

247 2321 2 2 .
281 2322 2 3 .
470 2303 14 19 £
503 2307 16 15 a.
538 2302 21 21 a.

32 2331 57 21 Cash
97 2330 63 22 Uften
169 2328 30 24 '&£
203 2331 35 21 the
247 2330 56 21 Door
314 2344 23 7 „.
392 2343 24 7 ...
468 2329 13 19 5
494 2330 24 19 13
544 2329 13 19 0

33 2358 83 21 Tickets
125 2358 77 20 Sold—

110 2385 31 24 By
151 2385 39 20 Mr.
200 2384 23 21 P.
231 2382 68 22 Smith
467 2382 51 18 12
544 2381 14 20 0

120 2425 12 9 „
160 2424 12 10 „
197 2409 88 25 N.Daly
289 2409 43 20 --.:.
389 2423 23 6 ...
468 2407 10 19 1
493 2407 25 20 11
544 2406 14 21 0

120 2452 12 8 „
160 2445 14 15 „•
198 2436 121 20 Waterman
388 2448 23 7 ...
504 2434 14 19 2
544 2434 13 20 0

120 2479 12 7 „
160 2479 11 7 „
198 2462 24 20 H.
230 2460 72 21 Fisher
506 2460 11 20 6
543 2460 14 20 0

120 2505 11 8 „
160 2504 12 8 „
200 2489 21 20 O.
231 2488 19 20 J.
260 2488 58 19 Dora
388 2501 23 7 ...
466 2487 51 20 19
544 2487 13 19 6

119 2531 13 10 „
161 2530 15 10 „
203 2514 108 26 Weylandt
388 2528 23 5 ...
492 2513 25 20 17
544 2513 13 20 0

119 2558 12 9 „
161 2557 12 9 „
200 2541 17 20 I.
226 2541 75 20 Morris
492 2540 25 19 17
544 2540 14 21 Q

119 2584 12 9 „
159 2583 13 10 „
197 2566 76 24 Parish
310 2582 23 7 ...
389 2580 22 7 ...
505 2566 12 20 9
543 2566 14 20 0

119 2611 13 8 
160 2609 12 10 
199 2593 93 20 Mitchell
505 2593 12 19 2
544 2592 13 20 0

117 2637 15 9 „
160 2636 12 10 „
200 2621 28 20 H.
238 2620 21 20 J.
270 2620 89 25 Laming
389 2634 22 6 ...
466 2620 51 19 14
543 2619 14 20 0

119 2664 11 8 „
159 2648 58 24 „J.
228 2643 107 28 Lough...
391 2660 23 6 ...
504 2646 13 19 4
543 2645 14 20 0

30 2676 32 24 By
77 2674 147 22 Contribution
234 2674 54 19 from
304 2672 33 21 Mr
346 2672 25 20 B.
384 2671 28 21 H.

134 2700 75 22 Parish
465 2698 13 20 2
504 2698 13 19 2
544 2698 13 20 0

435 2751 42 20 £15
493 2751 24 19 18
544 2751 13 20 6

187 2804 211 23 EXPENDITURE.

470 2830 15 20 £
503 2834 15 16 s.
538 2829 19 21 d.

30 2859 93 25 Railway
132 2865 3 3 •
141 2859 71 22 Faras,
233 2859 56 19 Rent
312 2857 22 19 of
357 2856 58 23 Hall,

105 2902 2 2 .
136 2883 97 22 Author's
242 2884 55 22 Fees,
308 2883 43 23 &c,
390 2897 22 5 ...
467 2882 52 20 314
546 2883 12 19 0

31 2912 96 24 Printing
136 2911 43 21 and
188 2909 132 24 Advertising
391 2923 23 5 ...
467 2909 13 19 2
507 2909 11 18 2
544 2909 14 19 0

451 2961 28 20 £5
494 2961 24 19 16
545 2961 15 21 0

58 3017 45 21 The
120 3017 100 24 Manager
238 3015 59 22 takes
318 3014 42 21 this
382 3013 136 26 opportunity
536 3013 22 20 of

32 3049 109 25 thanking,
158 3054 27 15 on
195 3047 71 21 behalf
282 3047 21 19 of
313 3047 33 19 Mr
355 3045 111 21 Rossiter's
477 3044 80 24 family,

32 3081 60 21 those
101 3080 66 20 ladies
177 3079 41 21 and
234 3078 117 26 gentlemen
361 3076 46 21 who
416 3076 49 21 took
474 3076 48 25 part
536 3074 22 21 m

32 3113 36 22 the
83 3113 151 22 Performance,
254 3109 42 21 and
312 3110 45 20 also
374 3108 60 20 those
450 3107 46 20 who
514 3107 44 20 sold

33 3145 80 23 tickets,
123 3146 35 19 for.
163 3144 56 21 their
230 3142 121 21 assistance.

33 3207 183 31 AGENTS
232 3206 86 30 FOR
332 3203 91 31 THE
444 3202 112 30 SALE

102 3251 57 29 OF
179 3248 106 31 THIS
307 3246 197 30 PAPER.—

32 3309 52 20 Oust
423 3303 34 20 Mr
468 3302 90 26 Bradley

454 3341 34 19 Mr
494 3340 64 25 Early

32 3382 111 23 Bennett's
455 3377 44 21 Mrs
508 3377 52 19 Farr

32 3420 80 22 Oxford
120 3420 52 20 East
409 3415 23 23 F,
438 3414 122 20 Waterman

34 3457 80 21 Oxford
123 3456 49 20 Wes
175 3456 4 10 1
179 3461 3 12 :
453 3451 25 19 R.
486 3450 74 19 Fisher

440 3487 35 19 Mr
484 3485 76 20 Ancall

31 3508 122 45 Oxford".'
438 3521 120 21 O.J.Dorn

31 3569 56 20 View
95 3567 46 21 Hill
442 3559 33 19 Mr
484 3558 75 19 Elliott

31 3605 108 26 BSangiora
438 3596 35 19 Mr
482 3594 76 20 Morral

30 3641 110 22 Woodend
429 3632 129 25 MrDoggett

29 3679 89 25 Kaiapoi
160 3671 3 9 '
402 3668 156 22 Mrßobilliard

29 3715 150 21 Christchurch
449 3707 34 20 Mr
492 3706 64 20 Gates

27 3753 79 19 Nelson
440 3744 33 19 Mr
482 3743 22 20 A.
515 3742 42 20 Dee

28 3788 108 24 Westport
404 3781 34 22 Mr
446 3781 25 21 E.
482 3779 73 22 Fisher
