2420 3844
193 182 222 21 COMMERCIAL.

411 237 69 25 Office,

336 270 82 24 Friday
427 269 107 26 Evening.

69 309 42 20 Mb.
125 309 56 19 John
195 308 83 18 Ingram
291 309 78 21 reports
380 306 45 18 that
435 306 25 19 he
469 307 48 19 held
527 306 31 20 his

41 340 61 19 usual
111 338 122 25 fortnightly
243 338 41 19 sale
292 342 27 14 on
330 337 107 24 Thursday
447 337 46 23 last,
501 337 57 20 when

41 370 58 20 there
107 375 41 15 was
158 377 13 13 a
179 370 55 23 large
244 368 126 21 attendance.

68 405 45 20 The
131 404 87 21 demand
235 404 31 20 for
289 404 57 25 dairy
369 404 61 20 cattle
449 410 42 14 was
513 411 45 18 very

40 437 88 23 limited,
137 437 44 20 and
190 442 27 13 no
226 436 62 25 slieep
298 441 51 14 were
358 436 87 19 entered.

68 473 43 20 The
120 472 106 24 following
235 472 50 19 lines
298 478 51 14 were
363 472 94 25 disposed
466 474 21 19 of
494 479 5 14 :
500 484 27 4 —
528 473 30 19 On

41 504 89 19 account
139 504 21 19 of
169 503 33 20 Mr
211 503 88 19 M'Nabb
306 509 5 13 :
331 503 50 24 pigs,
395 503 52 19 from
458 505 22 19 7s
496 505 20 18 to
527 504 31 19 103

41 535 56 19 each.
131 534 31 19 On
177 535 86 18 account
277 535 22 18 of
313 533 32 19 Mr
355 533 73 20 Powell
437 540 4 12 :
462 539 96 18 weane?s,

41 564 54 20 from
104 564 22 21 5a
135 566 22 18 to
165 565 24 20 7s
198 564 56 20 each.
283 564 32 20 On
325 565 86 19 account
420 565 21 19 of
456 565 32 19 Mr
498 565 60 19 Shar-

42 601 62 14 man:
118 596 60 19 small
188 595 50 25 pigs,
249 596 53 18 from
311 596 23 18 Ss
345 597 20 16 to
375 596 22 19 9s
407 595 26 20 6d
442 596 56 20 each.
526 596 32 19 On

42 628 87 18 account
143 627 21 19 of
173 627 33 19 Mr
218 626 71 19 Fisher
296 633 5 13 :
322 627 11 18 1
343 626 63 20 milch
421 632 48 19 cow,
486 627 22 19 at
518 627 27 19 £3
553 634 5 16 ;

42 658 40 19 two
97 658 108 24 yearlings,
219 659 21 19 at
257 658 34 20 19s
301 658 56 20 each.
398 657 32 20 On
440 659 87 18 account
537 658 21 18 of

36 687 38 20 .Mr
84 688 83 21 Wilkie:
187 689 109 23 yearlings,
311 690 23 19 at
344 689 34 20 193
388 688 56 20 each.
484 689 32 18 On
527 695 31 14 ac-

36 720 68 19 count
113 719 22 20 of
144 721 33 18 Mr
188 719 104 21 M'Grath.
306 720 11 19 1
327 719 64 19 milch
401 726 46 16 cow,
458 719 28 20 £3
497 720 41 20 15s.

66 756 97 20 Potatoes
181 756 87 24 brought
285 756 54 19 from
357 756 22 20 5s
397 756 26 20 8d
439 756 23 19 to
479 756 24 21 7a
524 763 34 19 per

39 787 58 20 'sack.

68 824 64 20 Grass
143 824 45 21 seed
198 824 44 20 sold
252 825 22 19 at
284 825 22 19 2s
315 824 12 20 9
330 824 12 20 d
351 830 37 18 per
402 823 72 22 bushel
480 831 6 17 ;
507 825 51 24 oats,

42 855 54 19 fiorn
104 856 24 19 2s
136 856 28 19 4d
172 857 22 18 to
205 855 23 20 2s
237 855 27 20 9d
270 861 35 19 per
314 855 77 20 bushel.

68 892 17 19 A
107 892 30 19 lot
159 892 22 20 of
202 891 93 20 sundries
317 891 88 25 brought
429 893 129 24 satisfactory

40 923 72 21 prices.

146 974 169 17 MELBOURNE
325 974 130 17 MARKETS.

65 1012 49 19 This
123 1014 5 8 '
136 1012 144 20 Australasian
288 1013 4 8 '
307 1013 78 24 reports
401 1017 28 15 on
444 1012 37 21 the
496 1012 63 20 above

40 1043 79 20 market
127 1048 22 15 as
159 1042 79 21 follows
246 1051 5 12 :
253 1054 25 4 —

66 1079 42 19 Our
117 1079 57 20 cable
183 1084 101 21 messages
295 1080 107 25 regarding
418 1080 36 20 the
466 1080 91 26 English

37 1110 44 19 and
89 1110 78 24 foreign
178 1110 65 20 wheat
260 1111 90 20 markets
360 1111 56 20 show
430 1112 53 19 little
493 1117 22 14 or
529 1118 28 13 no

37 1140 78 25 change
131 1141 31 19 for
174 1141 34 20 the
225 1142 59 22 week,
302 1142 34 20 the
354 1143 108 20 American
477 1143 80 22 market

36 1172 60 19 alone
106 1172 95 26 showing
210 1179 41 18 any
265 1173 155 26 improvement.
447 1174 43 20 The
505 1176 52 19 mail

36 1207 55 14 newß
108 1204 106 19 continues
229 1205 21 18 to
260 1204 55 20 show
332 1205 45 19 that
393 1205 55 25 large
462 1206 94 21 harvests

35 1239 34 13 are
84 1235 97 23 expected
195 1235 21 18 m
232 1235 72 24 nearly
321 1236 29 18 all
364 1236 110 25 European
489 1237 66 20 wheat

34 1264 107 24 exporting
169 1265 109 24 countries,
310 1265 35 21 the
366 1267 54 19 chief
448 1269 106 24 exception

33 1293 61 25 being
116 1296 191 25 Austro-Hungary,
333 1298 78 24 though
434 1304 49 15 even
497 1300 57 20 there

34 1324 35 20 the
78 1331 49 19 crop
138 1327 17 18 is
170 1327 97 24 expected
277 1329 21 18 to
308 1327 24 20 be
347 1329 64 19 better
419 1329 53 20 than
481 1336 41 14 was
531 1332 23 19 at

32 1355 45 20 first
94 1358 108 23 supposed.
244 1358 31 19 On
290 1365 37 13 our
336 1366 46 12 own
392 1360 42 20 side
444 1361 35 19 the
488 1361 66 20 wheat

34 1392 48 20 crop
91 1387 23 19 m
125 1387 89 20 Victoria
221 1388 18 19 is
249 1389 62 25 likely
321 1391 21 18 to
350 1391 23 18 be
382 1397 13 14 a
404 1397 47 20 very
458 1392 96 25 plentiful

34 1424 45 18 one,
95 1419 60 20 while
171 1420 23 19 m
204 1420 68 20 South
287 1422 105 20 Australia
401 1428 39 14 one
449 1424 105 25 authority

32 1451 81 24 expects
125 1451 34 20 the
169 1452 81 20 harvest
261 1456 21 17 to
298 1459 84 19 average
392 1454 24 20 12
427 1455 81 20 bushels
518 1462 35 19 per

34 1488 52 17 aore,
96 1482 67 20 which
181 1484 64 19 would
254 1490 60 14 mean
329 1491 12 13 a
350 1486 55 24 yield
413 1493 47 12 over
469 1488 84 23 600,000

34 1513 54 23 tons,
98 1514 66 20 which
174 1515 67 19 would
250 1515 57 21 leave
323 1522 12 14 a
345 1522 47 19 very
401 1517 55 25 large
472 1520 82 23 export-

34 1545 46 19 able
96 1547 82 24 surplus
187 1546 79 25 indeed,
280 1547 41 20 and
331 1547 47 21 thus
387 1548 17 20 it
413 1548 18 20 is
448 1548 106 27 becoming

34 1580 57 16 more
105 1577 42 20 and
156 1583 56 14 more
228 1578 80 21 evident
324 1579 45 20 that
385 1579 35 20 the
434 1580 119 21 Australian

34 1608 90 19 markets
134 1608 40 20 will
183 1615 33 13 ere
229 1609 48 25 long
286 1611 52 19 have
348 1613 21 18 to
378 1611 24 20 be
417 1613 100 23 governed
526 1612 62 25 by***"'"

34 1636 59 21 Mark
101 1639 58 20 Lane
166 1641 123 24 quotations.

60 1679 129 26 Concerning
199 1682 90 25 supplies
305 1684 41 19 and
362 1684 35 21 the
414 1686 53 19 state
482 1686 21 19 of
518 1686 35 20 the

32 1710 88 20 London
139 1713 43 19 and
200 1714 77 24 foreign
299 1715 96 20 markets,
418 1722 38 14 our
478 1717 75 26 special

32 1741 88 20 London
126 1745 158 24 correspondent
291 1746 115 25 telegraphs
415 1753 4 13 :
448 1743 104 28 Thelaver-

33 1778 37 17 age
79 1773 54 24 price
143 1775 21 19 at
174 1775 60 19 Mark
242 1776 56 19 Lane
312 1778 21 18 of
342 1778 89 24 English
442 1779 35 20 red
486 1779 66 21 w.heat
576 1777 12 31 /

32 1803 19 20 is
60 1804 36 19 30s
105 1811 35 19 per
157 1808 87 23 quarter.
286 1808 45 21 The
342 1815 60 19 cargo
414 1811 25 23 .of
448 1811 67 20 wheat
524 1811 26 24 by
566 1795 21 43 /

33 1836 37 19 the
79 1836 125 26 Earlscoiirt,
215 1839 55 19 from
279 1840 48 20 New
337 1841 97 24 Zealand,
449 1842 39 20 has
501 1829 72 34 been/

34 1867 45 20 sold
88 1869 22 18 at
120 1869 35 19 32s
164 1870 26 19 6d
199 1875 35 19 per
242 1872 45 20 4801
287 1872 23 20 b.
336 1872 44 19 The
388 1873 89 25 English
486 1874 70 21 wheat'

33 1900 81 19 market
129 1900 115 26 isiiieless;
265 1902 34 20 the
315 1903 133 21 Continental
463 1891 90 35 market!
565 1905 18 15 '•■

33 1935 35 14 are
91 1931 120 25 unchanged
220 1940 4 17 ;
251 1934 35 20 the
309 1935 109 20 American
440 1936 79 21 market
533 1936 19 26 js

32 1962 77 25 steady.

58 2003 90 26 Locally,
165 2005 34 20 the
215 2006 122 21 breadstuffs
352 2008 79 21 market
446 2009 39 20 has
499 2010 51 20 been

30 2039 49 19 very
86 2036 55 23 quiet
150 2037 41 19 and
200 2037 94 24 inactive,
306 2039 43 19 and
357 2039 23 18 m
390 2039 35 19 the
434 2041 86 19 absence
528 2041 23 19 bf

32 2070 43 19 any
89 2066 56 25 large
155 2068 139 20 transactions
310 2069 16 19 it
335 2070 19 19 is
364 2070 86 20 difficult
459 2072 22 19 to
491 2073 60 23 quote

30 2096 77 21 values.
134 2098 110 26 Generally
253 2100 35 20 the
296 2101 66 20 wheat
373 2102 79 21 market
461 2103 67 20 shows
532 2094 18 30 'a

30 2128 103 26 declining
143 2131 106 25 tendency.
289 2133 59 20 Good
362 2135 80 24 milling
452 2135 38 20 has
500 2135 50 21 been

29 2160 79 23 quitted
125 2162 22 19 at
161 2162 53 20 from
233 2163 23 19 5b
271 2164 25 19 3d
311 2170 28 20 up
353 2166 22 19 to
384 2166 23 20 5s
423 2166 39 24 4d.,
472 2163 83 29 though';

28 2197 58 14 some
101 2194 78 23 parcels
195 2194 52 20 have
260 2195 92 25 changed
369 2196 67 20 hands
450 2199 22 18 at
482 2199 23 19 5s
515 2199 33 19 2d.
561 2195 13 23 \

27 2223 27 19 At
65 2224 83 19 auction
158 2225 22 19 5s
189 2225 25 20 2d
225 2232 40 14 was
274 2228 96 24 accepted
377 2229 32 19 for
421 2235 13 13 a
443 2230 61 20 small
513 2230 35 20 lot.
575 2219 12 20 *'•

27 2253 88 21 Inferior
122 2255 48 21 New
180 2256 92 21 Zealand
282 2258 67 20 wheat
359 2259 39 20 has
407 2260 49 19 been
467 2262 45 19 sold
527 2263 22 19 at

26 2286 23 19 4s
69 2286 41 24 9d.,
128 2289 36 18 but
179 2290 47 22 only
241 2290 32 19 for
288 2296 12 13 a
315 2291 61 19 small
392 2292 73 24 parcel.
505 2293 44 20 The

27 2316 87 22 demand
130 2319 32 19 for
178 2321 53 19 flour
248 2323 45 19 also
307 2322 108 20 continues
429 2324 62 25 quiet,
507 2324 41 20 and

27 2349 49 24 only
86 2351 109 19 small'lots
205 2352 53 19 have
267 2353 92 24 changed
368 2354 73 21 hands.
481 2356 67 19 Prices

27 2381 56 19 show
90 2387 28 12 no
127 2382 84 24 change.

52 2420 25 21 In
87 2427 39 16 our
135 2423 45 20 feed
189 2423 59 25 grain
257 2425 81 21 market
347 2426 95 21 business
451 2427 37 21 hns
498 2429 50 19 been

26 2456 68 16 rather
101 2455 49 18 <-«vii.
192 2457 65 19 There
267 2457 39 20 has
321 2458 51 20 been
382 2465 12 13 a
403 2460 41 19 fair
460 2460 88 21 demand

26 2486 32 18 for
68 2486 75 24 barley.
184 2488 48 19 New
242 2488 92 21 Zealand
350 2490 89 25 malting
448 2491 39 20 has
496 2491 51 21 been

26 2517 79 23 quitted
122 2520 21 17 at
160 2519 54 19 from
230 2520 23 18 5s
267 2522 21 17 to
304 2521 23 19 5s
343 2521 39 24 Id.,
401 2523 41 19 and
456 2523 55 25 Cape
525 2524 22 19 at

26 2548 51 20 from
93 2549 23 19 3s
134 2549 39 20 lid
188 2552 21 18 to
219 2550 30 20 4s.
288 2552 67 19 There
365 2553 37 20 haß
418 2554 51 19 been
480 2561 12 13 a
507 2556 41 19 fair

26 2579 88 21 demand
122 2581 32 20 for
164 2583 52 20 oats.
256 2583 58 20 Good
331 2584 97 26 ordinary
438 2585 48 21 New
498 2586 49 20 Zea-

26 2611 49 20 land
83 2611 53 21 have
145 2612 42 20 had
196 2613 53 20 sales
259 2616 22 18 at
289 2615 53 19 from
354 2616 22 19 3s
387 2617 40 19 lOd
436 2618 21 18 to
468 2618 22 19 3s
500 2618 47 23 lid,

26 2648 24 14 ex
58 2643 74 24 wharf,
142 2644 42 20 and
190 2645 31 19 for
230 2651 47 20 very
285 2646 65 25 prime
358 2648 22 19 at
390 2653 27 20 up
428 2650 20 18 to
455 2650 24 19 3s
489 2650 58 25 ll^d.

26 2676 26 17 At
61 2675 83 20 auction
154 2676 23 19 3s
187 2677 22 19 10
211 2676 25 25 Jd
243 2683 41 14 was
291 2679 101 25 accepted.
420 2679 127 22 Tasmanian

26 2704 50 21 have
93 2705 49 21 been
157 2707 80 24 quitted
253 2709 21 19 at
289 2709 23 19 3s
329 2709 46 24 lOd,
392 2711 41 19 and
449 2711 98 25 ordinary

26 2735 104 22 Victorian
139 2737 81 21 Danish
230 2739 23 19 at
258 2739 64 23 3s,Bd.
351 2742 60 19 Some
418 2742 129 20 Californian

26 2768 43 19 oats
79 2768 52 21 have
147 2770 44 20 also
201 2771 50 20 been
268 2772 79 24 quitted
357 2773 23 19 m
397 2774 61 20 small
468 2774 40 20 lots
525 2775 22 19 at

26 2800 75 21 3slod.

99 2890 136 25 OXFORD
253 2891 88 24 ROAD
359 2892 122 25 BOARD.

57 2955 55 23 The
125 2956 117 31 Ordinary
251 2956 109 32 Meeting
371 2957 26 25 of
406 2958 50 25 this
467 2959 81 26 Board

24 2996 48 16 was
84 2988 58 23 held
152 2996 33 16 on
196 2989 118 31 Tuesday,
327 2990 52 23 Oct.
393 2991 56 24 2nd.

58 3020 52 24 The
122 3020 70 24 Clerk
200 3022 134 29 apologised
346 3023 35 23 for
392 3023 42 23 the
446 3023 100 24 absence

25 3053 27 24 of
67 3053 41 23 the
127 3053 132 24 Chairman
277 3055 52 22 who
349 3062 49 16 was
418 3056 86 32 unable
522 3058 25 22 to

25 3085 91 29 attend,
138 3086 47 24 and
197 3086 73 25 asked
288 3086 36 25 for
335 3087 66 25 leave
413 3088 24 23 of
447 3088 101 25 absence

25 3119 78 23 which
115 3127 48 16 was
174 3120 107 30 granted.

60 3151 46 24 Mr.
127 3152 81 24 Booth
228 3160 49 17 was
297 3153 56 24 then
372 3153 71 24 voted
463 3155 24 22 to
506 3154 42 24 the

25 3184 73 24 chair.

59 3217 49 24 The
123 3217 113 24 .Minutes
258 3217 26 24 of
305 3218 40 23 the
367 3217 48 25 last
444 3219 108 31 Meeting

24 3257 61 17 were
97 3250 60 24 then
168 3251 57 24 read
237 3251 47 23 and
296 3251 125 31 approved.

58 3283 50 23 The
124 3283 122 31 following
265 3284 114 28 Tenders,
399 3285 90 30 opened
501 3286 47 24 and

26 3316 112 30 accepted
157 3316 31 31 by
206 3317 41 23 the
267 3316 132 25 Chairman
414 3318 48 23 and
481 3318 69 24 Clerk

24 3356 61 16 were
97 3349 149 29 approved:—
249 3349 111 31 Clearing
369 3350 94 30 shingle
472 3352 41 22 out
526 3351 26 24 of

26 3380 71 24 Main
116 3381 86 27 Drain,
233 3380 26 23 C.
278 3380 88 25 Blank.
438 3382 112 31 Clearing

26 3412 112 24 tussocks
159 3413 42 23 &c.
222 3420 32 16 on
272 3413 69 24 Eoad
352 3416 24 22 to
389 3414 46 24 Me.
450 3415 100 24 Grath's

26 3445 79 24 Ford:
117 3446 77 23 W.H.
209 3445 120 30 Simpson.
364 3446 59 25 Clca
435 3448 43 30 ing
489 3450 61 22 tuss-

26 3478 58 23 ocks
92 3485 32 16 on
134 3476 118 31 Wright's
264 3478 77 22 Road:
354 3479 30 23 D.
396 3479 88 25 Burke.

62 3509 97 31 Carting
179 3508 93 31 shingle
292 3518 32 15 on
343 3511 68 24 Main
435 3513 68 24 Road
519 3523 5 14 :
536 3513 15 25 J

29 3543 109 29 Gundry.

62 3574 52 23 The
126 3574 92 24 Clerk's
226 3577 79 26 report
311 3582 49 16 was
371 3575 60 24 then
437 3578 57 23 read
506 3578 47 23 and

24 3607 23 22 it
74 3613 50 16 was
145 3605 109 24 resolved
276 3607 25 22 to
323 3606 47 24 call
398 3609 96 25 tenders
516 3611 38 23 for

26 3638 136 31 .Shingling
172 3638 73 24 about
257 3639 13 22 5
284 3638 84 24 chains
386 3648 31 15 on
439 3641 113 25 Steii'en's

28 3671 70 24 Eoad
108 3679 5 20 ;
125 3671 37 23 for
184 3670 107 30 clearing
310 3678 69 22 gorse
398 3673 48 22 and
468 3674 84 32 taking

24 3702 100 31 jS'hinsle
146 3704 41 22 out
209 3709 24 16 oi
251 3702 91 31 Ashley
365 3704 78 31 Gorge
465 3706 85 29 Drain;

28 3736 38 24 for
89 3731 76 34 filling
186 3734 60 24 with
268 3735 92 30 shingle
383 3736 66 25 holes
479 3739 71 31 along

28 3768 68 26 Main
101 3765 71 27 'Komi
179 3768 106 23 between
294 3767 105 26 Parish's
408 3770 48 23 and
464 3763 87 34 Paget's

682 171 49 25 The
745 172 46 25 Sur
809 181 53 23 eyor
872 181 47 15 was
930 171 131 25 instructed
1072 173 25 21 to
1108 170 61 23 have

649 203 42 24 the
702 204 84 24 follow!
795 213 25 22 lg
840 205 66 23 work
928 205 61 23 done
1003 212 4 15 :
1009 219 33 2 —
1053 203 116 24 Boulders

649 237 43 29 put
712 237 26 23 m
757 237 67 24 holes
842 245 31 16 on
894 236 73 24 Sale's
990 236 67 24 Road
1072 244 5 20 ;
1091 234 79 29 bridge

649 276 79 16 across
748 269 59 24 Oust
819 277 30 16 on
873 269 51 24 Sfcef
927 269 59 23 fen's
1009 267 56 24 road
1087 266 61 24 built
1163 275 5 20 ;

649 300 66 30 High
729 300 78 25 Stre3fc
818 301 101 30 patched
929 301 63 23 from
1009 298 160 26 Mc.Jarrow's

649 332 67 24 Road
725 335 25 21 to
763 333 26 24 SI
798 333 89 24 idden's
896 333 92 30 cutting
1001 340 5 21 ;
1019 333 71 23 worst
1101 330 68 24 holes

649 372 31 17 on
692 364 90 32 Ashley
793 366 68 24 Road
869 365 62 24 filled
944 373 5 20 ;
962 365 51 24 side
1024 363 103 26 channel
1138 370 31 16 on

648 396 42 24 the
708 397 68 24 Main
792 398 68 24 Bush
877 397 69 24 Road
957 396 31 32 by
999 396 108 31 Moody's
1119 402 48 16 sec-

649 429 32 23 tio
694 429 101 30 cleared;
809 430 49 24 side
869 429 101 24 channel
981 431 25 22 to
1018 430 38 22 the
1075 427 94 30 cutting

648 469 55 15 near
722 462 136 31 Mounsey's
875 462 51 24 ford
948 462 98 29 opened;
1058 467 68 24 gorse
1138 467 31 16 on

648 493 133 31 plantation
793 497 25 21 at
830 495 99 22 Terrace
939 493 114 31 grubbed.

680 525 31 24 In
731 526 118 24 reference
871 528 25 21 to
919 526 96 28 turning
1037 524 42 24 the
1094 524 74 23 water

647 556 63 26 from
729 558 41 23 the
780 558 58 24 road
858 558 53 23 into
933 557 47 23 Mr.
1004 555 165 25 O'Halloran's

648 589 81 31 gravel
739 590 43 30 pit,
797 591 37 22 the
846 589 71 24 Clerk
931 597 47 15 was
1000 587 133 25 instructed
1143 589 25 21 to

647 623 61 23 have
727 622 42 24 the
781 623 65 23 work
858 622 61 24 done
931 629 29 15 on
971 621 38 24 his
1031 619 101 31 sending
1141 619 28 24 m

648 653 152 31 application.

681 686 48 24 Tiie
743 686 116 32 Surveyor
869 694 48 16 was
933 685 132 24 instructed
1086 687 25 21 to
1133 683 34 24 let

648 726 46 23 any
709 726 86 23 person
813 719 114 30 applying
938 720 24 22 to
973 718 52 23 him
1046 716 37 24 for
1104 717 65 23 work

647 750 71 24 break
729 751 73 24 metal
811 751 78 24 where
899 750 113 31 required,
1025 751 25 22 at
1073 750 34 23 2s.
1126 756 42 24 per

648 783 66 30 yard.

679 815 29 23 In
719 815 116 24 reference
847 817 25 22 to
884 815 66 24 holes
963 813 98 25 scoured
1072 816 43 22 out
1134 820 32 17 on
1190 838 2 1 .

649 846 76 25 Groin
736 850 24 21 at
771 848 101 24 Warren
891 847 69 24 Road
971 847 71 27 Ford,
1054 846 40 23 the
1105 847 61 22 mat-

647 880 37 23 ter
694 887 49 17 Avas
754 879 43 25 left
807 881 26 23 to
844 880 46 22 Mr.
903 879 27 24 P.
943 878 96 31 Wright
1059 878 48 23 and
1127 878 39 24 the

649 911 116 30 Surveyor
776 914 24 22 to
812 919 39 16 see
868 912 66 23 what
952 918 47 17 was
1017 911 52 22 best
1089 912 25 21 to
1136 909 30 24 be

647 942 68 24 done.

679 975 117 24 Resolved
804 976 52 23 that
867 975 42 24 tke
920 976 73 22 water
1000 975 27 23 m
1035 973 42 25 the
1089 973 75 25 Races

646 1006 30 25 be
686 1008 88 23 turned
785 1008 34 23 off
828 1015 31 16 on
870 1006 115 31 Saturdry
996 1006 44 24 sth
1052 1006 51 24 Oct.
1116 1006 48 23 and

645 1040 88 23 turned
745 1048 31 16 on
785 1040 70 30 again
866 1048 32 15 on
909 1039 151 31 Wednesday
1073 1038 89 24 follow-

645 1072 41 30 ing
695 1074 25 22 to
741 1072 83 25 enable
841 1073 68 23 those
920 1072 54 23 who
993 1079 62 16 were
1074 1070 89 24 unable

644 1107 26 21 to
682 1104 68 24 clean
767 1105 62 23 their
849 1106 75 22 Eaces
946 1104 88 30 during
1056 1104 40 23 the
1117 1106 47 21 wet

644 1137 111 28 weather,
767 1139 25 22 to
804 1137 29 24 do
845 1145 34 16 so.

669 1169 115 25 Resolved
795 1170 54 23 that
859 1169 40 23 Mr
911 1168 119 26 Schofield
1040 1170 28 22 be
1080 1168 82 24 allow-
1171 1170 2 3 '

644 1201 29 23 ed
685 1203 24 23 to
728 1201 70 24 make
809 1209 14 16 a
844 1209 54 16 new
915 1208 54 17 race
990 1201 76 23 inside
1078 1201 27 23 of
1124 1201 38 23 Ms

642 1233 108 31 paddock
760 1233 98 31 parallel
869 1235 24 22 to
904 1233 39 23 his
954 1233 66 24 fence
1035 1233 85 23 should
1131 1233 31 23 he

642 1265 61 23 wish
714 1267 32 27 to,
758 1266 95 24 instead
863 1266 27 24 of
898 1266 102 29 clearing
1012 1267 41 23 out
1071 1266 39 23 the
1122 1265 40 24 old

643 1297 72 24 Race.

674 1330 116 23 Resolved
799 1330 54 24 that
860 1330 39 23 Mr
908 1329 138 24 Gilchrist's
1057 1329 102 31 applica-

641 1361 52 24 tion
704 1365 25 21 to
740 1363 60 23 have
815 1362 43 24 the
879 1370 82 16 course
972 1361 25 24 of
1017 1361 42 25 the
1081 1361 81 25 Water

640 1394 65 24 Race
716 1394 96 28 altered,
825 1394 29 24 be
865 1394 101 32 granted
985 1402 30 16 on
1037 1394 123 24 condition

641 1426 54 24 that
706 1426 32 24 he
748 1426 75 24 forms
835 1427 40 23 the
882 1434 54 16 race
944 1426 105 28 himself,
1058 1426 103 24 without

641 1460 179 30 compensation
832 1459 61 24 from
905 1460 40 23 tha
957 1460 86 27 Board,
1056 1459 42 24 the
1110 1461 50 22 cost

640 1491 25 24 of
675 1492 43 23 the
729 1499 124 24 necessary
874 1492 65 24 fords
950 1493 26 23 to
987 1492 29 24 be
1039 1492 123 31 expended

640 1525 42 22 out
693 1524 26 24 of
727 1525 42 23 the
779 1532 85 23 money
875 1525 94 30 coming
980 1526 25 22 to
1023 1525 40 22 the
1080 1525 81 23 Board

640 1556 60 24 from
712 1557 41 23 the
765 1556 49 25 sale
825 1557 26 24 of
859 1557 42 24 the
913 1556 113 25 Deferred
1042 1557 119 30 Payment

642 1589 117 25 Sections.

629 1634 15 15 **,
672 1621 187 34 Repelv'etHtl^at
880 1622 42 23 the
948 1621 167 31 appointment
1138 1621 39 33 of,

640 1653 52 32 ffifgf
694 1655 27 22 T.
732 1654 86 24 Cleave
827 1654 203 31 aVpoundkeeper
1045 1655 25 23 at
1094 1654 66 24 View

630 1680 69 34 JBtill,
712 1687 47 22 and
775 1687 25 22 of
819 1687 140 30 MrALugar
981 1695 25 15 as
1019 1687 96 30 Ranger
1136 1686 27 25 of

640 1717 83 31 Dogs\
731 1718 29 24 be
771 1720 116 29 gazetted;

671 1747 279 34 The\Correspondence
968 1758 50 17 was
1036 1751 57 23 read
1113 1751 49 23 and

638 1782 138 25 considered
783 1793 28 14 :--
813 1783 73 25 From
895 1783 101 24 Holmes
1006 1784 47 23 and
1062 1783 97 31 Lough-

639 1824 48 22 rey;
699 1815 63 25 from
772 1815 138 30 Charitable
925 1817 50 23 Aid
997 1817 87 23 Board:
1096 1816 63 24 from

639 1848 38 23 Mr
686 1842 182 30 DunbarVfrom
880 1848 38 25 W.
931 1848 92 25 Stock's
1035 1848 47 24 and
1094 1848 65 25 John

639 1881 135 28 Anderson,
786 1881 37 23 res
823 1881 50 23 Pile
891 1881 95 29 Driver;
999 1881 60 23 from
1079 1881 81 23 Under

641 1913 131 31 Secretary,
782 1914 107 25 ancrjVlr.
902 1913 100 28 Verrall,
1029 1923 26 14 re
1079 1913 81 25 Storm

635 1943 86 26 'Water
729 1944 109 25 Channel
849 1948 25 22 ait
885 1946 67 24 View
963 1946 53 24 Hill
1025 1954 4 20 ;
1042 1946 60 24 from
1113 1946 46 24 Mr.
1188 1949 17 20 M

639 1977 134 31 Weylandt;
785 1978 61 23 from
854 1978 46 26 MX.
910 1979 22 22 J.
941 1979 127 23 Dohrman
1080 1988 6 20 ;
1098 1978 62 24 from
1169 1984 20 24 /

638 2010 66 23 John
715 2010 99 24 Dobson
825 2019 26 14 re
863 2009 81 25 Stdtem
956 2010 90 24 Water.
1151 2011 19 28 /

670 2042 48 22 The
729 2041 119 31 following
858 2042 139 29 gentlemen
1007 2041 152 25 interviewed

638 2075 41 22 the
696 2073 80 24 Board
788 2083 27 14 :--
825 2074 46 23 Mr.
882 2074 23 23 J.
919 2068 99 34 Go*Hon,
1031 2083 26 16 re
1075 2071 84 35 Wjefter

639 2106 73 24 Rates
722 2116 5 20 ;
756 2106 46 25 Mr.
823 2106 90 29 Fisher,
931 2116 25 15 re
973 2101 88 37 Ashley
1069 2107 90 31 ...Gorge

637 2139 77 24 Drain
724 2148 5 19 ;
743 2139 45 24 Mr.
795 2139 94 28 Powell,
901 2149 26 15 re
945 2140 69 23 creek
1025 2133 52 39 i@qf'
1083 2140 76 24 Sale's

639 2172 76 23 Road.
997 2172 43 33 /^'"
1073 2183 28 22 S.

669 2204 105 24 Tenders
792 2212 61 16 were
864 2206 58 23 then
939 2205 91 31 opened
1046 2200 113 34 andH^at

637 2236 26 24 of
673 2236 40 24 W.
726 2239 110 22 Sheenan
847 2237 36 24 for
891 2237 104 31 cleaving
1006 2238 110 23 tussocks
1127 2238 77 37 c»K^

635 2269 59 24 road
702 2271 25 22 to
736 2270 77 23 Burnt
821 2269 54 25 Hill
880 2268 56 25 ford
943 2272 24 22 at
980 2271 37 23 9d.
1027 2278 41 22 per
1079 2270 78 27 chain;

637 2302 26 23 of
672 2301 123 32 JT^Dailey
806 2302 37 24 for
853 2302 128 32 regrading
997 2302 48 24 side
1057 2302 101 25 channel

636 2334 27 23 m
675 2334 94 24 Church
779 2335 84 27 Street,
877 2335 35 23 for
920 2335 35 23 £1
975 2336 48 22 18s.
1043 2335 38 24 6d.
1098 2344 5 19 ;
1112 2335 47 23 and

635 2366 54 23 that
701 2366 26 23 of
734 2367 79 23 Gould
824 2367 47 23 and
879 2367 134 23 Beaumont
1023 2367 37 23 for
1065 2366 94 32 leasing

635 2406 92 16 reserve
740 2400 70 26 1864,
823 2407 47 15 was
882 2399 120 30 accepted.

669 2430 116 25 Resolved
797 2431 54 25 that
863 2431 45 25 Mr.
918 2431 23 25 J.
952 2431 81 25 Booth
1044 2431 47 25 and
1112 2431 46 25 Mr.

636 2463 29 24 A.
675 2464 102 30 Wright,
788 2464 52 31 sign
849 2464 104 32 cheques
964 2465 36 24 for
1011 2464 42 25 the
1063 2466 95 23 month.

672 2496 68 24 After
761 2497 98 30 passing
880 2499 113 22 accounts
1015 2498 42 23 tne
1080 2497 80 24 Board

637 2527 59 25 then
707 2529 135 31 adjourned.

797 2607 191 23 PUGILISTIC.

721 2666 113 26 (Rangiora
844 2668 5 9 '
859 2666 116 24 S:andard,'
985 2667 44 20 Oct.
1043 2667 27 23 2.)

637 2702 54 24 The
703 2702 119 30 harmony
833 2702 26 24 of
869 2702 40 23 Mr
920 2703 70 24 Buss'
1009 2704 48 23 sale
1069 2704 90 30 yester-

635 2735 47 30 day
690 2742 50 16 was
751 2734 83 31 rudely
845 2735 148 30 interrupted
1004 2735 31 29 dy
1046 2744 13 14 a
1075 2736 84 29 pugili-

636 2768 46 23 stic
712 2768 137 26 encounter,
883 2767 80 24 bofore
996 2767 81 24 which
1116 2770 42 22 tne

637 2799 144 24 Sullivan—
782 2798 98 24 Kilrain
891 2801 65 29 prize
964 2800 63 30 fight
1034 2800 64 25 fades
1106 2800 53 25 into

635 2832 186 30 insignificance.
856 2831 50 24 The
913 2833 88 30 parties
1010 2841 60 16 were
1079 2841 14 16 a
1102 2833 56 24 fish-

636 2873 100 22 monger
768 2864 62 25 from
865 2864 179 30 Christclrurch,
1077 2866 46 24 and
1146 2874 14 16 a

637 2898 84 23 Seflon
733 2906 81 22 young
825 2897 148 31 gentleman.
1008 2899 52 24 The
1071 2899 87 24 former

636 2930 132 24 individual
779 2930 48 23 had
839 2930 57 24 been
914 2930 99 31 looking
1034 2939 66 22 upon
1119 2931 41 24 the

637 2963 63 25 wine
710 2963 72 23 when
792 2963 19 23 it
823 2970 47 16 was
881 2962 50 28 red,
944 2963 48 23 and
1003 2964 42 24 the
1056 2972 105 23 younger

636 2995 50 24 had
696 2996 58 23 been
766 2995 106 30 chaffing
881 2995 53 23 him
946 2996 106 28 thereon,
1065 2996 96 24 where-

636 3036 66 22 upon
724 3028 58 29 they
804 3035 68 15 came
893 3029 26 21 to
945 3027 119 24 fisticuffs.
1109 3028 51 24 The

636 3059 122 31 following
768 3067 40 16 are
827 3060 39 23 the
888 3059 149 31 particulars:
1039 3075 33 2 —
1072 3060 89 24 Bound

637 3092 13 24 I
662 3093 73 30 Fishy
748 3094 75 22 smote
835 3092 61 24 hard
907 3092 78 24 where
1002 3092 32 23 he
1056 3092 105 31 thought

637 3125 43 24 the
703 3125 69 24 other
794 3132 59 16 man
874 3132 55 21 was,
952 3124 45 24 but
1018 3124 31 24 he
1072 3126 88 23 wasn't

637 3158 77 24 there.
748 3157 88 24 Round
848 3156 32 25 11.
893 3156 66 25 Both
970 3164 68 17 came
1046 3165 31 23 up
1090 3157 68 24 smil-

637 3191 50 30 ing.
722 3190 76 31 Fishy
809 3190 86 23 missed
907 3190 38 24 his
957 3191 127 29 opponent,
1105 3189 55 25 who

639 3222 81 25 struck
731 3222 52 23 him
795 3222 26 23 m
832 3222 42 23 the
886 3230 66 15 same
969 3222 72 31 piace.
1076 3221 85 24 Round

637 3255 48 25 111.
698 3255 66 25 Both
776 3254 100 25 waltzed
886 3254 80 31 wildly
975 3254 76 24 round
1058 3253 42 25 the
1107 3254 54 31 ring

637 3288 100 31 looking
747 3289 36 22 for
795 3288 137 30 something
943 3289 23 22 to
979 3287 74 24 strike
1065 3288 33 27 at,
1117 3286 44 25 but

637 3322 95 29 finding
742 3321 110 30 nothing,
865 3321 78 23 didn't
954 3320 38 23 hit
1009 3320 27 23 it.
1071 3320 88 22 Round

637 3353 47 24 IV.
699 3353 84 24 Sefton
802 3353 127 23 countered
950 3351 95 31 heavily
1067 3359 31 15 on
1121 3351 40 23 the

638 3388 83 28 empty
739 3385 35 23 air
785 3384 47 23 and
855 3384 76 31 Fishy
952 3384 98 30 planted
1073 3382 89 25 several

638 3426 81 16 severe
730 3417 75 24 blows
816 3417 26 23 m
860 3417 42 23 the
924 3418 53 22 vast
999 3416 161 29 atmosphere.

639 3450 30 25 N.
683 3450 29 24 B.
726 3449 101 24 Neither
838 3449 42 24 the
892 3449 36 23 air
938 3456 45 16 nor
1004 3449 43 22 the
1070 3449 89 22 atmos-

637 3483 75 30 phere
724 3482 95 24 showed
830 3483 67 29 signs
909 3482 26 24 of
953 3480 87 32 injury.
1074 3480 88 24 Round

638 3516 29 24 V.
702 3515 162 31 Fishmonger
895 3514 108 24 inflicted
1036 3522 12 15 a
1082 3521 79 16 severe

637 3548 87 24 wound
751 3555 32 16 on
811 3548 42 23 the
880 3547 58 23 solid
959 3546 57 24 road
1039 3546 60 24 with
1121 3546 40 23 the

637 3580 62 24 back
710 3580 25 23 of
746 3580 39 22 his
802 3579 70 27 head,
896 3579 48 23 and
965 3578 87 24 retired
1074 3577 87 25 wrath-

637 3612 69 31 i'ully.
740 3612 109 23 Entered
858 3610 143 32 policeman,
1014 3610 54 25 who
1080 3610 81 25 assist-

639 3646 28 22 ed
678 3645 53 23 him
742 3647 25 21 to
778 3645 40 23 his
837 3645 54 28 feet,
914 3643 99 32 planted
1034 3643 53 23 him
1109 3643 53 24 into

639 3677 39 24 his
701 3679 51 22 cart
774 3677 49 24 and
844 3679 53 22 sent
919 3677 50 23 him
992 3676 76 24 home.
1102 3675 60 24 Exit

641 3709 118 24 Set'tonite
782 3709 125 31 suddenly,
919 3709 104 23 without
1046 3708 117 31 claiming

639 3742 40 23 the
691 3743 87 22 stakes.
813 3741 160 31 Resumption
996 3741 26 24 of
1042 3740 49 25 sale
1114 3741 49 23 and

639 3774 97 30 general
745 3782 79 23 peace.

1352 171 78 22 VICE
1449 171 35 22 IN
1503 168 177 24 AUCKLAND.

1292 248 21 23 A
1324 249 77 24 Peess
1412 248 150 25 Association
1574 247 115 31 telegram
1707 248 71 25 dated

1260 280 129 29 Auckland,
1425 281 50 23 Oct.
1501 283 20 25 1,
1550 281 74 22 states
1635 289 38 20 ;—
1710 281 31 23 At
1750 298 2 3 ■
1764 288 14 16 a

1260 313 105 30 meeting
1386 314 25 23 of
1430 313 40 24 the
1492 312 126 23 Auckland
1640 313 138 29 Presbytery-

1259 345 91 30 to-day,
1362 345 42 24 the
1415 346 50 22 Rev
1474 344 39 24 Mr
1528 344 92 28 Monro,
1633 346 24 22 at
1678 344 42 24 the
1741 353 37 15 re-

1260 379 69 28 quest
1340 377 26 24 of
1374 378 42 22 the
1428 378 124 25 members,
1565 377 77 23 stated
1663 377 42 23 the
1716 377 61 23 facts

1259 409 32 24 he
1302 409 46 24 had
1358 409 97 24 learned
1466 417 30 16 on
1508 417 14 15 a
1543 408 56 25 visit
1619 411 26 21 to
1666 408 67 31 place
1755 409 24 24 of

1259 441 147 32 immorality
1416 442 26 23 m
1450 442 38 22 the
1500 441 55 30 city.
1589 441 30 23 In
1630 441 38 23 his
1680 441 97 25 address

1259 474 42 23 the
1313 474 51 23 Rev
1374 474 24 23 J.
1411 474 30 23 G.
1454 473 87 23 Munro
1559 473 51 23 said
1620 473 27 22 m
1657 474 84 30 regard
1752 475 25 22 to

1259 506 39 22 his
1309 506 55 23 visit
1375 507 25 22 to
1412 506 90 23 certain
1513 506 105 29 quarters
1630 505 26 23 of
1670 505 48 23 this
1730 506 48 29 city

1258 538 27 22 m
1302 545 118 22 company
1441 537 59 24 with
1522 537 122 23 Detective
1666 536 110 31 Hughes,

1258 568 55 25 that
1324 570 29 23 he
1365 569 47 24 and
1420 569 42 24 the
1471 568 114 25 detective
1595 568 86 25 visited
1687 570 90 29 twenty

1259 600 54 24 four
1324 601 92 28 houses,
1428 603 43 21 not
1482 601 56 31 only
1548 601 26 23 m
1592 601 41 23 the
1656 600 74 24 slums
1753 600 26 24 of

1259 633 42 24 the
1312 633 48 31 city
1371 633 44 24 but
1425 634 26 23 m
1462 633 146 30 respectable
1620 635 84 22 streets
1727 635 49 22 too.

1259 665 68 30 They
1338 666 127 24 conversed
1475 666 60 23 with
1546 666 41 23 the
1598 666 110 26 inmates,
1729 665 49 23 and

1258 697 32 25 he
1303 698 48 26 (Mr
1362 698 97 29 Monro)
1471 697 57 25 took
1538 699 70 22 notes
1619 697 49 23 and
1682 697 96 24 learned

1258 739 13 14 a
1283 732 67 28 great
1361 738 74 23 many
1442 730 88 30 things.
1564 730 39 23 He
1614 729 98 24 learned
1723 730 54 23 that

1259 770 14 16 a
1284 764 67 29 great
1362 770 75 23 many
1447 762 26 24 of
1482 762 40 24 the
1534 762 56 30 girls
1601 769 62 17 were
1684 761 94 24 intelli-

1258 798 64 28 gent,
1355 795 50 23 had
1433 802 58 17 once
1513 793 111 31 occupied
1645 793 133 31 prominent

1258 828 123 29 positions,
1393 828 49 23 and
1452 835 61 15 were
1524 826 128 30 daughters
1672 826 26 24 of
1713 826 63 23 lead-

1256 860 43 29 ing
1310 859 92 24 settlers
1413 859 48 24 and
1472 866 59 16 even
1553 858 105 24 citizens.
1692 858 37 24 As
1751 860 26 22 to

1258 890 42 25 the
1332 892 63 23 class
1427 891 26 24 of
1473 899 54 15 men
1560 890 79 24 whom
1661 889 31 24 he
1720 898 55 19 saw,

1257 924 56 29 they
1331 923 87 30 pained
1438 923 39 23 his
1494 922 68 24 heart
1573 929 55 23 very
1639 922 80 22 much.
1752 922 26 22 It

1256 954 50 24 had
1316 955 58 23 been
1383 955 78 23 stated
1483 954 53 24 that
1557 955 30 22 he
1608 953 50 24 had
1679 953 97 23 blamed

1256 994 46 16 one
1314 995 42 15 sex
1367 986 62 32 only.
1463 986 39 24 He
1521 988 62 21 mast
1605 985 172 31 emphatically

1257 1026 41 24 say
1330 1019 55 24 that
1414 1019 30 24 he
1465 1019 50 24 had
1535 1020 44 22 not
1600 1018 43 24 the
1665 1017 112 32 slightest

1256 1052 127 31 sympathy
1393 1052 59 23 with
1463 1052 40 23 the
1515 1051 69 24 other
1595 1058 50 20 sex,
1657 1050 49 23 and
1716 1050 20 23 if
1745 1050 32 23 he

1255 1084 50 24 had
1316 1084 42 24 the
1368 1092 79 23 power
1462 1084 32 24 he
1515 1083 80 25 would
1616 1083 97 30 publish
1734 1083 42 23 the

1255 1116 78 25 whole
1345 1116 76 31 thing,
1455 1116 39 24 Mr
1505 1116 86 24 Monro
1607 1115 70 31 spoke
1689 1114 26 25 of
1734 1115 42 24 the

1255 1149 89 24 houses
1355 1149 26 23 of
1395 1148 148 31 assignation
1564 1156 27 16 as
1612 1148 74 30 being
1708 1155 67 16 more

1256 1181 132 31 dangerous
1398 1183 27 22 to
1436 1181 42 24 the
1488 1181 91 24 morals
1601 1180 26 24 of
1646 1181 43 23 the
1711 1187 66 16 com-

1254 1214 95 30 munity
1359 1214 60 23 than
1430 1214 69 23 other
1507 1214 89 22 resorts
1606 1220 70 16 were.
1710 1212 66 30 They

1254 1245 82 25 talked
1346 1245 26 25 of
1381 1246 42 23 the
1433 1254 88 22 money
1532 1246 72 29 spent
1614 1245 27 23 m
1651 1243 126 32 gambling

1255 1278 48 23 and
1324 1278 26 23 m
1372 1278 77 28 drink,
1472 1278 45 23 but
1538 1285 64 16 more
1625 1284 85 23 money
1727 1284 49 16 was

1255 1311 70 30 spent
1342 1311 27 22 m
1379 1310 50 24 this
1446 1310 51 24 vice
1508 1310 60 23 than
1586 1309 28 23 m
1633 1317 47 22 any
1698 1308 76 28 other,

1254 1342 102 24 because
1369 1342 42 23 the
1429 1341 156 31 magnificent
1595 1341 87 23 houses
1699 1340 76 23 which

1254 1375 56 30 they
1332 1383 47 15 saw
1406 1374 70 24 could
1503 1376 42 22 not
1571 1375 28 22 be
1626 1372 150 25 maintained

1255 1407 131 24 otherwise.
1421 1407 66 30 They
1498 1406 80 24 talked
1585 1405 26 24 of
1621 1405 154 24 commercial

1254 1440 146 31 depression.
1445 1439 39 24 He
1517 1438 80 25 would
1628 1438 55 24 take
1707 1445 68 23 every

1254 1473 154 30 opportunity
1437 1472 32 24 he
1491 1471 70 25 could
1583 1473 25 22 to
1630 1471 76 23 refute
1728 1478 46 23 any

1255 1506 128 23 statement
1395 1504 27 25 of
1430 1505 42 24 the
1494 1504 66 28 kind,
1583 1504 102 24 because
1708 1503 68 24 there

1255 1537 69 24 could
1355 1537 29 24 be
1405 1545 33 16 no
1468 1536 150 25 commercial
1640 1536 136 30 depression

1250 1570 63 23 ►with
1325 1570 42 24 the
1383 1572 100 21 amount
1505 1570 27 23 of
1548 1576 88 23 money
1659 1571 70 27 spent
1752 1569 24 22 m

1249 1616 2 19 I
1254 1602 130 31 gambling,
1397 1602 79 28 drink,
1489 1602 48 24 and
1548 1601 50 23 this
1609 1600 97 24 terrible
1717 1601 57 23 vice.

1254 1635 31 23 In
1296 1635 84 30 regard
1391 1637 26 20 to
1434 1635 41 23 the
1494 1633 147 31 Contagious
1663 1633 113 23 Diseases

1254 1667 54 29 Act,
1321 1668 38 23 Mr
1371 1667 87 24 Monro
1480 1666 52 24 said
1553 1666 55 23 that
1629 1666 95 30 though
1743 1665 32 24 he

1253 1699 49 24 had
1313 1700 49 23 had
1372 1707 31 17 no
1415 1699 129 30 sympathy
1552 1698 57 24 with
1617 1698 19 22 it
1645 1698 37 23 for
1693 1705 14 16 a
1718 1697 59 30 long

1254 1732 64 27 time,
1331 1732 19 23 it
1361 1732 49 23 had
1425 1731 110 24 lessened
1557 1731 97 27 disease,
1674 1730 48 23 and
1744 1737 32 16 on

1254 1765 40 23 the
1305 1764 114 31 principle
1430 1764 55 24 that
1495 1763 53 23 half
1558 1771 14 15 a
1586 1762 51 24 loaf
1655 1762 22 24 is
1699 1762 75 24 better

1253 1797 61 24 than
1329 1797 109 29 nothing,
1461 1796 30 24 he
1512 1795 80 24 would
1613 1797 99 29 support
1733 1795 43 24 the

1253 1837 117 17 measure.
1404 1829 39 23 Mr
1476 1828 86 24 Monro
1584 1828 129 24 advocated
1734 1828 41 23 the

1254 1862 186 24 establishment
1468 1862 24 23 of
1517 1870 14 15 a
1553 1861 154 30 reformatory
1735 1860 37 24 for

1253 1894 59 31 girls
1324 1894 26 24 of
1364 1894 106 24 thirteen
1482 1901 26 17 or
1530 1892 117 25 fourteen-
1661 1900 69 24 years
1739 1892 39 24 -of

1254 1934 50 23 age.
1349 1925 53 25 The
1420 1925 143 31 Presbytery
1578 1925 86 31 agreed
1686 1926 25 23 to
1732 1924 44 24 the

1252 1958 122 32 fellowing
1384 1959 100 24 motion:
1485 1973 33 3 —
1622 1957 42 24 the
1686 1957 89 24 thanks

1254 1991 26 24 of
1289 1992 42 22 the
1343 1992 144 29 Presbytery
1498 1990 27 24 be
1538 1990 114 24 accorded
1662 1989 43 24 the
1724 1990 52 23 Rev

1254 2023 39 23 Mr
1304 2023 86 23 Morjro
1402 2023 36 23 for
1448 2023 39 22 his
1499 2023 87 26 action,
1600 2022 47 23 and
1658 2021 54 24 that
1734 2021 42 23 the

1254 2055 143 24 Committee
1408 2054 129 31 appointed
1555 2056 25 21 to
1603 2053 98 31 enquire
1723 2053 52 24 into

1254 2089 41 23 the
1307 2089 61 23 state
1379 2087 26 24 of
1414 2087 101 31 religion
1527 2087 48 24 and
1586 2087 90 23 morals
1698 2085 29 25 be
1739 2094 35 16 re-

1255 2121 98 31 quested
1364 2122 26 22 to
1402 2127 106 17 convene
1519 2127 15 16 a
1543 2120 108 30 meeting
1668 2125 24 17 01
1713 2119 62 23 min-

1251 2153 71 25 isters
1334 2153 25 24 of
1369 2153 31 24 all
1412 2152 194 25 denominations
1623 2152 49 24 and
1694 2151 82 25 others

1251 2185 131 25 interested
1414 2188 25 21 to
1468 2185 92 24 discuss
1593 2184 42 24 the
1665 2184 111 31 question

1284 2309 219 28 zftieNajaMP-QEARY
1514 2309 66 30 gives
1592 2316 66 17 some
1667 2309 66 24 hints
1743 2317 32 16 on

1252 2343 42 23 the
1322 2342 128 30 absorbing
1477 2341 92 30 subject
1591 2341 27 23 of
1750 2344 26 21 to

1251 2375 68 24 wash
1477 2373 110 23 'Flannel
1599 2380 82 23 grown
1691 2373 86 30 yellow

1251 2406 32 32 by
1293 2406 113 32 repeated
1416 2406 108 30 washing
1541 2405 49 24 will
1611 2405 89 24 whiten
1720 2413 55 16 con-

1252 2439 117 32 siderably
1380 2439 21 23 if
1409 2439 42 24 left
1463 2441 41 21 out
1515 2438 25 23 of
1546 2438 69 24 doors
1624 2438 150 31 overnight.'

1253 2472 73 25 What
1338 2480 14 16 a
1364 2471 98 31 sweetly
1469 2470 206 32 unsophisticated
1686 2473 54 28 part
1752 2471 26 24 of

1253 2506 43 22 the
1327 2506 101 29 country
1449 2504 32 23 he
1503 2504 67 22 must
1592 2502 47 24 live
1659 2503 35 23 m!
1728 2503 48 23 We

1252 2539 101 22 venture
1365 2539 24 21 to
1401 2538 62 22 state
1475 2536 55 23 that
1542 2535 20 24 if
1570 2535 90 24 flannel
1671 2544 49 15 was
1731 2535 44 24 leit

1253 2571 43 23 out
1307 2571 24 23 to
1343 2569 42 31 dry
1407 2576 55 17 over
1482 2568 72 31 night
1575 2567 78 24 round
1677 2568 97 28 Oxford,

1253 2606 43 21 not
1307 2602 56 31 only
1372 2601 79 25 would
1463 2603 40 23 the
1514 2600 85 32 yellow
1609 2600 82 24 colour
1713 2601 62 24 have

1253 2635 153 31 disappeared
1416 2635 30 30 by
1457 2634 43 24 the
1511 2634 116 30 morning,
1645 2633 44 24 but
1711 2636 65 21 most

1252 2667 114 31 probably
1397 2667 20 23 it
1449 2666 80 24 would
1557 2665 60 24 have
1639 2665 74 23 taken
1735 2666 40 23 the

1252 2699 93 24 flannel
1355 2699 60 24 with
1437 2699 27 23 it.
1499 2697 131 31 Evidently
1653 2706 43 15 our
1719 2706 56 16 con-

1253 2734 134 29 temporary
1398 2732 95 22 doesn't
1504 2731 70 24 know
1592 2730 66 24 what-

1399 2770 94 17 means.

1285 2797 21 23 A
1318 2804 122 17 shocking
1452 2794 86 25 double
1550 2795 73 24 crime
1641 2803 46 16 was
1710 2803 64 16 com-

1252 2830 85 24 mitted
1349 2829 26 24 m
1384 2828 119 31 Ampthill
1515 2835 89 24 square,
1625 2827 151 32 Hampstead

1252 2863 65 28 road,
1329 2862 110 25 London.
1473 2861 22 24 A
1505 2861 55 31 lady
1571 2868 44 16 ran
1626 2863 42 22 out
1686 2860 26 25 of
1731 2869 45 17 one

1253 2897 26 23 of
1288 2896 42 24 the
1341 2896 89 24 houses
1441 2895 26 23 m
1478 2895 43 23 the
1543 2901 94 22 square,
1662 2894 47 23 and
1726 2902 49 16 was

1253 2928 111 24 followed
1375 2926 163 30 immediately
1550 2925 31 31 by
1592 2926 42 23 her
1655 2925 118 29 husband,

1253 2961 55 24 who
1331 2960 55 24 shot
1408 2960 43 23 her
1469 2958 60 24 with
1551 2966 14 15 a
1587 2958 79 31 pistol.
1710 2958 66 25 Soon

1254 2993 138 24 afterwards
1403 2992 41 23 the
1455 2998 59 17 man
1536 2998 49 16 was
1608 2991 167 30 apprehended

1253 3026 29 29 by
1295 3033 14 15 a
1320 3024 128 27 constable,
1461 3023 44 24 but
1516 3022 61 24 after
1599 3030 15 15 a
1637 3023 90 30 strugle
1744 3023 32 24 he

1254 3057 129 24 succeeded
1402 3057 27 23 m
1451 3055 112 32 pointing
1585 3054 42 25 the
1660 3055 74 31 pistol
1751 3057 25 23 at

1253 3090 100 23 himself
1359 3090 47 23 and
1417 3088 68 25 fired.
1520 3088 51 23 The
1593 3087 112 24 husband
1728 3088 48 24 and

1253 3122 55 24 wife
1319 3130 59 15 were
1397 3120 120 32 promptly
1539 3120 74 24 taken
1634 3121 26 23 to
1682 3128 14 15 a
1717 3125 59 19 tem-

1252 3161 103 24 perance
1366 3153 66 25 hotel
1454 3154 27 23 m
1506 3153 43 24 the
1570 3152 104 31 locality,
1697 3154 79 23 where

1253 3187 58 30 they
1322 3186 59 24 both
1393 3186 103 29 expired.

1286 3219 85 22 Peter
1382 3218 93 27 Lange,
1489 3225 46 16 one
1541 3217 111 24 hundred
1663 3217 47 24 and
1721 3217 56 25 four

1253 3259 69 23 y:ars
1342 3251 45 27 old,
1399 3252 45 23 has
1465 3251 49 30 just
1533 3250 60 24 been
1615 3250 115 25 admitted
1752 3253 25 23 to

1254 3284 88 24 church
1352 3283 161 31 membership
1524 3283 25 23 m
1561 3282 80 31 Elgin,
1654 3283 122 25 Scotland.

1256 3317 89 23 'Better
1377 3316 49 23 late
1459 3315 60 24 than
1551 3321 90 18 never.'
1686 3316 91 31 Bishop

1255 3348 102 30 Asbury,
1369 3349 26 22 m
1406 3348 38 23 his
1456 3348 114 31 journals,
1584 3347 86 30 speaks
1692 3348 26 23 of
1738 3356 38 16 ex-

1254 3381 98 30 horting
1362 3388 14 15 a
1387 3388 59 16 man
1466 3387 56 16 over
1544 3388 15 15 a
1580 3379 107 24 hundred
1708 3388 70 23 years

1254 3413 47 28 old,
1314 3414 25 22 to
1350 3413 52 30 give
1414 3412 39 24 his
1468 3412 70 24 heart
1559 3414 26 22 to
1606 3412 54 24 God
1683 3421 31 15 on
1735 3414 43 22 the

1255 3445 92 31 ground
1358 3445 53 24 that
1432 3445 31 24 he
1485 3445 45 23 has
1553 3452 57 23 very
1643 3444 53 24 ittle
1719 3445 58 24 time

1254 3478 51 24 left.
1340 3478 51 23 The
1423 3485 59 16 man
1504 3477 122 24 answered
1642 3497 7 12 ,
1660 3477 57 24 'But
1739 3485 39 24 my

1254 3510 78 24 father
1349 3511 64 24 lived
1435 3513 24 22 to
1481 3511 28 23 be
1531 3518 45 16 one
1598 3510 111 25 hundred
1731 3510 48 24 and

1254 3543 72 23 nine.'

1312 3574 38 31 By
1361 3575 106 30 desiring
1476 3575 64 23 what
1552 3574 21 23 is
1583 3574 115 30 perfectly
1709 3574 68 31 good,

1255 3614 60 17 even
1326 3607 71 24 when
1408 3616 36 16 we
1455 3607 68 24 don't
1535 3607 64 30 quite
1621 3607 71 24 know
1713 3607 66 24 what

1254 3640 20 24 it
1285 3640 27 28 is,
1323 3640 48 23 and
1382 3643 88 21 cannot
1482 3640 30 24 do
1522 3639 67 25 what
1599 3647 35 16 we
1646 3639 85 27 would,
1743 3645 36 17 we

1255 3680 40 16 are
1306 3673 53 29 part
1371 3672 26 24 of
1416 3672 43 24 the
1482 3672 78 24 divine
1583 3679 77 23 power
1683 3671 95 30 against

1255 3704 57 25 evil-
1314 3704 121 32 widening
1446 3706 41 23 the
1510 3704 73 24 skirts
1606 3704 26 24 of
1640 3703 73 31 lights
1731 3702 48 23 and

1255 3737 99 30 making
1387 3737 42 25 the
1452 3737 107 30 struggle
1581 3737 60 24 with
1663 3736 115 24 darkness

1402 3784 34 4 —
1440 3772 29 23 G.
1482 3770 78 24 Eliot.

1984 169 119 27 strangest
2113 166 68 24 canal
2192 167 26 23 m
2229 167 42 24 the
2282 165 73 25 world
2366 165 22 24 is

1867 198 41 23 the
1919 206 44 16 one
1974 198 14 23 I
1998 206 72 16 never
2081 206 46 16 saw
2138 199 136 23 mentioned
2291 199 28 23 m
2340 205 48 23 any

1868 230 61 24 book
1941 239 27 15 or
1978 231 173 31 newspapers/
2162 231 52 23 said
2225 238 14 16 a
2250 231 156 33 clergymar^

1868 264 24 22 to
1903 271 14 15 a
1930 262 44 25 'St.
1988 263 72 24 Louis
2079 263 77 24 Globe
2167 263 86 24 writer.
2340 262 21 24 is
2373 270 15 15 a

1868 294 70 24 canal
1971 295 92 24 sixteen
2095 295 71 23 miles
2187 294 64 31 long,
2279 294 108 24 between

1868 327 108 31 Worsloy
1987 328 48 23 and
2047 327 36 25 St.
2097 327 100 28 Helens,
2204 327 28 24 m
2253 327 40 24 the
2315 326 72 23 north

1868 359 26 23 of
1903 359 113 30 England
2027 360 46 23 and
2094 360 21 23 is
2137 358 166 32 underground
2325 359 62 24 from

1870 391 46 24 end
1926 395 26 21 to
1964 392 53 24 end.
2051 392 31 24 In
2103 392 148 24 Lancashire
2272 391 42 23 the
2336 391 52 25 coal

1868 424 78 23 mines
1976 433 38 16 are
2035 432 56 24 very
2114 424 132 28 extendive,
2272 423 54 24 half
2347 424 40 23 the

1868 458 100 29 country
1978 456 73 31 being
2061 457 177 27 underminded,
2251 456 48 24 and
2315 463 73 24 many

1868 496 68 22 years
1945 496 45 23 ago
2011 489 42 24 the
2075 489 71 23 Duke
2165 490 24 22 of
2210 489 178 30 Bridgewater's

1868 527 126 23 managers
2015 521 104 30 thought
2141 521 54 30 they
2228 521 69 23 could
2331 529 56 15 save

1868 560 84 22 money
1962 553 30 30 by
2003 553 161 30 transporting
2174 553 42 24 the
2227 553 52 24 coal
2300 553 87 24 under-

1867 584 92 30 ground
1969 584 94 24 instead
2074 584 26 24 of
2108 593 29 15 on
2158 584 42 24 the
2218 584 98 26 surface.
2352 585 35 24 So

1868 616 40 24 the
1919 616 67 24 canal
1997 624 49 16 was
2068 617 158 28 constructed,
2246 617 40 25 the
2307 617 80 25 mines

1867 649 130 23 connected
2018 649 49 23 and
2087 649 101 23 drained
2209 652 26 21 at
2255 650 43 24 the
2319 657 68 18 same

1867 680 66 24 time.
1969 680 116 31 Ordinary
2097 681 69 23 canal
2177 682 68 24 boats
2256 690 40 16 are
2317 683 68 28 used,

1867 711 43 25 but
1921 714 39 22 the
1981 721 77 22 power
2080 713 21 24 is
2124 714 122 23 furnished
2267 714 31 30 by
2319 722 65 17 men.

1868 744 39 24 On
1918 744 41 25 the
1981 744 53 25 roof
2054 744 26 25 of
2098 745 40 24 the
2160 746 86 23 tunnel
2267 746 58 24 arch
2335 746 52 33 |are
2402 738 7 37 \

1868 784 63 16 cross
1943 778 86 29 pieces,
2042 777 49 24 and
2101 778 41 24 the
2153 786 56 16 men
2219 779 53 23 who
2294 779 30 24 do
2346 780 41 23 the

1867 809 66 23 work
1942 810 26 23 of
1976 809 138 31 propulsion
2124 809 33 24 lie
2178 818 31 16 on
2230 810 65 25 their
2315 811 72 24 backs

1868 849 31 15 on
1910 842 40 23 the
1962 842 52 24 coal
2026 842 47 23 and
2094 842 62 30 push
2177 842 57 24 with
2255 843 62 23 their
2338 844 49 24 feet

1868 873 92 30 against
1971 874 41 23 the
2024 873 117 24 crossbars
2153 882 30 15 on
2198 874 43 24 the
2251 875 59 23 roof.
2345 875 43 24 Six

1867 912 27 15 or
1903 906 63 28 eight
1977 914 54 15 men
2042 906 65 23 draw
2128 915 13 14 a
2163 906 64 23 train
2249 906 26 24 of
2287 912 52 18 lour
2360 914 28 17 or

1867 936 46 23 five
1924 936 75 29 boats,
2012 937 48 24 and
2070 945 27 16 as
2109 937 68 25 there
2197 946 39 16 are
2258 939 47 23 two
2329 939 59 23 divi-

1868 968 65 24 sions
1954 970 24 22 m
2002 969 38 24 the
2058 970 90 28 tuonel,
2166 969 68 26 boats
2251 978 54 23 pass
2328 971 59 24 each

1867 1000 67 24 other
1945 1002 99 24 without

1926 1033 50 25 The
1995 1034 54 24 best
2069 1035 110 30 strength
2202 1035 26 23 of
2247 1042 14 16 a
2283 1042 57 17 man
2366 1035 21 24 is

1868 1064 84 26 shown
1961 1066 25 24 m
1994 1067 37 24 his
2037 1066 151 25 intellectual
2198 1066 71 30 work,
2279 1068 53 24 that
2343 1068 26 24 of
2374 1075 15 17 a

1867 1105 93 16 woman
1967 1098 27 24 m
2000 1099 45 24 her
2049 1099 63 32 daily
2119 1099 59 25 deed
2186 1100 49 24 and

1866 1144 33 2 —
1899 1132 104 23 jßtislcin.

1899 1162 21 23 A
1931 1170 108 17 burglar
2049 1164 55 24 who
2115 1164 68 24 made
2194 1164 39 24 his
2243 1172 53 23 way
2306 1165 51 23 into
2373 1173 15 16 a

1867 1193 74 25 house
1974 1195 25 23 m
2032 1196 40 23 the
2112 1197 136 24 Denniston
2285 1197 101 28 district,

1867 1226 120 30 Glasgow,
2000 1228 42 23 the
2053 1228 69 24 other
2132 1228 77 31 night,
2228 1236 49 16 was
2300 1230 88 29 caught

1863 1258 27 23 m
1902 1266 14 16 a
1939 1259 88 24 similar
2037 1268 61 23 way.
2131 1261 46 23 His
2188 1263 70 28 entry
2267 1261 123 24 disturbed

1867 1298 15 15 a
1893 1294 80 26 parrot
1984 1292 80 23 which
2075 1301 49 15 was
2136 1293 109 24 confined
2255 1293 27 24 m
2293 1301 15 16 a
2330 1301 58 23 cage

1866 1323 26 23 m
1914 1324 31 22 its
1969 1333 18 13 m
1992 1327 84 21 aster's
2098 1325 119 28 bedroorti,
2241 1325 47 23 and
2310 1325 77 25 which

1865 1354 79 31 began
1955 1357 25 22 to
1992 1357 125 24 vociferate
2133 1357 32 24 all
2185 1357 42 24 the
2246 1358 100 30 phrases
2367 1359 20 23 it

1865 1387 46 24 had
1922 1388 105 24 learned,
2049 1390 172 30 interspersing
2241 1391 66 23 them
2328 1391 60 23 with

1867 1419 135 26 discordant
2013 1421 101 26 shrieks.
2148 1422 39 25 Its
2208 1424 89 23 master
2319 1423 67 24 woke

1866 1452 27 23 m
1903 1453 183 30 astonishment,
2107 1454 102 32 jumped
2231 1458 41 21 out
2295 1456 25 24 of
2341 1456 47 24 bed

1867 1485 48 23 and
1927 1487 82 23 struck
2016 1495 14 16 a
2041 1487 69 32 light,
2122 1488 70 24 when
2202 1487 31 25 he
2254 1488 75 25 found
2347 1488 41 24 the

1866 1517 98 31 burglar
1971 1519 25 23 m
2007 1520 40 23 the
2058 1527 69 18 room
2138 1520 58 25 with
2206 1520 40 25 his
2265 1520 70 25 boots
2346 1521 41 28 off,

1867 1550 114 31 standing
2013 1553 99 23 amazed
2141 1554 27 23 at
2206 1552 42 24 the
2288 1555 105 35 parrd^

1865 1582 139 25 behaviour.
2038 1585 38 24 He
2087 1593 49 16 was
2147 1585 97 24 secured
2255 1586 47 24 and
2324 1593 63 17 mar-
2401 1592 5 7 '

1866 1616 58 23 ched
1935 1616 33 23 off
1979 1618 25 22 to
2011 1616 42 24 the
2063 1618 77 29 police
2150 1618 99 24 station.
2282 1618 40 24 He
2341 1618 49 25 had

1866 1647 98 24 climbed
1976 1656 31 23 up
2026 1657 14 16 a
2051 1650 146 31 water-pipe,
2211 1650 47 23 and
2269 1650 60 25 then
2348 1659 40 16 en-

1866 1680 66 23 tered
1943 1680 31 31 by
1983 1681 42 24 the
2043 1682 111 24 bedroom
2176 1682 110 30 window,
2308 1684 81 24 which

1866 1720 48 16 was
1948 1713 150 29 unfastened,
2133 1714 69 24 when
2224 1715 42 24 the
2287 1718 103 28 parrot's

1865 1746 110 28 vigorous
1986 1748 103 28 protests
2100 1747 130 31 prevented
2241 1747 39 26 his
2296 1748 94 25 further

1867 1778 143 31 operations.

1898 1811 41 23 Mr
1961 1811 64 24 Coad
2048 1813 40 23 the
2110 1813 147 30 temperance
2278 1813 110 29 lecturer,

1866 1843 114 31 speaking
1992 1846 25 22 at
2036 1844 150 31 Wellington
2208 1854 31 16 on
2257 1847 40 23 the
2319 1846 70 25 other

1866 1875 53 30 day,
1933 1876 51 23 said
1995 1877 54 23 that
2061 1877 60 24 from
2133 1878 36 23 Ins
2180 1877 165 26 observations
2357 1887 31 16 on

1865 1907 43 24 the
1924 1907 103 29 Queen's
2037 1910 83 27 wharf,
2133 1910 145 31 Wellington
2289 1919 49 15 was
2348 1910 40 25 de-

1865 1940 76 24 stined
1960 1942 26 22 to
1997 1940 99 26 become
2107 1942 38 24 his
2155 1942 126 32 Liverpool
2291 1943 27 24 of
2330 1943 59 25 New

1867 1973 108 28 Zealand,
1988 1973 43 24 but
2042 1974 56 24 that
2108 1975 51 24 this
2169 1975 72 24 could
2252 1975 56 31 only
2323 1983 66 17 come

1864 2006 25 21 to
1912 2013 53 21 pass
1987 2006 59 23 with
2066 2006 42 24 the
2140 2007 98 30 putting
2270 2015 67 23 away
2365 2007 27 24 of

1865 2035 109 32 driDiriog
1991 2037 48 23 and
2060 2038 132 32 gambling.
2225 2039 40 24 He
2286 2040 104 24 referred

1865 2070 26 22 to
1902 2070 41 23 the
1954 2070 48 24 fact
2014 2070 53 24 that
2077 2070 33 25 he
2120 2071 49 25 had
2187 2080 15 16 a
2223 2072 34 24 lot
2280 2079 29 20 or.
2325 2075 65 22 tem-

1865 2109 101 23 perance
1985 2103 83 31 pledge
2091 2105 67 24 cards
2181 2106 25 23 at
2229 2105 39 24 the
2291 2105 99 24 Cnstom

1867 2134 75 25 house
1954 2135 36 24 for
2011 2136 82 25 wihch
2110 2136 31 25 he
2162 2145 48 17 was
2228 2139 115 30 expected
2364 2143 26 20 to

1866 2174 46 23 pay
1924 2168 36 23 £4
1973 2168 66 31 duty,
2051 2169 43 23 but
2107 2170 47 24 this
2166 2170 41 24 the
2219 2171 99 30 speaker
2338 2171 52 24 said

1865 2200 31 23 he
1907 2201 80 24 would
1997 2206 43 19 not
2047 2202 38 28 do,
2098 2202 47 24 and
2155 2203 78 31 hoped
2244 2203 52 24 that
2307 2203 33 25 all
2349 2204 41 24 the

1867 2232 110 25 Customs
1989 2234 89 24 officers
2089 2235 77 25 would
2177 2237 51 29 sign
2241 2237 73 23 them.

1867 2317 21 23 A
1900 2317 108 24 REIGN
2025 2318 42 23 OF
2079 2318 135 26 TERROR
2229 2321 36 25 IN
2279 2322 112 26 SOUTH

2042 2354 168 27 CAROLINA

1893 2413 71 21 There
1973 2414 56 20 have
2038 2413 54 22 been
2102 2422 14 14 a
2129 2415 68 22 dozen
2207 2423 25 14 or
2245 2424 60 16 more
2319 2419 72 23 shoot-

1866 2445 39 25 ing
1915 2445 44 19 and
1969 2446 87 26 cutting
2066 2447 78 21 affairs
2153 2449 24 19 m
2185 2449 40 21 the
2236 2450 62 22 State

1865 2477 38 19 the
1912 2477 45 19 last
1965 2479 65 19 week.
2058 2479 47 20 The
2114 2479 68 21 latest
2190 2482 93 20 occured
2292 2483 24 20 m
2335 2484 56 21 Lau-

1866 2513 50 15 rens
1925 2508 88 27 County
2021 2510 124 26 yesterday,
2166 2512 26 20 0.
2202 2512 126 27 Langsford
2342 2516 50 21 shot

1866 2540 43 19 and
1917 2540 69 20 killed
2004 2541 81 21 Barrat
2102 2543 120 27 Laugston.
2262 2547 59 21 Both
2342 2555 50 15 men

1867 2579 55 13 were
1940 2573 73 20 whits.
2060 2575 21 19 A
2098 2576 107 21 vendetta
2232 2578 99 23 between
2352 2581 40 20 the

1867 2604 124 26 Langstons
2001 2606 44 20 and
2053 2607 40 20 the
2100 2607 136 27 Langsfords
2244 2610 41 21 has
2291 2611 56 22 been
2356 2613 36 21 de-

1867 2636 80 24 clared,
1960 2637 44 19 and
2013 2638 55 20 both
2077 2639 96 21 families
2186 2647 38 14 are
2242 2648 48 14 now
2308 2650 28 14 on
2354 2645 38 20 the

1867 2668 105 25 warpath.
2000 2669 28 19 In
2038 2669 110 28 Bamberg
2156 2672 64 21 there
2229 2674 20 20 is
2258 2674 49 21 also
2314 2682 14 14 a
2340 2682 52 15 ven-

1867 2699 60 21 detta
1936 2706 34 18 on,
1980 2700 99 21 between
2088 2703 40 19 the
2137 2703 76 21 Prices
2225 2705 45 21 and
2286 2707 106 22 Stewarts

1867 2732 100 26 growing
1976 2733 39 20 out
2024 2733 24 20 of
2056 2740 14 14 a
2083 2735 81 26 caning
2183 2737 45 20 and
2241 2738 104 28 shooting
2360 2740 32 21 af-

1865 2764 51 25 fray
1924 2765 52 20 that
1994 2766 91 20 occured
2103 2768 85 20 several
2206 2769 54 26 days
2277 2776 49 20 ago.
2364 2773 29 20 In

1867 2797 130 20 Charleston
2006 2797 38 21 the
2054 2798 87 22 colored
2230 2802 45 20 and

1866 2829 20 19 is
1895 2828 113 27 following
2019 2830 81 27 closely
2109 2832 24 19 m
2146 2832 39 21 the
2201 2832 98 29 footseps
2318 2835 23 21 of
2353 2835 39 22 the

1867 2860 65 21 white
1941 2862 97 26 brother,
2053 2863 44 21 and
2106 2864 19 20 is
2138 2865 67 26 using
2223 2866 39 21 the
2281 2867 50 22 shot
2344 2874 48 19 .gun

1867 2894 68 24 pistol
1944 2895 45 19 and
1997 2900 63 14 razor
2067 2895 56 21 with
2132 2896 81 27 deadly
2222 2898 70 22 effect.
2323 2900 70 24 The^e

1867 2924 56 21 have,
1933 2926 55 19 been
1997 2932 29 13 no
2034 2926 45 21 less
2088 2927 56 20 than
2154 2928 43 21 five
2206 2935 25 14 or
2243 2930 35 20 six
2291 2931 101 28 shooting

1867 2957 45 19 and
1921 2958 87 25 cutting
2018 2961 128 19 encounters
2151 2960 52 22 here
2213 2962 78 21 within
2300 2964 40 20 the
2349 2964 45 20 last

1867 2990 64 19 three
1940 2990 59 25 days.

1896 3021 52 19 'The
1957 3021 65 20 News
2031 3022 45 20 and
2084 3022 97 21 Courier'
2188 3030 88 19 says:—
2276 3026 48 20 The
2330 3027 64 20 State

1867 3052 19 20 is
1896 3053 100 20 smearod
2004 3053 54 19 with
2067 3053 71 26 blood,
2156 3055 58 21 from
2232 3056 38 21 the
2288 3058 106 21 seaboard

1867 3086 23 19 to
1900 3085 39 20 the
1948 3085 126 20 mountains
2080 3094 7 15 ;
2096 3086 46 20 and
2150 3087 63 21 there
2232 3089 19 20 is
2267 3095 29 15 no
2314 3090 80 26 telling

1867 3117 72 18 whom
1948 3116 39 20 the
1996 3117 55 19 next
2061 3117 51 20 shot
2120 3118 46 20 will
2173 3119 77 21 strike.
2277 3121 71 21 What
2357 3128 37 15 are

1867 3154 32 14 we
1909 3148 67 25 going
1987 3149 22 19 fco
2019 3149 27 21 do
2053 3149 9 19 ?
2089 3149 42 21 We
2140 3150 56 21 need
2204 3152 40 21 not
2252 3152 38 26 try
2308 3154 24 20 to
2350 3154 43 20 dis-

1867 3180 64 26 guise
1939 3180 39 20 the
1987 3180 47 20 fact
2051 3180 52 21 that
2121 3181 38 21 the
2175 3183 178 23 administration
2371 3185 24 21 of

1869 3211 80 28 justice
1958 3211 41 20 has
2007 3211 70 21 fallen
2086 3212 48 20 into
2143 3220 14 14 a
2167 3214 59 21 state
2236 3215 23 21 of
2274 3216 120 22 innocuous

1869 3244 127 21 desuetude.
2044 3244 47 21 The
2116 3245 66 21 Press
2199 3248 46 19 and
2262 3248 40 21 the
2324 3250 71 26 pulpit

1868 3277 80 20 should
1957 3277 67 25 speak
2034 3277 44 23 out,
2097 3283 49 14 now
2164 3278 45 20 and
2226 3279 32 20 all
2275 3280 40 20 the
2330 3281 61 25 time,

1869 3309 88 25 against
1966 3309 39 19 the
2014 3308 107 20 violation
2136 3310 22 19 of
2175 3310 44 21 law
2225 3319 8 15 ;
2252 3312 45 19 and
2315 3312 79 21 should

1870 3340 112 20 denounce
1992 3346 66 19 every
2066 3340 142 27 miscarriage
2217 3342 24 19 of
2252 3343 81 25 justice
2347 3350 24 14 as
2381 3350 15 14 a

1868 3372 48 20 biot
1924 3378 59 19 upon
1992 3371 135 21 civilization
2136 3373 46 19 and

601 42 133 24 OXFORD
767 43 68 23 AMD
870 42 83 24 OUST
988 38 208 28 OBSERSVER,
1233 37 183 29 SATURDAY,
1453 36 151 26 OCTOBER
1638 38 22 25 5,
1696 37 59 23 1889

1869 3500 76 65 A.
1969 3500 245 66 0005LB
2218 3500 176 68 UHIT

1870 3713 186 37 WEST
2092 3714 301 40 OXFORD.
