4160 5990
133 3863 248 194 Lyell
431 3863 297 194 Times.

194 4057 208 34 SATURDAY,
425 4057 92 34 JULY
536 4061 42 30 10,
598 4061 75 27 1886.

151 4148 82 27 Mails
252 4147 43 28 for
315 4148 48 27 the
385 4148 104 27 United
511 4148 149 33 Kingdom,
680 4151 51 27 Con-

114 4186 91 28 tinent
228 4185 31 29 of
277 4185 120 37 Europe,
410 4186 54 28 and
487 4181 101 34 United
613 4187 90 29 States
724 4189 29 28 of

115 4224 135 32 America,
275 4224 49 28 via
348 4225 56 27 San
430 4224 154 35 Francisco,
609 4226 72 29 close
711 4236 35 19 on

115 4261 155 37 Thursday,
280 4262 63 28 loth
353 4262 75 36 Julj,
439 4267 29 24 at
479 4264 59 27 1-30
548 4273 66 27 p.m.
647 4264 102 37 Money

117 4299 92 29 orders
222 4301 40 26 for
274 4299 45 28 the
331 4300 67 28 mail
411 4301 55 28 will
478 4301 33 28 be
530 4302 90 28 issued
641 4311 37 28 up
691 4307 27 24 to
732 4304 16 26 4

115 4347 68 29 p.m.
197 4347 36 20 on
245 4337 136 39 Tuesday,
391 4339 63 28 13th
464 4339 77 37 July.

152 4386 45 28 Mr
209 4384 23 31 I.
246 4386 100 34 Lewis,
359 4396 130 26 manager
501 4388 31 29 of
550 4388 45 29 the
618 4388 129 29 National

116 4424 90 33 Bank,
219 4424 124 33 Reefton,
353 4425 55 27 will
421 4426 87 27 arrive
522 4426 27 26 in
562 4426 79 35 Lyell
654 4427 94 35 to-day

116 4469 36 21 on
162 4461 43 29 his
217 4461 79 29 usual
310 4462 127 37 monthly
449 4463 64 29 visit
532 4463 41 29 for
592 4464 47 29 the
660 4467 72 26 trans-

114 4499 92 30 action
219 4500 29 28 of
257 4499 122 38 banking
391 4500 131 29 business.

150 4547 59 29 The
221 4547 68 29 Rev.
302 4548 103 29 Father
415 4548 117 29 Rolland
546 4549 54 30 will
611 4550 86 30 arrive
718 4552 28 27 in

115 4585 79 37 Lyell
224 4586 54 28 this
308 4586 124 37 evening,
463 4588 54 27 and
548 4589 117 28 conduct
693 4593 53 24 two

115 4631 105 21 masses
231 4626 160 26 to-morrow
403 4628 29 25 at
445 4624 46 29 the
504 4626 77 28 usual
594 4626 92 29 hours.

149 4669 121 30 Tenders
292 4680 71 19 were
386 4671 128 37 accepted
538 4672 54 29 last
615 4673 76 29 week
710 4673 35 37 by

115 4708 47 29 the
186 4708 80 37 Lyell
291 4709 86 29 Creek
399 4710 65 28 Low
485 4711 84 29 Level
588 4713 105 33 tunnel,
706 4713 42 28 for

115 4747 52 26 500
174 4746 54 28 feet
234 4746 116 36 driving,
357 4747 54 27 and
420 4749 118 26 resulted
549 4758 29 18 as
588 4750 106 27 follows
705 4758 41 18 :

116 4783 31 29 P.
172 4783 81 29 Hunt
280 4783 37 31 £1
341 4785 46 28 17s
412 4784 66 30 with
503 4785 115 36 timber;
638 4787 37 30 £1
701 4788 46 29 18s

116 4821 125 32 without,
261 4822 145 36 (accepted)
452 4824 67 27 Five
541 4826 78 26 other
639 4826 107 27 tenders

115 4866 70 20 were
198 4861 60 25 sent
270 4859 29 27 in
320 4859 56 28 and
388 4869 70 19 were
480 4870 65 27 very
567 4861 70 29 close
651 4866 26 24 to
699 4863 47 27 the

115 4905 52 20 one
179 4897 136 37 accepted.
352 4898 57 29 The
423 4903 79 33 party
515 4899 77 30 made
605 4910 16 19 a
638 4905 68 24 start
718 4905 28 25 to

114 4934 76 28 work
202 4936 151 35 yesterday.
397 4937 92 28 About
510 4939 40 26 six
563 4939 112 28 months
696 4949 50 25 ago

114 4970 49 30 the
175 4972 95 29 Buller
282 4973 108 36 County
402 4974 115 29 Council
537 4976 81 28 voted
631 4986 16 18 a
666 4977 79 28 small

113 5017 64 21 *um
190 5010 30 28 of
225 5019 100 28 money
336 5020 29 19 or
374 5012 157 29 authorised
541 5013 70 29 their
619 5016 126 33 engineer

112 5049 31 28 to
155 5048 78 29 incur
245 5048 47 29 the
304 5050 175 35 expenditure
492 5051 41 28 for
545 5061 17 19 a
580 5052 76 28 track
675 5052 71 30 from

113 5085 49 30 the
181 5087 97 35 Alpine
300 5087 105 37 battery
426 5093 28 24 to
474 5089 46 28 the
541 5090 94 27 mouth
650 5091 30 27 of
700 5094 46 24 the

112 5124 107 33 tunnel,
238 5124 90 27 which
351 5125 22 26 is
393 5125 65 36 only
471 5136 16 17 a
508 5126 120 28 distance
646 5128 29 26 of
696 5129 50 26 800

113 5162 91 36 yards,
217 5161 54 29 and
284 5162 114 38 nothing
416 5163 50 30 has
478 5169 46 33 yet
545 5164 66 29 been
626 5165 69 30 done
715 5166 28 29 in

113 5200 47 28 the
181 5205 116 30 matter;
324 5203 53 27 and
398 5213 30 17 as
451 5204 45 27 the
518 5207 167 25 contractors
706 5214 26 18 re-

111 5239 77 36 quire
200 5238 61 30 iron
273 5240 63 28 rails
350 5241 54 27 and
417 5241 77 28 other
506 5242 89 36 heavy
608 5242 83 35 goods
700 5242 41 29 for

113 5277 46 27 the
172 5278 182 28 construction
369 5278 30 28 of
416 5278 55 28 this
484 5281 104 32 tunnel,
602 5280 48 28 the
671 5284 74 24 want

115 5313 30 28 of
155 5313 45 28 the
214 5314 76 28 track
303 5315 22 27 is
338 5316 104 35 greatly
454 5316 57 27 felt.

148 5360 88 29 There
249 5360 22 29 is
284 5371 36 18 no
332 5362 124 29 material
475 5362 104 38 change
602 5365 28 27 to
654 5369 91 31 report

113 5398 71 29 from
208 5409 55 26 any
297 5401 30 27 of
347 5401 47 28 the
418 5405 90 33 stopes
527 5403 28 27 in
578 5402 46 28 the
647 5403 98 35 Alpine

113 5438 75 26 mine
211 5437 43 27 for
276 5437 47 27 the
344 5443 61 30 past
424 5439 84 27 week.
553 5440 58 26 The
630 5447 114 20 western

112 5483 52 20 cro.
165 5484 6 11 c
175 5477 60 26 scut
256 5473 24 30 is
309 5484 62 19 now
402 5475 188 30 discontinued
620 5477 55 28 and
699 5478 46 28 the

113 5518 106 23 eastera
233 5522 51 19 one
297 5513 82 28 taken
391 5515 30 26 in
442 5515 84 33 hand,
539 5516 91 27 which
643 5516 24 27 is
680 5525 61 19 now

113 5551 132 28 extended
266 5560 17 19 a
304 5552 121 27 distance
447 5553 30 27 of
494 5554 35 27 30
548 5553 63 34 feet,
625 5554 53 27 and
698 5555 45 27 the

113 5592 116 33 country
247 5588 82 35 being
348 5590 107 36 pierced
477 5591 23 27 is
520 5590 84 35 likely
623 5592 119 34 looking,

112 5627 67 28 with
200 5627 80 28 small
301 5626 104 30 leaders
427 5628 108 36 coming
554 5630 29 27 in
606 5629 66 29 with
698 5629 44 30 the

111 5666 74 34 right
199 5666 129 28 underlie.
366 5666 27 28 It
414 5666 22 28 is
451 5666 45 28 the
510 5668 135 28 intention
658 5668 30 28 of
697 5668 46 28 the

112 5714 76 18 man;
197 5713 47 28 ger
256 5708 28 24 to
297 5704 127 28 continue
438 5705 54 28 this
506 5710 105 23 eastern
626 5712 114 22 crosscut

110 5743 73 28 until
208 5743 47 27 the
277 5741 54 30 line
353 5743 30 28 of
400 5744 58 26 reef
479 5746 29 25 at
531 5750 107 29 present
666 5745 74 35 beinp

110 5779 110 33 worked
239 5781 24 28 is
284 5785 54 29 cut,
361 5791 30 18 as
412 5781 46 29 the
480 5781 80 29 north
581 5781 78 30 bloik
681 5792 45 19 con-

785 1588 96 29 nected
893 1588 65 29 with
972 1589 47 29 the
1031 1590 76 28 track
1125 1590 29 28 of
1173 1590 46 28 the
1241 1591 80 28 south
1336 1591 78 29 block

784 1627 28 25 in
833 1627 52 26 No.
907 1628 16 25 5
944 1627 80 26 level.
1060 1628 58 26 The
1138 1628 128 35 monthly
1290 1630 124 33 cleaning

784 1673 36 29 up
845 1668 29 25 at
895 1663 47 30 the
966 1663 107 40 battery
1091 1665 65 30 took
1177 1665 75 38 place
1274 1675 36 20 on
1334 1666 57 30 Wed-

784 1703 112 36 nesday,
923 1703 47 28 the
994 1704 131 36 retorting
1154 1714 56 19 was
1240 1706 119 27 finished
1378 1715 36 18 on

784 1741 144 37 Thursday
946 1742 124 36 evening,
1083 1742 54 29 and
1150 1752 67 28 gave
1230 1743 46 29 the
1289 1743 85 30 result
1387 1744 30 28 of

784 1780 50 28 740
846 1788 100 20 ounces
958 1780 69 28 from
1038 1782 50 26 933
1099 1785 62 24 tons
1172 1781 31 28 of
1212 1785 76 24 stone
1299 1783 112 27 treated.

784 1818 57 28 The
853 1816 131 31 directors
995 1822 57 25 met
1073 1828 36 20 on
1130 1820 144 36 Thursday
1296 1820 55 29 and
1369 1820 29 29 de-

784 1855 76 27 cided
873 1856 29 26 in
915 1865 184 26 consequence
1116 1858 31 27 of
1165 1858 47 27 the
1232 1859 117 26 unusual
1370 1868 28 18 ex-

782 1901 97 30 penses
892 1901 62 22 now
966 1894 122 37 engaged
1100 1894 29 30 in
1146 1895 35 38 by
1201 1895 48 30 the
1271 1895 142 39 Company

783 1937 27 22 to
835 1932 95 34 depart
952 1933 72 26 from
1048 1933 72 28 their
1142 1935 80 26 usual
1252 1938 106 24 custom
1387 1935 30 27 of

782 1968 115 33 striking
921 1976 17 19 a
967 1969 112 35 shilling
1108 1969 130 28 dividend
1267 1971 56 27 and
1352 1971 45 27 sub-

782 2004 112 30 stituted
906 2015 17 19 a
935 2005 150 38 ninepence
1108 2008 130 29 dividend
1260 2019 47 27 per
1325 2008 87 29 shire.

781 2044 58 26 The
860 2044 140 28 character
1024 2046 31 26 of
1076 2046 76 28 these
1177 2047 89 28 works
1289 2056 46 18 are
1367 2057 35 18 ne

781 2081 129 36 cessarily
922 2090 66 27 very
1006 2082 99 37 heavy,
1118 2092 46 20 are
1186 2089 171 32 permanent,
1370 2094 29 18 ur-

780 2119 94 36 gently
886 2121 134 34 required,
1034 2121 55 28 and
1109 2122 56 27 will
1186 2131 82 28 prove
1290 2124 30 27 of
1339 2128 75 31 great

782 2157 149 37 advantage
944 2159 28 27 in
986 2159 122 36 working
1125 2159 65 30 both
1212 2161 47 28 the
1272 2162 75 28 mine
1360 2161 54 29 and

781 2195 117 36 battery.
934 2197 78 37 They
1032 2207 45 19 are
1097 2207 30 20 as
1147 2199 120 29 follows:
1294 2200 119 29 erection

781 2234 28 27 of
827 2243 61 19 new
908 2234 72 28 head
998 2245 62 18 race
1078 2235 42 29 for
1138 2237 116 36 battery,
1276 2238 56 27 and
1353 2247 45 26 pro-

780 2280 75 27 gress
878 2275 147 34 payments
1049 2282 36 20 on
1115 2284 75 18 same
1220 2275 55 28 and
1305 2276 108 33 timber,

780 2309 92 30 which
885 2310 47 30 fell
942 2311 52 30 due
1007 2312 99 38 during
1118 2313 45 30 the
1177 2317 110 27 current
1304 2315 108 34 month,

781 2349 55 26 and
848 2359 69 17 were
927 2352 165 35 necessarily
1104 2361 66 26 very
1189 2354 89 33 heavy
1289 2362 6 23 ;
1320 2357 77 23 exten-

782 2385 61 30 sion
856 2386 29 29 of
895 2387 52 28 No.
961 2388 16 28 6
990 2388 79 34 level,
1082 2389 55 28 and
1158 2390 109 36 putting
1287 2390 29 28 in
1338 2399 58 28 pros-

781 2425 111 36 pecting
911 2435 135 20 rcosscuts
1067 2427 42 28 for
1128 2428 83 28 north
1230 2428 88 28 block.
1354 2430 59 27 The

782 2463 129 29 directors
923 2463 70 30 have
1014 2465 57 28 also
1093 2466 127 37 accepted
1244 2467 109 28 tenders
1374 2468 41 28 for

782 2502 46 28 the
841 2502 59 29 first
912 2504 51 27 300
975 2503 54 28 feet
1041 2505 29 27 of
1080 2505 47 28 the
1140 2506 51 27 No.
1207 2507 15 28 7
1234 2506 80 34 level,
1325 2506 88 29 which

781 2540 56 28 will
857 2540 33 28 be
914 2542 104 27 started
1041 2552 35 18 on
1102 2543 131 35 Monday.
1270 2544 58 27 The
1353 2554 43 18 suc-

782 2577 73 28 cessf
874 2578 148 33 tenderers,
1048 2582 47 26 out
1120 2581 29 27 of
1175 2585 47 23 ten
1247 2582 165 35 competing,

781 2623 71 19 were
866 2615 77 28 Leon
956 2616 134 29 Blanchet
1104 2617 54 28 and
1170 2622 88 33 party,
1272 2622 28 24 at
1324 2620 37 27 £1
1383 2620 31 27 4s

782 2653 34 30 6d
829 2663 47 28 per
893 2654 67 36 foot,
972 2654 106 38 finding
1097 2657 162 37 everything
1279 2657 67 30 with
1368 2658 46 29 the

782 2693 141 35 exception
946 2693 31 28 of
997 2694 76 27 rails.
1116 2696 57 27 The
1198 2697 96 26 tender
1318 2698 29 26 of
1369 2698 46 26 the

781 2738 75 20 same
869 2733 81 35 party
961 2731 43 28 for
1015 2731 106 30 outside
1142 2733 90 29 works
1254 2737 28 26 to
1303 2734 47 29 the
1370 2743 29 20 ex-

781 2772 58 24 tent
849 2771 30 25 of
892 2771 57 26 i'2o
960 2779 56 18 was
1029 2771 135 35 accepted.

815 2814 58 31 The
886 2815 139 38 foliowing
1037 2816 123 32 business
1181 2829 56 19 was
1250 2818 125 40 disposed
1388 2820 26 30 of

783 2854 90 29 before
897 2856 94 28 Frank
1015 2857 75 33 Bird,
1116 2858 77 35 Esq.,
1219 2860 128 30 Warden,
1379 2870 35 18 on

782 2892 172 36 Wednesday
984 2893 209 29 last:—James
1224 2897 187 34 M'Donough,

781 2928 166 37 application
959 2930 41 27 for
1010 2935 84 24 water
1102 2941 71 25 race,
1186 2933 114 33 granted
1312 2942 6 19 :
1338 2944 74 18 same

782 2968 107 36 applied
902 2968 42 28 for
954 2969 51 28 tail
1025 2979 69 25 race,
1107 2971 89 27 which
1217 2982 56 18 was
1292 2972 122 37 objected

782 3009 27 24 to
822 3005 36 36 by
868 3015 16 18 a
896 3010 80 32 party
989 3007 30 28 of
1030 3008 116 28 Chinese
1164 3013 29 23 to
1206 3010 91 28 whom
1310 3011 34 27 he
1358 3011 56 28 had

780 3043 155 36 previously
948 3045 59 27 sold
1020 3046 46 27 the
1080 3046 81 28 claim
1174 3051 28 23 at
1215 3057 16 18 a
1238 3048 70 35 good
1318 3048 94 35 figure,

781 3090 36 19 on
837 3081 48 28 the
906 3083 119 34 grounds
1038 3083 29 28 of
1085 3093 17 19 a
1115 3093 65 28 very
1193 3085 125 37 palpable
1330 3086 69 28 inter-

780 3119 105 30 ference
905 3120 65 30 with
996 3121 71 30 their
1087 3121 97 39 rights,
1198 3124 55 29 and
1273 3133 58 21 was
1349 3135 46 19 con-

780 3159 143 36 sequently
936 3170 66 26 very
1017 3162 87 35 justly
1123 3164 123 33 refused;
1269 3165 46 27 the
1338 3175 74 17 sime

780 3196 138 36 applicant
947 3198 79 27 made
1050 3199 155 36 applcation
1229 3201 42 27 for
1294 3210 17 18 a
1335 3201 75 34 dam,

780 3234 89 28 which
891 3245 56 19 was
968 3236 150 36 adjourned
1141 3238 71 29 until
1236 3243 65 24 next
1326 3239 84 30 Court

780 3272 71 35 day;
879 3273 47 27 the
947 3274 80 35 Lyell
1053 3276 87 27 Creek
1166 3277 144 27 Extended
1334 3278 58 27 Com-

779 3312 97 35 pany's
888 3311 165 36 application
1071 3312 43 28 for
1125 3317 86 25 water-
1221 3324 72 24 race,
1306 3315 29 28 in
1349 3325 47 19 con-

779 3358 133 27 sequence
930 3349 31 29 of
978 3359 248 29 non-appearance,
1240 3362 57 20 was
1318 3354 94 28 struck

779 3390 55 24 out.

770 3432 1 51 I
812 3434 97 37 Owing
930 3438 29 27 to
982 3436 48 30 the
1054 3436 150 31 inclement
1224 3442 70 26 state
1316 3440 31 29 of
1366 3441 45 29 the

778 3474 120 28 weather
917 3476 151 35 prevailing
1089 3481 30 24 at
1141 3478 146 36 Westport,
1301 3480 52 27 and
1376 3481 35 27 its

777 3511 167 37 anticipated
956 3514 189 28 continuation
1158 3525 34 18 on
1202 3516 136 38 Saturday
1348 3518 61 33 last,

779 3550 44 28 Mr
845 3550 69 29 Bird
938 3551 113 29 decided
1075 3558 28 23 to
1128 3554 114 36 adjonm
1265 3555 47 29 the
1337 3556 54 28 Mur-

777 3587 96 28 chison
885 3589 84 28 Court
979 3590 41 27 till
1030 3591 125 36 Tuesday
1166 3593 46 26 the
1223 3593 49 27 3rd
1280 3594 116 35 August.

811 3634 88 30 There
912 3645 56 19 was
981 3636 65 37 only
1058 3647 52 19 one
1133 3647 60 20 case
1204 3638 71 29 dealt
1294 3640 67 29 with
1382 3641 29 28 in

776 3671 47 29 the
837 3673 132 29 Resident
982 3674 25 26 M
1013 3676 153 33 agistrate's
1181 3676 92 34 Court,
1280 3678 28 27 in
1322 3678 88 28 which

776 3718 52 19 one
851 3709 108 30 Helena
979 3711 98 30 Pearce
1101 3713 99 36 sought
1223 3718 29 24 to
1278 3715 93 29 obtain
1395 3726 16 18 a

776 3748 191 32 maintenance
987 3749 80 31 order
1085 3751 41 30 for
1137 3751 104 31 herself
1254 3754 56 30 and
1333 3754 76 31 three

777 3787 131 36 children,
934 3791 107 36 against
1070 3791 49 30 her
1152 3793 125 29 husband
1313 3795 98 36 Henry

777 3827 109 33 Pearce,
907 3828 72 34 who,
992 3830 22 27 it
1035 3831 135 37 appeared
1191 3832 70 28 from
1286 3833 48 28 her
1355 3843 41 19 evi-

776 3865 85 29 dence
873 3866 55 29 had
941 3868 80 28 failed
1034 3871 28 26 to
1075 3870 153 29 contribute
1242 3881 75 19 more
1338 3873 68 28 than

778 3904 38 28 £&
829 3905 117 28 towards
967 3906 72 28 their
1061 3912 112 32 support
1191 3909 42 28 for
1244 3909 47 29 the
1303 3911 52 27 last
1368 3912 42 30 .12

776 3942 120 30 months.
933 3944 58 29 The
1011 3944 146 31 defendent
1176 3956 36 19 on
1234 3948 64 29 oath
1321 3949 88 29 stated

776 3980 61 29 that
849 3981 46 29 the
908 3986 115 24 amount
1035 3986 158 27 mentioned
1206 3996 55 18 was
1273 3988 85 35 really
1369 3988 37 27 all

775 4018 62 30 that
849 4019 35 29 he
903 4019 56 29 had
977 4020 68 30 been
1058 4022 115 30 enabled
1194 4027 29 25 to
1245 4025 100 37 supply
1366 4026 43 29 his

776 4057 61 28 wife
863 4057 76 34 with,
953 4059 90 36 owing
1055 4064 27 24 to
1095 4061 46 28 the
1161 4062 55 28 fact
1228 4063 61 28 that
1301 4064 34 27 he
1355 4063 54 29 had

776 4095 109 29 entered
899 4097 58 28 into
971 4108 15 17 a
999 4107 66 28 very
1075 4100 181 36 unprofitable
1274 4107 130 30 contract,

776 4134 55 27 and
843 4134 55 28 had
919 4136 118 35 scarcely
1059 4138 78 27 made
1150 4140 110 35 enough
1280 4144 47 24 out
1341 4142 30 26 of
1387 4142 22 27 it

776 4175 28 23 to
816 4172 111 35 provide
947 4172 113 30 himself
1070 4175 66 27 with
1157 4177 161 35 provisions.
1364 4179 44 28 He

776 4209 56 29 also
847 4210 121 30 adduced
981 4212 61 30 that
1054 4213 35 29 he
1101 4214 79 29 could
1193 4222 49 21 not
1255 4226 44 19 see
1312 4226 16 19 a
1348 4226 60 28 way

775 4252 28 24 to
815 4249 112 34 remedy
948 4250 91 28 affairs
1053 4254 90 34 owing
1159 4257 27 24 to
1197 4254 47 28 the
1265 4254 143 36 depressed

775 4289 69 25 state
856 4292 28 23 ol
896 4287 45 28 the
953 4288 77 28 labor
1044 4290 106 28 market
1169 4291 54 28 and
1233 4291 35 29 its
1283 4294 123 35 scarcity.

775 4323 58 29 The
845 4324 159 36 magistrate
1016 4326 30 29 in
1058 4329 94 34 giving
1172 4329 43 28 his
1228 4330 118 28 decision
1366 4341 26 18 re-

774 4362 113 44 mained
900 4363 60 30 that
972 4364 35 29 he
1015 4364 80 31 knew
1105 4367 31 28 of
1139 4376 84 28 many
1233 4378 74 20 cases
1317 4369 90 29 where

774 4401 123 36 laboring
926 4412 64 19 men
1025 4414 69 19 were
1130 4409 159 33 supporting
1324 4409 83 27 much

774 4438 89 36 larger
882 4440 127 35 families,
1023 4442 54 27 and
1099 4452 30 17 as
1147 4442 65 29 both
1235 4445 99 35 parties
1359 4455 30 27 ap-

775 4476 97 36 peared
885 4482 94 31 strong
992 4479 54 28 and
1058 4480 60 28 able
1131 4485 28 24 to
1171 4482 75 27 work
1258 4483 35 26 he
1313 4485 91 26 would

774 4514 115 37 adjourn
901 4515 119 29 decision
1030 4518 28 27 in
1065 4518 47 28 the
1120 4527 61 20 case
1193 4520 81 28 untill
1287 4521 46 28 the
1343 4528 63 21 next

774 4553 96 36 sitting
882 4554 29 29 of
934 4555 45 29 the
1000 4556 93 35 Court,
1106 4558 55 27 and
1181 4560 142 34 suggested
1345 4560 61 29 that

774 4591 65 36 they
856 4598 44 31 try
925 4595 54 26 and
1004 4595 80 27 make
1098 4604 86 22 .some
1214 4605 193 29 arrangement

774 4628 121 29 between
908 4631 75 28 them
998 4631 28 28 in
1040 4633 47 28 the
1103 4632 121 31 interim.

809 4685 57 30 The
877 4686 69 29 Rev.
960 4687 184 31 Innes-Jones
1157 4689 64 30 held
1229 4693 53 27 two
1291 4692 115 29 services

774 4725 28 26 in
833 4725 39 28 St.
905 4726 157 29 Matthew's
1081 4729 109 27 Church
1214 4730 52 27 last
1293 4730 112 36 Sunday

774 4762 127 36 morning
919 4763 53 27 and
992 4765 124 35 evening,
1143 4766 54 27 and
1221 4767 46 27 the
1289 4768 117 35 evening

773 4800 100 28 service
898 4810 55 20 was
972 4801 88 29 better
1084 4803 127 29 attended
1230 4805 68 28 than
1315 4807 89 27 usual.

773 4837 27 27 It
812 4838 23 26 is
854 4843 28 23 to
894 4838 33 28 be
940 4839 88 36 hoped
1047 4840 61 28 that
1120 4842 82 26 when
1220 4842 46 27 the
1286 4844 120 27 weather

774 4874 122 30 becomes
910 4885 74 20 more
997 4877 97 29 settled
1106 4877 61 30 that
1180 4878 46 29 the
1239 4880 164 29 attendance

773 4916 28 26 at
824 4914 128 36 monthly
969 4917 116 27 services
1103 4917 57 28 will
1184 4917 32 29 be
1237 4918 89 35 larger
1350 4920 54 28 and

773 4960 74 19 more
865 4953 116 33 regular,
994 4953 114 36 thereby
1126 4955 114 34 offering
1258 4965 75 19 more
1358 4967 30 18 en-

772 4994 194 30 couragement
978 4995 28 24 to
1018 4991 47 28 the
1078 4992 102 28 church
1199 4995 158 28 committee
1376 4996 28 26 in

772 5026 72 29 their
879 5028 149 29 eudeavors
1063 5033 28 24 to
1127 5031 128 28 continue
1293 5032 111 37 Sunday

772 5066 123 32 services,
921 5066 116 30 without
1060 5069 137 36 reverting
1223 5073 28 25 to
1281 5070 46 29 the
1359 5071 45 28 old

772 5106 103 32 system
888 5104 30 27 of
932 5105 75 27 week
1025 5105 54 33 day
1091 5108 123 26 services.
1251 5108 29 27 It
1298 5109 55 27 will
1372 5110 32 27 be

772 5140 187 28 remembered
987 5142 47 27 the
1064 5144 119 27 exertion
1215 5145 80 27 made
1326 5155 76 19 some

773 5179 66 28 time
864 5188 50 28 ago
933 5183 27 26 to
979 5190 93 20 secure
1091 5181 55 30 this
1164 5184 165 35 concession,
1349 5185 54 29 and

772 5218 21 26 it
812 5218 55 26 will
884 5227 66 18 soon
969 5219 32 27 be
1019 5219 84 28 found
1121 5221 155 36 impossible
1295 5228 28 23 to
1341 5233 45 18 con-

773 5255 75 28 tinue
872 5256 47 28 the
932 5256 118 37 existing
1061 5265 206 29 arrangements
1287 5261 117 30 without

773 5301 15 17 a
814 5298 104 27 greater
941 5294 113 28 interest
1077 5296 22 26 is
1129 5297 82 27 taken
1241 5299 29 26 in
1300 5299 101 27 church

773 5333 112 24 matters
910 5330 35 36 by
962 5332 47 27 the
1027 5333 132 28 residents
1177 5335 30 27 of
1221 5335 47 28 the
1287 5336 115 28 district.

772 5367 35 28 At
825 5367 66 28 both
916 5370 128 37 morning
1067 5371 55 28 and
1146 5372 117 37 evening
1287 5376 115 27 services

774 5405 50 28 last
844 5407 111 36 Sunday
974 5409 45 28 the
1038 5409 68 30 Rev.
1121 5411 44 27 Mr
1183 5412 84 28 Jones
1286 5413 54 27 had
1359 5424 28 17 oc-

772 5444 90 26 casion
875 5448 28 23 to
915 5445 111 28 address
1040 5456 16 17 a
1068 5447 51 26 few
1129 5448 95 36 kindly
1235 5451 87 25 words
1335 5451 67 26 with

771 5485 104 33 respect
894 5486 28 24 to
941 5483 46 29 the
1006 5484 162 29 attendance
1187 5492 28 23 at
1233 5487 47 28 the
1298 5487 86 37 parish-

772 5522 86 26 oners'
872 5522 392 35 meetingannouncsdforthe
1277 5527 125 33 previous

772 5559 123 34 evening,
915 5560 53 26 and
987 5560 100 33 which,
1112 5561 29 27 in
1171 5571 184 27 consequence
1375 5567 27 24 ot

773 5595 45 28 the
839 5596 109 36 paucity
967 5597 31 28 of
1012 5598 61 28 that
1091 5599 171 33 attendance,
1282 5609 56 19 was
1356 5602 30 26 ad-

770 5633 114 35 journed
896 5634 71 29 until
976 5635 43 28 his
1029 5640 64 25 next
1101 5637 128 36 monthly
1240 5639 71 33 visit,
1322 5639 80 28 when

773 5671 44 28 the
835 5674 120 35 meeting
972 5673 56 29 will
1053 5674 32 29 be
1110 5675 64 28 held
1199 5686 35 18 on
1260 5686 15 19 a
1300 5677 100 37 Friday

771 5712 124 34 evening,
903 5712 29 27 of
941 5712 88 28 which
1038 5713 51 28 due
1102 5715 89 27 notice
1204 5715 55 26 will
1272 5715 31 28 be
1312 5717 89 33 given.

779 5748 49 27 I'he
842 5750 129 27 reverend
983 5751 158 34 gentleman
1160 5753 109 34 pointed
1284 5759 47 22 out
1353 5755 46 26 the

771 5784 165 39 importance
967 5789 30 28 of
1029 5799 81 26 every
1141 5790 124 29 member
1294 5791 30 29 of
1357 5792 45 29 the

1439 198 109 31 church,
1572 198 32 28 of
1636 198 65 28 both
1733 208 85 25 sexes,
1843 200 144 37 attending
2017 204 54 28 this

1439 236 129 35 meeting,
1588 237 54 28 and
1668 237 123 35 showiug
1816 247 16 18 a
1856 244 107 29 greater
1987 240 83 30 desire

1438 275 42 28 for
1505 275 52 28 and
1577 275 111 28 interest
1707 276 27 27 in
1759 276 46 28 the
1825 275 107 30 welfare
1951 279 30 26 of
2002 280 70 28 their

1439 313 100 28 church
1553 313 28 28 in
1595 313 79 36 Lyell
1687 313 67 28 than
1774 314 127 28 hitherto.
1938 315 50 28 We
2001 317 69 38 hope

1439 352 61 28 that
1512 352 56 28 this
1580 355 101 24 matter
1694 352 55 28 will
1759 357 49 23 not
1818 351 106 37 require
1937 355 133 30 reference

1439 394 26 23 to
1479 392 80 33 again
1572 390 87 28 either
1672 390 33 30 by
1721 400 33 18 us
1766 400 31 18 or
1811 391 45 27 the
1870 391 112 35 visiting
2001 396 51 26 min-

1438 428 73 33 ister,
1531 428 53 28 and
1604 428 59 28 that
1682 428 41 28 for
1741 428 47 30 the
1812 429 90 28 future
1922 429 46 29 the
1987 433 83 28 entire

1438 466 89 28 duties
1551 468 191 36 appertaining
1767 472 27 24 to
1820 468 46 28 the
1891 468 101 30 church
2015 472 56 28 will

1438 510 48 22 not
1504 505 31 26 be
1555 505 48 28 left
1621 510 28 23 to
1668 515 16 18 a
1702 506 52 28 few
1773 506 102 36 willing
1895 507 118 29 workers
2030 520 26 18 re-

1439 543 88 36 siding
1540 543 26 27 in
1581 543 46 28 the
1646 548 80 24 town.

1472 595 42 26 An
1545 595 123 28 accident
1692 596 127 27 occurred
1844 595 28 30 in
1898 596 46 29 the
1975 598 95 37 Alpiue

1438 633 74 25 mine
1541 632 145 36 yesterday
1717 634 143 27 afternoon
1891 639 27 23 to
1943 645 16 18 a
1983 637 89 28 miner

1439 669 97 28 named
1552 670 109 27 Patrick
1675 670 101 37 Byrne,
1791 672 62 28 who
1873 681 56 19 was
1949 675 120 37 engaged

1438 713 28 22 at
1495 708 47 28 the
1567 708 128 29 windlass
1719 710 29 28 in
1775 720 50 18 one
1850 711 30 28 of
1907 712 47 28 the
1980 723 89 27 passes

1437 747 115 35 hauling
1571 756 75 18 some
1666 748 77 26 tools.
1791 750 24 25 A
1834 749 83 35 slight
1935 750 74 29 hitch
2030 762 27 18 oc-

1438 784 103 32 curred,
1561 784 55 27 and
1635 784 91 36 Byrne
1745 785 28 27 in
1793 786 79 27 order
1891 790 26 24 to
1936 788 72 28 clear
2027 790 45 28 the

1438 820 167 31 obstruction
1629 822 38 29 let
1695 833 33 25 go
1759 823 46 29 the
1838 825 100 29 handle
1970 827 30 29 of
2027 828 45 29 the

1437 861 138 32 windlass,
1590 865 28 23 to
1635 862 84 27 shake
1733 863 46 26 the
1802 872 65 27 rope
1881 865 90 33 adrift,
1993 867 79 27 when

1437 898 21 28 it
1470 897 111 30 became
1595 898 70 29 clear
1678 900 54 28 and
1747 900 45 29 the
1816 901 129 29 windlass
1965 905 88 28 revolv-

1438 936 47 33 ing
1498 936 65 28 with
1577 941 74 30 great
1672 938 118 35 rapidity
1804 939 45 27 the
1873 940 101 28 handle
1995 952 76 18 came

1438 974 27 28 in
1479 977 109 26 contact
1601 975 64 29 with
1681 975 114 38 Byrnes'
1806 976 70 29 head
1887 978 54 28 aud
1952 978 118 31 inflicted

1438 1023 14 18 a
1477 1023 64 26 very
1567 1014 152 35 dangerous
1740 1016 109 37 looking
1872 1018 109 29 wound.
2029 1020 43 28 Mr

1440 1053 110 33 Saxton,
1575 1053 142 28 chairman
1741 1054 30 28 of
1786 1056 47 26 the
1856 1065 138 28 company
2018 1068 55 18 was

1439 1096 108 33 present
1560 1094 28 26 at
1601 1091 47 29 the
1661 1091 75 35 time,
1750 1101 67 28 gave
1835 1093 177 31 instructions
2030 1096 41 29 for

1439 1131 45 26 the
1503 1131 122 27 removal
1644 1131 30 28 of
1688 1131 45 28 the
1751 1132 111 28 sufferer
1880 1136 27 25 to
1921 1134 45 28 the
1986 1135 68 29 West-

1439 1171 61 33 port
1514 1168 127 37 Hospital
1660 1168 102 38 to-day.

1471 1220 51 28 Wd
1535 1224 104 24 extract
1652 1221 46 27 the
1711 1221 137 37 following
1861 1223 69 27 from
1945 1224 47 28 the
2006 1225 49 28 Mel-

1439 1258 103 26 bourne
1557 1258 59 36 Age
1629 1258 29 28 of
1677 1258 46 28 the
1736 1260 47 27 sth
1797 1260 30 28 of
1845 1260 72 29 June
1929 1263 79 27 :—At
2027 1264 45 26 the

1439 1296 62 37 City
1515 1296 89 28 Police
1618 1298 83 27 Court
1710 1303 59 31 yest
1787 1299 68 36 rday
1869 1300 98 28 Daniel
1977 1301 93 32 Creed,

1439 1334 181 37 hotelkeeper,
1635 1336 195 33 Tullamarine,
1840 1347 56 18 was
1907 1337 118 36 brought
2038 1347 36 29 up

1439 1382 35 19 on
1496 1373 113 28 remand
1630 1383 35 18 on
1689 1384 16 18 a
1731 1375 99 34 charge
1856 1376 30 28 of
1903 1376 98 36 killing
2022 1387 50 19 one

1441 1411 110 27 Samuel
1571 1411 131 35 Downey.
1750 1413 212 36 Sup-Inspector
1985 1415 86 28 Swale

1439 1448 83 28 asked
1536 1448 60 28 that
1609 1449 116 28 accused
1748 1450 87 33 might
1849 1451 32 27 be
1901 1451 168 35 discharged,

1439 1496 30 18 as
1491 1486 47 28 the
1551 1491 110 31 inquest
1682 1487 91 28 which
1796 1488 54 28 had
1867 1488 68 29 been
1949 1490 63 28 held
2039 1500 35 19 on

1440 1524 130 29 deceased
1583 1524 55 29 had
1659 1526 120 28 resulted
1801 1525 29 29 in
1852 1536 16 19 a
1890 1528 104 29 verdict
2012 1528 60 29 that

1440 1563 43 29 his
1497 1563 82 29 death
1593 1573 56 19 was
1662 1564 99 28 caused
1783 1564 36 38 by
1832 1565 42 29 his
1896 1566 177 40 accidentally

1440 1602 96 35 falling
1548 1607 48 23 out
1609 1604 30 26 of
1648 1613 16 17 a
1677 1604 66 33 high
1754 1604 116 28 window
1883 1609 29 23 at
1924 1605 47 27 the
1985 1606 68 36 Holy-

1440 1639 70 26 head
1541 1639 93 28 Hotel.
1688 1641 123 26 Accused
1841 1642 174 35 complained
2046 1643 28 27 of

1441 1677 102 37 having
1554 1677 69 30 been
1642 1678 105 37 grossly
1770 1678 137 38 maligned
1921 1680 35 36 by
1969 1691 16 19 a
2008 1681 48 30 Mel-

1440 1716 102 27 bourne
1572 1726 167 27 newspaper,
1753 1717 89 28 which
1874 1719 63 33 had,
1957 1721 115 28 without

1440 1764 54 26 any
1505 1754 161 29 foundation
1679 1755 41 29 for
1733 1756 45 28 the
1788 1761 155 30 statement,
1952 1757 121 31 branded

1441 1792 59 28 him
1513 1803 29 17 as
1552 1802 52 19 one
1617 1794 29 27 of
1656 1794 46 28 the
1714 1799 116 29 greatest
1839 1796 138 28 criminals
1990 1797 27 27 in
2029 1798 45 27 the

1441 1831 106 36 colony.
1602 1832 44 28 He
1672 1832 105 28 desired
1808 1843 33 18 an
1868 1836 155 34 expression
2048 1836 26 29 of

1440 1870 111 34 opinion
1572 1870 70 26 from
1658 1870 45 26 the
1727 1871 86 26 bench
1834 1872 60 27 that
1913 1873 35 26 he
1961 1873 48 27 left
2028 1874 46 27 the

1440 1910 76 26 court
1538 1907 115 29 without
1674 1917 15 19 a
1713 1909 72 28 stain
1805 1919 36 19 on
1862 1909 44 29 his
1927 1910 146 30 character.

1441 1945 57 26 The
1521 1950 149 23 statement
1693 1947 55 26 had
1773 1948 106 33 injured
1902 1949 68 26 him.
2016 1950 56 26 The

1440 1981 87 36 police
1551 1982 157 36 magistrate
1721 1990 5 20 :
1759 1983 61 27 You
1842 1992 44 19 are
1907 1984 166 37 discharged.

1441 2019 57 29 The
1511 2020 114 29 accused
1648 2020 67 30 then
1729 2020 47 30 left
1789 2022 46 28 the
1854 2027 77 24 court
1943 2023 66 28 with
2032 2024 42 29 his

1439 2058 112 27 friends.

1474 2105 59 28 The
1543 2105 139 38 following
1694 2106 24 29 is
1731 2106 45 29 the
1790 2107 165 36 concluding
1967 2109 104 35 portioD

1440 2143 30 28 of
1491 2144 47 27 the
1564 2144 123 29 business
1712 2145 156 29 transacted
1898 2149 29 25 at
1951 2147 46 28 the
2021 2147 54 28 last

1441 2182 121 37 meeting
1575 2183 30 28 of
1614 2184 47 27 the
1674 2184 165 36 Inangahua
1860 2184 108 37 County
1985 2185 69 29 Coun-

1440 2221 35 27 cil
1484 2221 87 28 :—Cr.
1586 2222 125 28 Gardner
1719 2223 118 27 referred
1846 2226 28 25 to
1884 2223 47 27 the
1942 2227 132 33 necessity

1440 2260 30 25 of
1480 2258 104 36 having
1605 2260 46 26 the
1664 2261 131 26 northern
1817 2260 143 36 boundary
1981 2261 30 27 of
2028 2262 46 27 the

1440 2300 101 34 county
1583 2297 118 36 defined,
1727 2307 29 20 so
1795 2307 30 20 as
1861 2302 28 26 to
1925 2298 149 31 determine

1440 2336 122 28 whether
1582 2338 47 27 the
1652 2338 82 27 Owen
1757 2338 106 28 district
1883 2339 23 27 is
1926 2339 97 28 within
2044 2349 30 19 or

1441 2373 116 28 without
1570 2374 55 28 this
1647 2378 110 32 county.
1803 2375 58 28 The
1875 2384 63 27 map
1952 2377 55 26 and
2028 2377 46 28 the

1440 2415 106 31 gazette
1567 2413 103 27 notices
1684 2412 46 29 did
1749 2416 48 25 not
1811 2422 86 27 agree,
1911 2413 55 28 and
1978 2415 21 27 it
2020 2424 55 19 was

1440 2450 134 28 therefore
1586 2460 145 27 necessary
1750 2451 61 28 that
1823 2462 16 17 a
1860 2460 100 26 survey
1978 2452 95 29 should

1441 2488 32 29 be
1486 2488 79 30 made
1578 2494 28 24 to
1613 2490 77 28 settle
1698 2490 45 28 the
1752 2492 134 35 question.
1923 2490 44 29 He
1974 2491 99 30 moved

1440 2527 60 27 that
1518 2528 46 27 the
1588 2528 265 36 Surveyor-General
1875 2530 32 27 be
1928 2532 144 33 requested

1440 2567 28 25 to
1482 2565 69 27 have
1563 2565 46 27 the
1622 2566 131 28 northern
1767 2567 142 35 boundary
1926 2567 55 27 laid
1994 2568 80 27 off.—

1440 2602 106 32 Agreed
1556 2608 36 22 to.
1630 2604 43 27 Cr.
1688 2605 96 34 Lynch
1799 2605 98 27 moved
1910 2605 61 27 that
1983 2615 16 17 a
2011 2605 45 28 sub-

1441 2640 59 37 sidy
1512 2639 31 30 of
1553 2641 56 30 £3O
1620 2640 32 29 be
1665 2641 114 35 granted
1792 2642 29 29 in
1834 2641 45 30 aid
1892 2642 30 30 of
1939 2642 46 29 the
2002 2652 56 21 erec-

1441 2681 57 26 tion
1513 2681 29 26 of
1559 2690 17 17 a
1599 2681 124 35 Heading
1744 2683 89 27 Boom
1855 2686 29 24 at
1909 2683 165 29 Murchison.

1442 2717 139 28 Seconded
1595 2718 35 35 by
1644 2718 43 28 Cr.
1710 2719 141 35 M'Ginley
1862 2727 6 26 ;
1888 2728 16 19 a
1924 2720 151 29 discussion

1441 2765 76 19 arose
1537 2766 29 18 as
1590 2759 28 25 to
1638 2756 46 29 the
1696 2758 173 35 advisability
1883 2758 31 28 of
1931 2758 47 28 the
2002 2759 54 28 Mur-

1440 2793 95 28 chison
1548 2794 95 37 people
1657 2796 145 36 procuring
1812 2806 15 18 a
1840 2796 122 28 freehold
1974 2797 29 27 in
2016 2806 42 27 pre-

1440 2832 106 30 ference
1560 2837 28 25 to
1608 2843 16 19 a
1645 2834 35 28 30
1701 2845 80 26 years
1802 2835 72 29 lease
1895 2836 42 28 for
1960 2836 112 37 reading

1440 2881 77 18 room
1531 2872 60 32 site,
1605 2882 53 25 anq
1676 2877 22 23 it
1710 2883 56 17 was
1787 2875 153 34 eveetually
1962 2875 110 28 decided

1440 2908 61 27 that
1513 2908 47 27 the
1574 2913 99 23 matter
1686 2910 81 27 stand
1776 2920 73 22 over,
1864 2911 55 26 and
1933 2911 46 28 the
2001 2921 52 18 com-

1439 2946 96 28 mittee
1554 2946 33 28 be
1606 2947 141 36 requested
1767 2951 28 25 to
1808 2948 93 29 obtain
1923 2958 16 19 a

1442 2989 26 23 to
1482 2984 94 29 entitle
1597 2985 78 28 them
1696 2991 28 22 to
1746 2986 44 28 the
1804 2987 118 35 subsidy.
1966 2987 43 27 An
2031 2996 28 18 ac-

1440 3026 84 24 count
1543 3032 56 18 was
1623 3024 144 35 presented
1787 3024 36 36 by
1847 3025 30 27 C.
1899 3025 114 27 Downie
2034 3025 41 27 for

1440 3060 144 35 travelling
1606 3070 130 26 expenses
1758 3071 29 17 as
1800 3071 16 19 a
1833 3062 122 27 member
1975 3062 31 27 of
2025 3062 46 28 the

1440 3097 144 38 Licensing
1596 3099 93 28 Bench
1701 3103 28 24 at
1739 3099 157 38 Hampden,
1906 3100 69 28 from
1987 3101 84 33 1882;

1439 3137 100 28 moved
1553 3137 35 38 by
1602 3138 43 29 Cr.
1666 3138 142 38 Campbell
1821 3139 133 29 seconded
1967 3138 35 38 by
2025 3139 42 29 Cr.

1441 3176 124 27 Gardner
1578 3177 59 26 that
1651 3178 65 33 only
1726 3179 78 26 those
1814 3179 82 26 items
1905 3179 90 26 which
2005 3188 69 18 were

1440 3212 131 35 certified,
1585 3217 28 24 to
1627 3214 31 27 be
1671 3214 263 36 passed.—Carried.

1559 3301 238 30 MATAKITAKI
1818 3304 129 28 NOTES.

1509 3397 86 35 (from
1607 3405 56 20 our
1676 3406 61 20 own
1752 3401 252 34 correspondent.)

1606 3443 181 37 Murchison,
1802 3445 47 29 6th
1872 3445 76 37 July,
1962 3448 76 28 1886.

1474 3491 35 26 So
1522 3491 84 27 much
1619 3493 30 25 of
1662 3493 170 35 importance
1853 3494 51 27 has
1916 3494 69 27 been
2006 3496 49 35 hap-

1437 3528 101 45 pening
1561 3529 29 28 in
1616 3529 46 29 the
1686 3530 86 28 world
1796 3535 28 24 at
1848 3531 75 38 large
1937 3531 60 30 that
2027 3534 44 29 the

1439 3568 148 27 chronicles
1601 3568 31 28 of
1651 3570 78 26 small
1742 3569 62 28 beer
1824 3570 70 27 from
1905 3571 54 27 this
1980 3573 91 35 region

1441 3613 66 19 were
1520 3610 49 22 not
1582 3605 31 28 of
1622 3606 135 28 sufficient
1770 3611 123 24 moment
1911 3611 28 25 to
1955 3613 116 24 warrant

1437 3643 110 35 writing
1556 3643 83 29 about
1652 3643 99 30 before.
1788 3645 57 28 The
1857 3655 74 19 snow
1940 3646 30 29 of
1978 3655 93 22 course

1437 3680 46 27 fell
1495 3681 64 27 here
1572 3691 29 17 as
1623 3682 154 32 elsewhere,
1792 3684 54 27 and
1860 3684 45 27 the
1927 3684 86 28 oldest
2026 3686 26 27 in-

1438 3717 125 29 habitant
1585 3722 84 25 states
1691 3719 61 29 that
1771 3719 35 29 he
1827 3730 82 19 never
1930 3731 55 20 saw
1997 3722 23 29 it
2041 3732 28 20 so

1437 3756 89 40 heavy
1547 3757 99 36 before,
1660 3757 77 31 there
1757 3759 81 39 being
1858 3761 65 29 nine
1935 3760 94 31 inches
2042 3763 29 29 of

1437 3797 22 28 it
1470 3798 88 28 round
1571 3798 83 29 about
1667 3799 157 37 Hampden.
1862 3801 58 28 Ido
1930 3804 48 26 not
1987 3802 80 29 know

1437 3836 123 28 whether
1582 3846 55 28 any
1660 3846 50 19 one
1735 3839 54 27 else
1811 3839 50 28 has
1886 3839 112 30 marked
2023 3841 46 30 the

1437 3876 171 28 coincidence
1630 3876 49 28 but
1699 3876 42 28 for
1762 3886 75 19 some
1857 3888 80 25 years
1961 3879 15 27 I
2001 3879 69 29 have

1436 3912 107 28 noticed
1557 3914 59 27 that
1630 3914 206 37 extraordinary
1849 3925 110 19 seasons
1971 3917 29 28 in
2021 3918 44 28 the

1437 3951 51 28 Old
1507 3952 122 37 Country
1651 3962 44 19 are
1717 3962 30 19 as
1768 3963 17 19 a
1806 3954 58 28 rule
1885 3954 125 30 followed
2032 3956 35 38 by

1436 3989 71 28 their
1523 3994 173 33 counterpart
1709 3991 63 29 here
1786 3996 28 24 at
1827 3992 46 28 the
1884 3993 151 36 antipodes.

1469 4028 36 28 At
1518 4027 61 35 last,
1594 4029 14 28 I
1619 4039 45 18 am
1677 4029 93 37 happy
1783 4034 28 25 to
1822 4035 78 30 state,
1909 4032 46 28 the
1966 4032 85 29 widen-

1436 4065 47 36 ing
1495 4067 31 27 of
1542 4067 47 28 the
1601 4067 67 28 road
1681 4071 28 25 to
1721 4069 47 27 the
1790 4070 47 27 Six
1860 4070 64 28 Mile
1937 4071 59 27 bids
2015 4072 51 28 fair

1436 4109 27 23 to
1476 4104 111 29 become
1600 4115 35 18 an
1646 4106 201 38 accomplished
1855 4108 63 34 fact,
1930 4108 47 29 the
1987 4109 78 36 plans

1436 4142 53 28 and
1511 4144 199 35 specifications
1731 4145 80 35 being
1823 4156 36 17 on
1881 4148 68 27 view
1970 4151 29 24 at
2020 4148 45 28 the

1436 4180 182 28 Commercial
1641 4182 94 33 Hotel,
1759 4183 56 27 aud
1838 4184 109 29 tenders
1966 4194 45 19 are
2037 4189 28 24 to

1435 4218 70 29 close
1520 4229 36 19 on
1568 4220 154 37 Thursday,
1731 4222 72 28 22nd
1815 4222 113 30 instant.
1966 4223 83 37 Speak-

1434 4256 48 36 ing
1494 4256 30 29 of
1537 4258 79 28 roads
1630 4259 14 26 I
1657 4262 74 25 must
1751 4260 136 36 apologise
1907 4262 42 27 for
1961 4271 36 19 an
2018 4271 30 19 un-

1434 4295 163 28 intentional
1607 4306 74 18 error
1696 4297 61 29 that
1770 4297 15 28 I
1806 4299 80 28 made
1899 4300 66 27 with
1985 4301 66 27 refer-

1434 4341 65 19 ence
1513 4337 27 24 to
1553 4333 46 28 the
1616 4335 84 28 Owen
1714 4335 74 28 road.
1825 4337 15 27 I
1853 4337 88 28 stated
1963 4337 61 29 that
2046 4338 21 29 it

1434 4370 55 29 had
1503 4372 111 34 started,
1627 4373 62 28 well
1702 4383 28 19 so
1744 4373 13 28 I
1775 4384 57 19 was
1843 4375 135 29 informed
1997 4377 68 28 from

1434 4409 46 28 the
1494 4410 83 28 Owen
1590 4412 75 27 itself
1674 4422 36 17 on
1719 4413 45 27 the
1774 4422 65 27 very
1848 4414 58 27 best
1917 4415 148 35 authority,

1434 4446 56 34 but,
1538 4448 45 27 All
1603 4457 64 19 men
1681 4459 45 18 are
1865 4451 126 37 differing
2003 4453 63 37 only

1434 4486 28 26 in
1485 4485 46 28 the
1553 4489 93 25 extent
1665 4490 30 24 of
1711 4488 71 27 their
1803 4498 104 27 powers
1930 4491 69 27 after
2020 4492 44 26 all.

1434 4522 14 27 I
1461 4532 56 19 was
1530 4528 48 24 not
1591 4533 65 28 very
1669 4525 41 28 far
1721 4530 47 24 out
1783 4535 30 19 as
1821 4526 46 29 the
1879 4536 124 20 overseer
2011 4538 54 20 was

1433 4561 66 29 then
1512 4563 117 36 starting
1648 4563 71 29 from
1740 4565 112 35 Nelson,
1866 4566 55 28 and
1933 4567 22 28 it
1966 4568 25 28 is
2003 4577 61 19 now

1432 4600 88 27 under
1531 4609 134 27 progress.

1467 4637 87 29 There
1584 4639 24 27 is
1637 4648 16 19 a
1682 4640 115 36 petition
1828 4650 62 20 now
1919 4642 77 36 lying
2024 4643 41 28 for

1432 4674 137 35 signature
1583 4676 115 37 praying
1709 4678 43 28 for
1764 4688 16 18 a
1793 4678 92 37 bridge
1904 4682 161 36 connecting

1432 4713 150 36 Hampden
1595 4716 67 27 with
1679 4716 47 28 the
1747 4718 75 27 main
1836 4718 75 33 road,
1925 4719 55 28 and
1999 4720 21 28 it
2041 4721 23 27 is

1431 4760 52 17 one
1496 4752 30 26 of
1545 4753 47 26 the
1615 4756 71 24 most
1707 4763 143 26 necessary
1867 4756 88 27 works
1968 4757 29 26 in
2018 4757 46 28 the

1432 4787 113 35 district,
1559 4789 48 28 but
1620 4789 14 28 I
1648 4790 80 29 think
1740 4791 80 29 while
1834 4801 39 20 we
1886 4803 45 18 are
1946 4798 29 24 at
1987 4794 21 28 it
2025 4803 39 21 we

1431 4826 98 28 should
1551 4828 100 34 agitate
1665 4828 42 28 for
1728 4839 17 17 a
1757 4835 61 22 cart
1837 4830 94 36 bridge
1948 4836 29 23 at
1998 4841 66 19 once

1431 4864 55 26 and
1498 4869 44 29 get
1554 4865 119 35 through
1686 4867 162 27 connection
1857 4868 66 26 with
1932 4868 46 28 the
1987 4873 78 24 outer

1430 4902 94 28 world.

1465 4941 58 26 The
1536 4944 76 24 court
1626 4942 60 27 that
1698 4951 57 18 was
1768 4946 28 24 to
1808 4943 33 27 be
1854 4944 64 27 held
1933 4945 54 27 this
2010 4946 52 35 day

1430 4977 23 28 is
1467 4987 61 18 now
1542 4981 149 33 postponed
1705 4980 41 28 till
1759 4981 47 27 the
1826 4981 49 27 3rd
1888 4982 31 26 of
1936 4982 123 35 August:

1431 5015 114 36 thereby
1564 5018 113 33 causing
1700 5021 77 32 great
1800 5019 212 29 inconvenience
2034 5025 28 24 to

1430 5062 94 27 many,
1533 5054 45 28 the
1586 5055 88 28 notice
1681 5055 66 37 ouly
1752 5056 103 36 having
1867 5057 66 28 been
1942 5058 122 29 received

1430 5101 36 18 on
1474 5092 135 35 Saturday
1618 5093 35 35 by
1662 5094 139 34 telegram.
1836 5095 28 27 It
1870 5104 88 19 seems
1965 5106 15 17 a
1988 5102 76 30 great

1430 5132 58 32 pty
1502 5129 60 27 that
1575 5139 16 17 a
1603 5130 95 35 longer
1712 5131 89 27 notice
1813 5132 30 26 of
1852 5141 55 26 any
1918 5133 145 28 alteration

1430 5166 30 30 of
1479 5170 75 25 dates
1573 5174 101 23 cannot
1691 5167 32 30 be
1742 5170 90 35 given,
1847 5170 55 28 and
1915 5174 49 26 not
1984 5170 80 40 bring

1431 5215 64 19 men
1508 5208 34 26 20
1557 5207 79 28 mileo
1650 5217 34 18 on
1698 5218 15 17 a
1726 5208 76 28 fools'
1817 5210 106 27 errand.

1465 5245 39 28 To
1530 5245 80 28 make
1636 5245 88 28 bricks
1749 5246 116 29 without
1895 5255 82 22 straw
2001 5249 23 28 is
2048 5259 16 19 a

1431 5283 142 28 venerable
1586 5283 97 35 saying
1697 5284 47 27 but
1757 5292 36 19 on
1806 5287 158 35 reperusing
1980 5287 54 28 this
2048 5288 14 27 I

1429 5320 58 27 find
1500 5321 21 26 it
1534 5320 37 28 all
1584 5326 81 22 straw
1679 5322 54 26 and
1746 5330 36 19 no
1795 5322 124 36 building
1928 5325 134 34 material,

1430 5359 196 36 consequently
1639 5359 23 27 if
1672 5368 54 26 any
1740 5368 50 20 one
1804 5360 77 28 takes
1895 5362 46 27 the
1959 5362 105 29 trouble

1430 5400 27 24 to
1472 5400 45 24 cut
1530 5406 44 20 me
1587 5407 45 27 up,
1646 5397 75 29 chaff
1731 5398 56 28 will
1799 5398 32 29 be
1844 5399 47 29 the
1901 5401 93 28 result.

1844 5438 74 33 Quid
1938 5439 91 28 Nunc.

2218 197 193 33 REEFTON
2440 197 176 33 LETTER.

2161 307 84 36 (from
2264 313 55 20 our
2338 312 61 19 own
2418 307 256 34 CORRESPONDENT.)

2361 354 198 39 Wednesday,
2580 355 72 43 July
2666 359 29 31 7.

2132 411 116 28 lieefton
2262 411 23 26 is
2306 411 50 26 not
2368 418 29 19 so
2420 408 85 37 lively
2513 409 58 36 just
2592 419 63 19 now
2667 420 30 19 as
2721 412 14 28 I

2098 449 151 31 remember
2262 452 27 25 to
2303 448 70 27 have
2392 456 63 19 seen
2469 448 21 27 it
2503 456 34 19 on
2561 448 109 29 various
2691 459 28 20 oc-

2098 489 114 30 casions.
2267 487 57 28 The
2356 491 158 31 temporary
2543 490 132 34 stoppage
2706 491 31 27 of

2097 527 74 28 work
2183 527 29 26 in
2225 526 46 27 the
2285 524 93 28 Venus
2391 524 55 28 and
2459 524 77 28 Dark
2550 526 97 32 mines,
2669 526 50 37 hap-

2097 566 100 38 pening
2211 565 123 34 together
2347 562 66 29 with
2427 562 46 29 the
2495 562 83 30 strike
2601 567 29 25 at
2650 564 68 30 Boat-

2099 606 96 31 man's,
2209 604 49 26 has
2281 602 55 28 had
2350 613 16 17 a
2391 611 67 26 very
2478 602 159 37 depressing
2658 604 79 28 effect

2098 652 35 18 on
2157 641 86 31 trade,
2252 640 55 27 and
2326 640 120 26 checked
2469 640 42 26 for
2531 640 46 27 the
2601 642 67 26 time
2690 642 47 28 the

2098 680 158 30 circulation
2287 678 30 28 of
2343 687 16 18 a
2383 676 74 37 large
2488 686 61 19 sum
2574 677 30 29 of
2625 688 111 29 money,

2098 719 113 36 usually
2221 717 62 38 paid
2294 726 77 26 away
2381 717 29 27 in
2422 726 98 27 wages.
2559 717 179 39 Fortunately

2100 759 44 26 the
2159 762 129 30 stoppage
2310 765 56 18 was
2380 755 49 26 but
2449 759 166 32 temporary,
2630 757 54 26 and
2705 767 30 18 as

2098 794 75 29 work
2195 794 50 27 has
2267 793 68 27 been
2356 792 127 28 resumed
2505 793 29 27 in
2556 793 36 27 ail
2613 797 124 33 quarters

2100 833 91 34 things
2201 831 55 29 will
2267 840 66 20 soon
2342 840 76 20 come
2427 830 68 30 back
2504 837 27 23 to
2543 831 72 29 their
2625 833 108 29 normal

2099 871 147 29 condition.
2284 870 57 27 The
2352 870 78 27 effect
2439 870 127 28 however
2573 871 92 28 shows
2676 872 62 28 how

2099 908 156 38 dependant
2274 907 46 29 the
2342 907 76 37 place
2439 908 23 28 is
2483 917 36 19 on
2542 908 115 35 mining,
2684 910 54 28 and

2098 948 62 26 how
2173 946 105 35 readily
2289 947 22 26 it
2323 946 132 35 responds
2469 951 28 22 to
2510 946 47 27 the
2570 947 69 34 good
2653 957 31 17 or
2707 948 31 27 ill

2098 994 105 20 success
2216 983 30 30 of
2256 988 46 25 tue
2316 983 106 38 mining
2435 986 129 27 ventures
2577 985 30 28 of
2624 985 47 29 the
2685 985 40 29 dis-

2100 1026 71 28 trict.
2208 1024 58 29 One
2288 1023 151 37 important
2460 1024 68 27 item
2550 1024 50 28 has
2620 1025 115 29 enabled

2100 1063 45 28 the
2165 1066 73 24 most
2258 1061 144 37 depressed
2425 1066 27 23 to
2460 1062 68 36 keep
2542 1072 16 17 a
2579 1063 59 27 stiff
2657 1063 64 29 back-

2099 1101 69 30 bone
2183 1100 99 38 during
2295 1100 36 29 all
2345 1100 45 29 the
2404 1100 146 34 slackness,
2564 1101 56 28 and
2632 1101 61 30 that
2701 1102 32 36 is,

2099 1141 46 27 the
2161 1140 99 28 almost
2273 1140 122 27 absolute
2409 1140 134 36 certainty
2557 1141 30 27 of
2597 1141 46 27 the
2667 1142 50 27 mid-

2099 1177 65 29 land
2176 1176 113 37 railway
2301 1176 81 37 being
2399 1177 111 32 started,
2522 1187 16 19 a
2559 1186 155 22 consumma-

2101 1218 56 26 tion
2170 1216 129 35 devoutly
2312 1216 103 28 wished
2442 1216 51 33 for,
2507 1216 54 28 and
2575 1216 90 29 which
2684 1219 56 28 will

2100 1253 188 36 undoubtedly
2320 1254 69 27 have
2426 1263 16 18 a
2472 1258 73 24 most
2583 1256 152 35 important

2100 1292 78 29 effect
2191 1301 36 20 on
2240 1292 46 28 the
2298 1291 91 29 future
2403 1292 31 28 of
2451 1292 56 29 this
2520 1293 114 29 district.

2135 1340 57 28 The
2214 1339 74 28 aerial
2308 1339 53 29 line
2382 1343 28 25 at
2430 1340 47 29 the
2498 1340 95 29 Venus
2617 1342 23 27 is
2655 1343 80 35 again

2100 1378 123 35 working
2236 1378 201 37 satisfactorily.
2476 1379 57 29 The
2547 1383 90 33 stopes
2650 1382 29 26 in
2690 1382 47 27 the

2101 1417 74 26 mine
2201 1425 45 18 are
2270 1416 131 32 manned,
2426 1417 55 27 and
2506 1427 16 17 a
2546 1418 65 35 long
2636 1428 46 18 era
2712 1420 30 27 of

2100 1453 130 36 erushing
2241 1453 23 28 is
2277 1463 62 18 now
2351 1454 111 28 entered
2477 1463 84 28 upon.
2580 1453 4 38 '
2598 1456 57 28 The
2669 1456 70 29 level

2101 1493 49 26 has
2171 1491 68 28 been
2261 1491 95 28 driven
2378 1501 35 19 on
2436 1497 78 24 stone
2535 1495 43 27 for
2596 1494 71 36 fully
2688 1496 52 27 300

2100 1529 71 35 feet;
2202 1529 154 29 occasional
2383 1530 96 29 breaks
2510 1531 70 30 have
2608 1533 130 29 occurred

2100 1569 81 28 when
2195 1568 46 28 the
2253 1569 59 27 reef
2322 1568 50 29 has
2385 1569 127 37 pinched,
2527 1571 55 28 and
2603 1571 35 29 its
2660 1572 76 37 place

2101 1608 68 27 been
2182 1607 74 27 filled
2269 1608 67 26 with
2351 1609 129 32 mullock,
2495 1610 48 27 but
2552 1610 30 27 in
2592 1610 46 27 the
2648 1616 89 30 stopes

2101 1644 84 28 above
2199 1644 22 27 it
2241 1648 77 23 stone
2333 1644 50 28 has
2405 1646 81 35 agaiu
2509 1647 90 32 made,
2614 1648 126 34 showing

2101 1684 60 28 that
2174 1682 76 30 these
2264 1682 95 30 breaks
2373 1693 45 19 are
2441 1684 49 30 but
2502 1689 158 34 temporary
2682 1687 55 29 aad

2100 1722 62 27 that
2180 1721 47 28 the
2239 1722 59 27 reef
2317 1723 23 26 is
2362 1723 173 34 continuous,
2549 1724 129 36 allowing
2699 1726 41 28 for

2100 1760 78 29 these
2199 1769 68 27 gaps
2288 1760 90 29 which
2403 1771 45 18 are
2471 1762 158 30 observable
2648 1764 29 28 in
2699 1764 37 28 all

2100 1798 80 34 reefs,
2193 1799 177 36 particularly
2381 1808 29 18 in
2423 1799 78 29 those
2514 1801 90 28 where
2619 1801 46 28 the
2675 1801 61 29 lode

2102 1846 66 26 may
2187 1836 31 29 be
2232 1836 158 29 considered
2403 1848 116 19 narrow.
2555 1840 25 27 A
2593 1839 51 29 fair
2655 1840 85 29 width

2103 1874 30 27 of
2150 1877 78 24 stone
2248 1874 24 26 is
2296 1875 125 35 showing
2441 1877 28 25 in
2491 1877 47 26 the
2554 1881 72 23 laces
2647 1879 27 26 of
2694 1879 47 27 the

2105 1912 81 34 level,
2199 1910 68 30 both
2281 1912 80 29 north
2384 1913 55 29 and
2460 1914 97 35 south;
2577 1915 48 29 but
2646 1916 95 38 nearly

2101 1951 36 25 all
2159 1950 89 26 bauds
2268 1950 82 34 being
2372 1951 70 34 busy
2462 1952 29 26 in
2512 1953 47 26 the
2585 1959 91 28 stopes
2697 1964 29 17 ex-

2100 1987 135 36 ploration
2257 1985 23 28 is
2302 1987 106 27 limited
2427 1992 26 23 to
2476 1996 52 19 oue
2549 1989 65 28 shift
2634 1990 108 37 driving

2101 2025 89 28 south.
2229 2023 99 38 Owing
2339 2028 27 25 to
2387 2035 52 18 one
2451 2025 32 29 of
2500 2027 47 29 the
2568 2037 59 19 cam
2655 2029 85 29 shafts

2100 2066 28 24 at
2148 2062 46 28 the
2216 2062 107 36 battery
2348 2063 138 35 breaking,
2501 2069 47 23 ten
2570 2065 85 29 heads
2676 2069 65 33 only

2100 2109 45 19 are
2159 2100 83 36 doing
2255 2100 77 36 duty.
2369 2101 97 36 Thirty
2487 2102 84 29 heads
2584 2112 45 19 are
2649 2105 76 28 stand-

2100 2138 48 37 ing
2155 2138 29 28 in
2197 2138 54 28 this
2263 2138 56 35 (the
2333 2139 43 27 old
2388 2140 157 36 Euergetic)
2557 2141 116 37 battery,
2685 2143 54 28 and

2100 2177 47 28 the
2161 2176 71 28 shaft
2250 2176 30 28 of
2289 2177 47 28 the
2347 2177 108 29 disused
2466 2183 44 24 ten
2520 2178 55 31 will
2589 2180 30 29 be
2630 2181 112 30 utilised

2101 2215 70 28 until
2187 2225 16 18 a
2215 2225 61 18 new
2289 2225 51 18 one
2352 2217 24 27 is
2389 2217 135 28 obtained.

2137 2253 57 26 The
2208 2254 174 34 prospecting
2394 2254 61 27 that
2468 2255 49 27 has
2531 2255 68 28 been
2611 2258 82 35 going
2704 2268 35 18 on

2100 2289 29 29 in
2142 2290 46 28 the
2201 2290 82 28 lower
2296 2290 69 28 level
2377 2291 27 28 of
2416 2291 47 30 the
2477 2293 106 29 Golden
2606 2295 133 31 Treasure

2101 2330 49 28 has
2160 2333 48 25 not
2216 2330 67 28 been
2295 2331 154 28 successful.
2474 2333 97 37 Owing
2580 2338 28 25 to
2619 2345 16 19 a
2645 2345 74 20 move-

2101 2371 77 23 ment
2199 2368 30 27 of
2250 2369 48 26 the
2324 2374 115 31 country
2459 2371 46 27 the
2519 2377 85 22 strata
2625 2378 28 22 at
2674 2375 62 27 that

2101 2405 69 29 level
2183 2415 45 19 are
2241 2405 85 29 found
2340 2410 27 24 to
2380 2406 32 29 be
2426 2407 140 31 disturbed
2578 2411 56 28 and
2656 2412 82 29 slides

2101 2444 70 28 have
2184 2443 68 29 been
2265 2449 56 23 met
2335 2446 64 27 with
2413 2448 106 35 cutting
2531 2448 40 28 off
2581 2448 65 30 both
2672 2451 52 28 reef-

2101 2481 77 30 track
2190 2482 56 29 and
2258 2482 85 30 walls.
2381 2484 66 29 This
2460 2485 68 31 level
2541 2487 22 29 is
2575 2487 164 31 abandoned

2101 2521 41 28 for
2154 2521 46 28 the
2213 2528 118 30 present,
2346 2525 53 26 and
2413 2525 89 28 future
2521 2529 173 34 prospecting
2715 2529 23 27 is

2101 2560 129 35 expected
2244 2564 27 23 to
2293 2560 32 29 be
2345 2562 80 27 made
2447 2564 29 26 in
2489 2564 47 27 the
2559 2565 132 28 directiou
2714 2567 25 27 of

2100 2597 47 27 the
2160 2597 46 27 old
2219 2598 107 27 Golden
2340 2599 60 27 Hill
2412 2601 84 32 mine,
2505 2610 63 19 now
2580 2603 96 27 within
2689 2603 47 29 the

2101 2637 159 35 company's
2272 2636 82 33 lease,
2367 2638 91 28 where
2471 2640 116 36 payable
2597 2646 77 23 stone
2683 2651 55 19 was

2101 2674 109 29 worked
2234 2676 29 27 in
2286 2676 46 29 the
2355 2678 75 35 early
2453 2678 66 37 days
2542 2681 30 27 of
2594 2681 46 28 the
2665 2681 72 29 field.

2101 2712 58 28 The
2179 2713 107 36 battery
2307 2716 69 26 level
2398 2716 55 28 will
2479 2718 133 35 probably
2637 2719 32 28 be
2695 2728 29 19 ex-

2100 2750 100 29 tended
2213 2754 28 26 to
2254 2757 46 24 cut
2309 2753 22 27 it
2341 2752 99 30 should
2449 2754 21 29 it
2481 2757 30 27 be
2523 2756 95 38 finally
2627 2757 112 30 decided

2100 2791 28 26 to
2141 2794 109 29 operate
2263 2791 28 26 in
2307 2791 61 28 that
2380 2793 141 28 direction.

2136 2827 61 30 The
2211 2827 156 39 Inglewood
2382 2830 113 31 cleaned
2509 2843 36 28 up
2561 2843 35 19 on
2618 2833 121 41 Monday

2100 2867 67 27 with
2188 2868 47 27 the
2258 2871 85 26 result
2355 2871 30 26 of
2404 2871 83 28 about
2509 2874 113 26 lldwts.
2646 2879 27 23 to
2686 2875 48 27 the

2100 2907 57 23 ton.
2206 2906 88 26 There
2315 2907 56 26 will
2395 2907 33 27 be
2449 2918 16 17 a
2488 2913 130 32 stoppage
2639 2916 27 22 at
2689 2912 46 26 the

2100 2940 108 38 battery
2220 2942 41 28 for
2273 2953 16 18 a
2302 2944 75 27 week
2391 2954 31 16 or
2434 2948 52 29 two
2499 2946 89 29 bafoi-p
2588 2949 147 34 lcrushing

2100 2979 23 24 is
2135 2978 168 27 resiiine3~to
2316 2979 95 27 enable
2425 2989 16 18 a
2453 2979 99 37 supply
2562 2980 30 28 of
2609 2985 77 25 stone
2710 2987 27 23 to

2101 3014 32 28 be
2157 3016 190 27 accumulated
2369 3018 29 26 in
2417 3017 46 28 the
2482 3019 146 34 p.aldocks.
2677 3021 58 28 The

2101 3055 165 26 contractors
2278 3053 42 28 for
2333 3054 46 27 the
2394 3056 95 27 tunnel
2502 3065 45 18 are
2565 3057 55 28 still
2632 3059 29 26 in
2684 3058 53 29 fair

2101 3090 108 36 driving
2232 3096 125 32 country,
2376 3093 54 28 and
2455 3102 45 19 are
2525 3094 112 38 making
2665 3097 71 36 good

2101 3128 141 39 headway.

2135 3170 52 26 No.
2201 3172 16 24 2
2239 3170 198 36 Keep-it-Dark
2460 3174 24 26 is
2510 3174 108 36 driving
2632 3185 35 18 on
2688 3176 47 28 the

2101 3206 76 27 track
2190 3207 31 27 of
2231 3207 45 27 Nil
2289 3208 150 35 boundary.
2476 3211 88 27 There
2575 3212 22 27 is
2608 3221 36 19 no
2657 3217 78 24 stone

2100 3243 28 29 in
2143 3245 45 28 the
2200 3245 57 28 face
2270 3250 29 24 at
2311 3252 117 31 present,
2442 3248 49 29 but
2510 3259 30 19 as
2553 3249 46 29 the
2613 3256 123 24 contract

2100 3282 41 27 for
2153 3283 106 35 driving
2268 3285 23 26 is
2303 3294 65 26 very
2377 3288 168 32 reasonable,
2559 3289 45 25 lis
2614 3298 48 27 per
2670 3290 66 33 foot,

2100 3321 22 27 it
2150 3320 24 28 is
2199 3320 83 38 likely
2303 3326 28 25 to
2356 3323 31 28 be
2413 3325 146 29 continued
2585 3326 42 28 till
2657 3337 76 19 more

2099 3358 138 29 favorable
2251 3365 140 32 prospects
2404 3372 45 19 are
2462 3368 58 24 met
2533 3364 75 29 with.

2134 3398 82 28 From
2228 3398 35 28 its
2272 3399 122 29 elevated
2406 3403 114 34 position
2533 3403 46 28 the
2589 3403 52 37 Big
2653 3404 85 29 River

2100 3434 80 29 claim
2199 3436 23 28 is
2244 3445 16 19 a
2279 3445 65 28 very
2362 3438 183 38 inhospitable
2564 3441 50 28 site
2634 3445 28 25 at
2680 3443 56 28 this

2100 3483 95 19 season
2208 3474 31 28 of
2248 3474 45 29 the
2307 3485 73 26 year.
2417 3478 28 28 It
2462 3479 23 28 is
2498 3479 135 30 therefore
2646 3485 49 25 not
2709 3491 27 19 to

2100 3511 32 28 be
2145 3512 144 28 wondered
2303 3517 37 30 at,
2354 3514 60 28 that
2427 3516 47 28 the
2486 3517 76 28 work
2575 3518 27 28 of
2615 3519 121 36 erecting

2100 3549 116 37 battery,
2246 3551 120 38 forming
2395 3557 144 35 tramway,
2570 3556 55 30 and
2655 3558 78 29 other

2099 3588 107 28 outside
2220 3589 88 28 works
2321 3592 22 25 is
2356 3595 48 24 not
2415 3595 161 33 proceeding
2585 3605 30 17 so
2626 3597 109 34 rapidly

2098 3635 30 19 as
2141 3626 88 28 under
2239 3636 16 18 a
2268 3636 75 20 more
2356 3631 90 35 genial
2460 3635 68 25 state
2538 3632 30 27 of
2575 3632 47 29 the
2633 3638 82 24 atmos-

2099 3665 82 35 phere
2195 3666 89 26 would
2298 3666 32 28 be
2349 3668 46 27 the
2409 3678 70 19 case.
2528 3671 97 35 Owing
2647 3676 28 23 to
2688 3673 47 27 the

2098 3702 52 26 bad
2173 3706 69 24 state
2268 3704 30 26 of
2313 3704 46 28 the
2373 3707 65 26 road
2457 3716 36 18 no
2512 3709 108 34 portion
2635 3709 30 28 of
2685 3710 47 28 the

2097 3739 107 38 battery
2223 3741 50 29 has
2284 3747 47 32 yet
2354 3743 107 37 landed,
2475 3745 48 29 but
2535 3747 24 28 is
2580 3746 78 39 lying
2670 3748 64 30 here

2097 3779 54 30 and
2164 3779 77 31 there
2255 3790 34 20 on
2303 3782 125 32 different
2449 3791 74 32 parts
2536 3787 31 29 of
2589 3787 46 30 the
2658 3789 76 30 track

2097 3819 84 36 ready
2194 3825 29 23 to
2233 3821 32 28 be
2274 3830 51 19 run
2336 3822 118 38 through
2465 3826 80 28 when
2556 3826 46 29 the
2611 3828 120 29 weather

2097 3857 78 29 holds
2188 3868 45 27 up.
2270 3859 58 30 The
2341 3865 157 27 water-race
2512 3863 42 30 for
2566 3865 46 29 the
2623 3865 109 39 battery

2096 3896 23 27 is
2131 3897 61 27 well
2211 3897 28 27 in
2259 3897 84 35 hand,
2357 3901 46 27 the
2423 3901 54 28 line
2498 3902 41 28 for
2557 3905 73 27 serial
2648 3909 67 24 tram-

2096 3944 60 26 way
2169 3936 23 27 is
2204 3935 81 36 being
2296 3937 114 34 cleared,
2425 3939 54 28 and
2493 3941 106 35 timbei,
2617 3944 115 36 squared

2096 3974 54 27 and
2169 3984 84 24 sawn,
2272 3976 23 26 is
2314 3976 81 36 being
2414 3981 190 28 accumulated
2623 3982 43 28 for
2684 3983 46 28 the

2094 4012 60 27 mill
2167 4012 54 28 and
2234 4014 166 28 mill-house.

2130 4050 45 28 Mr
2199 4052 86 34 Hugh
2316 4053 142 37 Campbell
2482 4055 50 30 has
2556 4057 47 29 the
2629 4058 102 38 Happy

2096 4088 95 37 Valley
2209 4090 75 28 mine
2302 4100 36 19 on
2356 4092 108 29 tribute.
2502 4095 45 28 He
2565 4096 24 28 is
2608 4105 62 20 now
2683 4106 30 19 en-

2094 4127 85 35 gaged
2209 4128 106 37 getting
2338 4133 47 25 out
2415 4134 77 27 stone
2517 4133 41 28 for
2587 4135 139 37 crushing,

2095 4165 88 27 which
2196 4166 23 26 is
2231 4167 130 27 intended
2376 4172 25 24 to
2415 4169 32 27 be
2462 4172 139 34 conveyed
2614 4172 36 35 by
2660 4173 68 35 dray

2095 4205 26 26 to
2135 4202 47 29 the
2194 4203 124 29 Oriental
2331 4204 114 42 jittery,
2460 4200 171 38 about'three
2645 4210 80 29 miles

2093 4241 118 29 towards
2224 4243 125 29 Eeefton.
2386 4246 88 28 There
2484 4257 56 18 was
2551 4258 34 18 an
2594 4250 134 28 excellent

2094 4279 105 28 surface
2224 4281 76 28 show
2328 4292 29 17 in
2387 4283 56 28 this
2473 4286 83 33 mine,
2571 4286 54 28 and
2658 4286 22 29 it
2706 4287 24 29 is

2092 4317 117 35 possible
2222 4319 47 27 the
2290 4320 125 38 working
2426 4323 31 26 of
2473 4323 46 28 the
2542 4323 100 29 tribute
2662 4334 66 27 may

2093 4356 89 28 reveal
2204 4356 46 29 the
2271 4357 132 31 direction
2427 4360 143 31 in-which
2594 4362 47 30 the
2664 4363 62 29 lode

2093 4394 75 28 sinks
2180 4394 59 30 into
2252 4398 109 28 mother
2373 4399 85 28 earth.

2126 4433 58 26 The
2206 4434 199 35 Keep-it-Dark
2427 4438 106 34 battery
2550 4439 51 27 has
2622 4440 103 27 started

2093 4469 47 29 but
2164 4473 48 26 not
2233 4472 65 28 with
2324 4473 47 29 the
2395 4473 50 30 full
2467 4476 179 37 compliment
2671 4481 55 33 yet,

2092 4507 92 28 fifteen
2206 4509 85 28 heads
2311 4511 80 36 being
2414 4522 63 19 now
2500 4515 91 35 going,
2606 4515 49 29 but
2679 4516 46 28 the

2093 4544 86 31 whole
2198 4556 45 20 are
2257 4550 128 36 expected
2403 4553 29 26 to
2445 4551 31 29 be
2494 4553 29 27 in
2537 4553 106 29 motion
2661 4561 66 22 soon

2091 4585 79 27 when
2184 4594 75 19 some
2273 4588 160 29 unforeseen
2446 4590 159 29 alterations
2617 4601 45 19 are
2685 4597 26 23 at-

2092 4622 99 28 tended
2204 4627 37 24 to.
2278 4625 73 28 Four
2363 4635 65 19 men
2441 4628 66 36 only
2519 4629 70 28 have
2602 4629 69 29 been
2681 4640 30 18 en-

2090 4660 86 36 gaged
2200 4660 30 28 in
2249 4662 46 28 the
2313 4663 72 29 mine
2404 4664 99 37 during
2526 4667 47 28 the
2598 4671 129 33 stoppage

2091 4698 47 29 but
2152 4698 45 29 the
2210 4700 80 28 usual
2309 4702 184 37 complement
2514 4715 44 18 are
2582 4706 143 38 gradually

2091 4737 80 35 being
2189 4738 83 28 taken
2295 4747 44 20 on.
2377 4741 78 28 Your
2478 4743 66 27 l\D.
2558 4745 28 25 in
2601 4754 48 25 my
2674 4746 52 27 last

2091 4774 79 27 letter
2187 4777 160 35 transposed
2368 4778 47 28 the
2437 4779 100 34 figures
2559 4780 117 37 relating
2698 4784 28 26 to

2091 4812 46 28 the
2156 4812 83 36 depth
2260 4814 121 29 between
2401 4815 45 30 the
2465 4822 108 31 present
2598 4820 55 28 and
2678 4820 46 29 the

2091 4855 65 21 next
2168 4850 70 27 level
2248 4851 70 27 from
2332 4854 51 26 160
2391 4854 54 27 feet
2457 4859 28 22 to
2499 4857 58 24 106.

2126 4886 58 28 The
2198 4887 120 38 Eclipse,
2329 4898 35 19 on
2378 4890 46 28 the
2436 4892 132 29 northern
2582 4892 141 38 boundary

2091 4925 30 28 of
2147 4925 47 28 the
2225 4926 108 29 Wealth
2363 4929 24 27 is
2417 4933 28 24 to
2474 4930 33 28 be
2537 4934 186 27 resuscitated.

2091 4962 107 36 During
2210 4963 47 28 the
2271 4968 76 32 spurt
2359 4965 22 28 it
2394 4976 67 25 gave
2474 4968 74 33 signs
2562 4969 30 27 of
2606 4971 117 33 promise

2090 5001 54 27 and
2158 5010 55 18 was
2226 5001 47 28 the
2295 5012 79 19 cause
2396 5004 30 27 of
2442 5006 83 27 much
2545 5007 105 36 buying
2669 5008 54 28 and

2090 5038 106 35 selling,
2210 5039 46 28 the
2267 5040 110 29 Wealth
2389 5041 104 37 having
2504 5044 92 28 traced
2608 5045 115 36 payable

2091 5081 77 24 stone
2180 5077 100 29 almost
2293 5087 35 19 on
2341 5082 28 26 to
2382 5080 47 28 the
2448 5080 151 38 boundary.
2635 5084 74 28 After-

2090 5116 87 26 wards
2190 5115 21 27 it
2236 5125 55 18 was
2312 5118 124 35 reported
2458 5123 28 23 to
2500 5120 69 26 have
2584 5121 60 27 died
2666 5126 56 27 out,

2090 5152 54 27 and
2154 5151 91 29 affairs
2252 5153 47 28 fell
2309 5153 56 29 flat.
2403 5155 57 27 The
2470 5156 105 35 ground
2585 5159 135 36 appeared

2090 5195 26 25 to
2130 5190 69 30 have
2218 5191 68 30 been
2309 5193 159 30 abandoned
2491 5205 36 19 no
2545 5196 75 29 work
2641 5197 82 36 going

2090 5237 52 26 on;
2173 5229 49 29 but
2239 5231 47 28 the
2306 5240 134 28 company
2458 5233 68 28 have
2545 5234 76 28 woke
2639 5244 37 27 up
2696 5240 27 24 to

2090 5267 47 28 the
2149 5268 134 36 necessity
2296 5271 27 26 ot
2338 5269 82 37 doing
2434 5271 156 37 something
2602 5273 55 28 and
2679 5273 44 28 Mr

2091 5305 27 28 S.
2129 5306 100 27 Vivian
2241 5307 23 26 is
2276 5306 96 36 placed
2383 5308 29 26 in
2425 5308 107 36 charge.

2124 5343 58 28 The
2198 5344 106 28 Wealth
2318 5344 23 28 is
2358 5345 55 28 still
2432 5346 147 36 extending
2587 5346 46 30 the
2655 5348 68 28 level

2090 5381 118 29 towards
2221 5382 46 28 the
2280 5382 90 30 south.
2416 5384 57 29 The
2496 5386 125 37 trestling
2641 5387 24 27 is
2686 5396 37 28 up

2091 5421 40 27 for
2149 5421 47 28 the
2214 5421 117 35 flummg
2357 5425 29 25 at
2409 5423 48 27 the
2481 5424 121 35 winding
2627 5426 95 32 wheel,

2090 5458 80 27 when
2189 5458 55 27 this
2261 5459 25 27 is
2303 5459 118 28 finished
2439 5460 110 37 sinking
2573 5462 47 28 the
2644 5463 77 27 main

2090 5495 73 28 shaft
2176 5505 51 19 can
2240 5495 32 30 be
2285 5497 127 28 resumed
2424 5501 28 26 at
2464 5507 54 28 any
2532 5501 75 27 time.

2125 5534 57 28 The
2196 5534 139 29 Welcome
2354 5535 24 28 is
2399 5536 82 35 again
2502 5537 70 37 fully
2584 5539 137 31 .manned,

2091 5571 35 36 by
2139 5572 144 36 day-labor
2291 5572 55 28 and
2356 5577 129 25 contract.
2522 5576 58 28 The
2590 5576 129 28 northern

2091 5610 53 27 end
2166 5610 30 28 of
2217 5610 47 28 the
2285 5610 88 35 block,
2387 5612 101 36 always
2509 5612 47 29 the
2577 5612 109 34 richest,
2700 5614 23 28 is

2091 5647 81 36 being
2195 5648 109 29 worked
2327 5648 38 37 by
2387 5659 98 26 wages,
2499 5651 41 28 for
2561 5650 64 30 here
2646 5661 75 19 more

2090 5696 61 19 care
2178 5687 54 28 and
2262 5688 169 36 supervision
2452 5689 23 27 is
2504 5690 143 36 required;
2675 5690 47 28 the

2091 5725 130 28 southern
2243 5725 53 28 end
2316 5727 24 26 is
2360 5727 38 26 let
2420 5736 36 19 on
2477 5731 123 25 contract
2619 5729 36 35 by
2676 5729 47 27 the

2090 5762 115 34 fathom,
2218 5766 28 24 to
2256 5763 157 36 Macquarie
2423 5765 54 27 and
2487 5769 79 33 party
2575 5766 63 27 who
2648 5767 72 26 have

2086 5800 59 38 just
2158 5800 109 31 entered
2279 5810 36 21 on
2327 5802 71 30 their
2415 5802 99 31 labors.
2551 5803 172 32 Continuous

2769 205 129 38 crushing
2920 218 65 27 may
3007 220 62 20 now
3081 213 33 29 be
3136 217 128 35 expected
3276 218 54 27 and
3354 218 45 29 the

2767 244 138 31 Welcome
2924 247 78 30 takes
3020 251 35 28 its
3072 252 78 37 place
3167 263 31 20 as
3219 255 46 29 the
3290 256 109 36 leading

2767 282 76 30 mine
2854 285 29 27 in
2896 285 168 32 Boatman's.

2806 321 54 29 The
2883 322 55 30 late
2956 326 132 30 excellent
3105 329 73 36 yi?ld
3197 331 30 28 in
3245 331 48 29 the
3319 333 83 35 Fiery

2768 357 50 29 has
2838 361 120 29 resulted
2978 364 29 28 in
3020 374 17 19 a
3057 375 52 20 one
3131 367 111 38 shilling
3263 369 138 35 dividend,

2766 397 54 27 and
2833 397 191 33 shareholders
3036 404 70 28 from
3119 406 47 27 the
3184 416 168 28 appearance
3375 409 27 28 of

2766 433 46 30 the
2825 435 75 31 mine
2912 447 46 19 are
2975 439 111 41 looking
3105 439 117 34 forward
3243 451 29 24 to
3292 447 110 29 various

2764 473 154 37 repititions
2930 477 31 29 of
2970 482 29 25 it.

2799 513 136 30 Accounts
2963 517 72 29 from
3062 519 48 29 the
3134 521 197 31 Just-in-Time
3356 533 45 19 are

2764 548 146 37 favorable,
2923 554 55 29 and
2997 554 71 31 from
3088 557 48 30 the
3157 564 109 32 present
3290 571 94 28 appear-

2765 597 67 21 ance
2845 590 31 29 of
2891 591 91 31 affairs
3005 599 29 24 at
3045 595 48 31 the
3114 597 108 37 battery
3234 609 16 19 a
3272 600 129 29 dividend

2764 626 42 28 for
2824 628 47 28 the
2891 631 136 30 fortunate
3051 634 192 31 shareholders
3263 637 25 28 is
3305 639 81 27 antici-

2766 665 90 34 pated.

2799 703 58 30 The
2879 704 110 32 Reform
3010 708 24 30 is
3046 709 57 31 still
3122 713 129 37 carrying
3271 718 79 26 stone
3372 714 28 29 in

2764 741 47 28 the
2824 744 129 29 southern
2968 752 90 32 stopes
3071 750 105 37 though
3189 752 89 28 small.
3305 754 76 27 Some-

2765 779 79 36 thing
2857 790 64 19 over
2940 792 52 19 one
3012 785 127 30 hundred
3161 789 55 28 feet
3227 790 91 28 would
3337 791 63 27 take

2765 816 76 30 them
2855 823 28 24 to
2892 820 46 29 the
2957 821 141 41 boundary
3112 830 28 24 ot
3161 827 47 29 the
3229 827 28 29 S.
3270 828 130 39 Hopeful,

2765 856 55 28 and
2838 858 46 29 the
2904 858 78 31 block
3006 862 98 30 should
3125 864 33 29 be
3178 868 164 28 continuous
3363 868 37 28 all

2766 894 45 29 the
2823 904 61 29 way
2897 907 29 18 as
2939 898 47 29 the
2999 900 80 29 latter
3092 902 83 30 claim
3187 903 51 30 has
3259 905 140 38 evidently

2766 932 66 28 been
2846 934 109 38 sinking
2967 948 35 18 on
3016 939 47 28 the
3076 949 73 20 same
3161 942 71 28 lode.

2799 971 58 29 The
2888 973 76 30 Lone
2996 976 62 30 Star
3093 980 174 36 proprietors,
3299 980 101 30 Messrs

2766 1008 119 40 Heaphy
2906 1013 55 29 and
2984 1014 169 40 M'Cafferty,
3167 1028 45 19 are
3233 1020 102 36 calling
3358 1020 42 29 for

2766 1050 107 28 tenders
2885 1051 41 28 for
2938 1053 118 38 packing
3075 1060 103 33 twenty
3201 1061 64 25 tons
3277 1059 30 27 of
3323 1063 77 24 stone

2766 1089 28 25 to
2819 1087 46 29 the
2890 1089 144 38 Specimen
3060 1093 60 29 Hill
3144 1094 115 39 battery.
3313 1097 83 29 From

2766 1128 118 35 samples
2905 1130 31 27 of
2956 1135 77 26 stone
3056 1143 63 18 seen
3135 1140 28 22 at
3187 1137 108 27 various
3319 1136 81 29 times

2766 1165 53 26 and
2834 1166 68 27 from
2914 1173 104 32 reports
3031 1170 47 28 the
3086 1172 73 36 yield
3169 1173 72 28 from
3252 1173 46 28 the
3309 1175 89 36 parcel

2766 1202 54 29 will
2834 1202 32 30 be
2879 1213 65 28 very
2957 1208 79 33 good.
3257 1212 108 29 Thady.

2967 1292 234 35 LATEST

2795 1343 171 44 CABLE
3025 1348 348 44 TELEGRAMS.

3098 1444 131 40 London,
3246 1447 72 42 July
3332 1450 27 29 5.

2806 1483 26 31 A
2846 1485 127 32 number
2992 1486 32 32 of
3045 1488 159 41 telegrams
3227 1490 75 32 have
3326 1491 75 32 been

2766 1527 157 41 published
2949 1529 33 32 in
3008 1530 52 33 the
3090 1543 186 32 newspapers
3302 1535 98 32 which

2768 1571 80 33 show
2862 1573 66 32 that
2942 1574 32 32 in
2988 1574 164 35 December
3166 1577 58 33 last
3248 1578 49 32 Mr
3311 1579 71 32 Glad-

2768 1618 83 29 stone
2874 1618 108 31 offered
3005 1622 33 28 to
3060 1624 167 36 co-operate
3250 1623 73 30 with
3351 1624 50 30 the

2768 1657 207 36 Conservative
2989 1664 86 40 party
3085 1662 32 33 in
3131 1663 119 43 dealing
3264 1665 71 32 with
3350 1665 50 33 the

2767 1703 78 31 Irish
2860 1704 153 43 difficulty.
3056 1707 162 33 Gladstone
3228 1710 96 31 stated
3334 1711 66 31 that

2767 1745 37 34 he
2819 1747 88 34 made
2920 1759 39 22 an
2973 1749 72 33 offer
3059 1761 39 22 on
3112 1752 51 33 the
3184 1754 129 40 grounds
3335 1754 66 33 that

2767 1790 38 32 he
2818 1791 61 32 had
2892 1794 132 31 received
3045 1795 192 34 information
3261 1798 66 31 that
3348 1799 50 31 the

2768 1845 96 30 power
2891 1836 111 33 behind
3028 1838 121 34 Parnell
3173 1840 174 34 threatened
3368 1845 31 30 to

2768 1881 165 37 perpetrate
2947 1883 137 39 outrages
3097 1883 33 30 in
3144 1884 151 40 England.

2808 1922 63 32 The
2885 1923 125 34 election
3024 1928 118 30 returns
3156 1927 82 33 show
3253 1930 56 30 155
3322 1928 57 33 Con-

2768 1966 167 35 servatives,
2951 1969 38 27 32
3004 1968 166 36 Unionists,
3186 1973 39 28 GO
3239 1971 142 30 Gladston-

2767 2005 65 39 es,
2848 2007 59 32 and
2931 2009 37 32 25
2991 2009 186 35 Parnellites.
3227 2012 172 43 Bradlaugh

2768 2051 58 30 and
2839 2051 192 34 Labouchere
3053 2055 169 43 (Liberals),
3238 2057 76 31 have
3327 2057 75 31 been

2767 2094 157 32 re-elected
2937 2096 45 32 for
3003 2097 231 42 Northampton,
3250 2100 59 31 and
3322 2100 80 31 Lord

2769 2137 114 41 George
2905 2139 158 34 Hamilton
3091 2141 245 44 (Conservative),
3357 2144 44 32 for

2768 2181 120 41 Ealing.

2809 2225 47 32 Sir
2871 2226 122 33 Charles
3007 2228 88 33 Dilke
3108 2229 56 32 has
3177 2229 76 33 been
3267 2231 133 32 defeated

2767 2267 44 32 for
2826 2269 133 31 Chelsea.

2807 2311 63 35 The
2884 2312 140 36 elections
3045 2326 50 23 are
3118 2315 90 44 being
3230 2317 114 34 carried
3364 2328 38 23 on

2766 2358 72 29 with
2849 2359 124 39 varying
2983 2371 115 20 success
3109 2361 76 31 from
3197 2373 18 19 a
3222 2365 87 36 party
3319 2363 83 38 point

2767 2399 31 32 of
2809 2399 82 39 view,
2907 2401 135 33 Liberals
3062 2403 165 43 displacing
3241 2403 143 34 Conserva-

2768 2444 73 32 tives
2856 2445 59 31 and
2929 2446 62 32 vice
3005 2457 95 21 versa.

2807 2488 131 33 Thorold
2961 2489 113 43 Eogers
3087 2490 55 34 has
3156 2490 76 35 been
3246 2492 105 33 ousted
3364 2492 32 44 by

2767 2543 17 20 a
2799 2532 219 33 Conservative.

3052 2579 74 31 New
3138 2579 94 38 York,
3248 2580 72 41 July
3335 2592 28 20 o.

2806 2619 200 32 Information
3029 2620 55 32 has
3109 2621 75 32 been
3210 2624 132 30 received
3370 2624 32 31 in

2768 2661 61 34 this
2853 2662 59 44 city
2936 2663 67 34 that
3027 2666 58 33 two
3109 2665 159 35 American
3295 2667 107 33 vessels

2766 2718 77 21 were
2855 2709 97 30 seized
2963 2710 40 30 oil
3017 2710 50 31 the
3082 2711 84 31 Nova
3178 2711 122 31 Scotian
3311 2715 91 28 coast.

3135 2753 98 39 Paeis,
3249 2754 71 42 July
3335 2758 28 29 5.

2808 2795 63 31 The
2896 2796 65 31 Due
2983 2796 29 31 d'
3038 2798 126 31 Aumale
3183 2798 55 31 has
3263 2798 74 31 been
3359 2810 29 20 re-

2767 2839 105 33 moved
2886 2839 77 35 from
2977 2839 51 35 the
3042 2841 118 34 French
3184 2853 84 33 army
3290 2842 51 34 list
3366 2842 36 44 by

2767 2885 85 29 order
2867 2885 32 29 of
2909 2885 52 30 the
2976 2886 213 32 Government.

2984 2966 203 26 LATEST

2782 3007 374 43 AUSTRALIAN
3207 3012 174 42 NEWS.

3035 3110 195 39 Melbourne,
3246 3112 71 43 July
3332 3116 27 30 5.

2804 3152 64 34 The
2892 3153 142 40 Premier,
3060 3156 49 32 Mr
3133 3156 115 39 Gillies,
3262 3157 55 33 has
3342 3159 42 32 for-

2764 3197 117 30 warded
2896 3198 49 30 the
2958 3199 153 31 Governor
3121 3210 17 20 a
3149 3203 251 30 communication

2764 3238 153 43 enclosing
2940 3251 18 22 a
2980 3241 88 33 letter
3090 3243 134 33 received
3246 3243 77 35 from
3345 3245 51 34 the

2764 3283 72 31 Eev.
2853 3284 173 37 M'Donald,
3041 3286 186 42 missionary,
3242 3290 157 40 regarding

2764 3325 52 33 the
2830 3329 77 30 state
2931 3328 32 32 of
2981 3328 99 33 affairs
3103 3330 33 31 in
3150 3330 51 33 the
3225 3332 72 31 New
3319 3332 60 33 Heb-

2764 3370 87 33 rides.
2905 3371 63 32 The
2992 3372 133 34 Premier
3147 3384 87 32 urges
3258 3375 67 33 that
3348 3376 51 33 the

2767 3414 154 41 Secretary
2947 3416 33 31 of
3003 3417 84 31 State
3112 3418 46 31 for
3184 3419 52 31 the
3264 3420 135 31 Colonies

2765 3456 107 34 should
2885 3458 87 34 insist
2994 3471 80 31 upon
3088 3460 51 34 the
3163 3462 81 42 early
3267 3464 131 32 removal

2763 3502 32 30 of
2806 3502 118 32 French
2938 3504 93 31 forces
3044 3505 77 30 from
3135 3506 52 31 the
3197 3507 122 32 islands.

3098 3548 126 40 Sydney,
3244 3550 72 42 July
3330 3551 27 33 6.

2803 3589 62 32 The
2893 3591 191 42 anniversary
3110 3593 34 31 of
3173 3594 224 40 Independence

2761 3631 67 43 Day
2849 3635 154 41 yesterday
3017 3646 59 21 was
3100 3636 165 33 celebrated
3284 3637 39 43 by
3346 3638 51 32 the

2761 3676 158 32 American
2943 3679 145 31 residents
3114 3680 33 31 of
3164 3680 60 31 this
3252 3682 69 40 city,
3346 3682 51 31 the

2761 3720 191 41 proceedings
2965 3720 90 42 being
3067 3725 78 30 most
3167 3724 170 33 successful.

2864 3818 122 29 NOTES
3004 3819 108 29 FROM
3131 3821 160 28 NELSON.

2832 3919 84 35 (from
2928 3927 57 21 our
2996 3928 62 21 own
3071 3924 254 35 correspondent.)

2933 4014 25 29 A
2981 4015 99 29 Notice
3094 4018 33 27 ta
3140 4016 78 37 Quit.

2794 4060 15 28 I
2822 4060 115 38 daresay
2950 4071 76 20 some
3034 4064 30 28 of
3072 4072 70 28 your
3151 4065 108 28 readers
3268 4067 125 28 recollect

2760 4098 114 29 Reefton
2897 4101 28 27 in
2939 4100 46 29 the
3005 4100 62 30 first
3085 4111 67 27 year
3170 4104 30 28 of
3219 4102 46 30 the
3278 4105 66 28 rush
3366 4111 27 23 to

2758 4137 47 28 the
2826 4137 88 34 reefs;
2933 4138 82 29 when
3036 4139 47 29 the
3102 4140 45 28 old
3169 4140 67 30 road
3260 4152 65 19 over
3344 4144 47 28 the

2758 4175 94 27 saddle
2876 4184 78 19 come
2978 4180 48 24 out
3050 4186 37 19 on
3109 4178 48 28 the
3181 4179 164 37 Inangahua
3365 4185 28 23 at

2757 4212 135 30 Fardown
2904 4212 94 36 Joe's;
3017 4214 81 30 when
3116 4215 47 30 the
3176 4217 60 29 said
3248 4217 66 30 road
3335 4228 55 20 was

2758 4252 167 35 corduroyed
2936 4253 67 28 with
3017 4254 70 27 dead
3098 4255 70 35 pack
3177 4255 103 35 horses;
3307 4258 82 27 when

2758 4288 47 29 the
2831 4290 110 28 warden
2965 4290 65 29 held
3053 4292 44 28 his
3121 4296 77 25 court
3220 4293 30 28 in
3273 4295 118 37 Tommy

2756 4326 129 30 Barker's
2897 4328 108 28 billiard
3024 4338 95 26 room;
3138 4331 55 27 and
3205 4332 80 27 when
3309 4342 82 28 every

2757 4365 131 29 mother's
2913 4375 49 20 son
2982 4366 31 29 of
3030 4376 32 21 us
3083 4368 104 30 earned
3206 4369 85 30 about
3311 4371 78 29 rocks

2755 4403 67 28 with
2842 4413 78 20 more
2944 4414 31 20 or
2994 4405 54 30 less
3071 4407 64 35 gold
3165 4417 31 19 or
3218 4409 113 29 mundic
3360 4420 31 19 or

2755 4443 103 33 pyrites
2869 4443 29 26 in
2912 4443 76 28 them
3001 4446 28 26 to
3042 4445 81 28 make
3135 4455 17 18 a
3158 4446 78 28 show
3244 4446 32 28 of
3284 4448 102 34 hiving

2752 4479 58 35 just
2829 4479 92 29 struck
2940 4490 16 19 a
2978 4490 61 19 new
3060 4481 66 30 reef.
3170 4483 35 29 In
3224 4483 78 31 those
3321 4485 68 37 days

2754 4517 85 28 calico
2852 4518 112 28 entered
2972 4519 98 37 chiefly
3078 4521 60 28 into
3148 4521 46 29 the
3203 4524 184 28 construction

2754 4554 160 37 residences,
2927 4557 55 29 and
2994 4567 77 20 sawn
3083 4558 99 31 timber
3193 4560 55 29 and
3269 4561 120 36 shingles

2754 4593 54 27 had
2822 4604 16 17 a
2851 4596 88 27 value.
2986 4596 90 29 When
3089 4602 50 24 not
3151 4600 122 34 engaged
3286 4610 35 18 on
3341 4601 46 28 the

2753 4640 98 24 ranges
2858 4634 173 36 prospecting
3036 4634 15 28 I
3059 4635 66 28 used
3134 4639 29 25 to
3168 4636 54 28 live
3228 4638 66 27 with
3302 4648 35 18 an
3344 4639 45 28 old

2753 4669 88 28 friend
2854 4680 92 19 across
2966 4672 48 28 the
3031 4674 81 33 river,
3125 4674 62 28 who
3205 4674 56 29 had
3273 4676 83 28 about
3372 4687 16 18 a

2754 4707 76 30 three
2855 4718 61 20 acre
2940 4710 84 37 patch
3045 4711 116 36 cleared,
3177 4713 55 29 and
3256 4723 17 20 a
3297 4714 38 30 lot
3359 4716 31 28 of

2753 4749 123 31 potatoes
2889 4756 36 18 on
2937 4749 31 27 it.
3006 4749 33 27 In
3050 4750 47 27 the
3109 4751 70 28 back
3191 4753 106 33 ground
3308 4754 78 27 there

2754 4791 56 19 was
2822 4784 56 27 still
2890 4793 76 21 some
2978 4784 70 30 bush
3060 4787 125 36 growing
3196 4789 55 28 and
3267 4798 40 19 we
3320 4790 66 27 used

2753 4823 27 25 to
2802 4825 50 32 put
2873 4822 29 28 in
2921 4832 18 19 a
2960 4823 53 36 day
3032 4834 63 18 now
3116 4826 56 28 and
3196 4826 66 29 then
3286 4829 102 33 sawing

2751 4857 99 28 boards
2862 4859 55 28 and
2930 4860 123 35 splitting
3065 4862 120 35 shingles
3195 4864 68 27 with
3276 4873 17 18 a
3319 4864 68 28 view

2752 4899 27 24 to
2801 4895 109 37 putting
2921 4906 39 29 up
2981 4907 17 19 a
3011 4902 106 33 cottage
3139 4909 76 19 some
3228 4900 63 37 day.
3337 4901 49 29 We

2752 4934 107 28 noticed
2880 4935 61 28 that
2962 4946 51 18 our
3031 4936 99 30 boards
3146 4939 67 28 used
3233 4943 29 24 to
3287 4941 97 26 vanish

2751 4970 99 35 during
2862 4972 47 28 the
2921 4974 88 33 night,
3024 4983 29 19 so
3066 4984 52 19 one
3130 4976 118 36 evening
3260 4977 68 27 after
3341 4981 43 24 tea

2752 5008 13 26 I
2780 5008 96 28 loaded
2886 5019 35 18 an
2935 5011 45 27 old
2992 5021 56 25 gun
3061 5022 40 18 we
3114 5013 55 27 had
3181 5014 67 27 with
3262 5024 16 18 a
3288 5015 98 35 charge

2751 5045 29 29 of
2790 5047 81 27 small
2884 5047 63 29 shot
2956 5049 54 27 and
3020 5049 64 29 took
3093 5059 48 28 my
3151 5056 59 24 seat
3219 5061 36 19 on
3265 5062 16 18 a
3293 5058 92 32 stump

2751 5087 27 26 to
2799 5084 91 30 reflect
2913 5095 36 19 on
2973 5087 47 28 the
3045 5088 160 30 cussedness
3227 5090 32 28 of
3279 5091 106 29 human

2749 5124 104 25 nature.
2892 5123 75 28 After
2979 5125 107 32 awhile,
3099 5126 15 27 I
3127 5126 85 28 heard
3229 5128 157 36 sometLing

2750 5158 114 37 moving
2872 5160 28 27 in
2914 5161 46 28 the
2979 5161 193 37 undergrowth
3194 5164 55 29 and
3261 5174 56 20 was
3335 5153 50 42 nol

2749 5207 61 19 sure
2823 5198 124 30 whether
2958 5200 21 29 it
3000 5209 55 20 was
3076 5210 16 20 a
3104 5201 81 30 horse
3197 5212 31 20 or
3248 5213 74 24 man,
3335 5204 50 30 but

2750 5245 35 18 on
2798 5245 92 28 seeing
2901 5246 17 19 a
2931 5238 82 28 white
3025 5239 63 36 pine
3101 5239 84 30 board
3198 5242 94 28 reared
3304 5252 74 27 upon

2750 5273 53 28 end
2815 5274 16 28 I
2848 5275 63 28 took
2925 5276 55 28 aim
3001 5276 56 29 and
3069 5277 38 29 let
3127 5288 43 25 go.
3219 5280 59 28 The
3301 5280 82 29 board

2751 5311 119 35 dropped
2897 5313 56 27 and
2978 5314 75 28 there
3077 5325 57 18 was
3157 5325 17 19 a
3202 5317 57 35 yell
3283 5318 54 28 and
3368 5328 16 18 a

2750 5348 125 36 scuffling
2887 5350 118 36 through
3018 5352 48 28 the
3078 5353 87 28 scrub.
3203 5354 13 28 I
3233 5356 151 28 concluded

2751 5386 62 29 that
2826 5388 47 28 the
2889 5392 55 25 rest
2965 5389 31 29 of
3013 5389 47 30 the
3079 5391 101 30 timber
3188 5402 57 20 was
3264 5394 56 28 safe
3344 5395 42 29 for
3392 5386 1 43 i

2752 5425 46 28 the
2811 5426 79 36 night
2903 5428 55 27 and
2970 5429 100 28 retired
3081 5433 29 25 to
3123 5440 108 27 supper.
3280 5433 34 28 In
3336 5435 47 27 the

2751 5464 128 35 morning
2892 5465 14 25 I
2919 5465 84 27 asked
3015 5475 48 27 my
3076 5471 74 24 mate
3163 5471 28 25 to
3203 5468 63 29 take
3283 5479 17 18 a
3313 5471 71 28 walk

2751 5501 66 28 with
2831 5510 43 20 me
2888 5511 37 28 up
2938 5507 28 24 to
2989 5503 128 38 Scotty's,
3131 5515 16 19 a
3167 5506 53 29 few
3233 5507 95 29 chains
3347 5518 37 28 up

2750 5538 46 28 the
2808 5539 79 28 river.
2924 5541 91 28 When
3027 5551 40 19 we
3076 5548 47 31 got
3133 5547 28 25 to
3169 5553 50 20 our
3226 5546 158 35 neighbor's

2749 5576 50 27 hut
2812 5586 40 19 we
2872 5578 86 29 found
2982 5579 58 28 him
3054 5581 76 35 lying
3149 5591 36 19 on
3198 5582 44 29 his
3266 5585 57 27 side
3344 5595 26 18 in-

2749 5613 165 39 dustriously
2923 5616 114 36 jobbing
3048 5628 76 19 sjme
3138 5620 95 36 pellets
3245 5622 31 27 of
3293 5622 51 28 No.
3368 5625 16 27 7

2749 5652 63 29 shot
2824 5657 49 25 out
2885 5654 30 28 of
2933 5655 47 28 the
2996 5654 89 40 fleshy
3106 5661 61 33 part
3185 5659 31 28 of
3233 5659 43 30 his
3296 5661 88 37 thigh.

2751 5690 43 28 On
2834 5694 115 35 enquiry
2979 5694 34 28 he
3043 5695 145 36 explained
3217 5697 63 30 that
3309 5710 75 18 some

2751 5729 153 29 Chinamen
2919 5732 146 35 neighbors
3078 5734 30 28 of
3118 5734 43 28 his
3174 5744 71 19 were
3258 5745 67 29 very
3333 5738 50 28 bad

2749 5767 76 27 shots
2850 5769 54 26 and
2929 5769 55 27 had
3007 5771 82 27 made
3111 5781 17 18 a
3148 5772 41 28 bit
3210 5775 30 26 of
3259 5776 125 27 mistake.

2751 5804 50 31 We
2813 5806 112 29 assisted
2940 5806 56 30 him
3016 5810 29 28 to
3057 5812 45 33 get
3116 5809 47 31 the
3187 5811 61 31 lead
3261 5819 48 25 out
3330 5816 55 28 and

3430 227 51 19 our
3492 219 101 27 timber
3605 227 56 19 was
3674 228 30 18 as
3717 219 56 27 safe
3795 220 158 28 afterwards
3965 231 30 19 as
4007 222 23 27 if
4051 224 14 28 it-

3431 257 54 28 had
3510 257 68 28 been
3605 256 125 29 tabooed.
3786 257 72 28 Poor
3881 258 45 28 old
3956 260 110 36 Seotty!

3431 295 82 28 Some
3527 296 68 27 time
3608 295 69 28 after
3690 295 14 28 I
3717 295 59 28 said
3789 295 109 30 farewel
3911 301 28 24 to
3951 297 115 30 Reefton

3430 333 34 28 he
3483 332 139 29 cremated
3635 333 116 27 himself
3766 334 29 27 in
3807 344 16 17 a
3845 334 85 29 house
3951 335 34 29 he
4008 345 57 21 was

3430 372 130 36 assisting
3572 375 28 25 to
3615 371 84 28 build.
3736 372 87 28 Peice
3835 376 29 24 to
3878 372 44 29 his
3935 373 87 30 ashes.

3572 422 58 28 The
3647 424 136 35 Borough
3803 424 127 29 Council.

3463 470 59 29 The
3535 471 189 28 nominations
3737 471 43 29 for
3802 471 46 29 the
3870 481 61 19 new
3952 473 116 31 Council

3430 509 50 31 has
3492 509 119 35 brought
3625 514 104 31 twenty
3742 511 136 35 aspirants
3889 514 27 25 to
3927 512 45 27 the
3983 513 81 28 front.

3429 547 105 28 Eleven
3548 551 47 24 out
3609 547 30 28 of
3649 547 46 28 the
3714 549 97 27 twelve
3833 548 46 28 old
3901 551 162 28 councillors

3429 586 69 27 have
3513 585 82 29 taken
3610 595 30 19 so
3653 586 84 29 much
3758 586 124 37 pleasure
3894 587 28 28 in
3937 588 70 29 their
4019 599 30 19 en-

3428 625 134 27 deavours
3584 627 28 25 to
3635 625 80 27 make
3737 626 55 27 this
3814 626 56 34 city
3884 636 16 18 a
3947 627 79 36 thing
4037 627 31 29 of

3428 661 101 36 beauty
3551 662 56 27 and
3628 671 16 17 a
3665 662 50 36 joy
3740 662 42 28 for
3916 664 62 28 that
4001 666 67 35 they

3428 700 70 28 have
3513 700 81 36 again
3607 700 101 28 offered
3729 704 28 25 to
3779 701 122 29 sacrifice
3915 701 71 31 their
3998 703 70 30 time

3428 739 54 28 and
3497 739 99 28 talents
3608 740 42 28 for
3663 739 46 28 the
3723 739 103 29 benefit
3838 741 32 27 of
3891 741 70 29 their
3974 742 88 29 fellow

3428 777 122 26 citizens.
3586 777 59 27 One
3666 778 66 34 only
3755 777 56 28 had
3823 788 79 17 seuse
3915 781 108 34 enough
4037 786 28 22 to

3428 824 49 26 say
3644 814 158 29 Councillor
3815 815 173 35 Moorhouse,
4002 818 63 27 who

3428 863 55 18 was
3496 857 95 24 meant
3603 853 42 29 for
3662 854 48 29 the
3723 854 121 35 Church,
3859 854 47 31 but
3918 860 73 25 went
4004 857 59 29 into

3430 892 77 32 Milk,
3522 892 50 27 has
3586 893 80 34 given
3678 893 93 35 public
3782 893 121 28 honours
3916 894 66 28 best.
4019 896 45 27 He

3428 929 47 28 did
3487 939 52 19 one
3552 930 81 36 thiug
3645 940 30 18 as
3698 940 17 18 a
3736 931 56 35 city
3813 932 97 33 father,
3924 934 55 26 and
4000 934 66 35 only

3428 976 59 18 one.
3543 968 45 27 He
3629 968 97 27 fenced
3762 969 187 35 Colliugwood
3979 975 84 25 street

3428 1015 90 20 across
3539 1015 30 20 so
3591 1015 30 20 as
3643 1009 30 26 to
3694 1007 62 36 give
3777 1007 44 30 his
3833 1017 73 21 cows
3918 1018 37 20 an
3967 1019 80 28 oppor-

3429 1045 91 36 tunity
3543 1046 29 28 of
3590 1047 132 35 enjoying
3740 1047 48 28 the
3808 1057 114 27 scenery
3946 1050 117 28 without

3428 1083 47 28 the
3500 1083 103 28 chance
3627 1083 32 29 of
3680 1085 106 35 getting
3809 1085 59 29 into
3893 1087 47 28 the
3959 1088 102 35 pound.

3426 1121 89 29 There
3528 1130 46 21 are
3586 1122 66 30 nine
3671 1132 62 20 new
3745 1133 66 20 men
3823 1125 168 35 nominated,
4006 1126 55 30 and

3428 1161 75 26 there
3527 1161 24 26 is
3573 1162 83 34 going
3677 1165 27 23 to
3727 1162 32 26 be
3781 1172 76 18 some
3880 1168 91 31 pretty
3989 1169 74 31 steep

3427 1198 217 37 electioneering.
3680 1198 44 30 All
3736 1200 47 28 the
3792 1201 127 37 previous
3932 1202 130 29 elections

3428 1237 66 27 used
3506 1242 27 23 to
3547 1238 32 27 be
3591 1238 159 28 considered
3768 1249 36 17 on
3818 1240 45 28 the
3877 1240 72 29 basis
3961 1242 30 27 of
3999 1242 64 27 beer

3427 1283 95 19 versus
3544 1275 101 28 brains.
3682 1276 66 28 This
3770 1285 51 20 one
3840 1278 58 28 will
3918 1278 32 28 be
3975 1289 69 18 some-

3427 1313 79 34 thing
3517 1314 30 27 in
3560 1314 47 27 the
3620 1323 76 19 same
3709 1315 64 33 line,
3786 1316 68 28 with
3874 1326 16 18 a
3911 1320 51 25 tew
3983 1327 77 19 more

3427 1351 168 36 ingredients
3607 1352 122 29 chucked
3739 1353 38 28 in.
3814 1355 28 27 It
3854 1355 23 28 is
3890 1355 69 28 hard
3972 1359 28 25 to
4013 1365 50 26 say

3424 1390 58 35 just
3506 1395 28 22 at
3557 1391 55 28 this
3635 1395 124 24 moment
3778 1392 90 29 where
3891 1396 29 25 to
3941 1398 61 31 spot
4015 1395 47 27 the

3427 1427 109 35 leading
3549 1429 77 27 horse
3640 1429 29 27 in
3682 1429 46 28 the
3741 1430 129 36 Borough
3886 1431 114 34 Stakes;
4014 1432 50 28 but

3428 1474 29 18 as
3481 1465 22 28 it
3536 1466 23 27 is
3578 1476 17 18 a
3619 1466 218 38 weight-for-age
3856 1478 71 24 race,
3941 1469 55 28 and
4026 1480 36 17 no

3428 1502 146 37 handicap,
3584 1504 15 27 I
3608 1504 80 28 think
3698 1509 62 24 that
3772 1515 16 18 a
3801 1511 90 32 pretty
3900 1508 70 35 good
3981 1517 82 26 guess

3428 1551 51 18 can
3501 1541 31 29 be
3551 1542 81 28 made
3654 1553 30 18 as
3708 1548 28 24 to
3758 1544 46 28 the
3817 1545 118 29 chances
3948 1547 46 28 the
4012 1556 33 20 nu-

3428 1589 109 20 merous
3550 1586 111 24 starters
3676 1582 69 28 have
3759 1583 41 29 for
3813 1584 47 29 the
3873 1589 89 25 event.

3463 1629 14 25 I
3498 1628 81 27 think
3600 1630 21 26 it
3642 1629 56 27 will
3717 1635 51 22 not
3790 1631 33 26 be
3847 1633 158 26 considered
4031 1643 30 18 as

3428 1664 123 37 shewing
3574 1675 56 27 any
3654 1666 153 30 favoritism
3830 1668 24 28 if
3872 1669 15 27 I
3912 1669 60 29 deal
3995 1670 68 29 with

3428 1704 75 28 them
3526 1704 37 29 all
3579 1705 29 28 in
3622 1704 45 30 the
3687 1706 80 28 order
3788 1708 66 35 they
3867 1718 77 18 come
3965 1710 78 36 alpha-

3429 1741 134 38 betically,
3578 1743 54 29 and
3655 1752 30 20 so
3708 1744 59 29 that
3779 1755 36 19 no
3835 1746 103 29 offence
3951 1748 55 28 will
4028 1748 31 28 be

3428 1781 57 31 felt,
3500 1781 13 27 I
3528 1781 55 29 will
3597 1787 67 23 start
3677 1783 67 27 with
3760 1784 47 27 the
3830 1785 60 27 first
3902 1796 36 17 on
3951 1786 46 28 the
4016 1787 47 28 list

3430 1819 60 28 who
3503 1819 24 28 is
3540 1830 16 17 a
3569 1829 64 27 very
3647 1821 62 28 well
3718 1821 101 29 known
3830 1823 45 27 old
3882 1823 160 37 performer.

3461 1868 162 31 Akersten,
3637 1869 285 29 William.—Started
3941 1881 67 18 once
4021 1873 42 26 for

3430 1903 46 29 the
3499 1904 232 37 (Superintendent
3752 1906 78 29 Plate
3850 1907 50 30 but
3911 1913 46 33 got
3978 1909 84 37 badly

3429 1942 106 33 beaten,
3548 1953 56 17 was
3628 1942 117 36 brought
3764 1949 45 24 out
3827 1956 29 18 as
3875 1956 15 18 a
3904 1953 55 21 sort
3971 1948 31 27 of
4015 1959 31 16 en-

3429 1980 91 32 gineer
3539 1981 42 24 for
3599 1989 15 16 a
3635 1981 91 28 while,
3739 1982 55 25 and
3814 1983 86 26 found
3920 1989 49 21 not
3990 1986 71 30 good

3429 2015 107 37 enough
3550 2016 43 29 for
3604 2017 46 27 the
3672 2017 74 28 work
3759 2019 54 28 and
3826 2029 55 19 was
3895 2021 97 28 tinned
4014 2028 49 22 out

3430 2060 27 22 to
3487 2064 94 25 grass;
3600 2056 74 26 since
3705 2056 65 27 then
3801 2058 50 27 has
3880 2060 115 27 devoted
4020 2061 43 28 his

3430 2092 99 26 talents
3543 2096 27 24 to
3582 2094 144 33 inventing
3738 2095 132 36 auxiliary
3880 2097 112 33 girders,
4006 2099 55 27 and

3429 2129 51 27 has
3492 2139 35 17 an
3541 2130 132 28 ambition
3687 2130 42 28 for
3741 2142 15 16 a
3770 2137 58 23 seat
3840 2143 28 17 in
3885 2135 176 34 Parliament,

3430 2167 67 28 with
3522 2177 16 19 a
3563 2168 69 28 view
3656 2173 28 24 to
3708 2169 33 29 be
3767 2170 125 30 Minister
3913 2173 30 28 of
3968 2174 94 29 Public

3430 2206 107 29 Work?.
3575 2207 64 28 Will
3654 2209 80 27 make
3747 2210 92 36 things
3853 2221 64 26 very
3927 2222 83 18 warm
4023 2214 40 28 for

3430 2244 46 28 the
3489 2245 57 35 city
3559 2255 130 25 surveyor
3702 2247 22 27 if
3741 2247 34 28 he
3788 2250 78 33 gains
3887 2260 16 17 a
3916 2250 84 35 place,
4015 2252 48 27 but

3431 2282 34 27 he
3477 2283 23 26 is
3513 2286 47 32 apt
3581 2289 28 21 to
3621 2289 45 29 get
3687 2283 46 28 the
3747 2285 38 27 bit
3797 2287 29 26 in
3847 2287 43 27 his
3912 2289 74 26 teeth
4009 2290 54 26 and

3430 2329 52 20 run
3494 2321 87 30 inside
3594 2332 15 19 a
3623 2327 69 33 post.
3729 2323 45 29 He
3790 2324 55 30 will
3858 2330 47 25 not
3918 2336 77 29 carry
4008 2338 55 27 any

3430 2360 31 26 of
3470 2370 48 25 my
3531 2371 110 25 money.

3465 2407 105 34 Black,
3581 2407 238 35 N.—Ex-banker,
3832 2419 84 21 never
3931 2414 133 35 appeared

3430 2445 29 28 in
3472 2446 90 36 public
3584 2447 70 28 form
3669 2447 99 34 before,
3781 2454 93 31 except
3887 2457 27 21 to
3926 2453 79 26 make
4028 2462 36 18 an

3430 2484 108 29 oration
3560 2489 28 24 at
3600 2484 47 29 the
3666 2485 113 38 turning
3790 2488 30 27 of
3839 2490 45 26 the
3898 2489 58 31 first
3968 2490 48 29 sod
4037 2491 28 29 of

3431 2523 45 28 the
3488 2524 203 36 problematical
3700 2526 99 28 cricket
3809 2529 113 34 ground.
3959 2530 45 27 He
4012 2530 51 28 his

3431 2571 51 18 one
3495 2562 153 35 advantage
3669 2572 65 18 over
3752 2572 85 27 many
3853 2566 31 27 of
3901 2567 47 26 the
3969 2568 75 26 candi-

3431 2599 77 28 dates
3518 2608 6 19 :
3527 2600 80 27 —He
3624 2600 49 28 has
3697 2602 94 34 plenty
3802 2602 31 27 of
3850 2612 77 25 spare
3949 2605 65 26 time
4027 2615 36 17 on

3431 2636 43 28 his
3487 2637 88 27 hands
3586 2646 8 25 ;
3612 2637 50 29 but
3675 2638 14 26 I
3702 2638 76 28 don's
3790 2639 80 28 think
3882 2640 33 28 he
3926 2642 55 27 will
3993 2642 70 28 have

3430 2685 17 19 a
3459 2675 102 30 chance
3574 2677 30 28 of
3621 2677 129 38 devoting
3775 2678 43 29 his
3839 2689 41 19 en<
3889 2680 71 37 rgies
3972 2689 27 21 to
4018 2682 47 29 the

3431 2715 134 27 salvation
3578 2716 31 26 of
3617 2717 48 26 the
3677 2717 54 34 city
3745 2717 30 26 of
3785 2718 43 26 his
3843 2718 138 36 adopiion.

3465 2762 121 33 Bolton,
3610 2762 123 29 S.—One
3756 2764 31 28 of
3807 2764 48 29 the
3879 2765 45 30 old
3948 2770 112 31 stigers.

3432 2800 89 27 Never
3543 2801 141 35 displayed
3705 2811 54 26 any
3781 2804 95 26 talent.
3913 2805 147 36 Generally

3429 2837 125 31 followed
3575 2838 46 30 the
3644 2839 146 31 directions
3812 2840 28 30 of
3861 2842 48 29 the
3931 2844 52 28 last
3996 2854 65 19 man

3428 2878 63 27 who
3504 2878 91 27 talked
3609 2884 27 22 to
3649 2879 67 27 him.
3753 2880 30 26 Is
3795 2891 75 18 more
3891 2888 28 21 at
3938 2884 81 27 home
4031 2886 30 25 in

3428 2915 44 26 his
3495 2915 117 35 cabbage
3634 2916 100 32 garden
3758 2917 68 27 than
3850 2919 29 25 in
3910 2920 152 36 discussing

3428 2951 128 35 Borough
3571 2957 122 22 matters.
3731 2953 66 28 Pass
3816 2955 105 36 spades.

3461 2997 143 29 Coleman.
3619 2999 148 30 Dr.—One
3786 3002 31 27 of
3835 3002 45 28 the
3894 3012 60 19 new
3967 3004 89 33 blood,

3428 3035 54 28 and
3497 3037 53 26 will
3564 3037 32 28 be
3608 3038 29 27 in
3651 3037 46 28 the
3710 3039 73 27 front
3792 3040 68 28 rank
3871 3045 28 24 at
3909 3042 46 28 the
3965 3043 93 28 finish.

3430 3075 20 24 A
3482 3075 158 32 gentleman
3670 3076 31 27 of
3727 3077 104 34 ability,
3862 3078 91 29 whose
3997 3090 44 26 pro-

3427 3111 126 28 fessional
3566 3111 158 37 knowledge
3737 3115 54 27 will
3804 3115 32 29 be
3849 3117 31 27 of
3889 3122 75 29 great
3976 3118 82 29 value

3427 3153 28 26 to
3484 3150 47 29 the
3562 3151 121 30 Council.
3732 3153 44 30 He
3801 3154 50 29 has
3875 3158 182 37 gratuitously

3426 3190 80 32 given
3527 3200 148 18 numerous
3694 3193 117 26 lectures
3835 3204 36 17 on
3895 3196 163 27 ambulance

3426 3235 77 28 corps
3516 3227 53 27 and
3583 3227 71 28 their
3666 3228 75 28 work
3753 3229 100 36 during
3873 3231 46 28 the
3941 3234 97 27 winter
4049 3242 8 26 ;

3426 3265 55 27 and
3493 3266 84 27 much
3590 3266 125 29 valuable
3735 3268 162 35 knowledge
3919 3271 50 28 has
3988 3272 70 28 been

3426 3303 136 36 imparted
3586 3308 28 23 to
3639 3305 77 26 those
3741 3306 62 26 who
3828 3307 69 28 have
3928 3310 130 28 attended

3427 3340 84 28 them.
3548 3341 44 28 He
3606 3342 55 27 will
3673 3342 33 29 be
3719 3353 36 18 an
3767 3346 173 33 acquisition.

3461 3388 101 32 Cooke,
3576 3388 200 31 Peter.—The
3791 3400 67 28 very
3868 3394 145 29 antithesis
4026 3395 32 28 of

3426 3427 46 27 the
3484 3428 90 32 genial
3587 3428 101 26 doctor.
3725 3429 44 26 He
3783 3431 31 29 is,
3828 3440 32 18 or
3877 3441 57 17 was
3955 3442 53 18 one
4029 3434 31 27 of

3425 3464 46 28 the
3484 3470 107 31 rag-tag
3602 3464 55 29 and
3671 3465 101 31 bobtail
3782 3467 29 28 of
3821 3468 47 28 the
3878 3469 46 29 old
3934 3470 123 36 Council,

3425 3503 55 27 and
3493 3503 22 26 is
3529 3503 56 27 also
3598 3513 51 18 one
3662 3505 30 26 of
3703 3506 46 26 the
3762 3506 132 28 directors
3907 3509 29 26 of
3955 3510 47 27 the
4015 3512 30 25 ill-

3425 3540 104 29 starred
3541 3541 153 37 Champion
3708 3542 107 38 Copper
3827 3545 84 29 mine.
3948 3547 45 29 He
4006 3547 51 29 has

3425 3589 17 19 a
3454 3589 65 26 very
3531 3580 66 34 high
3610 3580 112 36 opinion
3743 3582 31 27 of
3792 3583 43 28 his
3848 3593 61 19 own
3923 3588 131 33 sagacity,

3425 3616 48 28 but
3486 3617 14 27 I
3513 3616 34 28 do
3559 3621 48 23 not
3618 3617 81 29 know
3712 3619 30 27 of
3750 3628 108 27 anyone
3868 3622 54 27 else
3932 3623 63 28 who
4005 3624 51 27 has

3425 3664 54 27 any
3493 3656 156 28 veneration
3663 3658 40 27 lor
3715 3656 43 29 his
3772 3658 108 30 talents.
3917 3660 58 29 The
3990 3661 66 37 only

3424 3693 156 35 prominent
3593 3694 46 26 fad
3652 3694 34 27 he
3698 3695 54 27 had
3769 3696 29 26 in
3820 3696 43 28 his
3884 3700 124 34 capacity
4029 3700 31 27 of

3424 3730 149 29 councillor
3592 3740 57 19 was
3669 3740 36 19 an
3724 3732 155 30 endeavour
3898 3739 29 24 to
3946 3736 111 29 include

3425 3769 45 30 the
3493 3769 189 31 Government
3701 3771 91 30 wharf
3809 3773 28 28 in
3860 3773 47 30 the
3926 3775 130 39 Borough

3423 3809 172 35 boundaries,
3609 3811 64 28 with
3688 3821 16 18 a
3717 3812 68 28 view
3797 3813 30 28 of
3842 3816 163 35 preventing
4018 3827 36 17 an

3423 3849 179 36 enterprising
3621 3849 58 28 'bus
3692 3851 152 36 proprietor
3856 3853 70 28 from
3939 3855 116 36 earning

3423 3896 36 19 an
3480 3888 97 27 honest
3597 3888 94 36 living.
3729 3889 44 28 He
3794 3891 64 33 will,
3871 3902 32 17 or
3926 3894 86 34 ought
4024 3898 29 24 to

3423 3924 41 34 be,
3477 3935 66 27 very
3555 3935 67 19 near
3634 3926 46 28 the
3693 3927 103 28 bottom
3810 3928 31 28 of
3851 3929 46 28 the
3910 3931 65 33 poll.

3456 3974 165 35 CrewdsoXj
3635 3975 263 31 Peter.—Another
3911 3978 31 29 of
3952 3978 46 29 the
4008 3979 45 29 old

3421 4012 58 28 tail.
3515 4013 45 28 He
3573 4013 50 28 has
3636 4013 35 28 all
3693 4014 82 34 along
3787 4015 67 27 been
3869 4025 17 19 a
3897 4016 155 37 hanger-on

3421 4051 30 28 of
3467 4051 47 28 the
3527 4051 124 29 brewers'
3664 4053 134 34 interests,
3813 4053 49 29 but
3881 4059 30 24 at
3931 4056 47 28 the
3999 4056 54 30 last

3421 4089 121 36 ineetiag
3554 4090 34 27 he
3599 4094 42 23 sat
3653 4100 36 18 on
3702 4101 16 17 a
3730 4091 50 27 rail
3792 4100 36 19 on
3838 4093 47 28 the
3896 4094 62 28 Nile
3968 4098 84 26 street

3421 4126 91 38 bridge
3525 4128 134 34 business,
3672 4128 55 29 and
3747 4129 46 28 did
3818 4135 49 24 not
3886 4136 70 30 vote,
4007 4133 30 29 be-

3420 4175 80 17 cause
3513 4166 35 28 he
3560 4166 55 27 had
3627 4168 137 33 promised
3783 4173 49 23 not
3844 4173 28 23 to
3885 4179 102 27 oppose

3420 4202 44 28 He
3477 4203 50 27 has
3539 4212 36 19 no
3587 4213 50 19 axe
3649 4208 28 24 to
3689 4204 79 37 grind
3786 4206 55 28 iust
3863 4215 71 26 now,
3948 4218 30 19 as
4000 4209 51 30 has

3418 4241 55 29 had
3486 4251 16 19 a
3513 4242 124 36 footpath
3650 4243 81 28 made
3743 4247 30 25 to
3785 4244 43 29 his
3836 4246 149 35 residence,
3995 4248 56 28 and

3418 4279 50 28 has
3480 4288 37 19 no
3529 4281 79 27 other
3630 4284 129 33 property
3779 4283 62 28 that
3860 4286 129 36 urgently
4008 4296 27 19 re-

3417 4317 90 35 quires
3519 4318 208 34 improvement.
3764 4320 68 29 Pass
3849 4326 96 25 trams.

3451 4364 144 35 Everett,
3608 4366 129 29 E.—The
3758 4367 111 38 deepest
3889 4370 47 28 old
3956 4370 46 29 file
4024 4371 30 30 of

3417 4403 46 29 the
3473 4404 101 28 bunch.
3609 4405 25 27 A
3647 4405 70 36 good
3728 4406 123 30 business
3865 4418 76 25 man,
3954 4420 16 18 a
3980 4411 71 35 good

3416 4442 158 32 councillor,
3587 4443 67 26 with
3676 4453 17 17 a
3712 4444 71 28 keen
3802 4455 51 25 eye
3871 4450 28 24 to
3912 4448 47 27 the
3973 4450 76 26 main

3416 4478 101 30 chance
3530 4480 81 28 when
3625 4480 51 29 No.
3691 4481 50 29 lis
3754 4482 156 30 interested.
3951 4486 73 28 With
4034 4497 17 18 a

3416 4526 97 28 proper
3525 4517 84 28 check
3621 4519 65 35 kept
3698 4528 36 19 on
3747 4520 60 28 him
3819 4521 36 28 he
3863 4522 24 27 is
3896 4532 16 18 a
3922 4524 127 28 valuable

3417 4565 74 25 man,
3501 4565 30 19 as
3544 4556 34 28 he
3591 4556 49 29 has
3662 4557 95 37 plenty
3770 4559 31 28 of
3810 4568 80 28 spare
3903 4561 76 35 time,
3992 4563 56 29 and

3416 4594 50 28 has
3479 4596 56 27 also
3548 4595 46 27 the
3613 4596 162 29 inclination
3787 4602 28 23 to
3828 4608 77 19 serve
3918 4601 47 27 the
3978 4606 55 23 rate-

3415 4641 107 26 payers,
3546 4633 101 36 always
3670 4634 147 37 providing
3839 4636 36 28 he
3905 4637 65 29 does
3999 4643 51 24 not

3416 4670 119 28 sacrifice
3559 4670 43 28 his
3626 4681 61 17 own
3717 4672 137 30 interests.
3902 4676 55 28 His
3986 4686 46 27 pro-

3416 4708 99 37 perties
3534 4709 70 28 have
3623 4709 143 38 improved
3785 4711 29 29 in
3834 4713 80 29 value
3933 4715 55 28 and
4001 4725 30 26 ap-

3416 4757 131 24 pearance
3569 4748 99 32 during
3691 4749 43 26 his
3755 4751 65 33 long
3841 4761 93 18 career
3955 4755 30 25 in
4004 4755 47 27 the

3415 4784 114 27 Council
3555 4792 30 19 as
3607 4793 99 27 mayor
3729 4787 54 27 and
3807 4789 158 28 councillor.
4002 4791 46 27 He

3414 4821 56 28 will
3491 4825 49 25 not
3561 4821 33 29 be
3615 4832 101 27 among
3736 4824 47 29 the
3801 4825 71 35 first,
3886 4827 49 28 but
3947 4828 57 29 will
4016 4829 33 29 be

3414 4867 61 19 sure
3489 4859 30 27 of
3528 4868 17 18 a
3558 4864 67 22 seat.

3449 4903 132 35 Graham,
3595 4905 181 31 Johx.—The
3789 4907 70 31 chief
3878 4911 171 38 conspirator

3413 4943 31 26 of
3461 4943 46 27 the
3522 4944 181 29 malcontents
3724 4947 63 27 who
3807 4948 71 28 have
3899 4951 149 28 succeeded

3412 4989 30 17 m
3456 4982 108 33 ousting
3576 4981 47 28 the
3636 4982 45 27 old
3692 4983 123 29 Council.
3852 4986 25 28 A
3889 4989 101 34 capital
3999 4989 30 27 de-

3413 5018 92 33 bater;
3536 5020 67 26 with
3625 5025 94 31 stroDg
3740 5031 130 20 common
3890 5034 77 19 sense
3988 5027 54 28 and

3413 5055 81 37 quick
3506 5058 155 35 perception
3675 5063 28 24 to
3716 5059 123 30 discover
3851 5071 16 18 a
3880 5063 77 29 weak
3970 5069 77 31 point

3412 5095 28 26 in
3452 5103 36 19 an
3508 5098 162 32 opponents'
3691 5107 121 25 armour,
3832 5101 55 28 and
3908 5103 141 35 possessed

3412 5131 31 28 of
3464 5133 145 26 unlimited
3633 5135 158 29 confidence
3815 5138 29 26 in
3868 5138 119 30 himself.
4023 5142 26 27 A

3412 5177 67 20 man
3492 5169 127 37 elequent
3632 5171 31 28 of
3671 5171 85 36 fence,
3770 5174 55 29 and
3837 5180 49 24 not
3905 5180 28 26 to
3955 5178 33 29 be
4007 5179 26 28 di-

3412 5208 94 29 verted
3520 5209 68 28 from
3602 5209 43 29 his
3658 5220 94 21 course
3765 5214 23 27 if
3798 5214 34 29 he
3854 5215 65 29 feels
3939 5217 35 29 he
3996 5218 51 28 has

3412 5246 47 28 the
3471 5247 74 35 right
3558 5256 36 19 on
3607 5248 44 29 his
3664 5250 66 28 side.
3767 5252 45 29 He
3825 5253 57 29 will
3894 5259 49 24 not
3955 5255 33 29 be
4006 5256 41 28 far

3411 5285 71 27 from
3506 5286 47 26 the
3574 5291 47 31 top
3644 5287 32 28 of
3694 5289 47 28 the
3763 5291 65 35 poll,
3842 5293 56 27 and
3918 5294 58 27 will
3995 5295 34 27 im-

3412 5323 148 36 mediately
3573 5324 81 28 make
3667 5326 44 27 his
3729 5337 130 26 presence
3880 5331 50 28 felt
3948 5333 30 26 in
3999 5333 48 27 the

3412 5359 147 35 Chamber,
3572 5363 56 27 and
3640 5364 57 28 will
3715 5364 35 30 do
3771 5367 85 29 much
3874 5371 29 26 to
3924 5370 123 37 improve

3412 5398 46 29 the
3471 5403 65 25 tone
3548 5401 30 28 of
3588 5401 31 28 it.

3450 5438 128 34 ilaeley,
3608 5440 236 32 Joseph.—None
3869 5446 30 27 of
3926 5447 47 27 the
4002 5448 44 27 old

3412 5475 162 29 councillors
3586 5477 56 28 had
3655 5478 46 30 the
3714 5481 107 29 welfare
3831 5486 27 24 ot
3869 5483 47 29 the
3926 5484 56 36 city
3992 5484 55 29 and

3412 5512 35 28 its
3461 5516 197 36 surroundings
3672 5527 75 20 more
3761 5523 28 24 at
3801 5520 78 29 heart
3894 5523 68 27 than
3974 5523 51 28 Joe
4036 5532 6 24 ;

3413 5551 53 27 and
3481 5552 34 28 he
3528 5552 23 29 is
3564 5554 103 36 always
3678 5557 30 27 in
3721 5557 46 28 the
3781 5558 61 29 lead
3860 5560 30 28 in
3901 5570 56 26 any
3969 5561 79 28 affair

3412 5589 85 36 likely
3510 5596 27 22 to
3551 5592 63 37 help
3628 5594 47 27 the
3697 5595 75 36 place
3795 5597 89 35 along.
3922 5599 44 27 He
3979 5600 23 26 is
4015 5610 31 17 as

3412 5628 153 36 outspoken
3590 5641 30 17 as
3644 5631 35 28 he
3710 5634 22 26 is
3763 5635 207 35 good-hearted,
3992 5637 55 28 and

3413 5674 70 20 were
3496 5667 20 27 it
3530 5673 48 23 not
3592 5669 61 29 that
3674 5671 34 27 he
3732 5674 183 37 occasionally
3934 5679 58 31 gets
4011 5676 39 27 off

3413 5704 46 27 the
3485 5705 56 29 line
3565 5707 35 28 he
3621 5710 89 27 would
3732 5720 104 28 occupy
3857 5722 16 18 a
3894 5723 76 19 more
3988 5723 45 28 pro-

3414 5744 107 27 minent
3550 5746 118 34 position
3699 5748 69 29 than
3799 5751 34 27 he
3865 5751 72 28 does.
3993 5752 54 27 His

3413 5782 157 35 popularity
3583 5784 22 27 is
3619 5792 60 20 sure
3699 5791 27 22 to
3749 5788 79 27 stand
3852 5789 60 27 him
3931 5789 29 27 in
3979 5789 70 35 good

3415 5819 78 29 stead
3506 5820 81 31 when
3601 5822 47 31 the
3663 5824 130 31 number*
3805 5836 46 19 are
3864 5827 116 28 hokted.

1387 58 114 41 THE
1557 61 183 42 LYELL
1794 63 185 49 TIMES,
2035 63 303 50 SATURDAY,
2390 62 139 52 JULY
2584 75 55 33 10,
2698 63 103 43 1886.

563 180 237 34 Government
823 183 151 33 Notices.

195 382 292 35 APPLICATIONS
508 385 80 33 FOR
609 388 110 32 GOLD
741 390 150 33 MINING
913 393 159 34 LEASES
1094 395 245 32 FORFEITED.

852 480 106 32 Crown
979 481 99 32 Lands
1100 483 117 37 Office,
1240 484 129 37 Nelson,

969 525 71 41 July
1062 525 62 38 6th,
1148 528 85 31 1886.

125 567 51 32 TT
191 566 25 33 is
230 567 170 33 HEREBY
421 569 196 33 NOTIFIED
633 572 66 32 that
713 573 50 33 the
774 574 86 32 Land
874 576 150 33 described
1038 576 31 33 in
1081 578 50 32 the
1146 579 266 32 undermentioned

124 608 24 39 1
191 611 200 40 Applications
412 613 44 30 for
481 614 77 30 Gold
581 615 116 40 Mining
720 617 109 31 Leases
853 619 25 30 is
902 631 67 20 now
993 631 75 29 open
1092 624 30 28 to
1145 632 121 29 persons
1289 623 123 38 holding

123 653 118 33 miners'
257 654 94 41 rights
365 665 33 22 or
412 655 134 33 business
560 656 133 40 licenses,
710 670 32 21 or
757 665 29 26 to
802 661 163 41 applicants
988 663 44 32 for
1056 663 102 38 leases,
1174 665 51 31 the
1248 666 164 40 applicants

122 698 109 42 having
255 699 88 32 failed
367 703 29 29 to
416 701 116 42 comply
555 701 71 33 with
654 703 50 32 the
732 705 162 40 provisions
922 707 33 32 of
979 707 178 41 Regulation
1183 711 45 36 19,
1252 710 72 32 Part
1345 710 64 37 IV.,

123 743 152 40 Appendix
290 743 34 37 A,
341 743 95 32 Mines
451 746 65 34 Act,
534 747 85 35 1877,
635 747 45 29 viz
694 757 48 20 :

122 859 181 77 Action.
428 879 87 29 Name
529 879 29 29 of
574 879 24 30 A
598 879 131 39 PPhcant.

1157 885 121 30 District.

177 1027 86 30 1885.
872 1041 26 20 a.
941 1041 28 21 r.
1011 1041 26 20 p.
1052 1027 2 40 |

137 1067 82 43 Sept.
245 1070 45 32 15.
328 1068 131 34 William
479 1070 34 33 T.
531 1070 99 33 Smith
650 1072 58 31 and
728 1072 102 33 Nicola
875 1076 36 30 1G
952 1075 18 30 2
1011 1076 19 30 0
1071 1074 107 43 Alpine
1190 1075 113 43 Range,
1315 1076 94 43 Lyell.

368 1114 119 38 Cacace,
502 1116 45 31 for
569 1116 50 32 the
642 1117 188 33 Commotion

368 1157 109 40 Quartz
493 1159 117 42 Mining
624 1159 153 44 Company

142 1200 67 32 Oct.
235 1202 48 31 25.
328 1201 129 33 Edward
475 1203 110 33 Carton
605 1204 59 32 and
685 1206 87 31 Peter
792 1205 37 32 G.
875 1208 36 31 16
953 1208 18 30 2
1011 1209 19 30 0
1073 1208 188 40 Eight-Mile,
1277 1208 95 42 Lyell.

367 1245 185 43 Armstrong,
565 1247 44 32 for
618 1248 51 32 the
680 1248 152 32 Lumsden

368 1289 77 33 Gold
459 1290 117 42 Mining
590 1291 161 44 Company.

784 1408 165 31 ALFRED
971 1409 282 38 GREENFIEED,

855 1451 230 33 Commissioner
1091 1453 32 32 of
1130 1453 104 32 Crown
1241 1454 111 37 Lands,

957 1496 145 42 (Holding
1112 1497 153 41 delegated
1275 1499 135 40 powers.)

295 1575 117 32 Public
436 1576 151 33 Notices.

125 1654 114 43 THE
301 1655 221 45 WINTER
576 1656 181 45 STOCK

382 1735 34 20 AT
435 1735 56 20 THE

261 1777 113 38 NEW
397 1779 223 37 ZEALAND

125 1837 305 78 Clothing
461 1842 296 74 Factory

200 1928 273 32 PALMEKSTON
506 1930 169 35 STREET,

336 1982 212 37 WESTPOKT,

121 2033 59 59 IS
192 2043 62 19 now
266 2034 102 37 replete
378 2036 66 27 with
457 2046 16 17 a
482 2036 86 36 really
576 2036 179 36 Magnificent

330 2073 174 29 Assortment
516 2074 30 28 of

116 2120 124 41 JVlen's,
252 2121 141 33 Youths'
404 2123 70 32 and
485 2124 100 39 Boys'

257 2167 313 41 Fashionably-Cut
583 2169 171 41 Clothing,

115 2218 49 29 Ail
181 2218 82 29 made
281 2219 72 28 from
374 2218 69 29 New
461 2220 120 28 Zealand
593 2220 88 34 Wool,
694 2220 45 29 tho-

279 2256 117 36 roughly
409 2257 114 33 shrunk,
537 2258 56 27 and

117 2323 26 28 A
164 2323 95 36 Single
271 2323 107 29 Article
392 2323 67 29 Sold
471 2326 31 26 at
513 2324 124 37 Factory
650 2324 104 29 Prices.

119 2425 27 32 A
181 2424 142 41 Splendid
356 2425 187 33 Assortment
587 2426 32 32 of
658 2426 97 32 Men's

199 2468 125 34 Youths'
355 2469 59 33 and
447 2469 87 43 Boys'
569 2469 188 43 Waterproof

277 2513 151 42 Clothing,
443 2514 41 31 all
494 2514 122 32 marked
625 2515 33 31 in
668 2515 87 31 Plain

356 2558 133 40 Figures,
526 2558 59 31 and
623 2558 71 32 Sold
725 2560 30 29 at

433 2600 126 42 Factory
582 2601 109 31 Prices.

225 2709 235 30 FIRST-CLASS
479 2710 171 29 CUTTERS

120 2761 75 38 Only
207 2771 46 20 are
272 2763 120 36 engaged
413 2763 30 28 in
464 2763 47 28 the
533 2763 86 28 Order
640 2763 98 36 Depart-

350 2803 78 28 ment
439 2803 29 27 at
480 2800 47 31 the

117 2855 94 38 New
228 2854 165 38 Zealand
406 2853 167 52 Clothing
587 2855 165 50 Factory.

115 2956 36 34 A
167 2956 117 41 Single
301 2956 78 34 Suit
393 2956 105 33 Made
521 2958 38 31 to
583 2957 111 34 Order
720 2959 36 31 at

287 3006 148 39 Factory
451 3006 114 32 Prices
578 3006 6 31 !

406 3062 57 21 AND

119 3104 168 35 Kemember
301 3105 98 34 !—All
425 3106 76 34 from
525 3106 51 33 the
598 3106 89 33 finest
710 3116 29 23 se-

113 3149 101 33 lected
227 3151 72 31 New
313 3151 132 32 Zealand
465 3151 95 37 Wool,
576 3151 179 41 thoroughly

117 3192 124 39 shrunk,
256 3193 59 32 and
329 3203 18 22 a
360 3193 115 33 Perfect
489 3194 50 32 Fit
553 3194 199 32 Guaranteed.

188 3297 95 29 Terms
303 3297 110 30 CASH.
448 3299 45 28 No
509 3298 174 30 Abatement.

112 3387 109 38 Ag3nts
249 3388 42 29 for
320 3388 47 29 the
397 3389 161 29 Unrivalled
587 3390 165 29 Wertheim

291 3426 115 29 Sewing
425 3426 154 30 Macaines.

113 3528 84 63 N3W
227 3530 151 62 Zealand
409 3532 158 75 Clothing
591 3532 157 76 Factory,

150 3619 329 37 PALMERSTON-ST.,
501 3622 214 30 WESTPORT.

206 3722 37 32 T.
262 3722 438 45 BLENNERHASSETT,

315 3775 132 38 Manager
458 3776 141 37 Westport
611 3777 122 31 Branch.

1469 5525 63 31 The
1546 5526 117 32 French
1678 5527 136 33 Minister
1829 5529 32 31 of
1871 5540 60 21 war
1945 5530 55 32 has
2015 5532 32 31 de-

1430 5567 82 32 cided
1535 5569 66 31 that
1624 5570 51 32 the
1689 5574 99 37 troops
1812 5573 155 41 returning
1990 5574 75 33 from

1430 5610 137 42 Tonquin
1591 5613 78 31 shall
1692 5614 35 31 be
1741 5615 132 32 received
1896 5616 32 33 in
1952 5618 113 33 France

1430 5655 71 31 with
1516 5656 49 31 the
1579 5656 131 33 honours
1723 5658 56 32 due
1794 5661 30 30 to
1838 5660 78 32 their
1929 5662 135 41 exploits,

1430 5699 46 31 An
1492 5700 84 31 order
1593 5701 55 31 has
1663 5701 74 32 been
1762 5703 86 39 given
1867 5706 30 30 to
1911 5704 51 33 the
1986 5706 78 32 mint

1429 5745 31 28 to
1485 5743 89 31 strike
1602 5744 42 31 off
1669 5746 108 35 80,000
1803 5747 114 32 medals
1944 5748 46 33 for
2012 5750 52 32 the

1430 5785 146 34 survivors
1591 5787 32 32 of
1634 5787 49 32 the
1699 5789 176 41 expedition.
