4160 5990
122 245 129 32 Harley,
264 245 31 26 T.
309 243 112 30 H.—As
434 255 16 18 a
464 245 146 28 councillor
621 249 55 23 not
685 245 32 28 fit

84 285 28 25 to
121 282 64 27 hold
199 291 15 17 a
227 282 95 27 candle
333 286 27 24 to
371 282 43 27 his
424 283 118 27 brother.
581 282 44 27 He
638 282 78 27 relies

86 330 77 18 more
177 330 34 18 on
225 320 63 28 beer
301 320 65 29 than
379 320 92 29 brains
483 321 41 28 for
542 320 42 28 his
604 320 111 34 chance,

86 359 56 28 and
156 360 62 27 beer
229 360 22 27 is
265 364 47 23 not
325 369 29 18 so
373 364 95 32 potent
490 369 34 18 an
542 364 80 31 agent
646 369 29 18 as
695 359 21 28 it

86 406 66 18 was.
189 397 54 27 His
263 398 190 35 appointment
473 407 29 18 as
517 407 14 18 a
544 398 59 27 J.P.
617 398 48 27 has
679 398 24 27 al-

86 434 84 38 ready
183 435 67 28 been
264 435 154 28 chronicled
428 437 28 26 in
469 435 84 29 these.
591 436 52 27 His
656 435 44 28 sub-

86 478 116 31 sequent
226 483 91 19 career
347 475 97 35 during
474 474 45 28 the
550 478 60 32 past
641 474 75 35 eight

86 512 113 27 months
213 511 50 28 has
276 516 47 23 not
335 511 68 29 been
422 512 30 28 of
469 512 65 28 such
548 522 15 18 a
577 512 139 29 character

86 559 30 18 as
130 553 27 25 to
170 560 79 18 cause
262 560 54 26 any
335 551 162 28 excitement
510 560 35 18 on
558 551 46 28 the
617 555 61 32 part
690 552 27 27 of

86 588 47 26 the
157 593 158 30 ratepayers
339 593 28 22 to
392 590 80 31 again
495 595 94 21 return
610 589 58 26 him
686 592 28 24 to

88 625 85 36 spend
187 625 71 28 their
270 633 100 29 money
384 635 34 19 on
432 625 112 37 kerbing
555 625 29 29 in
605 626 73 28 front
690 625 29 29 of

87 663 43 29 his
152 664 55 36 hop
228 665 115 35 gardens
364 665 29 27 in
415 665 46 28 the
480 665 87 28 wood.
613 665 104 28 Rather

86 703 153 31 otherwise,
253 703 42 26 for
307 703 14 26 I
335 712 45 17 am
403 703 30 26 of
450 703 111 36 opinion
574 703 60 27 that
646 704 69 27 Tom

86 739 56 28 will
163 748 44 19 see
232 738 98 29 snakes
353 749 86 27 many
462 741 81 28 times
566 740 89 29 before
681 740 34 29 he

86 779 82 34 again
188 781 86 26 utters
294 778 43 29 his
363 779 230 28 rhodomontades
616 780 30 27 in
669 779 47 28 the

86 816 123 28 Council.

121 854 119 33 Levien,
265 853 185 29 Robert.—A
473 854 70 36 good
566 864 66 19 man
662 855 54 29 and

86 894 69 25 true.
192 892 44 27 He
250 891 23 28 is
286 892 35 35 by
333 893 42 27 far
387 893 45 27 the
446 897 72 24 most
530 893 186 29 level-headed

86 929 30 28 of
133 929 47 29 the
201 939 74 20 score
293 930 63 29 who
368 940 44 19 are
425 931 113 36 oftering
551 931 163 29 themselves

86 967 42 28 for
140 968 125 28 election.
301 969 45 28 He
361 969 49 28 has
423 970 46 27 the
488 979 115 26 courage
625 971 27 27 of
674 971 42 27 his

86 1006 136 36 opinions,
247 1006 55 27 and
326 1006 15 27 I
365 1006 101 29 believe
491 1007 49 28 has
570 1008 49 27 felt
649 1017 66 27 very

86 1043 85 29 much
184 1046 48 26 out
244 1044 30 28 of
283 1044 75 36 place
370 1044 29 28 in
412 1045 46 28 the
471 1054 136 28 company
619 1046 34 28 he
667 1046 49 29 has

86 1082 55 27 had
154 1086 28 24 to
194 1082 76 36 keep,
284 1082 54 28 and
350 1084 21 26 it
382 1092 55 18 was
450 1084 66 35 only
528 1093 35 18 on
577 1084 139 28 condition

86 1119 30 28 of
126 1127 75 20 some
213 1128 61 20 new
286 1119 80 29 blood
384 1120 79 36 being
483 1121 154 29 inoculated
658 1122 58 28 into

86 1157 47 28 the
146 1157 115 29 Council
281 1157 60 30 that
361 1159 34 28 he
417 1159 147 28 consented
584 1162 29 26 to
637 1160 79 28 allow

86 1194 116 28 himself
222 1199 28 24 to
262 1194 33 29 be
316 1197 167 26 nominated.
519 1197 53 27 His
593 1197 123 28 business

86 1235 66 30 tact,
166 1231 41 29 his
220 1241 68 20 even
300 1235 113 35 temper,
427 1233 54 28 and
504 1233 43 29 his
559 1234 157 37 experience

86 1268 30 31 in
129 1270 129 35 Borough
271 1275 113 24 matters
402 1272 90 28 would
514 1272 31 28 be
568 1273 101 27 missed
686 1274 30 27 in

85 1308 47 28 the
141 1312 80 24 event
231 1308 31 28 of
270 1308 42 27 his
321 1308 174 34 retirement;
515 1310 55 26 and
582 1310 131 35 although

86 1355 17 19 a
116 1355 46 28 cry
174 1355 56 19 was
243 1349 46 33 got
300 1355 37 28 up
350 1346 107 37 against
479 1346 59 28 him
562 1347 39 28 for
614 1347 85 29 threat-

87 1393 83 27 ening
182 1389 28 24 to
222 1385 90 35 resign
324 1385 28 28 in
366 1394 183 28 consequence
563 1386 30 28 of
602 1386 46 28 the
660 1386 55 29 late

86 1427 178 32 extravagant
288 1423 54 29 and
366 1423 127 30 indecent
515 1428 63 25 vote
602 1425 41 28 for
667 1425 47 29 the

86 1462 61 29 Nile
161 1465 82 25 street
256 1461 101 37 bridge,
371 1463 21 27 it
413 1471 56 20 was
490 1463 66 33 only
577 1472 101 28 among
699 1474 15 19 a

83 1500 53 28 few
147 1500 145 28 interested
304 1501 108 34 parties,
426 1500 54 28 and
501 1501 56 27 will
577 1505 50 24 not
645 1501 69 37 keep

84 1536 59 28 him
156 1540 55 24 out.

118 1575 115 33 Little,
258 1573 26 31 J.
309 1573 192 31 K.—Another
524 1578 108 35 tag-rag
655 1577 54 29 and

82 1613 111 27 bobtail.
240 1613 75 35 Very
344 1614 84 27 Little
458 1614 78 36 good,
562 1615 54 27 and
646 1624 66 28 very

83 1651 83 29 Little
179 1650 102 30 chance
293 1651 30 29 of
338 1651 167 29 re-election.
541 1653 45 28 He
599 1653 55 29 will
667 1658 45 32 get

79 1691 59 35 just
162 1689 81 29 about
268 1700 29 17 as
316 1699 85 27 many
424 1696 75 22 votes
522 1700 30 19 as
573 1691 75 28 there
664 1702 45 18 are

83 1728 95 37 people
190 1731 28 26 to
231 1727 32 30 be
286 1727 103 36 bought
407 1728 37 38 by
465 1739 16 18 a
500 1729 73 37 glass
594 1730 30 29 of
643 1731 69 34 beer,

82 1765 56 29 and
150 1775 36 19 no
199 1775 84 19 more.
320 1767 67 27 Pass
400 1767 58 27 him
472 1772 55 23 out.

119 1803 163 33 Marshall,
303 1804 153 30 G.—Don't
477 1804 81 30 know
580 1806 134 38 anything

81 1842 84 29 about
179 1844 65 30 him,
258 1843 54 28 and
326 1844 66 28 hear
405 1844 32 28 he
450 1844 50 28 has
512 1854 36 18 no
561 1844 104 30 claims.

118 1881 148 31 Newport,
280 1881 112 27 J.—Sat
413 1882 29 26 in
463 1881 47 27 the
534 1881 53 27 last
600 1882 113 28 Council

81 1917 43 30 for
136 1927 16 19 a
165 1918 94 36 couple
273 1919 30 28 of
312 1919 121 33 months,
446 1917 49 31 but
507 1918 45 29 did
566 1922 47 26 not
630 1920 78 29 shine

81 1965 67 27 very
172 1955 158 38 brilliantly.
383 1957 62 28 Was
475 1962 49 32 put
548 1957 28 28 in
609 1959 33 35 by
666 1959 47 28 the

82 1994 92 29 Brook
187 1994 128 35 division,
328 1995 50 29 but
389 1995 56 30 will
466 2001 48 23 not
536 2000 45 32 get
600 2006 16 19 a
637 1997 75 37 place

82 2042 62 19 now
163 2033 62 28 that
244 2034 47 28 the
312 2034 88 29 wards
420 2044 44 19 are
478 2035 148 28 abolished.
663 2037 51 27 Let

81 2071 59 27 him
153 2071 77 28 slide.

117 2110 143 35 Phillips,
275 2110 105 31 \V.—A
400 2121 60 20 new
477 2121 74 24 man,
564 2112 66 29 with
645 2122 15 19 a
673 2122 26 20 re-

82 2150 127 35 putation
221 2152 41 25 lor
273 2159 129 19 common
415 2160 85 22 sense,
512 2152 54 26 and
580 2152 22 26 if
611 2152 102 28 elected

82 2187 56 26 will
158 2187 34 27 do
213 2187 62 28 well
296 2187 108 36 enough
423 2190 29 26 to
473 2188 105 36 replace
600 2198 74 19 some
687 2190 30 27 of

81 2224 46 28 the
140 2225 118 35 rejected
268 2234 74 19 ones.

117 2262 177 35 Robertson,
307 2263 128 29 A.—One
446 2263 29 29 of
482 2263 47 30 the
540 2263 76 30 thre'e
627 2264 87 30 Wood

82 2302 75 27 ward
179 2302 145 33 members,
348 2303 46 27 the
416 2303 79 28 other
516 2308 53 23 two
588 2303 80 35 being
682 2305 30 28 T.

82 2339 38 27 H.
134 2340 106 34 Harley
253 2340 53 26 and
319 2340 42 27 his
374 2343 112 32 partner
498 2342 92 26 Little.
627 2342 87 27 These

82 2376 77 28 three
173 2376 135 28 worthies'
328 2377 61 27 idea
411 2377 30 28 of
457 2378 187 37 representing
665 2379 46 28 the

82 2417 157 34 ratepayers
251 2424 55 18 was
318 2414 36 37 by
374 2415 113 36 holding
508 2425 99 19 caucus
628 2420 68 25 meet-

80 2452 61 36 ings
163 2454 28 26 in
214 2453 46 28 the
282 2453 63 36 City
368 2453 130 36 Brewery
512 2455 88 32 cellar,
614 2455 54 27 and
682 2456 28 27 in

82 2491 61 28 that
156 2491 57 28 dim
232 2495 85 24 resort
339 2491 152 36 discussing
509 2492 46 29 the
575 2493 93 29 affairs
687 2494 30 28 of

82 2533 79 23 state.
209 2529 38 27 As
270 2529 47 27 the
341 2529 77 27 three
442 2530 102 34 always
566 2531 81 27 voted
671 2535 26 24 to-

79 2565 99 36 gether
200 2566 67 36 they
291 2575 69 19 were
390 2566 97 29 looked
518 2576 72 28 upon
621 2576 29 20 as
674 2569 26 27 in-

81 2604 161 37 seperables.
279 2605 76 36 They
380 2605 69 29 have
474 2605 46 29 the
545 2606 81 28 cellar
655 2608 57 33 left,

83 2643 48 27 but
144 2643 65 36 they
222 2643 36 27 all
271 2643 110 27 deserve
399 2644 46 27 the
467 2653 74 18 same
561 2644 54 28 fate
627 2651 6 23 '.
635 2655 77 18 —ex-

82 2681 174 28 tinctinction
269 2691 29 18 as
311 2681 170 29 councillors.

119 2721 150 31 Stringer,
282 2720 27 27 J.
324 2720 117 27 H.—An
452 2720 45 27 old
510 2720 131 33 member,
651 2721 63 28 who

82 2757 51 31 has
156 2767 63 30 very
241 2757 69 39 good
329 2759 158 34 intentions,
508 2759 48 29 but
577 2759 74 30 lacks
668 2761 46 29 the

83 2800 95 34 ability
199 2803 28 24 to
247 2800 61 34 give
329 2800 76 27 them
418 2804 148 23 utterance.
604 2801 45 28 He
662 2801 51 28 has

82 2836 70 26 been
176 2845 16 17 a
213 2836 165 34 thoroughly
400 2837 198 26 conscientious
614 2839 84 33 .pains-

81 2872 94 37 taking
198 2872 130 32 member,
341 2873 54 28 and
415 2873 50 28 has
487 2876 78 33 spent
578 2883 16 18 a
615 2874 59 28 deal
687 2874 30 28 of

80 2911 68 27 time
170 2911 41 27 for
233 2911 47 28 the
303 2910 90 37 public
414 2910 79 36 good,
507 2912 53 26 and
585 2911 54 27 will
653 2921 43 27 pro-

81 2948 82 37 bably
176 2949 31 28 be
220 2948 135 29 returned.

116 2988 101 32 Trask,
230 2987 176 28 Frank.—ln
419 2987 67 36 days
498 2997 68 25 gone
578 2987 36 37 by
626 2997 56 19 was
696 2998 14 18 a

81 3025 150 28 councillor
244 3026 52 27 and
310 3025 102 36 shaped
425 3025 130 36 tolerably
566 3026 69 26 well.
663 3026 45 27 He

80 3064 23 28 is
123 3073 16 19 a
158 3062 143 39 go-ahead,
322 3063 174 37 speculative,
519 3062 193 38 open-handed

81 3109 57 22 sort
150 3105 27 26 ot
201 3108 89 31 party,
303 3103 55 28 and
371 3102 23 28 is
406 3103 303 28 hail-fellow-well-met

81 3142 65 25 with
168 3151 29 17 so
218 3150 84 26 many
324 3141 94 35 people
437 3141 61 29 that
520 3140 34 26 he
574 3142 23 24 is
623 3145 89 30 pretty

82 3178 103 29 certain
206 3178 30 29 of
252 3184 101 23 return.
391 3178 53 28 His
463 3182 45 34 pet
527 3178 148 37 aspiration
688 3178 22 28 is

84 3222 29 24 to
131 3218 69 28 have
214 3228 15 18 a
242 3218 66 28 road
327 3218 88 27 round
436 3218 46 28 the
502 3218 87 33 rocks,
602 3218 54 27 and
679 3218 33 28 he

82 3256 91 28 would
186 3257 60 34 give
260 3265 15 19 a
287 3255 70 36 good
370 3255 62 29 deal
451 3255 117 29 towards
580 3255 46 29 the
639 3255 75 28 work

83 3295 142 35 privately.
262 3295 53 27 His
328 3295 128 35 speeches
468 3305 45 18 are
527 3295 135 32 amusing,
673 3295 41 26 for

84 3331 35 28 he
143 3331 120 28 imitates
287 3332 56 27 Mrs
365 3332 160 32 Partington
548 3332 165 26 sometimes.

84 3371 42 27 On
140 3380 51 19 one
205 3370 133 33 occasion,
352 3380 35 19 on
406 3370 142 35 returning
561 3368 100 29 thanks
674 3370 41 28 for

84 3408 43 28 his
139 3410 157 28 re-election
310 3419 34 19 on
359 3419 15 17 a
387 3409 93 28 school
501 3410 166 30 committee,
681 3409 33 27 he

84 3448 136 28 informed
233 3448 42 27 his
288 3448 109 28 hearers
416 3448 59 27 that
489 3447 65 36 they
567 3446 54 28 had
635 3452 79 31 spent

87 3495 16 18 a
124 3485 70 36 good
216 3495 84 26 many
533 3486 130 35 evenings
687 3489 28 24 at

86 3523 47 28 the
146 3524 155 28 committee
315 3533 98 18 rooms.
451 3523 99 35 People
571 3523 143 28 wondered

84 3561 123 28 whether
228 3561 47 28 the
295 3562 181 35 contingency
498 3567 59 22 vote
579 3570 55 19 was
653 3570 46 19 con-

86 3599 93 30 verted
200 3601 58 28 into
280 3599 121 37 whiskey
423 3599 56 29 hot.
517 3600 90 28 Never
627 3599 87 34 mind,

85 3639 44 27 old
141 3648 75 23 man,
229 3638 23 27 if
263 3648 69 26 your
346 3638 114 34 English
473 3639 23 26 is
509 3648 15 17 a
534 3638 40 27 bit
586 3638 87 36 shaky
687 3643 28 23 at

85 3677 81 29 times
179 3686 70 28 your
261 3677 150 29 intentions
423 3686 45 19 are
482 3676 77 38 good.

120 3717 105 34 Tyree,
249 3717 33 28 N.
285 3717 59 27 —A
362 3726 61 19 new
446 3726 75 24 man,
544 3716 54 28 and
620 3719 48 26 not
687 3726 29 19 as

86 3756 62 28 well
160 3755 100 29 known
273 3765 30 19 as
316 3755 34 29 he
363 3756 86 28 ou«ht
467 3759 27 25 to
516 3755 41 29 be.
595 3756 44 28 He
651 3755 24 29 is
687 3756 31 28 of

86 3804 17 17 a
115 3794 113 35 retiring
240 3794 171 36 disposition,
424 3794 49 28 but
494 3794 140 36 possessed
655 3795 31 27 of
700 3804 17 18 a

86 3832 62 29 deal
160 3832 31 29 of
209 3832 87 30 useful
313 3832 158 37 knowledge
485 3841 35 20 on
533 3832 107 37 general
654 3832 45 29 sub-

84 3871 78 36 jects,
176 3871 54 29 and
244 3871 91 29 would
348 3871 79 29 make
440 3881 16 19 a
470 3881 65 27 very
547 3871 69 36 good
628 3881 63 19 mem-

87 3909 54 27 ber.

123 3947 150 34 Webster,
293 3947 39 29 M.
356 3948 151 34 M.—Last,
530 3947 49 29 but
600 3950 116 32 greatest

87 3986 30 29 of
128 3986 47 29 the
190 3991 110 33 twenty.
337 3988 22 27 A
372 3996 67 19 man
452 3987 66 28 with
540 3996 16 19 a
581 3986 71 37 huge
674 3996 27 19 ca-

87 4026 93 35 pacity
192 4025 42 27 for
246 4034 43 18 wo
304 4024 26 34 k,
344 4026 48 26 but
409 4025 117 28 without
547 4025 47 27 the
615 4025 56 27 will
690 4030 26 23 to

85 4063 118 27 exercise
216 4063 30 27 it.
283 4063 144 36 Naturally
439 4063 30 27 of
488 4073 16 17 a
517 4062 131 37 sanguine
662 4062 39 29 dis-

86 4101 127 36 position,
227 4102 33 27 he
273 4101 50 29 has
336 4101 126 37 acquired
476 4111 74 19 more
570 4101 29 29 of
617 4111 15 18 a
647 4102 51 35 lym-

86 4139 93 36 phatic
203 4142 200 33 temperament
427 4139 55 28 and
511 4139 59 34 has,
594 4139 42 28 for
660 4140 55 27 this

86 4186 97 19 reason
207 4177 83 29 taken
314 4187 66 27 very
401 4177 70 30 little
493 4182 61 32 part
577 4177 29 29 in
626 4177 91 38 public

87 4219 114 24 matters
214 4216 42 27 for
268 4225 75 19 some
356 4217 76 27 time.
469 4216 65 28 Will
546 4216 32 28 be
591 4226 67 18 near
671 4216 46 29 the

88 4258 47 31 top
148 4253 30 29 of
187 4254 46 28 the
245 4254 57 38 poll
314 4254 55 29 and
382 4254 54 28 will
446 4254 80 28 make
548 4264 16 19 a
586 4254 130 29 first-rate

88 4291 132 32 member,
234 4301 30 17 as
285 4292 34 27 he
340 4292 51 27 has
411 4302 16 17 a
446 4301 65 25 very
533 4293 70 27 clear
624 4292 73 28 know-

88 4329 77 36 ledge
178 4329 30 29 of
218 4329 131 34 business,
364 4330 53 28 and
429 4330 30 29 of
479 4330 47 29 the
539 4334 61 34 past
613 4329 105 38 history

88 4368 31 27 of
135 4368 46 27 the
203 4368 85 35 place,
303 4369 54 27 and
377 4378 52 18 can
450 4379 80 25 grasp
552 4370 46 26 the
620 4370 98 26 salient

88 4410 76 33 parts
174 4405 29 30 of
213 4415 36 18 an
272 4410 144 32 argument
428 4415 30 20 or
471 4416 15 19 a
499 4406 97 37 fallacy
610 4407 109 36 equally

88 4445 71 27 well.
196 4445 45 27 He
262 4445 24 27 is
303 4445 91 35 facile
407 4445 131 35 princeps
559 4446 29 26 in
608 4445 108 33 figures,

90 4482 55 27 and
157 4482 55 27 will
225 4481 131 37 probably
368 4491 51 18 run
438 4483 29 27 in
489 4482 96 28 double
608 4483 111 26 harness

90 4520 67 28 with
170 4529 75 20 some
256 4530 75 19 more
341 4522 135 34 energetic
488 4520 231 29 member—John

88 4558 125 28 Graham
234 4558 221 37 probably—and
473 4559 65 35 they
561 4560 55 27 will
638 4558 80 29 make

88 4596 76 28 what
178 4596 94 36 Paddy
284 4597 86 27 called
382 4606 16 18 a
411 4596 204 29 well-matched
634 4599 84 25 team.

90 4635 122 28 Graham
237 4635 57 28 will
318 4634 32 29 be
374 4635 104 34 willing
501 4637 29 26 to
554 4635 35 28 do
615 4635 36 28 all
674 4635 45 28 the

88 4673 85 35 work,
187 4672 54 28 and
255 4673 125 28 Webster
393 4674 54 27 will
465 4673 32 28 be
511 4673 102 35 willing
633 4677 28 24 to
683 4673 37 28 let

89 4710 69 26 him.

125 4748 73 28 Such
211 4758 49 27 my
272 4748 108 29 readers
389 4748 24 29 is
423 4748 46 29 the
477 4748 64 29 field
553 4748 87 29 which
653 4751 68 26 start

88 4796 36 18 on
138 4787 143 36 Thursday
293 4790 65 24 next
370 4787 41 27 for
419 4787 46 27 the
474 4787 128 34 Borough
615 4787 103 27 Stakes.

90 4824 29 27 It
131 4823 51 28 has
196 4823 82 29 taken
291 4824 94 34 nearly
397 4824 61 27 four
477 4824 113 27 months
603 4826 28 25 to
643 4823 79 37 bring

89 4861 84 31 about
184 4862 100 30 reform
303 4863 27 28 in
354 4861 46 30 the
420 4861 130 35 Council;
568 4861 55 30 and
644 4862 77 30 those

88 4901 62 26 who
172 4901 65 26 took
258 4901 47 26 the
327 4904 101 23 matter
448 4902 28 24 in
498 4901 75 26 hand
594 4910 51 17 can
667 4905 54 22 rest

90 4936 121 29 satisfied
223 4937 62 28 that
297 4936 66 36 they
375 4936 69 28 have
466 4944 29 20 so
515 4936 42 28 far
577 4936 144 28 succeeded

89 4975 30 29 in
132 4975 83 37 doing
227 4975 36 29 all
276 4974 64 38 they
354 4974 55 30 laid
422 4974 164 30 themselves
604 4979 49 25 out
672 4976 48 28 for.

88 5014 28 28 It
128 5024 62 18 now
204 5017 69 25 rests
285 5014 67 28 with
371 5014 47 28 the
437 5017 155 32 ratepayers
611 5016 29 24 to
661 5014 61 36 pick

86 5057 49 25 out
156 5052 46 30 the
223 5052 61 29 best
302 5052 74 28 nine.
413 5052 37 28 As
472 5051 41 29 for
525 5051 46 29 the
584 5050 95 35 result,
693 5062 28 18 so

88 5092 43 26 far
154 5101 29 17 as
208 5091 15 26 I
248 5100 51 17 can
320 5091 93 34 judge,
437 5090 68 34 they
530 5090 85 33 ought
639 5094 27 22 to
691 5091 31 25 be

86 5127 98 39 placed
208 5128 29 29 in
264 5127 154 37 something
441 5126 54 29 like
515 5126 47 29 the
582 5125 138 39 following

87 5168 133 27 order:—

123 5205 54 29 Old
208 5205 134 28 Members
354 5214 9 19 :
366 5204 157 33 —Everett,
547 5203 27 29 J.
608 5203 113 37 Harley,

88 5244 115 33 Levien,
217 5244 132 34 Stringer,
368 5242 67 29 with
460 5242 130 36 Newport
613 5242 53 28 and
691 5243 30 26 T.

88 5282 107 35 Harley
208 5281 28 28 in
252 5281 46 28 the
312 5280 74 28 ruck.

122 5320 68 29 New
209 5319 135 29 Members
356 5329 43 18 :—
402 5318 26 29 J.
443 5317 132 34 Graham,
588 5317 133 34 Webster,

88 5360 49 28 Dr.
152 5358 142 34 Coleman,
308 5358 96 36 Tyree,
415 5357 96 34 Trask,
525 5356 66 29 with
605 5357 116 36 Phillips

88 5398 71 28 close
172 5406 46 26 up.
566 5394 120 29 Korari.

125 5484 63 34 The
203 5483 141 42 elephant
358 5482 82 34 Alice
454 5481 115 33 arrived
588 5481 90 43 safely
692 5483 30 31 at

84 5530 73 30 New
172 5529 80 30 York
266 5539 38 19 on
319 5528 84 38 April
419 5528 45 33 17,
480 5527 59 29 and
553 5537 59 19 was
634 5527 88 29 taken

83 5570 131 44 through
239 5570 51 33 the
304 5570 69 42 city,
388 5568 100 33 bound
513 5568 130 32 between
665 5570 57 31 two

83 5618 86 33 other
182 5616 166 41 elephants.
402 5614 59 33 She
476 5614 171 41 recognised
671 5614 50 32 the

83 5662 115 41 keeper,
217 5661 92 36 Scott,
325 5659 51 32 the
400 5661 134 29 moment
557 5657 52 32 she
630 5657 92 32 heard

82 5707 48 30 his
145 5706 90 34 voice,
252 5704 59 30 and
326 5703 109 31 twined
445 5702 54 30 her
508 5702 90 30 trunk
609 5702 113 30 around

82 5749 74 32 him.
202 5747 59 34 She
273 5746 59 31 had
346 5746 75 31 been
435 5744 84 43 noisy
539 5744 58 31 and
611 5744 110 31 vicious

75 5794 66 42 just
163 5792 109 36 before,
289 5791 53 31 but
367 5801 33 21 as
424 5801 73 21 soon
512 5800 32 23 as
568 5789 38 32 he
631 5788 89 42 spoke

80 5838 54 31 she
149 5836 120 32 became
292 5834 90 40 quiet.

784 244 94 31 There
894 256 48 20 are
958 246 108 35 18,000
1080 244 106 31 female
1196 243 135 32 students
1345 242 32 31 in

744 285 50 32 the
809 287 124 41 colleges
949 287 31 32 of
991 287 50 32 the
1056 287 112 32 United
1180 287 108 31 States.

783 331 165 41 Engineers
982 331 113 33 officers
1130 331 31 33 of
1194 330 76 32 rank
1302 329 75 33 have

743 374 105 32 visited
872 376 162 31 Falmouth
1060 376 59 31 and
1134 375 126 32 selected
1281 385 18 20 a
1323 374 54 31 site

743 418 45 31 for
801 418 129 42 forming
944 429 17 21 a
976 419 169 32 submarine
1156 418 116 41 mining
1282 417 80 32 estab-

743 462 142 32 lishment
900 464 59 31 and
973 464 183 41 experiment
1170 463 115 41 ground
1306 472 71 22 near

743 506 169 33 Pendennis
937 506 108 39 Castle,
1061 507 31 32 in
1106 506 175 34 connection
1306 505 71 33 with

743 553 80 30 coast
829 550 129 33 defence.
998 551 161 37 £lo,ooois
1166 551 50 32 the
1222 550 155 33 estimated

743 597 62 27 cost
818 593 32 31 in
864 595 51 30 the
929 595 65 30 first
1007 595 144 30 instance.
1201 594 72 31 This
1287 595 25 29 is
1326 593 51 31 the

742 636 65 34 first
834 637 226 35 establishment
1094 637 32 35 of
1156 636 51 35 the
1241 637 72 33 kind
1345 635 32 34 in

744 682 91 30 Great
855 682 127 31 Britain.

760 757 221 35 (Continuation
992 757 35 37 of
1041 759 90 32 Neivs,
1144 767 42 19 see
1198 757 50 29 4th
1259 757 99 36 Page.)

1308 96 116 43 THE
1478 91 185 43 LYELL
1715 87 186 45 TIMES,
1956 84 306 56 SATURDAY,
2321 93 135 52 JULY
2510 108 55 37 io,
2622 101 93 39 1886

909 842 139 42 Mining
1063 845 152 31 Notices.

745 929 147 29 UNITED
905 929 141 29 ALPINE
1063 929 147 36 QUARTZ
1231 930 145 28 MINING

863 977 188 33 COMPANY,
1070 977 176 28 LIMITED.

838 1127 63 37 day,
920 1137 17 19 a
956 1127 195 29 DIVIDEND
1175 1127 56 37 (the
1251 1127 76 36 25th)
1349 1127 31 29 of

743 1180 222 28 NINEPENCE
981 1181 53 35 (9d)
1058 1190 49 26 per
1131 1180 80 27 share
1224 1179 105 35 (32,000
1329 1179 46 35 th)

742 1239 57 20 was
828 1230 80 29 made
938 1231 115 37 payable
1084 1233 29 28 at
1136 1231 48 28 the
1206 1231 170 37 Company's

743 1283 91 35 Office,
858 1283 64 28 Cliff
940 1285 95 32 Street,
1053 1284 87 36 Lyell,
1166 1294 36 18 on
1225 1283 57 29 and
1305 1283 71 28 after

744 1333 208 35 SATURDAY,
967 1334 66 30 10th
1051 1334 115 35 instant,
1186 1335 76 28 1886.

1027 1397 122 29 JAMES
1168 1396 140 35 INGLIS,

1202 1449 141 37 Manager.

780 1499 89 36 Lyell,
882 1500 47 29 Btb
944 1500 77 36 July,
1035 1502 76 27 1886.

741 1580 84 32 THE
861 1581 159 33 UNITED
1054 1582 124 33 ITALY
1213 1583 163 39 QUARTZ

761 1637 153 34 MINING
935 1638 203 40 COMPANY,
1167 1640 188 34 LIMITED.

741 1755 70 81 AT
833 1765 17 21 a
864 1755 133 40 Meeting
1011 1755 32 31 of
1054 1755 160 37 Directors,
1229 1756 71 32 held
1313 1757 62 31 this

823 1811 66 42 day,
918 1821 18 22 a
963 1810 105 34 CALL
1098 1811 97 45 (29th)
1230 1811 33 34 of
1293 1812 82 33 ONE

741 1869 264 30 HALF-PENNY
1025 1878 52 30 per
1091 1870 86 30 share
1190 1879 61 21 was
1265 1870 110 36 struck,

741 1925 59 32 and
814 1924 86 32 made
914 1924 124 42 payable
1052 1926 32 31 to
1097 1924 51 32 the
1173 1924 153 42 Manager,
1343 1927 31 30 at

741 1982 50 32 the
801 1982 90 33 Office
901 1981 33 33 of
944 1981 51 33 the
1007 1981 163 43 Company,
1183 1981 72 33 Cliff
1268 1982 107 39 Street,

741 2041 96 41 Lyell,
863 2051 39 21 on
926 2040 271 37 WEDNESDAY,
1221 2040 52 32 the
1302 2040 72 32 14th

741 2098 58 44 day
813 2098 31 34 of
855 2097 114 40 JULY,
987 2098 86 33 1886.

985 2156 134 32 JAMES
1140 2156 153 37 INGLIS,

1180 2199 153 40 Manager.

780 2256 95 43 Lyell,
891 2255 72 43 July
978 2255 63 39 sth,
1058 2256 87 32 1886.

743 2343 78 30 TYR
837 2338 191 35 CONNELL
1044 2341 162 38 QUARTZ
1224 2341 152 32 MINING

853 2397 203 38 COMPANY,
1077 2397 188 32 LIMITED.

743 2513 70 80 AT
828 2523 18 20 a
859 2512 133 40 Meeting
1006 2512 32 31 of
1058 2512 160 36 Directors,
1233 2511 70 32 held
1316 2510 61 33 this

830 2569 66 42 day,
925 2578 18 22 a
970 2567 105 33 CALL
1104 2567 91 44 (21st)
1230 2567 33 33 of
1294 2567 81 33 ONE

741 2628 138 30 PENNY
906 2637 52 30 per
985 2627 86 31 share
1098 2636 61 21 was
1183 2626 110 37 struck,
1318 2626 59 31 and

741 2684 87 31 made
842 2683 124 42 payable
980 2685 31 30 to
1025 2682 52 33 the
1100 2682 154 42 Manager,
1270 2684 31 30 at
1324 2682 52 32 the

742 2740 90 33 Office
857 2740 32 33 of
910 2740 51 33 the
986 2739 162 43 Company,
1175 2739 71 33 Cliff
1268 2739 107 39 Street,

741 2801 94 40 Lyell,
861 2811 39 21 on
922 2800 273 36 WEDNESDAY,
1221 2799 51 32 the
1302 2799 72 32 14th

741 2856 56 40 day
811 2855 32 31 of
854 2854 113 37 JULY,
985 2856 87 30 1886.

985 2910 134 33 JAMES
1139 2911 152 37 INGLIS,

1181 2954 153 42 Manager.

778 3013 95 40 Lyell,
889 3013 72 40 July
976 3013 63 36 sth,
1056 3014 86 30 1886.

914 3097 118 32 Public
1049 3097 154 32 Notices.

741 3177 77 29 THE
850 3177 192 30 NATIONAL
1072 3178 104 29 BANK
1206 3178 47 30 OF
1284 3178 90 30 NEW

862 3231 187 34 ZEALAND,
1074 3231 179 29 LIMITED.

743 3325 119 50 rpHIS
879 3325 365 28 BANKwiIIbeOPENED
1257 3329 29 25 to
1296 3326 80 28 BUY

833 3377 100 28 GOLD
954 3376 55 29 and
1027 3377 193 29 TRANSACT
1239 3378 138 29 General

743 3430 176 29 BANKING
948 3429 188 29 BUSINESS
1168 3433 27 25 at
1229 3430 81 37 Lyell
1341 3440 36 19 on

743 3484 208 33 SATURDAY,
966 3484 64 28 10th
1044 3484 54 36 day
1117 3484 30 28 of
1165 3484 105 33 JULY,
1288 3484 89 29 under

743 3536 45 27 the
820 3536 99 35 charge
950 3535 31 28 of
1008 3535 47 28 the
1086 3534 118 29 Reefton
1235 3536 141 37 Manager,

744 3587 23 29 I.
787 3587 99 29 Lewis.

1039 3626 43 29 W.
1103 3627 169 33 DYMOCK,

1191 3665 152 38 Inspector.

743 3879 247 33 INANGAHUA
1011 3880 163 33 COUNTY
1189 3880 187 33 COUNCIL.

764 3995 110 32 DRAY
888 3995 109 33 ROAD
1015 3996 55 32 UP
1090 3995 267 33 MATAKITAKI.

747 4109 208 33 mENDERS
983 4119 50 23 are
1060 4109 173 32 INVITED
1257 4109 46 32 for
1326 4108 51 32 the

752 4140 28 50 i-
828 4165 91 34 above
947 4166 80 33 work
1053 4166 33 32 in
1113 4165 141 33 THREE
1288 4164 66 35 SEC-

746 4224 129 32 TIONS.

786 4323 91 33 Plans
901 4323 60 33 ond
985 4323 214 43 specifications
1213 4325 31 31 to
1257 4322 37 34 be
1309 4333 69 23 seen

747 4384 29 27 at
792 4381 50 32 the
853 4382 177 39 Engineer's
1041 4382 99 36 Office,
1153 4382 126 31 Reefton
1291 4391 7 27 ;
1321 4382 59 29 and

747 4441 31 29 at
802 4439 96 30 Rait's
922 4439 100 37 Hotel,
1048 4439 184 37 Murchison,
1256 4450 39 21 on
1322 4440 59 31 and

747 4494 74 32 after
836 4494 195 43 Wednesday,
1047 4495 54 33 7th
1114 4495 124 33 instant.

787 4611 192 33 TENDERS
990 4613 31 31 to
1032 4612 129 33 CLOSE
1177 4622 39 22 on
1230 4612 125 33 THURS-

748 4669 92 36 DAY,
852 4669 80 30 22nd
945 4668 115 37 JULY,
1073 4671 30 29 at
1119 4671 36 29 12
1171 4669 111 31 o'clock
1291 4680 90 20 noon.

790 4782 63 31 The
867 4782 102 31 lowest
993 4793 32 21 or
1048 4793 59 31 any
1127 4782 104 32 tender
1255 4785 53 30 not
1331 4794 34 20 ne-

750 4838 139 43 cessarily
903 4838 146 42 accepted.

907 4896 135 31 EDWD.
1064 4897 36 30 B.
1124 4897 178 35 GARVEN,

1048 4950 117 44 County
1178 4950 161 43 Engineer.

858 5038 175 42 JONES
1060 5038 85 42 and
1176 5038 96 51 CO.,

796 5102 215 26 IURNITURE
1032 5102 21 27 &
1072 5102 178 27 BEDDING
1264 5102 96 28 MANU-

949 5139 231 33 FACTURERS,

800 5185 121 32 WOOD
943 5187 21 30 &
985 5186 127 31 IVORY
1133 5186 202 33 TURNERS.

752 5285 99 37 Spring
863 5284 56 29 and
931 5285 73 28 Wire
1025 5285 160 29 Mattrasses
1198 5285 29 28 in
1240 5285 77 29 stock
1329 5286 54 28 and

958 5322 81 29 made
1051 5325 29 27 to
1093 5323 87 30 order.

750 5362 84 29 Wash
837 5362 93 28 stands
940 5362 54 28 and
1005 5361 105 34 Tables,
1120 5362 71 29 from
1204 5362 44 36 15/
1258 5363 47 28 the
1316 5363 67 37 pair.

795 5401 120 28 Kitchen
927 5400 97 28 Tables
1037 5400 55 28 and
1105 5400 97 29 Chairs
1214 5401 29 28 in
1256 5401 86 30 stock.
1355 5400 8 8 v

752 5492 243 35 N.B.—Billiard
1009 5492 84 33 Balls
1107 5492 165 35 Re-turned
1286 5495 59 33 and

1003 5537 145 30 Coloured
1162 5539 87 38 equal
1263 5541 31 28 to
1307 5549 76 21 new.

749 5642 530 33 Workshops:—PALMERSTON
1312 5643 68 39 ST.,

785 5697 130 35 Opposite
930 5697 100 27 Messrs
1042 5696 87 29 Bailie
1142 5697 21 28 &
1178 5697 73 28 Co.'s
1262 5698 86 33 Store,

1043 5734 55 28 and

748 5781 173 34 HENLEY
937 5781 68 38 ST.,
1014 5781 131 42 opposite
1151 5781 104 34 Public
1263 5782 118 39 School,

940 5838 254 32 WESTPORT.

1582 2458 120 33 Public
1719 2458 152 31 Notices.

1413 2541 208 37 BROWN'S
1641 2540 120 37 BOOT
1787 2537 259 38 EMPORIUM

1661 2596 135 31 LYELL.

1412 2686 44 54 J
1492 2674 139 29 BROWN
1645 2675 30 27 in
1686 2672 137 35 thanking
1834 2671 45 29 his
1896 2679 150 21 numerous

1462 2724 8 11 ■
1509 2717 149 24 customers
1688 2712 42 28 for
1758 2714 64 33 past
1849 2710 120 33 favours,
1992 2709 55 28 and

1413 2751 105 39 hoping
1542 2751 43 29 for
1605 2761 17 19 a
1644 2751 181 29 continuance
1845 2748 31 29 of
1893 2747 47 30 the
1959 2757 86 24 same,

1411 2792 100 29 wishes
1523 2795 46 26 too
1582 2792 52 29 call
1646 2791 73 29 their
1737 2790 135 30 attention
1886 2791 29 27 to
1928 2787 45 30 his
1985 2798 61 19 new

1412 2831 78 26 stock
1511 2831 31 26 of
1563 2831 109 25 Ladies'
1697 2829 98 26 Maids'
1818 2828 56 26 and
1891 2827 155 26 Children's

1411 2867 86 27 Boots
1517 2867 31 26 in
1569 2870 77 33 great
1667 2865 115 37 variety.
1818 2864 77 32 Also,
1908 2863 44 28 his
1970 2863 75 37 large

1411 2905 56 27 and
1480 2904 96 28 varied
1589 2904 78 28 stock
1679 2903 32 29 of

1411 2955 120 41 Men.s,
1544 2954 141 33 Youths'
1698 2954 28 31 &
1738 2952 101 40 Boys'
1857 2952 107 32 Boots
1976 2952 70 32 and

1668 2991 119 31 Shoes.

1411 3064 88 29 Fresh
1513 3064 93 29 Goods
1618 3064 120 37 arriving
1758 3062 136 38 monthly,
1907 3060 91 30 which
2011 3061 35 29 he

1445 3104 23 28 is
1481 3104 117 35 offering
1611 3107 28 26 at
1651 3104 88 36 prices
1752 3106 28 26 to
1791 3103 54 28 suit
1858 3102 47 29 the
1919 3102 91 29 times.

1411 3142 46 27 All
1480 3142 140 36 imported
1653 3142 85 35 goods
1766 3140 118 27 marked
1912 3140 30 27 in
1969 3140 77 35 plain

1672 3179 111 38 figures.

1448 3257 130 29 N.B.—A
1589 3256 101 38 supply
1702 3256 30 29 of
1752 3255 89 30 North
1855 3255 104 28 British
1973 3256 72 28 Gum

1412 3297 86 27 Boots
1523 3296 57 27 and
1604 3297 70 27 Own
1700 3295 82 28 Make
1801 3294 183 36 Watertights
2008 3294 24 29 al-

1412 3343 75 27 ways
1500 3342 36 19 on
1549 3333 84 28 hand.

1448 3372 116 37 Repairs
1576 3370 142 39 promptly
1727 3370 131 30 executed
1871 3369 56 30 and
1938 3369 108 29 elastics

1413 3410 132 29 inserted.

1440 3488 71 28 Note
1524 3486 47 30 the
1582 3486 271 30 Address:-JOHN
1873 3485 149 35 BROWN,

1413 3533 90 31 Boot
1525 3533 29 31 &
1579 3533 211 32 Shoemaker
1810 3533 28 30 &
1867 3533 178 37 Importer,

1477 3579 141 36 (Opposite
1631 3577 81 29 Bank
1724 3577 31 29 of
1764 3577 68 29 New
1846 3576 141 36 Zealand.)

1531 3659 187 40 JAMES
1758 3659 170 41 RYAN,

1480 3750 180 29 ENERAL
1733 3749 44 39 CI
1782 3748 255 31 TOREKEEPER
2041 3770 5 13 >

1564 3827 86 30 Cliff
1672 3827 120 35 Street,
1811 3826 87 29 Lyel.

1416 3956 92 30 Goods
1521 3956 132 38 carefully
1665 3955 106 39 packed
1784 3958 28 27 to
1825 3955 38 29 all
1874 3957 76 36 parts
1963 3954 30 30 of
2001 3954 47 29 the

1672 3995 116 29 district.

1431 4120 106 28 BANK
1556 4120 111 28 PRICE
1687 4119 120 29 GIVEN
1827 4118 74 28 FOR
1919 4118 111 28 GOLD.

1434 4200 358 38 WELCOME
1864 4198 165 46 INN,

1677 4257 105 29 Lyell.

1528 4334 153 32 ELLEN
1711 4332 233 34 WILLIAMS

1434 4396 45 48 Lm
1505 4388 145 31 returning
1667 4387 101 24 tuan.£S
1786 4389 42 21 lor
1849 4391 62 27 pr*si
1932 4385 117 29 favours,

1490 4422 66 36 begs
1573 4425 28 26 to
1621 4421 100 29 inform
1738 4421 50 29 her
1805 4421 104 28 friends
1928 4420 54 29 and
2004 4419 46 30 the

1418 4461 90 35 public
1529 4461 60 27 that
1610 4461 48 26 she
1683 4461 50 26 has
1754 4461 58 34 just
1833 4459 154 35 completed
2007 4468 29 17 ex-

1420 4499 101 27 tensive
1541 4497 137 28 additions
1701 4497 55 28 and
1775 4496 160 29 alterations
1954 4499 30 25 to
2002 4496 50 27 her

1420 4536 140 38 premises,
1578 4536 56 29 and
1652 4536 46 28 the
1721 4535 208 29 accomodation
1947 4534 25 29 is
1988 4543 64 19 now

1636 4574 191 36 unsurpassed.

1417 4651 76 34 Ales,
1517 4651 104 33 Wines,
1644 4650 54 28 and
1721 4650 97 36 Spirits
1843 4649 30 28 of
1895 4649 157 29 First-class

1593 4689 111 34 Quality
1718 4689 64 33 only
1795 4688 73 35 kept.

1490 4764 78 30 Good
1586 4763 126 35 Stabling
1730 4762 254 30 Accommodation.

1594 4811 126 26 ELLEN
1744 4810 207 30 WILLIAMS,

1801 4847 218 26 Proprietress.

1911 215 119 38 Public
2058 216 151 36 Notices.

1414 464 110 56 m
1549 456 334 65 'B6--AUTDMN
1920 455 32 62 &
1986 449 173 68 WINTER
2199 456 367 65 DRAFERY--'B6.
2593 441 110 84 #>>

1444 508 125 52 *-#_
1943 544 6 5 .
2592 515 63 49 &r

1679 604 243 67 JOHN
1985 602 449 68 FENNELL

1413 713 62 28 Has
1486 712 85 29 much
1588 712 125 38 pleasure
1731 711 30 28 in
1783 709 177 35 announcing
1978 711 29 25 to
2026 706 47 29 the
2094 707 171 30 inhabitants
2286 711 30 26 of
2337 711 80 36 Lyell
2442 713 55 28 and
2522 715 182 36 surrounding

1787 747 119 30 districts
1928 746 47 30 the
1997 745 102 29 arrival
2122 747 30 28 of
2168 757 16 19 a
2202 748 126 29 LARGE

1924 994 235 31 COMPRISING

1448 1072 96 40 The
1567 1072 157 40 Latest
1746 1069 226 43 Novelties
1991 1068 84 40 and
2100 1068 213 40 Fashions
2333 1068 39 40 in
2397 1069 165 41 Ladies'
2583 1072 85 38 and

1755 1124 153 43 Gents'
1938 1122 206 51 Wearing
2162 1122 200 51 Apparel,

1414 1213 67 32 And
1505 1214 106 32 invites
1634 1225 39 20 an
1696 1212 165 42 inspection
1884 1212 33 32 of
1937 1211 51 32 the
2012 1221 90 26 same,
2127 1211 108 41 feeling
2260 1222 66 22 sure
2350 1213 67 32 that
2441 1214 45 31 for
2512 1214 191 40 VARIETY,

1562 1258 189 40 QUALITY,
1767 1256 59 33 and
1840 1256 139 33 VALUE
1995 1256 70 42 they
2080 1254 159 35 CANNOT
2254 1255 36 34 be
2307 1257 247 34 SUEPASSED.

1414 1439 130 41 Ladies
1548 1442 7 17 1
1592 1441 72 41 and
1698 1440 198 42 Children''s
1945 1439 215 41 WINTER
2202 1439 145 41 HATS
2385 1439 38 40 in
2463 1440 53 39 all
2557 1441 145 54 Shapes.

1450 1632 109 29 Ladies'
1574 1632 157 29 WINTER
1742 1632 164 29 JACKETS
1920 1631 55 30 and
1987 1630 115 30 CAPES
2115 1631 29 29 in
2157 1632 37 29 all
2206 1632 47 30 the
2264 1633 109 31 Newest
2387 1635 104 39 Shapes
2503 1637 56 30 and
2572 1637 98 40 Styles.

1560 1707 88 40 New
1668 1707 189 40 Feathers!
1898 1707 88 39 New
2006 1705 174 41 Flowers!
2222 1708 86 41 New
2329 1711 230 51 Trimmings!

1413 1788 77 42 gjp*
1511 1787 49 31 AU
1587 1788 51 32 the
1665 1788 96 32 NEW
1788 1787 60 31 and
1874 1785 288 34 FASHIONABLE
2192 1788 165 33 WINTEE
2384 1790 133 34 DEESS
2540 1792 163 38 STUFFS,

1714 1863 69 30 And
1804 1862 234 31 TRIMMINGS
2059 1863 32 30 of
2108 1874 87 29 every
2215 1864 187 40 description.

2046 1988 17 11 1/

1468 2040 86 76 IN'S,
1591 2041 117 61 BOYS'
1745 2042 69 60 and
1849 2041 179 62 YOUTHS'
2065 2042 213 63 CLOTHING
2311 2044 38 61 in
2378 2046 148 61 Endless
2550 2046 152 78 Variety.

1821 2340 120 31 CLIFF
1963 2342 169 37 STEEET,
2154 2345 147 34 LYELL.

2242 2461 119 33 Public
2384 2463 151 33 Notices.

2075 2536 162 40 FERN
2284 2541 155 38 FL'AT
2484 2543 218 48 HOTEL,

2231 2600 125 32 UPPER
2386 2604 164 31 BULLER.

2075 2675 107 29 ITIHE
2197 2677 84 30 above
2294 2679 176 30 well-known
2487 2681 73 29 hotel
2580 2682 23 28 is
2625 2683 80 34 again

2081 2708 37 26 J-
2162 2715 87 28 under
2259 2717 46 27 the
2315 2724 195 30 management
2518 2721 29 26 of
2557 2720 44 28 Mr
2613 2721 92 28 Alfred

2074 2750 100 38 Smith,
2185 2754 47 29 the
2244 2755 101 30 former
2356 2758 159 37 proprietor.

2106 2832 93 35 Every
2212 2835 237 27 accommodation
2457 2836 55 26 and
2524 2838 182 26 convenience

2072 2867 40 28 for
2126 2868 140 29 travellers
2277 2869 120 30 between
2411 2872 47 28 the
2471 2873 77 28 West
2560 2874 82 27 Coftst
2653 2874 54 27 and

2074 2906 111 33 Nelson,
2206 2907 150 36 Hampden
2379 2910 173 32 Matakitaki,
2575 2912 130 36 Glenroy,

2073 2943 115 34 Maruia,
2202 2945 55 28 and
2269 2945 46 29 the
2329 2947 84 28 Owen
2427 2948 88 28 Reefs.

2073 3020 160 29 Newman's
2247 3022 89 35 Royal
2359 3023 68 28 Mail
2447 3024 70 28 Line
2537 3025 30 28 of
2585 3026 122 27 Coaches

2107 3058 81 29 make
2212 3059 56 29 this
2289 3060 138 38 hostelery
2446 3062 47 29 the
2515 3062 59 29 first
2595 3063 77 37 day's

2141 3103 76 33 stage
2229 3099 72 29 from
2311 3100 77 29 West
2395 3102 83 28 Coast
2486 3105 29 25 to
2526 3103 111 28 Nelson.

2107 3173 124 30 Tourists
2244 3184 50 20 can
2308 3175 33 29 be
2353 3176 131 37 provided
2497 3177 66 29 with
2575 3187 82 28 every
2666 3188 26 20 re-

2073 3213 154 36 quirement
2238 3215 42 27 for
2291 3215 112 35 visiting
2416 3216 46 28 the
2475 3217 76 29 lakes
2563 3218 56 28 and
2631 3228 56 27 mag-

2073 3252 112 28 nificent
2197 3253 183 36 surrounding
2391 3258 124 33 country.

2106 3291 105 28 Horses
2224 3291 55 29 and
2297 3293 145 35 equipages
2456 3303 16 18 a
2485 3294 151 36 speciality.

2254 3337 190 39 ALFRED
2466 3339 162 48 SMITH,

2506 3385 165 37 Proprietor.

2258 3475 15 2 -
2311 3469 4 49 ,
2327 3469 157 40 wolf
2529 3469 36 40 &
2609 3469 97 49 CO.,

2390 3568 170 21 WHOLESALE
2590 3569 56 20 AND

2464 3608 101 20 RETAIL

2073 3658 633 61 gUTCHERS.

2177 3755 114 30 Dealers
2303 3755 30 29 in
2346 3756 38 28 all
2397 3756 179 37 descriptions
2589 3755 31 29 of

2091 3804 106 28 FARM
2232 3804 79 28 AND
2347 3804 120 28 DAIRY
2503 3803 189 29 PRODUCE.

2075 3881 99 30 Hotels
2182 3881 57 29 and
2250 3881 131 29 Families
2388 3881 101 29 waited
2501 3891 37 19 on
2550 3881 42 29 for
2599 3881 109 29 Orders.

2109 3957 100 30 Orders
2228 3957 139 30 delivered
2385 3961 29 25 to
2435 3957 38 29 all
2493 3959 76 36 parts
2581 3967 16 20 o
2627 3957 48 29 the

2333 3997 124 28 District.

2247 4073 73 29 Note
2334 4072 48 29 the
2395 4072 124 29 Address

2094 4121 114 30 fS*W
2226 4121 23 28 0
2268 4121 24 27 L
2311 4121 23 26 F
2405 4120 114 27 AND
2600 4119 92 34 CO.,

2127 4159 73 28 Next
2223 4159 48 28 the
2296 4158 190 28 Government
2504 4157 154 37 Buildiugs,

2223 4198 85 27 Cliff
2328 4197 119 33 Street,
2466 4197 105 27 Lyell.

2155 4290 185 36 GEORGE
2373 4290 41 35 E.
2438 4290 192 44 LEVIEN,

2079 4352 123 29 Member
2211 4352 29 28 of
2246 4351 47 29 the
2301 4351 235 29 Pharmaceutical
2543 4351 106 36 Society
2656 4351 54 28 and

2164 4389 237 29 Pharmaceutical
2420 4389 165 28 Conference
2598 4389 30 28 of

2285 4428 84 29 Great
2387 4428 116 33 Britain,

2082 4483 204 63 SURGEON
2324 4483 174 32 DENTIST,
2529 4483 181 35 CHEMIST,

2240 4521 79 30 AND
2339 4521 204 35 DRUGGIST,

2293 4560 205 35 (registered.)

2079 4638 55 28 For
2146 4638 33 27 20
2192 4645 78 28 years
2288 4635 149 37 practising
2458 4636 29 28 in
2506 4635 204 36 Marlborough,

2080 4676 54 27 and
2147 4676 53 26 late
2214 4674 32 28 of
2265 4674 102 27 Nelson
2386 4674 129 32 districts,
2528 4675 24 26 is
2571 4684 63 18 now
2652 4685 44 26 pre-

2178 4712 81 36 pared
2273 4715 28 24 to
2316 4711 93 27 attend
2422 4712 128 35 patients,
2564 4713 56 27 and

2115 4769 72 28 CAN
2218 4768 51 28 BE
2300 4767 225 29 CONSULTED
2561 4768 118 28 DAILY

2380 4813 34 18 at

2082 4845 98 28 Rooms
2204 4851 30 20 in
2258 4842 185 29 Commercial
2473 4842 112 34 Hotel,
2608 4843 103 29 Lyell.

1999 5003 128 39 TRY

1500 5146 78 66 K
1610 5146 26 64 I
1670 5144 193 66 IRK
1888 5143 273 66 FAT
2188 5142 133 66 HI

1990 5739 150 39 THE
2216 5737 249 42 BEST.-

2913 224 118 33 Public
3055 224 151 32 Notices.

2937 305 248 30 NOTICE.

2742 384 38 28 To
2796 384 45 28 the
2855 384 171 28 inhabitants
3034 387 27 24 ot
3074 383 80 33 Lyell
3165 382 54 28 and
3229 381 129 30 surround-

2970 423 47 35 ing
3030 421 114 28 district.

2879 498 188 43 HENRY,
3080 498 165 38 YOUNG

2743 556 133 58 BEGS
2889 560 29 26 to
2930 558 126 27 intimate
3075 557 60 27 that
3155 557 34 27 he
3214 555 109 29 intends
3347 558 28 25 to

2839 600 68 22 start
2920 595 116 35 Baking,
3050 595 54 27 and
3116 595 37 35 by
3175 594 102 36 paying
3299 594 77 26 strict

2742 633 134 28 attention
2890 637 28 24 to
2931 633 43 28 his
2995 633 122 28 business
3137 637 29 24 to
3187 631 82 28 merit
3290 640 16 19 a
3325 631 50 28 fair

2742 671 79 30 share
2836 674 30 27 of
2875 676 122 34 support.
3035 672 57 28 The
3105 673 72 36 price
3189 671 55 30 will
3257 671 32 28 be

2839 741 25 37 4
2866 727 50 40 lb.
2939 727 146 41 LOAF
3144 751 14 6 -
3214 726 61 51 gd.

2777 821 38 28 H.
2834 822 132 28 YOUNG
2979 821 109 29 intends
3102 825 28 24 to
3144 821 98 36 supply
3255 820 47 28 the
3309 829 66 27 very

2742 858 59 29 best
2813 859 105 37 quality
2929 859 30 29 of
2969 859 91 28 bread.
3096 859 24 27 A
3128 859 73 35 large
3212 861 164 25 assortment

2743 898 30 26 of
2794 898 81 27 small
2899 898 85 34 goods
3013 897 80 28 made
3125 907 81 25 every
3229 896 131 35 Saturdaj
3361 896 4 36 7
3368 918 6 6 .

2744 935 123 37 Nothing
2888 936 51 28 but
2958 936 46 28 the
3029 936 58 28 best
3111 935 167 36 ingredients
3299 934 76 33 used,

2743 974 55 27 and
2810 975 163 36 everything
2986 974 59 28 sold
3057 979 28 23 at
3098 974 140 37 Westport
3250 973 96 36 prices.

2744 1058 196 26 CHRISTENING,
2971 1058 143 26 WEDDING,
3144 1058 56 19 AND
3235 1056 141 21 BIRTHDAY

2827 1096 87 21 CAKES
2932 1097 77 19 MADE
3028 1097 36 20 ON
3081 1096 56 19 THE
3157 1096 139 19 SHORTEST

2932 1134 130 21 POSSIBLE
3081 1134 110 21 NOTICE.

2777 1202 71 28 Note
2862 1202 46 28 the
2921 1202 119 28 Address
3041 1218 34 4 —

2743 1251 110 54 ALL
2874 1252 241 54 NATIONS
3144 1249 231 56 BAKERY

2813 1322 139 35 (Opposite
2965 1320 26 28 J.
3006 1321 90 36 Ryan,
3111 1320 195 36 Storekeeper.)

2852 1402 177 42 JAMES
3077 1403 189 50 INGLIS,

2794 1522 263 29 HAREBROKER
3088 1525 20 26 &
3138 1524 237 28 COMMISSION

2957 1654 206 35 AGENT,

2819 1786 115 28 Cliff
2971 1787 159 33 Street,
3166 1787 141 27 Lyell.

2761 1875 128 36 POST
2932 1875 193 37 OFFICE
3168 1876 190 42 HOTEL,

2947 1933 223 28 LYELL.

2791 2027 225 40 PETER
3046 2028 281 40 MANGOS

2758 2089 127 70 BEGS
2905 2093 28 26 to
2946 2091 103 29 inform
3068 2091 45 29 his
3130 2091 103 29 iriends
3254 2091 56 29 and
3330 2091 47 30 the

2845 2130 93 36 public
2960 2131 62 28 that
3045 2131 44 28 his
3108 2141 62 18 new
3189 2131 187 30 commodious

2913 2169 87 26 Hotel
3011 2169 24 26 is
3048 2178 63 17 now
3123 2178 81 26 open.

2740 2204 153 28 Travellers
2912 2206 55 26 and
2984 2206 111 28 visitors
3113 2209 29 25 to
3160 2206 56 28 this
3234 2206 131 28 establish

2774 2246 79 24 ment
2864 2243 57 27 will
2932 2243 59 27 find
3003 2244 72 28 their
3085 2244 118 28 comfort
3210 2244 56 28 and
3278 2254 48 18 con-

2809 2281 131 29 venience
2950 2282 168 37 thoroughly
3127 2282 131 29 attended
3269 2286 38 26 to.

2741 2320 58 27 The
2812 2319 148 29 bedrooms
2980 2331 47 18 are
3036 2322 79 34 lofty,
3129 2321 55 28 and
3196 2322 64 27 well
3272 2322 105 35 lighted

2943 2358 56 27 and
3019 2359 158 26 ventilated.

2777 2432 205 29 Comfortable
3012 2434 128 28 Parlors
3165 2441 57 21 and
3241 2434 86 29 First-

2960 2480 81 20 class
3059 2472 104 28 Table.

2760 2509 59 27 One
2842 2509 31 28 of
2890 2509 128 29 Alcock's
3031 2510 78 28 Prize
3122 2510 118 28 Billiard
3252 2509 107 30 Tables.

2742 2583 59 30 The
2815 2583 56 30 Bar
2881 2584 25 29 is
2919 2583 114 31 stocked
3041 2584 68 30 with
3122 2585 74 35 Ales,
3207 2585 104 35 Wines,
3325 2585 54 30 and

2795 2624 98 36 Spirits
2906 2626 29 25 of
2951 2625 169 35 guaranteed
3137 2625 102 27 brands
3251 2626 75 35 only.

2776 2661 24 27 A
2817 2662 144 27 first-class
2983 2662 183 28 sixteen-stall
3179 2662 87 29 stable
3278 2663 75 28 iscon-

2742 2699 99 29 nected
2853 2700 68 28 with
2935 2700 56 28 this
3006 2700 86 28 hotel.

2994 2738 127 28 PETER
3144 2738 167 33 MANGOS,

3178 2778 156 37 Proprieor.

2871 2875 121 32 JOHN
3026 2875 226 40 FENNELL,

2817 2938 192 28 ENERAL

3104 2938 276 28 ITOREKEEPER.

2831 3024 84 28 Wine
2933 3032 56 19 and
3009 3024 96 27 Spirit
3127 3025 171 27 Merchant.

2780 3137 103 34 Money
2902 3137 104 34 always
3026 3137 30 26 in
3077 3137 76 26 hand
3172 3137 43 26 for
3233 3137 114 35 cashing

3000 3173 128 38 cheques.

2779 3288 110 29 Liberal
2903 3288 136 29 advances
3051 3288 81 28 made
3148 3297 36 19 on
3197 3288 107 37 parcels
3318 3288 31 29 of

2960 3327 120 26 retorted
3093 3326 72 29 gold.

2890 3420 80 38 Cliff
2987 3420 121 45 Street,
3133 3420 108 47 Lyell.

3005 3538 82 61 New
3095 3538 106 60 Chum
3210 3538 174 75 Butchery

3121 3653 149 32 LYELL.

2843 3794 205 40 JAMES
3099 3792 184 47 EDGE,

2844 3881 119 29 HOLE
2973 3881 108 28 SALE
3118 3880 80 28 AND
3242 3879 142 29 RETAIL

2895 3956 339 33 BUTCHER.

2747 4069 99 28 Hotels
2859 4068 55 29 and
2926 4067 133 29 Families
3078 4066 101 28 waited
3200 4075 36 19 on
3250 4066 82 36 Daily
3344 4066 41 28 for

3013 4105 110 29 Orders.

2800 4221 76 27 Meat
2888 4219 147 29 Delivered
3053 4221 28 24 to
3095 4217 37 28 all
3151 4220 75 34 parts
3239 4218 27 28 of
3287 4217 46 28 the

3005 4255 126 32 District.

2749 4363 120 31 NEW
2913 4361 156 32 CHUM
3107 4359 275 32 BUTCHERS'.

2817 4415 130 37 Opposite
2956 4412 153 31 Alhambra
3119 4412 95 33 Hotel,
3227 4412 88 38 Lyell.

2749 4517 292 64 ROUNDED
3095 4516 72 43 ON
3226 4516 137 42 FACT

2784 4659 43 27 Ist
2846 4657 85 37 lady:
2968 4656 28 28 W
2997 4656 6 15 T
3005 4655 64 29 here
3094 4655 34 28 do
3158 4664 54 27 you
3243 4657 45 34 get
3316 4663 70 28 your

2751 4696 115 34 drapery
2884 4704 72 23 now,
2970 4694 79 32 Mary
3062 4695 12 26 '?

2784 4733 57 28 2nd
2866 4732 87 36 lady:
2990 4731 84 37 Why,
3105 4732 29 27 at
3163 4729 47 29 the
3241 4730 82 28 Hall
3353 4737 33 20 of

2752 4772 165 32 Commerce,
2932 4770 109 28 Nelson.

2785 4812 44 24 Ist
2841 4809 66 34 lady
2919 4817 8 18 :
2966 4808 72 27 How
3057 4806 162 34 beautifully
3237 4807 62 26 that
3312 4807 75 26 dress

2751 4846 46 29 fits
2809 4855 54 28 you
2875 4846 6 28 !
2919 4845 99 28 Where
3030 4853 57 19 was
3100 4843 60 28 that
3178 4843 80 28 made
3269 4844 12 27 ?

2785 4886 57 27 2nd
2855 4885 66 35 lady
2932 4894 8 17 :
2978 4884 37 27 At
3027 4883 34 27 E.
3074 4883 27 27 J.
3116 4882 127 28 Warner
3260 4884 21 26 &
3303 4882 83 32 Co.'s,

2751 4923 47 26 the
2812 4923 82 25 Hall
2907 4929 32 19 of
2953 4921 162 25 Commerce.

2786 4960 43 28 Ist
2843 4958 66 38 lady
2923 4967 8 19 :
2970 4957 73 28 How
3056 4965 62 20 ever
3131 4955 46 29 did
3189 4955 67 37 they
3269 4965 117 28 manage

2752 5003 29 24 to
2794 5000 31 26 fit
2833 5007 55 27 you
2897 5007 28 18 so
2936 4997 89 35 nicely
3039 4998 13 26 '?
3088 4996 80 28 Were
3178 5005 56 26 you
3244 4996 143 27 measured

2752 5038 42 28 for
2805 5037 22 28 it
2838 5038 12 26 ?

2786 5076 57 27 2nd
2856 5075 65 34 lady
2933 5083 8 18 :
2980 5074 42 27 No
3034 5073 6 27 !
3078 5073 15 26 I
3107 5072 101 36 simply
3227 5076 61 24 sent
3309 5073 75 27 them

2753 5122 35 18 an
2801 5113 45 27 old
2860 5112 72 35 body
2946 5111 60 27 that
3027 5110 79 27 fitted
3119 5119 53 23 me,
3186 5110 41 27 for
3240 5120 15 17 a
3267 5113 119 33 pattern,

2752 5151 67 28 with
2834 5151 47 27 the
2895 5149 94 37 length
3004 5149 30 28 of
3043 5149 47 28 the
3104 5148 75 28 skirt.

2786 5191 43 25 Ist
2842 5188 65 36 lady
2919 5198 8 18 :
2966 5188 54 28 Did
3038 5196 55 28 you
3106 5193 44 30 get
3162 5187 62 28 that
3235 5190 92 34 pretty
3339 5187 48 28 hat

2751 5228 77 28 there
2841 5227 56 27 also
2908 5228 13 26 ?

2785 5266 58 26 2nd
2856 5265 65 36 lady
2933 5275 8 17 :
2979 5264 64 33 Yes,
3056 5263 55 29 and
3128 5273 132 27 everyone
3283 5273 62 28 says
3367 5264 21 28 it

2752 5307 68 25 suits
2833 5313 44 17 me
2891 5313 29 17 so
2932 5303 80 27 well!

2787 5344 44 26 Ist
2856 5342 65 37 lady
2934 5351 8 18 :
2992 5341 72 28 How
3090 5341 33 28 do
3147 5350 56 27 you
3229 5341 66 28 send
3320 5351 68 24 your

2754 5381 92 28 orders
2860 5385 26 24 to
2900 5382 75 27 them
2987 5382 13 27 ?
3037 5381 43 26 Do
3093 5381 67 33 they
3168 5379 65 28 send
3244 5384 121 32 patterns
3375 5383 12 25 ?

2787 5419 58 27 2nd
2859 5419 65 35 lady
2937 5428 7 17 :
2984 5418 52 27 Yes
3051 5419 6 26 !
3094 5418 15 27 I
3123 5417 62 36 pick
3198 5423 47 22 out
3258 5418 46 27 the
3315 5419 73 27 color

2754 5457 16 27 I
2782 5456 116 36 require,
2913 5456 53 27 and
2979 5456 66 34 they
3059 5455 80 27 make
3148 5456 20 26 it
3177 5456 29 26 in
3219 5464 16 18 a
3248 5455 50 27 few
3311 5456 76 34 days.

2789 5496 43 28 Ist
2845 5494 86 37 lady:
2968 5494 53 29 Are
3032 5494 65 36 they
3108 5492 159 31 reasonable
3276 5494 30 29 in
3319 5493 69 30 their

2755 5534 113 31 charges
2879 5535 13 25 ?

2788 5570 58 28 2nd
2870 5569 85 38 lady:
2993 5569 64 34 Yes,
3081 5578 75 27 very.
3193 5569 15 28 I
3233 5569 57 28 find
3313 5569 75 28 them

2755 5610 189 35 considerably
2965 5609 116 37 cheaper
3102 5609 68 28 than
3192 5619 54 27 any
3268 5609 85 29 house
3375 5609 13 28 I

2755 5649 71 28 have
2839 5659 63 18 ever
2916 5648 73 29 dtalt
3001 5649 76 27 with.

2789 5689 44 26 Ist
2857 5687 85 36 lady:
2987 5687 73 28 How
3083 5686 76 29 nice!
3194 5687 87 28 lam
3306 5686 82 28 much

2756 5725 107 34 obliged
2876 5731 28 21 to
2917 5732 71 28 you;
3008 5724 64 31 and,
3085 5734 31 17 as
3130 5725 14 25 I
3163 5726 106 33 require
3292 5734 16 17 a
3330 5726 57 25 nice

2756 5767 122 24 costume
2900 5762 54 28 and
2977 5762 48 28 hat
3045 5762 41 28 for
3107 5762 46 28 the
3174 5764 107 28 winter,
3296 5762 13 27 I
3334 5762 54 28 will

2756 5802 134 35 certainly
2914 5801 67 27 send
3001 5802 78 26 them
3101 5801 46 27 the
3168 5801 79 27 order
3268 5801 36 34 by
3326 5809 62 20 next

2756 5839 93 28 coach.
2888 5838 77 29 Good
2978 5838 34 34 by
3017 5847 21 23 3,
3055 5838 87 34 Mary,
3157 5838 69 33 good
3240 5839 59 33 bye.

3479 224 173 41 Westport
3669 225 303 32 Advertisements.

3535 303 41 36 A.
3597 303 313 45 RICHARDSON,

3652 386 92 30 AND

3438 472 326 48 Palmerston-St,
3791 474 213 52 Westport.

3402 581 24 28 A
3438 581 73 36 large
3531 583 53 28 and
3606 585 189 28 well-selected
3817 585 80 27 Stock
3919 585 32 27 of
3970 586 68 26 New

3437 619 100 37 Drugs,
3551 621 162 33 Chemicals,
3723 621 220 39 Homoeopathic,
3953 621 33 28 Pa-

3472 662 58 26 tent
3542 660 53 28 and
3617 660 172 38 Proprietary
3810 660 158 35 Medicines,

3510 699 131 35 Sponges,
3672 700 174 33 Brusbware,
3873 700 46 27 Per-

3541 735 116 38 fumery,
3683 738 87 27 Toilet
3801 738 83 36 Requi-

3576 776 72 32 sites,
3657 775 103 29 Elastic
3772 776 77 29 Stock-

3610 815 69 35 ings,
3688 815 149 36 Kneecaps,

3656 852 124 32 Anklets,

3611 889 107 29 Ladies'
3762 891 51 35 Sup-

3576 933 84 27 ports,
3701 928 166 29 Abdominal

3539 965 93 33 Belts;
3651 967 120 32 Trusses,
3783 967 36 28 all
3833 969 68 26 sizes

3505 1004 109 27 various
3633 1007 130 33 patterns,
3777 1006 55 32 &c,
3846 1006 90 27 Horse

3473 1041 55 28 and
3552 1041 88 29 Cattle
3665 1042 159 35 Medicines,
3849 1044 55 32 &c,
3924 1044 46 28 &c.

3405 1117 125 37 Country
3560 1117 101 29 Orders
3688 1119 138 36 carefully
3851 1120 132 27 attended
4002 1122 36 30 to,

3446 1155 79 37 Lyell
3537 1156 112 37 Agency
3661 1157 122 36 :—Lyeli
3795 1158 93 28 Times
3901 1158 93 29 Office.

3403 1229 35 32 A.
3451 1229 272 39 RICHARDSON,
3736 1231 301 34 Palmerston-street.

3405 1311 331 55 GILMER'S
3790 1314 247 61 HOTEL,

3645 1386 155 27 WESTPORT,

3432 1426 145 40 Corner
3603 1426 43 39 of
3673 1427 238 40 Palmerston
3936 1429 76 39 and

3523 1481 211 40 Wakefield
3761 1482 158 48 Streets,

3410 1551 277 62 CONVENIENT
3709 1555 28 26 to
3755 1552 47 30 the
3816 1552 154 39 Telegraph
3983 1553 55 29 and

3497 1592 65 27 Post
3576 1592 107 33 Offices,
3697 1592 55 28 and
3765 1593 95 36 nearty
3873 1594 124 35 opposite
4010 1599 28 23 to

3406 1629 34 28 he
3454 1629 76 28 R.M.
3545 1630 87 28 Court
3645 1630 56 28 and
3720 1630 82 28 H.M.
3816 1631 138 29 Customs.

3856 1863 182 20 GREYMOUTH.

3409 1705 179 42 Gilmer's
3607 1706 177 41 Masonic
3807 1708 131 49 Hotel,

3922 1770 116 21 NELSON.

3408 1799 178 40 Gilmer's
3612 1799 130 49 Hotel,

3856 1863 182 20 GREYMOUTH.

3407 1891 179 38 Gilmer's
3605 1891 122 52 Royal
3746 1891 85 39 Oak
3852 1892 129 46 Hotel,

3842 1953 194 20 WELLINGTON.

3474 2020 78 30 THE
3584 2022 183 28 PRINCESS
3791 2022 179 28 THEATRE

3405 2060 29 27 Is
3449 2060 56 28 70ft
3516 2069 18 17 x
3546 2060 57 27 30ft
3614 2060 99 31 inside,
3727 2061 160 35 containing
3898 2064 74 30 stage
3983 2060 58 28 00ft

3405 2107 16 19 x
3435 2098 65 33 21ft,
3513 2097 65 29 with
3593 2098 133 38 complete
3739 2101 54 26 sets
3812 2098 30 28 of
3861 2108 111 27 scenery
3984 2098 56 29 and

3405 2137 73 34 large
3504 2137 123 35 dressing
3655 2147 101 18 rooms.
3805 2138 58 27 The
3887 2138 95 34 height
4012 2138 32 27 of

3405 2175 78 27 walls
3496 2175 23 26 is
3532 2175 65 31 20ft,
3611 2175 55 26 and
3678 2175 47 26 the
3737 2184 78 18 room
3836 2176 23 26 is
3881 2176 111 35 capable
4012 2177 32 25 of

3577 2213 106 35 seating
3695 2213 51 26 COO
3763 2211 105 37 people.

3438 2262 128 35 Booking
3585 2262 85 29 Office
3689 2264 41 27 for
3742 2263 46 28 the
3802 2263 169 34 Charleston,
3984 2263 36 28 Ad-

3405 2302 113 33 dison's,
3532 2302 115 28 Reefton
3659 2302 56 28 and
3733 2302 81 36 Lyell
3826 2302 131 29 Coaches.

3612 2352 121 31 JOHN
3752 2352 191 39 GILMER,

3840 2395 164 36 Proprietor.

3405 2474 91 59 Yl
3595 2473 443 61 gTKUTHEES

3551 2549 89 30 HAS
3656 2549 65 29 ON
3741 2548 151 30 SALE—

3457 2603 237 52 Corrugated
3715 2603 99 47 Iron,

3457 2657 202 51 Crockery,

3458 2711 325 50 Paperhangings,

3457 2764 134 42 White
3610 2765 122 50 Lead,

3458 2820 95 45 Oils,

3457 2870 224 46 Varnishes,

3459 2926 125 37 Doors
3599 2926 76 39 and
3694 2925 153 48 Sashes,

3460 2980 169 52 Cutlery,

3459 3034 439 51 Cutlery-Electroplate
3915 3048 8 34 ;
3952 3034 77 40 and

3460 3086 241 42 Brushware.

3449 3179 320 38 PALMERSTON
3813 3179 193 49 STREET,

3623 3225 214 28 WESTPORT.

3446 3306 288 57 Thomas
3761 3306 244 70 James,

3539 3394 264 46 SADDLER,
3834 3392 79 49 &c,

3450 3461 179 29 MPORTER
3647 3469 56 19 and
3729 3462 314 28 MANUFACTURER

3711 3507 33 20 OF

3411 3538 61 37 All
3502 3537 253 51 descriptions
3773 3537 41 38 of
3842 3538 177 51 Saddler}
4019 3552 10 11 7
4031 3568 8 16 ,

3461 3592 183 47 Harness,
3664 3592 110 51 Long
3784 3592 76 39 and
3879 3592 116 39 Short

3511 3647 201 51 Leggings,
3784 3646 158 52 Plough,

3558 3702 31 39 &
3609 3701 106 40 Back
3741 3701 153 47 Chains,

3606 3756 156 48 Traces,
3779 3757 66 39 &c.

3412 3850 114 37 Repairs
3538 3848 102 39 Neatly
3652 3848 56 30 and
3727 3848 144 39 Promptly
3891 3849 151 29 Executed.

3412 3927 175 36 Up-country
3600 3927 92 28 orders
3708 3926 141 36 promptly
3861 3926 130 29 attended
4003 3929 39 26 to.

3412 4005 49 28 ON
3482 4003 204 29 SALE—Steel
3716 4003 136 33 Polished,
3883 4003 54 28 and
3968 4003 76 28 Solid

3481 4042 89 27 Silver
3596 4042 71 31 Bits,
3698 4040 131 37 Stirrups,
3860 4042 56 26 and
3946 4042 98 35 Spurs,

3480 4079 103 37 Riding
3605 4078 122 34 Saddles,
3748 4078 75 28 Pack
3844 4078 123 33 Saddles,
3988 4079 56 28 and

3591 4118 30 27 of
3635 4118 36 26 all
3683 4117 187 35 descriptions.

3445 4200 90 53 J.
3600 4200 412 64 OOIOJR.,

3624 4309 209 34 IMPORTER,

3413 4402 314 33 TTtTHOLESALE
3754 4402 128 40 WINE,
3910 4402 136 31 SPIRIT

3513 4564 197 39 Provision
3730 4563 214 39 Merchant.

3454 4762 319 40 PALMERSTON
3815 4762 192 45 STREET,

3625 4819 215 25 WESTPORT.

3532 4918 157 34 PETER
3716 4916 213 43 MULVAY,

3438 4977 223 39 SLUMBER,
3692 4976 236 35 TINSMITH,
3958 4976 88 29 AND

3438 5028 9 16 a
3588 5016 220 33 GASFITTER,
3821 5016 56 28 and

3494 5078 471 44 COPPERWORKER,

3447 5151 215 38 Palmerston
3689 5149 120 46 Street,
3829 5148 185 45 Westport,

3532 5212 140 38 (Opposite
3686 5212 127 28 Gilmer's
3826 5210 104 35 Hotel.)

3419 5346 91 32 Everv
3528 5344 179 32 drscriotion
3723 5344 32 30 of
3779 5342 176 32 Tlolloware,
3970 5339 50 33 Tin-

3455 5390 115 30 smiths'
3588 5392 35 26 (t<
3636 5389 64 36 ods>,
3716 5388 55 30 and
3793 5387 213 39 Ironmongery

3614 5433 70 36 kept
3706 5432 30 29 in
3756 5431 94 29 stock-

3545 5549 25 25 A
3582 5549 87 34 Large
3684 5548 199 34 Consignment
3895 5546 30 26 of

3459 5614 186 42 STOVES
3671 5614 103 39 AND
3809 5611 198 41 RANGES

3623 5704 61 19 NOW
3703 5703 33 19 TO
3755 5702 85 19 HAND.

3522 5826 69 27 JGsf*
3602 5826 43 27 All
3664 5824 84 29 Work
3762 5823 181 29 Guaranteed.
