4160 5990
223 244 189 33 COUNTRY
439 244 191 32 SCHOOLS.

153 351 62 32 The
230 350 149 41 following
392 348 25 34 is
428 361 38 21 an
478 351 111 32 extract
603 349 75 32 from
693 348 50 32 the

113 395 167 33 Education
304 395 166 33 Statement
484 394 145 32 delivered
643 393 37 42 by
696 393 47 33 Sir

115 439 109 32 Eobert
240 440 87 31 Stout
340 439 31 32 in
385 440 50 31 the
451 440 100 31 House
566 438 129 41 recently
708 449 6 19 :

186 484 94 31 There
294 484 24 30 is
333 494 54 21 one
402 484 116 31 remark
533 484 64 30 that
612 483 14 30 I
651 482 92 31 desire

113 530 31 30 to
159 527 86 33 make
259 527 72 32 with
356 527 107 41 special
487 527 146 32 reference
648 529 31 29 to
693 525 50 33 the

112 572 140 41 teaching
276 572 32 32 of
327 572 132 32 children
483 571 31 32 in
539 574 124 38 country
687 570 42 32 dis-

113 616 94 33 tricts.
250 617 36 31 In
308 616 51 32 the
383 618 94 30 towns
500 616 57 31 and
580 619 114 28 centres
715 616 32 31 of

113 660 170 41 population
294 660 83 33 there
388 671 49 21 are
449 661 158 40 secondary
618 659 123 37 schools,

113 704 59 32 and
200 705 32 31 in
256 704 59 32 this
339 708 113 38 respect
475 705 102 41 people
599 703 92 42 living
712 703 31 31 in

113 752 124 39 country
260 749 128 33 districts
412 749 104 32 labour
543 749 93 32 under
663 759 80 21 some

112 793 220 41 disadvantage.
376 793 63 32 Can
453 793 59 32 this
526 793 36 32 be
576 792 146 32 remedied
730 795 13 28 ?

114 836 64 33 The
192 837 69 42 only
274 837 126 41 possible
414 847 64 32 way
491 837 33 32 of
534 836 170 41 remedying
720 836 23 32 it

112 880 26 32 is
162 883 30 29 to
216 883 49 38 get
288 880 44 32 for
355 883 124 39 country
503 880 115 32 schools
640 880 103 41 highly

113 924 141 32 educated
287 924 143 33 teachers.
491 924 16 32 I
534 924 110 32 believe
671 924 24 32 it
718 924 25 31 is

113 978 82 22 more
209 979 153 30 necessary
372 971 31 29 to
413 968 74 32 have
501 968 32 31 in
548 979 53 21 our
614 968 129 41 primary

115 1011 116 31 schools
258 1011 31 31 in
317 1011 133 42 outlying
479 1011 128 31 districts
640 1011 104 42 highly

114 1054 142 33 educated
279 1054 133 33 teachers
435 1055 74 32 than
532 1054 32 33 in
588 1054 51 33 the
663 1066 80 21 same

112 1098 76 31 class
203 1098 32 31 of
245 1098 115 32 schools
381 1099 32 30 in
436 1109 53 22 our
503 1101 103 29 towns.
649 1099 94 31 There

113 1151 50 22 are
190 1151 91 32 many
310 1141 129 33 districts
472 1141 32 33 in
539 1141 141 33 Scotland
712 1141 31 32 in

112 1184 99 32 which
233 1185 129 40 through
387 1186 223 40 augmentation
637 1185 32 33 of
693 1185 50 32 the

113 1227 121 33 salaries
261 1228 33 33 of
317 1229 51 32 the
395 1228 143 39 teachers,
566 1229 50 32 the
643 1228 100 43 parish

113 1272 212 33 schoolmaster
337 1273 25 31 is
376 1273 141 40 graduate
532 1273 32 32 of
585 1284 80 21 some
679 1273 48 32 uni-

112 1315 119 40 versity.
273 1315 15 31 I
302 1315 106 32 should
421 1316 58 31 like
491 1318 30 29 to
536 1326 47 21 see
597 1316 51 31 the
663 1326 80 21 same

112 1357 32 32 in
167 1357 51 33 the
242 1360 124 40 country
387 1358 128 34 districts
530 1358 32 34 of
585 1359 72 32 New
672 1359 54 32 Zea-

112 1401 71 31 land
196 1412 6 27 ;
237 1402 59 31 and
323 1413 76 21 were
425 1403 67 31 that
522 1403 138 32 obtained
693 1403 50 32 the

112 1445 120 32 teacher
252 1446 95 37 could,
363 1447 58 31 and
445 1446 124 33 without
593 1446 99 42 injury
713 1449 31 30 to

111 1487 48 32 his
179 1488 86 32 other
287 1489 107 40 pupils,
410 1489 65 41 give
496 1493 31 29 to
550 1490 52 32 the
625 1491 119 40 highest

112 1531 108 31 classes
233 1531 177 33 instruction
424 1533 32 31 in
470 1534 160 40 secondary
644 1533 100 32 school

112 1574 138 42 subjects.
292 1574 29 33 It
334 1575 26 32 is
374 1575 51 33 the
439 1576 104 42 ability
567 1578 32 31 to
623 1576 37 33 do
683 1576 60 33 this

111 1618 67 31 that
200 1618 56 31 has
279 1620 87 29 made
389 1620 51 31 the
463 1620 101 39 parish
586 1620 115 31 schools
715 1621 32 31 of

112 1659 142 32 Scotland
287 1670 33 22 so
353 1661 125 32 famous.
540 1661 90 32 From
659 1661 83 32 them

110 1703 97 39 pupils
232 1714 55 20 can
312 1715 36 28 go
370 1704 92 32 direct
489 1707 31 29 to
546 1705 195 36 universities,

110 1745 125 33 without
267 1747 121 40 passing
420 1747 130 41 through
584 1748 159 42 secondary

110 1788 126 32 schools.
277 1789 67 32 Ido
367 1792 53 29 not
442 1790 111 32 believe
576 1791 68 31 that
663 1791 80 31 what

110 1842 49 22 are
173 1832 114 33 termed
301 1842 54 23 our
375 1832 114 34 district
503 1833 117 34 schools
633 1833 61 34 will
707 1834 36 33 be

109 1875 180 42 thoroughly
312 1877 145 40 equipped
484 1879 78 30 until
589 1878 71 41 they
693 1889 49 21 are

110 1919 75 36 able,
200 1919 32 31 in
246 1922 125 38 country
385 1920 129 31 districts
529 1922 30 30 at
574 1921 41 31 all
629 1923 112 34 events,

108 1963 31 30 to
166 1961 38 32 do
227 1961 81 33 what
331 1962 25 31 is
379 1962 76 32 done
477 1963 32 31 in
534 1963 151 32 Scotland.
727 1964 16 31 I

108 2004 87 35 know
221 2005 67 35 that
311 2005 60 35 this
395 2006 25 34 is
444 2006 170 45 impossible
636 2009 31 33 at
691 2007 50 35 the

107 2054 120 35 present
250 2052 82 30 time.
374 2052 92 39 Many
490 2053 134 31 teachers
644 2054 32 30 in
690 2054 51 30 the

108 2094 126 41 country
247 2093 116 33 schools
377 2103 49 24 are
437 2094 103 43 poorly
548 2095 88 42 paid;
651 2105 91 33 many

109 2136 33 33 of
152 2137 83 32 them
257 2148 49 21 are
329 2149 74 20 even
426 2139 242 38 uncertificated;
689 2140 52 32 the

108 2180 175 34 certificates
307 2181 32 34 of
360 2181 99 34 others
481 2182 82 34 show
585 2182 66 34 that
671 2185 72 42 tney

108 2237 50 21 are
171 2228 53 31 not
238 2229 169 38 competent
420 2230 32 30 to
470 2228 65 41 give
549 2239 58 31 any
621 2230 102 32 second-

108 2277 52 32 ary
172 2269 179 32 instruction
364 2272 32 30 to
419 2270 79 32 their
510 2272 110 39 pupils,
662 2272 79 31 lam

108 2311 70 45 only
191 2311 123 45 making
327 2322 18 23 a
359 2313 171 43 suggestion
553 2325 33 22 as
609 2316 32 33 to
661 2314 80 35 what

108 2368 44 21 we
178 2360 81 30 must
284 2357 76 33 have
387 2358 32 32 in
446 2359 83 33 view.
571 2359 64 33 The
669 2360 72 32 time

105 2403 83 30 must
215 2411 83 23 come
325 2401 87 34 when
433 2404 30 32 to
485 2403 51 33 the
560 2403 101 42 bright
682 2404 60 32 and

108 2444 113 42 willing
240 2444 58 42 boy
320 2446 33 31 of
371 2456 87 32 every
480 2450 126 39 country
626 2448 115 32 district

107 2487 83 34 there
216 2490 82 31 must
324 2488 36 35 be
388 2490 112 43 opened
523 2490 52 34 the
607 2490 73 34 door
712 2491 33 34 of

108 2532 171 43 knowledge
293 2544 33 22 as
339 2534 74 33 wide
428 2545 31 22 as
470 2537 31 31 to
512 2535 51 33 the
577 2535 119 34 dweller
709 2536 32 33 in

109 2575 51 31 the
187 2575 69 42 city.
311 2577 133 41 Country
470 2578 127 37 settlers,
625 2579 115 40 though

110 2617 70 42 they
193 2617 75 34 have
281 2629 91 32 many
382 2619 76 43 joys,
472 2619 76 34 have
567 2620 62 34 also
642 2623 32 32 to
687 2633 36 21 un-

111 2661 89 44 dergo
213 2673 91 32 many
317 2662 167 45 hardships.
526 2664 83 44 They
621 2664 76 34 have
711 2667 31 32 to

111 2705 58 33 live
183 2717 82 31 away
275 2708 76 32 from
361 2709 90 31 much
463 2709 90 32 social
562 2710 180 32 intercourse

113 2749 59 31 and
185 2749 90 33 much
296 2750 89 32 social
409 2751 179 42 enjoyment.
630 2752 47 33 Do
689 2755 54 30 not

112 2791 41 34 let
167 2791 24 34 it
204 2792 36 33 be
253 2793 64 33 said
330 2793 66 34 that
418 2804 44 23 we
486 2805 49 23 are
558 2797 32 32 to
613 2795 76 44 deny
712 2798 31 31 to

113 2836 79 35 their
214 2837 92 43 youth
330 2838 51 34 the
405 2839 162 44 advantage
582 2841 32 33 of
635 2851 18 23 a
665 2841 64 33 first-

113 2881 77 31 class
203 2882 165 32 education.

185 2923 15 33 I
213 2923 76 33 have
312 2925 86 33 made
411 2925 83 33 these
508 2927 132 32 remarks
654 2927 90 33 about

112 2969 125 41 country
247 2967 226 34 schoolmasters
484 2968 123 35 because
616 2972 24 32 it
648 2981 95 23 seems

112 3014 32 30 to
169 3022 49 22 me
245 3012 66 33 that
338 3013 182 42 throughout
546 3015 52 33 the
632 3015 112 43 Colony

112 3055 83 33 there
209 3055 54 33 has
277 3056 74 33 been
366 3067 17 22 a
397 3058 93 32 desire
510 3058 39 42 by
562 3059 51 32 the
627 3059 96 32 Educa-

111 3098 65 33 tion
201 3098 114 35 Boards
341 3102 32 31 to
399 3104 100 31 centre
526 3102 41 33 all
593 3102 52 34 the
679 3103 64 33 best

111 3142 139 43 teaching
275 3154 98 32 power
406 3145 31 33 in
471 3145 51 34 the
548 3147 93 32 cities.
696 3148 47 32 No

110 3187 92 32 doubt
216 3188 31 32 in
261 3189 51 31 the
327 3189 82 32 cities
423 3190 83 32 there
531 3201 50 21 are
594 3191 52 32 the
660 3192 81 40 large

109 3229 126 40 schools,
251 3231 59 33 and
323 3231 83 34 these
419 3233 117 42 require
550 3234 120 42 capable
696 3245 30 22 or-

108 3274 138 42 ganising
259 3276 143 33 teachers.
444 3278 40 31 At
497 3278 51 32 the
563 3289 81 22 same
658 3279 82 37 time,

109 3327 32 22 as
155 3318 16 32 I
193 3318 76 33 have
282 3319 121 41 pointed
416 3323 61 36 out,
493 3321 50 33 the
557 3323 95 31 towns
665 3322 76 34 have

108 3363 160 41 secondary
282 3363 125 38 schools,
422 3365 59 31 and
504 3365 85 33 those
611 3366 66 32 who
691 3367 32 32 de-

105 3405 59 33 sire
179 3405 77 33 their
266 3406 133 33 children
413 3410 31 31 to
458 3408 101 33 obtain
580 3410 160 42 secondary

107 3448 156 33 education
277 3450 38 32 do
328 3453 53 30 not
394 3452 76 31 need
483 3453 31 31 to
534 3452 63 43 rely
620 3463 39 22 on
682 3453 43 32 dis-

107 3492 69 35 trict

169 3591 346 39 MISCELLANEOUS
536 3597 138 35 ITEMS.

146 3698 81 40 King
240 3699 150 32 Humbert
404 3700 33 33 of
457 3701 79 42 Italy
550 3702 54 33 has
619 3705 124 39 granted

103 3751 22 22 a
138 3742 199 33 considerable
352 3743 119 44 subsidy
491 3747 31 31 to
536 3746 50 33 the
601 3757 121 23 commer-

108 3785 57 32 cial
192 3787 59 31 and
278 3787 143 33 scientific
448 3791 168 40 expedition
646 3791 97 33 which

103 3829 165 33 -embarked
307 3831 132 43 recently
478 3836 32 29 at
550 3834 110 41 Naples
699 3835 46 33 for

110 3872 108 33 Africa.

151 3916 113 31 Boston
295 3921 117 35 expects
443 3921 32 28 to
508 3921 115 38 expend
656 3921 89 30 about

111 3955 203 41 $15,000,000
344 3959 45 33 for
415 3971 65 22 new
506 3961 150 42 buildings
683 3963 60 33 this

105 4011 82 30 year.
240 4002 63 32 The
327 4003 87 31 boom
429 4005 25 30 is
476 4008 115 37 greater
615 4006 74 32 than
715 4010 31 29 at

110 4052 59 33 any
182 4043 72 33 time
269 4045 79 33 since
369 4048 86 31 1874.

151 4087 95 34 There
260 4088 26 33 is
308 4100 17 21 a
348 4093 99 38 report
461 4091 32 33 of
513 4092 68 41 gold
599 4094 146 41 workings

111 4130 89 42 being
212 4133 143 32 restarted
370 4133 31 32 in
414 4135 150 32 Scotland.
607 4137 63 31 The
681 4149 48 20 cur-

109 4184 89 33 rency
212 4175 31 33 of
261 4175 51 33 the
336 4177 90 33 world
440 4178 24 32 is
485 4182 53 30 not
561 4181 185 43 appreciably

111 4218 123 32 affected
252 4219 39 41 by
314 4220 51 33 the
379 4222 68 40 gold
471 4224 146 41 workings
641 4225 32 32 of
694 4225 51 33 the

110 4260 113 35 United
237 4263 158 41 Kingdom.

151 4306 40 30 Of
219 4307 50 30 the
303 4309 128 35 320,000
464 4311 123 31 Indians
621 4323 38 19 on
694 4313 51 31 the

111 4347 159 35 American
297 4349 170 43 Continent,
497 4352 89 36 about
617 4356 129 39 200,000

111 4404 50 22 are
186 4394 61 32 still
274 4406 112 30 pagans
411 4399 58 31 and
493 4410 140 29 savages;
656 4401 90 32 about

112 4438 128 36 100,000
253 4438 76 33 have
349 4439 74 33 been
447 4441 140 40 civilised,
602 4454 91 32 many
717 4445 31 32 of

112 4481 99 33 whom
224 4481 76 35 have
314 4483 119 35 become
451 4486 175 35 Christians.

150 4525 144 40 Upwards
318 4521 40 37 of
374 4531 78 28 8000
473 4540 69 20 men
567 4541 49 20 are
640 4534 51 28 out
717 4533 31 30 of

111 4567 202 43 employment
323 4569 32 34 in
366 4570 126 40 Vienna,
499 4572 72 34 with
583 4574 162 34 starvation

109 4612 114 39 staring
236 4613 83 31 them
334 4614 31 31 in
379 4615 51 31 the
454 4616 72 31 face.
577 4618 63 30 The
665 4628 80 22 same

108 4654 151 33 condition
284 4656 32 32 of
337 4657 98 33 affairs
458 4659 126 41 prevails
605 4660 32 33 in
659 4671 86 33 every

108 4698 81 41 large
203 4701 80 31 town
297 4702 59 31 and
370 4702 59 42 city
450 4702 31 33 in
496 4704 128 33 Austria.

148 4742 26 33 A
198 4743 49 32 lad
261 4744 33 32 of
313 4745 134 34 fourteen
460 4747 124 42 jumped
607 4749 63 34 into
694 4750 51 33 the

111 4787 87 31 Seine
233 4790 52 29 not
311 4800 70 29 very
407 4791 71 40 long
504 4803 65 29 ago.
626 4794 119 32 Several

108 4840 122 32 persons
245 4840 59 23 saw
318 4831 76 34 from
408 4833 51 34 the
470 4836 50 42 top
534 4835 33 34 of
577 4835 51 35 the
642 4836 101 44 bridge

109 4875 51 32 the
174 4876 101 33 efforts
298 4877 38 33 he
360 4880 85 32 made
470 4882 31 31 to
525 4892 67 22 save
612 4882 129 39 himself,

106 4919 57 33 hut
186 4931 40 21 no
240 4931 55 22 one
309 4921 60 33 had
391 4922 51 34 the
456 4935 125 32 courage
604 4928 31 32 to
654 4939 37 30 go
713 4930 31 31 to

108 4963 49 31 his
168 4964 58 31 aid.

150 5007 62 34 The
234 5008 109 35 Italian
367 5010 132 45 Kailway
523 5013 148 35 Directors
694 5027 49 23 are

109 5053 108 30 almost
231 5054 124 40 offering
368 5066 37 21 an
420 5057 190 33 inducement
624 5063 30 27 to
665 5061 78 30 their

108 5099 195 40 countrymen
318 5101 30 29 to
362 5098 35 33 be
412 5099 94 34 bitten
520 5101 38 43 by
579 5104 70 31 mad
671 5104 72 42 dogs

110 5140 38 39 by
162 5141 122 39 abating
298 5144 36 29 75
350 5154 50 27 per
414 5149 67 25 cent
496 5146 32 29 of
548 5147 50 30 the
614 5148 60 29 fare
699 5149 44 29 for

110 5192 120 33 persons
245 5184 157 43 travelling
415 5189 30 30 to
459 5187 84 34 Paris
557 5191 30 31 to
609 5189 134 44 undergo

110 5228 42 31 M.
168 5228 150 33 Pasteur's
338 5233 169 31 treatment.

150 5271 94 34 There
259 5284 49 22 are
323 5274 89 33 about
428 5278 56 30 100
504 5276 80 33 mills
598 5278 32 32 in
643 5278 83 32 Phila-

109 5315 119 41 delphia
242 5318 130 40 engaged
386 5319 31 31 in
432 5320 140 41 spinning
580 5321 59 31 and
650 5332 74 21 weav-

109 5359 51 41 ing
174 5360 64 38 silk,
254 5360 87 33 while
356 5361 82 34 there
453 5374 49 22 are
513 5363 65 33 four
592 5367 31 30 at
631 5365 110 42 Darby,

106 5414 19 21 a
136 5403 121 34 suburb.
309 5406 125 33 Plushes
452 5408 59 32 and
534 5408 111 33 velvets
668 5408 75 34 have

106 5448 132 43 recently
257 5448 73 34 been
355 5451 93 32 added
462 5454 31 30 to
517 5452 51 33 the
591 5453 148 41 products.

109 5492 99 32 About
223 5495 78 30 8000
314 5504 121 30 persons
459 5505 49 22 are
531 5496 151 41 emyloyed
705 5508 38 21 on

108 5535 83 34 these
205 5535 159 35 industries
377 5536 33 34 in
424 5537 216 45 Philadelphia.

147 5582 25 32 A
187 5584 98 40 tramp
296 5582 67 34 who
373 5594 60 21 was
442 5585 130 41 recently
583 5586 31 31 in
621 5587 122 41 custody

104 5626 33 31 in
151 5626 51 31 the
217 5625 145 34 Colorado
377 5628 124 41 Springs
510 5629 67 40 gaol
588 5631 152 38 possessed

106 5680 39 22 an
160 5669 155 42 ingenious
328 5671 211 34 harnesshis
553 5685 66 21 own
644 5674 98 33 device

106 5713 137 33 which
264 5715 38 31 he
317 5716 85 31 could
426 5716 96 32 fasten
537 5718 30 31 to
582 5717 51 32 the
657 5718 85 31 truck

104 5758 34 33 of
153 5770 18 21 a
195 5770 59 27 car,
270 5759 58 33 and
343 5760 38 42 by
404 5772 103 22 means
532 5762 32 33 of
583 5762 96 33 which
703 5762 38 33 he

104 5803 87 32 could
215 5803 62 32 ride
301 5804 31 31 in
357 5805 94 37 safety
473 5806 40 30 all
536 5805 87 42 night
647 5807 95 31 under

103 5847 52 32 the
170 5847 79 32 train
263 5847 59 31 and
336 5847 56 33 fast
407 5849 108 39 asleep.

1350 115 116 38 THE
1522 114 183 40 LYELL
1758 112 183 45 TIMES,
2353 110 139 55 JULY
2551 125 51 35 to,
2660 115 102 40 1886.

3413 5753 114 29 Printed
3539 5755 56 28 and
3607 5757 147 36 published
3772 5759 37 38 by
3824 5760 47 29 the
3884 5762 163 37 proprietor,

3446 5792 107 31 Walter
3564 5795 96 34 Atkin,
3673 5801 30 24 at
3715 5798 48 28 the
3778 5799 161 36 Registered
3962 5802 83 28 Office

3447 5869 111 39 County
3571 5872 31 28 of
3611 5872 104 37 Buller,
3725 5874 107 37 Colouy
3845 5876 30 29 of
3884 5876 67 29 N.Z.

845 235 173 37 Westport
1035 236 301 32 Advertisements.

829 313 174 61 THOMAS
1045 315 124 59 FIELD
1205 286 38 89 I
1272 316 75 73 CO,

772 402 309 34 tEONMONGEES
1117 407 20 28 &
1172 405 97 33 lEON
1305 405 75 33 MER-

1006 447 171 35 CHANTS.

769 530 93 37 Every
881 529 175 36 Description
1072 530 34 37 of
1122 531 91 27 Mines
1237 532 90 28 Goods
1349 532 57 28 and

936 569 95 27 House
1043 569 201 37 Furnishings.

840 645 70 31 f3*
928 645 245 35 EXPLOSIVES,
1204 647 54 35 &c,
1291 647 44 29 &c.

938 723 103 33 LOW
1064 723 170 33 PRICES.

770 812 98 30 Orders
881 812 142 38 Promptly
1036 812 54 30 and
1103 812 137 38 Carefully
1255 813 148 29 Executed.

837 912 195 38 THOMAS
1053 912 142 38 FIELD
1217 913 27 37 &
1268 912 74 46 CO.,

771 971 249 29 PALMERSTON
1037 971 153 32 STHEET,
1201 971 202 29 WESTPORT

811 1054 38 37 F.
864 1054 55 38 W.
934 1053 259 39 HAGEDORN
1215 1054 27 38 &
1265 1052 99 39 CO.'S

773 1110 254 32 -nURNITURE
1062 1110 260 31 WAREHOUSE
1344 1110 60 31 will

781 1158 20 33 V
841 1153 36 33 be
888 1153 91 33 found
989 1153 109 42 replete
1109 1154 32 32 in
1152 1154 40 32 all
1201 1154 38 32 its
1248 1153 155 33 branches.

889 1270 45 28 All
947 1270 46 29 the
1006 1270 82 28 latest
1107 1270 132 28 novelties
1256 1270 29 28 in

771 1320 193 39 Furniture,
989 1320 106 38 Sofas,
1116 1320 132 39 Chairs,
1272 1318 131 41 Tables,

820 1364 194 41 Chiffonier,
1033 1364 155 40 Looking
1209 1364 148 41 Glasses,

907 1418 71 31 and
995 1418 271 32 Chamberware.

771 1492 171 37 Up-country
955 1491 92 29 orders
1062 1492 141 37 promptly
1223 1491 129 30 attended
1368 1494 35 26 to.

771 1538 98 29 Orders
881 1539 48 28 left
951 1543 29 25 at
997 1540 47 28 the
1057 1540 77 29 office
1148 1540 28 27 of
1187 1540 54 27 this
1253 1548 85 28 paper
1349 1538 56 29 will

954 1578 104 35 receiye
1077 1578 143 28 attention.

811 1652 214 37 Palmerston
1048 1652 120 46 Street,
1181 1653 185 44 Westport.

856 1736 174 50 George
1062 1737 262 50 Ferguson's

822 1816 236 28 lAILORING

1181 1816 223 33 MPORIUM,

821 1893 194 31 Palmerston
1035 1893 126 36 Street,
1183 1894 172 35 Westport,

838 1952 130 37 Opposite
980 1952 125 37 Hughes'
1116 1953 114 37 Empire
1243 1953 93 29 Hotel.

769 2066 63 30 The
847 2067 117 31 Newest
978 2067 127 39 Designs
1126 2068 59 30 and
1209 2068 146 31 Fashions
1377 2068 30 30 of

998 2108 51 35 the
1063 2109 111 43 period.

768 2171 87 33 ALL
884 2172 155 32 GOODS
1058 2172 131 32 WELL
1208 2173 196 33 SHRUNK.

854 2227 25 29 A
900 2227 135 38 Superior
1052 2227 52 29 Fit
1130 2228 189 30 Guaranteed.

815 2339 153 31 Periodical
985 2340 86 31 Visits
1082 2340 82 30 made
1177 2340 182 38 Up-country.

901 2410 169 34 GEORGE
1093 2411 233 38 FERGUSON,

1270 2465 100 28 Tailor.

842 2548 234 40 THOMAS
1111 2549 220 46 LAWRIE,

992 2608 143 20 IMPORTER
1152 2608 35 19 OP

771 2646 164 82 DOORS,
961 2646 120 38 Sashes,
1105 2646 114 38 Bricks,
1241 2647 95 37 Lime,
1353 2646 34 33 Ce-

858 2691 94 37 ment,
968 2689 181 35 Galvanised
1162 2691 80 38 Iron,
1260 2691 88 41 Spout-

846 2733 62 40 ing,
924 2734 138 40 Ridging,
1077 2735 136 30 Window
1228 2735 98 35 Glass,

887 2776 78 39 Delf,
994 2776 154 42 Crockery,
1184 2776 84 33 Glass-

926 2831 87 29 ware,
1068 2822 178 38 Holloware,

983 2866 213 32 Pictureframe

1000 2909 180 40 Mouldings,

771 2950 114 39 Stoves,
918 2951 128 41 Ranges,
1075 2952 114 37 Chairs,
1218 2951 185 41 Carpenters'

809 2996 59 32 and
895 2996 181 33 Bushmen's
1104 2996 97 38 Tools,
1231 2996 135 33 Colonial

849 3040 107 37 Ovens,
996 3041 114 37 Paints,
1146 3041 72 36 Oils,
1253 3041 55 31 Var-

887 3083 110 39 nishes,
1023 3084 59 32 and
1109 3095 17 21 a
1153 3084 135 42 splendid

926 3130 178 31 assortment
1118 3128 32 33 of
1168 3129 80 32 Wall

965 3171 121 42 Papers,
1094 3173 116 38 &c.,&c.

770 3253 192 39 JSTCutlery,
987 3253 55 31 and
1067 3254 216 39 Electro-plated
1302 3253 102 31 Goods.

879 3330 192 34 THOMAS
1104 3331 189 41 LAWRIE,

792 3376 349 48 Palinerston-street,
1194 3377 184 51 Westport.

809 3480 165 77 MISS
1017 3481 356 88 KENNEDY,

943 3579 291 51 MILLINER,

778 3643 235 31 Palmerston
1035 3643 124 37 Street,
1182 3644 216 38 Westport,

769 3698 206 60 WISHES
987 3702 29 26 to
1029 3699 126 30 intimate
1168 3700 62 30 that
1243 3701 47 29 she
1301 3702 51 29 has
1361 3702 30 29 de-

976 3737 79 29 cided
1067 3740 28 26 to
1108 3738 66 29 hold
1187 3749 16 18 a

821 3787 107 35 CASH
949 3788 208 34 CLEARING
1180 3791 103 33 SALE
1302 3794 6 30 !
1326 3794 6 30 !
1350 3794 6 30 !

865 3846 37 28 Of
911 3846 50 29 her
973 3847 68 28 New
1055 3848 124 29 Season's
1190 3849 82 29 Stock
1284 3850 31 28 of

772 3898 276 36 MILLINERY
1080 3900 69 36 and
1185 3901 222 37 DRAPERY

823 3948 63 28 And
898 3949 98 28 directs
1009 3951 100 35 special
1121 3952 135 27 attention
1268 3954 28 26 to
1310 3952 46 28 the

773 3999 180 39 Sweeping
982 4001 179 31 Sacrifices
1189 4002 38 31 in
1249 4004 101 30 order
1371 4005 36 30 to

835 4036 99 29 effect
950 4043 21 22 a
989 4036 133 38 Speedy
1148 4037 196 32 Clearance.

806 4109 107 28 Within
927 4109 45 29 the
985 4110 86 29 limits
1089 4111 30 28 of
1136 4121 37 18 an
1194 4112 213 30 advertisement

772 4147 22 27 it
805 4147 23 27 is
841 4147 155 37 impossible
1009 4151 28 25 to
1050 4148 35 28 do
1105 4149 99 36 justice
1223 4154 28 24 to
1273 4151 134 36 Bargains

772 4194 61 19 now
860 4185 111 29 offered.
1020 4187 174 37 Up-country
1217 4189 107 28 visitors
1350 4190 57 27 will

773 4232 34 19 on
820 4224 151 37 inspection
984 4224 58 29 find
1055 4225 61 29 that
1128 4226 55 29 this
1200 4227 24 28 is
1245 4236 17 19 a
1283 4227 124 29 Genuine

774 4262 70 29 Sale.

875 4342 227 44 PATRICK
1137 4344 172 43 KELLY

866 4413 111 28 ISHES
990 4416 28 25 to
1030 4414 99 28 inform
1149 4415 45 28 the
1215 4416 91 35 public
1328 4426 63 26 gene-

799 4467 7 2 -
830 4467 7 4 -
915 4450 69 37 rally
997 4450 59 29 that
1069 4451 34 29 he
1116 4452 50 29 has
1180 4452 83 37 lately

772 4497 143 36 Imported
936 4499 58 27 and
1013 4500 120 28 Erected
1152 4501 68 28 Neiv
1232 4502 174 38 Machinery,

980 4554 156 38 Consisting
1157 4556 43 27 of:

771 4609 155 46 Drilling,
940 4610 137 47 Boring,
1093 4612 186 45 Punching,
1300 4615 85 36 Turn-

848 4651 69 49 ing,
931 4652 155 49 Planing,
1102 4655 69 37 and
1191 4655 139 50 Cutting

994 4697 189 48 Machines,

771 4758 61 29 And
853 4758 103 38 having
976 4770 16 19 a
1018 4761 74 37 large
1112 4761 66 29 staff
1198 4763 31 28 of
1245 4763 162 38 Competent

771 4797 151 29 Workmen
934 4799 29 27 in
977 4799 43 27 his
1033 4801 118 34 employ,
1164 4802 24 25 is
1201 4801 28 27 in
1251 4812 16 16 a
1286 4803 119 35 position

771 4836 28 26 to
811 4840 112 24 execute
937 4836 36 28 all
987 4836 98 30 classes
1107 4837 31 29 of
1155 4838 48 29 the
1227 4838 84 30 above
1331 4840 75 29 work

771 4874 66 30 with
851 4875 139 39 despatch,
999 4877 55 30 and
1062 4881 28 26 at
1099 4878 170 31 Reasonable
1278 4880 127 38 Charges.

898 4972 196 32 PATRICK
1121 4974 157 40 KELLY,

772 5015 106 53 Ship,
893 5017 147 53 Engine
1049 5020 32 39 &
1091 5020 165 41 General
1269 5021 114 41 Black-

1022 5074 128 48 smith,

839 5134 175 27 Wakefield
1034 5136 118 33 Street,
1172 5137 164 29 Westport.

771 5216 186 62 Wakefield
989 5217 114 63 Steam
1138 5220 77 61 Saw
1249 5222 155 78 Planing,

890 5295 70 58 and
984 5294 175 77 Moulding
1183 5297 103 63 Mills.

819 5421 62 40 W.
926 5423 86 39 and
1059 5423 36 41 J.
1143 5426 212 52 MARRIS,

967 5497 74 19 HAVE
1063 5498 36 19 ON
1121 5499 69 19 SALE
1204 5500 6 20 :

961 5538 108 36 Sashes,
1082 5539 134 40 Turnery,
1239 5541 165 40 Mouldings,

771 5570 58 28 -*-'
1006 5579 54 33 &c,
1076 5580 55 29 and
1149 5578 30 32 a*

771 5628 90 35 Good
861 5628 225 35 Assortment
1093 5633 39 30 of
1139 5633 267 33 Well-seasoned

825 5673 150 33 Dressed
986 5675 70 33 and
1068 5676 121 40 Rough
1201 5678 147 33 Timber.

773 5761 173 39 Up-country
966 5763 101 30 Orders
1084 5765 146 38 Promptly
1255 5767 148 29 Executed.

785 5852 214 42 Wakefield
1020 5855 135 48 Street,
1176 5856 209 51 Westport.

1514 239 144 31 Reefton
1686 240 293 30 Advertisements

1552 322 53 35 W.
1648 322 302 44 HINDMARSH,

1470 441 287 34 'HAREBROKER,
1783 442 179 33 MIXING,
1987 443 78 27 AND

1478 479 3 13 i

1524 519 166 38 General
1717 519 258 38 Commission

1684 613 135 50 Agent,

1465 742 288 50 BROADWAY,
1784 744 244 50 REEFTON,

1554 853 139 35 (Opposite
1713 853 136 29 So.ithern
1865 854 80 28 Cross

1696 909 102 36 Hotel.)

1433 992 338 59 Dawson's
1837 995 222 73 Hotel,

1527 1096 223 34 BROADWAY,
1778 1098 186 28 REEFTON.

1433 1208 87 47 rpbe
1541 1209 235 28 accommodation
1800 1211 125 36 supplied
1945 1212 38 37 by
2007 1213 56 28 this

1440 1244 36 23 -*-
1521 1247 84 29 house
1620 1251 101 26 cannot
1734 1249 31 28 be
1779 1250 146 34 surpassed
1945 1251 29 28 in
1995 1253 67 28 New

1431 1285 128 29 Zealand.

1433 1387 173 52 Booking
1642 1389 119 40 Office
1797 1390 56 39 for
1889 1392 172 39 Mitchell

1480 1441 75 40 and
1600 1444 231 51 Campbell's
1891 1447 121 51 Royal

1529 1496 96 40 Mail
1656 1500 97 37 Line
1775 1500 41 37 of
1844 1500 96 51 Grey-

1581 1553 132 38 mouth
1731 1553 186 39 Coaches.

1465 1681 67 27 This
1545 1681 85 28 Hotel
1771 1679 101 29 known
1894 1680 168 37 throughout

1432 1719 67 27 New
1512 1719 119 27 Zealand
1644 1719 42 27 for
1704 1719 35 26 its
1759 1719 236 28 accommodation
2008 1721 55 26 and

1431 1757 180 27 convenience
1623 1756 42 28 for
1682 1757 112 27 tourists
1814 1756 54 27 and
1888 1757 175 28 commercial

1431 1794 148 28 travellers.

1627 1837 124 42 JOHN
1772 1839 212 49 DAWSON,

1863 1895 163 35 Proprietor.

1590 1976 308 32 STEVENSON'S

1434 2040 364 58 M'Gaffin's
1835 2041 224 71 Hotel,

1533 2143 223 34 BROADWAY,
1776 2143 187 29 REEFTON.

1477 2275 76 27 iHIS
1567 2275 179 35 Magnificent
1759 2276 85 27 Hotel
1856 2276 57 27 will
1934 2276 33 28 be
1979 2276 86 28 found

1519 2312 102 37 replete
1635 2312 67 30 with

1525 2387 92 20 EVERY
1636 2387 126 20 COMFORT
1779 2389 56 18 AND
1854 2388 117 20 MODERN

1645 2425 205 22 CONVENIENCE.

1464 2533 131 35 Tourists,
1622 2533 175 29 commercial
1827 2533 151 35 travellers,
2010 2534 55 29 and

1431 2572 92 26 others
1532 2572 55 26 will
1602 2572 63 26 here
1678 2573 58 25 find
1750 2582 81 23 every
1845 2572 137 27 attention
1992 2582 54 17 com-

1430 2607 83 29 bined
1525 2608 66 28 with
1607 2608 82 28 home
1703 2608 136 28 comforts.

1431 2702 157 39 Booking
1606 2702 106 33 Office
1724 2703 53 32 for
1788 2704 170 31 Newman
1971 2704 94 32 Bros'

1458 2747 109 38 Royal
1579 2748 87 29 Mail
1678 2748 86 29 Line
1779 2747 38 30 of
1826 2748 131 30 Nelson
1971 2749 69 30 and

1573 2791 174 40 Westport
1760 2791 162 33 Coaches.

1492 2867 181 66 JAMES'
1697 2885 304 48 STEVENSON,

1656 2946 181 20 PROPRIETOR.

1434 3019 391 76 M'Sherry's
1859 3022 207 62 Hotel

1599 3135 78 37 (Late
1697 3135 213 38 M'Quillan's,)

1509 3212 242 37 BROADWAY,
1783 3213 203 33 REEFTON.

1441 3426 36 14 -*-
1521 3421 154 35 possession
1688 3421 32 27 of
1738 3421 55 28 this
1806 3421 175 29 well-known
1995 3423 73 29 hotel

1431 3457 123 28 business
1567 3458 99 28 wishes
1684 3464 27 23 to
1732 3459 101 28 inform
1855 3459 41 28 his
1918 3469 149 19 numerous

1431 3495 103 30 friends
1546 3495 56 30 and
1613 3496 47 30 the
1673 3497 145 38 travelling
1828 3497 91 39 public
1929 3499 138 39 generally

1432 3536 60 26 that
1505 3539 34 24 he
1552 3537 109 26 intends
1674 3542 27 21 to
1715 3546 78 26 spare
1805 3547 36 18 no
1858 3538 80 27 effort
1949 3548 29 17 m
1991 3540 77 27 order

1432 3575 28 25 to
1473 3572 81 28 make
1566 3572 55 28 this
1634 3573 72 28 hotel
1720 3574 102 36 replete
1834 3574 67 28 with
1915 3584 82 28 every
2007 3585 45 19 con-

1432 3612 130 28 venience
1574 3611 56 29 and
1644 3615 132 34 comport.

1432 3762 74 34 Ales,
1523 3763 92 30 Wines
1628 3764 57 28 and
1699 3765 104 36 Spirits
1816 3765 35 37 of
1866 3766 68 29 Best
1954 3767 114 30 Brands

1640 3803 65 37 only
1724 3804 137 36 supplied.

1587 3878 125 38 JOHN
1738 3876 252 53 M'SHERRY,

1853 3944 180 19 PROPRIETOR.

2265 241 118 30 Public
2402 241 150 31 Notices.

2228 324 129 37 JOHN
2401 323 188 47 MUNKO,

2149 454 179 28 ENERAL
2360 455 247 29 MERCHANT
2637 457 89 29 AND

2306 531 208 35 IMPORTER,

2192 648 242 39 Palmerston
2488 649 136 43 Street,

2303 773 216 26 WESTPORT.

2139 871 245 32 JOHNSTON
2411 872 28 31 &
2464 871 215 34 WATKINS

2309 946 106 29 CIVIL
2433 948 79 28 AND

2178 1023 109 28 ININ
2297 1023 26 28 G

2392 1025 59 59 E

2465 1025 262 35 NGINEERS,

2279 1110 181 20 AUTHORISED
2481 1111 57 18 AND

2095 1153 278 39 LICENSED
2400 1154 328 41 SURVEYORS

2093 1246 131 36 Working
2248 1246 83 28 Plans
2354 1246 54 29 and
2433 1246 108 30 Details
2566 1247 30 28 of
2620 1246 109 39 Miinng

2125 1286 163 35 Machinery
2301 1286 133 36 prepared
2444 1286 55 28 and
2507 1286 47 28 the
2563 1287 131 27 Erection

2177 1324 108 35 Mining
2299 1324 161 36 Machinery
2473 1324 168 35 supervised.

2091 1401 119 35 Surveys
2222 1400 43 29 for
2274 1400 111 34 Mining
2394 1399 165 37 Companies
2570 1401 158 28 contracted

2090 1439 40 28 for
2144 1439 34 37 by
2191 1439 46 28 the
2250 1448 73 28 year.
2362 1439 119 35 Surveys
2491 1439 81 28 made
2582 1439 89 28 under
2680 1439 47 28 the

2262 1478 81 28 Land
2356 1478 128 29 Transfer
2492 1478 61 28 Act.

2338 1554 137 30 Address:

2090 1592 168 35 Broadway,
2278 1592 152 36 Reefton;
2457 1601 57 21 and
2540 1593 188 29 Commercial

2293 1632 110 33 Hotel,
2422 1632 97 28 Lyell

2124 1705 70 28 N.B.
2196 1705 220 29 Instructions
2428 1706 49 29 left
2490 1709 29 26 at
2531 1707 91 28 Times
2632 1706 94 34 Office,

2090 1749 15 20 I
2113 1743 65 32 yell,
2191 1743 56 27 will
2259 1744 105 27 receive
2372 1744 160 29 immediate
2545 1745 147 28 attention.

2220 1824 381 62 Newman's

2164 1938 133 28 OYAL

2430 1940 86 26 AIL

2634 1942 90 26 INE

2290 2029 49 31 OF
2359 2029 177 32 COACHES

2125 2125 253 31 Thrice-Weekly
2403 2125 123 31 Service
2548 2126 143 32 Between

2178 2173 106 34 Lyell,
2298 2173 134 28 Reefton
2444 2182 57 20 and
2514 2175 127 29 Nelson.

2091 2269 93 27 Leave
2204 2269 84 35 Lyell
2304 2269 43 27 for
2365 2270 105 27 Nelson
2486 2280 85 27 every
2592 2273 135 35 Tuesday,

2092 2314 147 38 Thursday
2247 2315 55 29 and
2313 2315 149 39 Saturday,
2472 2320 30 26 at
2512 2318 63 29 2.30
2584 2327 78 29 p.m.,
2673 2319 56 29 and

2092 2363 81 37 Lyell
2185 2364 42 29 for
2239 2365 139 36 Westport
2392 2365 56 29 and
2460 2366 128 35 Reefton,
2607 2377 37 19 on
2658 2367 51 30 Sun-

2093 2411 64 38 day,
2170 2411 175 39 Wednesday
2359 2412 55 29 and
2427 2413 113 38 Friday,
2549 2417 29 26 at
2590 2415 63 28 9.30
2663 2424 65 19 a.m.

2093 2497 165 37 Passengers
2284 2498 102 29 booke<?
2418 2499 44 29 for
2490 2499 153 38 Hampden
2673 2504 55 26 and

2213 2546 80 29 other
2304 2547 194 30 intermediate
2511 2547 101 38 places.

2264 2621 132 30 Booking
2417 2622 121 30 Offices
2549 2631 6 21 :

2094 2679 138 37 Westport
2496 2680 135 31 Gilmer's
2641 2682 87 30 Hotel

2093 2728 118 27 Reefton
2454 2729 177 29 Stevenson's
2643 2731 87 29 Hotel

2093 2774 104 28 Nelson
2505 2775 126 30 Masonic
2643 2776 85 30 Hotel

2126 2871 47 28 All
2184 2871 196 37 parcels]must
2391 2871 34 30 be
2440 2872 290 37 prepaid,~otherwise

2226 2918 68 36 they
2305 2918 58 28 will
2375 2918 33 29 be
2420 2918 51 28 left
2483 2919 113 28 behind.

2417 2974 38 29 H.
2476 2974 184 36 NEWMAN,

2526 3014 160 36 Proprietor

2234 3109 348 43 COURTNEY'S

2095 3177 316 61 JUNCTION
2476 3179 253 59 JJOTEL,

2246 3257 96 44 (Near
2362 3269 56 22 the
2439 3257 140 45 Bridge.)

2253 3363 246 31 Accommodation
2512 3365 44 29 for
2568 3364 162 30 Travellers.

2235 3417 118 28 GRASS
2385 3417 207 29 PADDOCKS.

2096 3467 126 32 Saddle
2243 3468 128 31 Horses
2388 3468 70 31 and
2474 3469 128 39 Handy
2614 3468 117 33 Coach

2338 3503 54 34 for
2407 3504 84 33 hire.

2131 3606 114 36 Miners,
2270 3605 178 35 Theatricals,
2472 3616 32 20 or
2532 3607 132 30 Families
2690 3616 27 21 re-

2096 3646 98 27 moved
2218 3649 28 25 to
2271 3655 56 27 any
2351 3649 62 33 part
2436 3646 31 29 of
2487 3646 48 28 the
2565 3646 108 30 district
2702 3649 29 26 at

2097 3683 128 29 Reduced
2243 3683 93 29 Fares.

2129 3735 25 27 A
2166 3736 86 35 Ferry
2266 3744 91 20 across
2370 3736 156 28 theuller
2539 3746 17 19 a
2577 3738 52 27 few
2647 3737 84 36 yards

2096 3773 88 30 below
2197 3774 47 29 the
2257 3773 136 31 Junction
2406 3774 30 30 of
2444 3774 47 30 the
2505 3778 53 26 two
2570 3774 95 30 rivers.

2164 3883 25 28 A
2210 3883 197 29 Blacksmith's
2429 3883 75 38 Shop
2523 3884 138 29 attached.

2351 3940 110 20 horses
2482 3941 84 19 shod.

1439 4045 140 63 The
1618 4047 365 78 Hampden
2026 4053 466 76 Co-operative
2537 4056 190 62 Store

1733 4170 359 80 Company,
2130 4175 315 66 Limited.

1436 4454 109 47 rpHE
1559 4455 85 29 above
1655 4456 144 39 Company
1809 4458 23 29 is
1844 4468 63 20 now
1917 4459 148 39 supplying
2077 4461 47 29 the
2137 4462 141 39 following
2295 4463 84 37 goods
2389 4466 28 27 at
2429 4474 16 20 a
2458 4465 84 36 slight
2554 4466 124 30 advance
2692 4476 35 20 on

1442 4490 37 25 x
1906 4499 150 31 NELSON
2069 4500 186 31 PRICES:

1634 4843 38 29 Of
1681 4843 61 31 first
1754 4845 70 30 class
1837 4847 115 39 quality.
1987 4848 26 30 A
2025 4849 88 40 Large
2126 4850 56 30 and
2194 4851 102 31 Varied
2308 4852 177 32 Assortment
2497 4853 31 31 of

1435 4949 201 53 Crockery,
1673 4952 171 41 Earthen
1873 4955 76 39 and
1982 4956 226 48 Glassware,
2245 4958 281 54 Ironmongery,
2556 4962 80 47 &c,
2659 4963 64 39 &c.

1436 5166 123 36 Men's
1594 5166 76 37 and
1706 5166 114 50 Boys'
1860 5167 270 50 Kaipoi-made
2179 5169 205 51 Clothing;
2432 5171 113 46 Hats,
2584 5172 139 48 Shirts,

1533 5220 356 49 Under-Flannels;
1944 5221 175 42 Drawers
2154 5223 73 40 and
2262 5223 144 49 Moles;
2449 5224 175 50 Tweeds,

1630 5274 176 53 Hosiery,
1829 5275 208 51 Blankets;
2067 5277 163 48 Calicos,
2253 5278 139 49 Prints,
2415 5279 92 40 Flan-

1841 5330 92 46 nels,
1956 5331 78 47 &c.,
2056 5333 64 38 &c.
2174 5333 144 37 Also

1596 5405 154 47 Wheat,
1797 5406 108 48 Oats,
1953 5408 114 43 Bran,
2102 5409 118 40 Chaff
2241 5409 75 40 and
2349 5410 193 39 Potatoes.

1466 5620 98 28 Orders
1577 5621 196 35 accompanied
1791 5621 37 35 by
1841 5623 64 26 cash
1919 5624 172 30 remittances
2109 5627 163 35 punctually
2290 5627 130 28 attended
2433 5630 38 31 to,
2485 5628 56 28 and
2559 5628 86 36 goods
2663 5628 44 28 des-

1431 5657 117 38 patched
1561 5662 28 25 at
1601 5668 16 19 a
1630 5663 138 24 moments
1782 5660 98 29 notice.

1465 5734 84 28 Local
1567 5735 128 36 produce,
1714 5735 142 38 including
1874 5738 104 35 Hides,
1999 5739 92 36 Skins,
2119 5740 94 35 Wool,
2232 5740 126 33 Butter,
2372 5740 56 35 &c,
2442 5741 55 32 &c,
2516 5738 154 39 purchased
2681 5739 42 28 for

1431 5773 81 28 Cash.

1466 5868 170 34 Murchison,
1651 5870 63 28 loth
1728 5870 83 30 June,
1827 5872 75 28 1885.

2307 5837 34 28 R.
2362 5836 130 35 M'NEE,
2512 5836 107 28 Lessee.

2841 242 144 35 Reeftoxi
3002 247 300 38 Advertisements.

2817 325 217 39 FORSYTH
3054 330 28 37 &
3104 330 230 49 MASTERS,

2755 409 292 61 WHOLESALE
3074 415 21 28 &
3122 415 140 32 EETAIL
3280 417 84 32 IRON-

2976 451 191 38 MONGERS,

2904 519 169 39 Broadway,
3092 523 144 39 Reefton,

2755 590 79 29 Have
2848 600 36 19 on
2896 591 74 29 hand
2989 593 136 38 imported
3144 595 85 31 direct
3246 597 70 29 from
3337 598 48 30 the

2805 629 93 30 Home
2911 631 129 35 markets,
3053 642 16 19 a
3081 633 87 36 Large
3181 635 55 29 and
3248 636 68 30 Well-

2938 671 122 30 assorted
3079 671 84 32 Stock
3174 675 31 28 of

2754 747 167 42 Builders'
2935 749 219 53 Furnishing,
3167 753 137 51 Mining
3316 755 70 39 and

2860 819 146 42 General
3027 820 256 54 Ironmongery,

2754 904 100 28 Which
2876 905 66 38 they
2961 915 45 20 are
3027 909 132 35 prepared
3181 912 30 25 to
3231 910 51 28 sell
3302 913 30 26 to
3343 920 27 19 re-

2766 943 103 29 sidents
2881 944 30 29 of
2919 944 79 38 Lyell
3010 950 30 25 at
3048 947 151 38 extremely
3211 948 53 29 low
3276 950 97 36 prices.

2755 1083 154 29 Bickford's
2921 1084 82 35 Fuse,
3015 1085 92 29 Hall's
3123 1087 127 36 Blasting
3262 1086 122 34 Powder,

2756 1121 122 34 Octagon
2891 1122 82 33 Steel,
2985 1123 93 28 Ames'
3100 1124 125 34 Shovels,
3245 1125 68 27 Pick
3330 1125 56 27 and

2756 1158 137 30 Hammer
2904 1158 134 34 Handles,
3052 1161 55 33 &c,
3117 1165 96 33 agents
3224 1162 42 29 for
3274 1162 112 29 Nobel's

2989 1198 162 37 Dynamite.

2756 1276 158 36 Furniture,
2944 1277 134 35 Bedding.
3109 1278 113 37 Lamps,
3264 1279 122 38 Cutlery,

2756 1315 170 36 Carpenters'
2940 1317 91 31 Tools,
3048 1317 104 33 Paints,
3174 1318 67 32 Oils,
3263 1318 123 32 Colours,

2891 1352 95 38 Fancy
2998 1353 90 35 Ware,
3100 1355 63 33 &c.;
3182 1355 67 33 also,

2759 1421 21 27 A
2794 1421 88 37 Large
2893 1423 176 29 Assortment
3085 1424 31 28 of
3132 1425 167 28 Galvanised
3310 1425 76 33 Iron,

2857 1461 145 30 Bessemer
3013 1462 56 29 and
3086 1462 105 38 Plough
3211 1461 74 31 Steel

2944 1535 104 29 WIRE
3068 1536 130 30 ROPES.

2860 1602 59 31 SSS
2950 1604 176 30 OCTAGON
3153 1605 130 30 SfEEL.

2825 1684 37 40 J.
2916 1685 43 39 B.
3022 1686 292 48 BEECHE,

2900 1792 172 38 Broadway,
3093 1793 149 39 Reefton,

2758 1892 339 60 gHAREBROKER,
3133 1896 22 30 &
3192 1894 198 33 GENERAL

2852 1979 254 34 COMMISSION
3140 1980 150 33 AGENT.

2794 2172 150 41 Enquries
2974 2172 46 32 for
3045 2173 90 32 latest
3161 2173 172 41 quotations
3359 2173 32 31 in

2754 2230 117 43 mining
2884 2230 97 35 stocks
2994 2232 150 43 promptly
3157 2232 113 43 replied
3283 2233 41 32 to.

2782 2411 172 22 TELEGRAMS
2973 2412 202 22 IMMEDIATELY
3194 2413 167 21 ANSWERED.

2757 2488 213 43 JS*BUY
2998 2488 149 41 PURE
3175 2488 215 41 DRUGS!

2845 2606 64 40 W.
2934 2606 37 40 J.
3001 2608 56 39 M.
3087 2608 228 48 HANSBY,

2759 2668 198 34 TiAMILY
2984 2668 85 33 AND
3098 2669 295 34 DISPENSING

2758 2700 30 50 Jj
2978 2712 197 40 CHEMIST,

2908 2780 164 27 BROADWAY,
3099 2780 142 22 REEFTON.

2755 2826 86 30 Eleve
2853 2826 33 29 de
2899 2827 142 29 Vlmtitut
3051 2828 41 29 St.
3100 2828 137 35 Francois
3250 2829 114 34 Xavier,
3375 2836 19 21 a

2905 2867 119 36 Bruges,
3038 2867 29 29 la
3078 2868 165 37 Belguique.

2848 2917 40 28 M.
2907 2917 32 28 P.
2959 2918 28 28 S.
3006 2918 36 28 N.
3061 2919 41 32 Z.,
3159 2919 39 28 M.
3217 2919 31 28 P.
3268 2919 32 29 C.

2756 3011 109 30 Twelve
2876 3013 89 36 years'
2978 3012 130 31 assistant
3119 3015 30 28 to
3161 3012 54 30 Dr.
3229 3013 124 36 Morice,
3365 3014 31 30 of

2987 3051 181 37 Greyinouth.

2791 3127 172 36 Physicians'
2983 3127 197 38 Prescriptions
3204 3128 56 29 and
3282 3129 111 38 Family

2758 3166 128 37 Receipes
2899 3166 154 38 accurately
3062 3167 190 38 compounded
3265 3168 67 29 with
3345 3168 47 29 the

2757 3205 148 29 PUREST
2924 3206 138 28 DRUGS.

2811 3291 176 23 SPECTACLES
3008 3293 35 21 TO
3064 3293 65 21 SUIT
3152 3293 56 22 ALL
3227 3293 113 23 SIGHTS.

2792 3363 89 29 Toilet
2912 3363 163 38 Requisites,
3100 3364 168 38 Perfumery,
3293 3366 101 29 Patent

2759 3401 150 29 Medicines
2921 3402 56 28 and
2989 3403 155 36 Druggists'
3159 3403 141 35 Sundries,
3312 3404 46 28 &c.

2832 3477 110 32 Teeth
2958 3478 196 39 Extracted,
3172 3479 69 42 &c,
3260 3479 59 32 &c.

2758 3554 116 29 IS'All
2884 3554 91 35 Drugs
2986 3554 184 31 Guaranteed,
3181 3555 55 27 and
3246 3559 30 23 at
3286 3556 108 35 greatly

2897 3590 188 30 REDUCED
3104 3591 148 30 PRICES.

2778 3687 600 36 GRATEFUL-COMPORTING.

2912 3959 331 30 BREAKFAST.

2884 4006 16 20 a
2923 3997 135 37 thorough
3070 3998 161 38 knowledge
3243 3999 30 29 of
3284 3999 47 30 the
3344 4009 32 19 na-

2757 4035 72 27 tural
2840 4036 67 27 laws
2918 4035 91 29 which
3023 4045 103 26 govern
3138 4036 47 28 the
3198 4038 156 34 operations
3366 4038 30 27 of

2757 4071 134 38 digestion
2903 4072 55 29 and
2970 4073 143 36 nutrition,
3126 4073 56 29 and
3194 4074 37 37 by
3251 4083 17 20 a
3289 4074 102 30 careful

2757 4111 166 36 application
2935 4111 31 29 of
2983 4111 48 31 the
3048 4111 57 30 fine
3116 4112 150 38 properties
3279 4113 32 29 of
3319 4114 58 29 well-

2757 4149 117 28 selected
2886 4158 92 24 cocoa,
2992 4149 45 28 Mr
3048 4151 77 35 Epps
3137 4150 50 28 has
3198 4151 132 36 provided
3342 4161 51 18 our

2757 4186 136 30 breakfast
2901 4186 87 30 tables
2997 4187 67 29 with
3072 4197 17 20 a
3097 4187 294 39 delicately-flavoured

2756 4224 131 37 beverage
2898 4225 91 28 which
3002 4235 67 27 may
3081 4236 64 19 save
3157 4236 34 19 us
3203 4236 87 27 many
3301 4227 90 37 heavy

2756 4262 118 30 doctor's
2895 4262 70 30 bills.
3001 4263 30 30 It
3050 4264 24 29 is
3087 4263 38 38 by
3136 4264 48 29 the
3192 4264 139 39 judicious
3343 4275 48 20 use

2756 4302 30 28 of
2794 4302 68 28 such
2874 4302 108 28 articles
2994 4302 31 29 of
3041 4302 56 30 diet
3108 4303 62 29 that
3182 4313 17 19 a
3212 4306 179 27 constitution

2756 4347 66 28 may
2840 4339 34 27 be
2894 4339 144 36 gradually
3057 4340 70 27 built
3147 4349 38 28 up
3205 4342 71 26 until
3297 4346 95 31 strong

2756 4376 108 37 enough
2874 4379 28 28 to
2911 4380 79 28 resist
2999 4386 82 31 every
3091 4377 137 41 tendency
3236 4381 28 29 to
3276 4378 113 32 disease.

2755 4417 150 28 Hundreds
2918 4418 31 27 of
2957 4417 89 29 subtle
3057 4418 134 28 maladies
3209 4428 47 19 are
3277 4419 114 36 floating

2755 4454 105 28 around
2872 4464 32 18 us
2916 4454 85 38 ready
3013 4458 30 25 to
3054 4455 94 28 attack
3163 4456 140 29 wherever
3314 4457 76 28 there

2754 4492 24 29 is
2790 4502 16 19 a
2815 4492 77 30 weak
2905 4493 86 37 point.
3027 4493 51 30 We
3090 4503 66 29 may
3168 4503 95 29 escape
3275 4504 87 28 many
3374 4505 17 20 a

2754 4531 68 27 fatal
2842 4532 73 27 shaft
2934 4531 38 36 by
2986 4531 118 37 keeping
3116 4533 136 28 ourselves
3264 4534 62 27 well
3337 4535 39 26 for-

2755 4567 75 29 tified
2854 4568 67 28 with
2946 4577 67 28 pure
3037 4568 82 29 blood
3142 4568 56 30 and
3222 4579 17 19 a
3262 4571 128 37 properly

2754 4606 148 29 nourished
3159 4607 95 31 article
3283 4609 30 29 in
3342 4609 48 30 the

2756 4644 75 27 Civil
2843 4645 109 26 Service
2966 4645 121 27 Gazette.

2753 4689 77 20 MADE
2841 4689 99 21 SIMPLY
2949 4689 76 21 WITH
3034 4690 116 23 ROILING
3158 4691 99 22 WATER
3265 4692 36 21 OR
3310 4693 79 21 MILK.

2772 4720 65 29 Sold
2848 4721 30 28 in
2891 4721 15 36 l
2910 4720 39 29 -lb
2956 4721 113 38 packets
3078 4721 36 38 by
3124 4723 123 35 Grocers,
3257 4723 116 30 labelled

3011 4760 121 29 thus:

2817 4797 148 32 JAMES
3003 4798 109 33 EPPS
3144 4800 70 31 and
3247 4800 79 40 CO.,

2886 4840 206 21 HOMEOPATHIC
3109 4841 148 27 CHEMISTS,

2831 4869 205 39 LONDON,
3065 4871 246 33 ENGLAND.

2945 4972 250 32 NOTICE.

2817 5239 195 31 RINTING
3046 5240 54 30 OF
3134 5241 132 30 EVERY
3301 5242 64 30 DES-

2983 5370 180 31 CRIPTION

2751 5642 633 81 f!)*%UfhmsQ&ffia,

2872 5847 148 41 CLIFF
3056 5847 204 41 STREET.

3594 258 120 30 Public
3732 259 151 32 Notices.

3494 340 254 31 POSTAGE
3791 344 189 31 KATES.

3602 415 91 24 TOWN
3718 417 137 23 LETTERS

3452 466 112 33 Posted
3590 471 33 28 at
3644 479 59 29 any
3730 470 73 30 Post
3831 470 93 32 Office
3953 471 105 40 winiq;

3413 509 51 32 the
3478 510 105 42 colony
3598 512 47 30 for
3660 512 131 41 delivery
3804 517 32 28 at
3850 524 33 20 or
3894 513 75 32 from
3981 515 74 31 such

3415 553 73 33 Post
3504 553 94 34 Office
3614 566 47 20 :

3413 623 61 33 Not
3487 625 162 40 exceeding
3663 625 63 32 half
3739 638 38 20 an
3793 638 95 21 ounce
3943 653 31 7 ...
4020 628 12 7 '
4046 627 9 7 *

3414 668 168 42 Exceeding
3597 669 64 33 half
3672 681 38 21 an
3725 682 105 29 ounce,
3855 673 54 32 but
3923 675 56 28 not

3450 713 163 39 exceeding
3628 725 57 20 one
3701 726 97 20 ounce
3942 741 30 7 ...
4021 717 39 29 2d

3413 756 58 34 Fop
3484 767 91 33 every
3591 757 64 33 half
3666 769 97 22 ounce
3776 769 71 23 over
3862 770 58 22 one
3944 786 30 7 ...
4020 760 37 33 Id

3577 828 149 25 COUNTRY
3741 829 149 24 LETTERS.

3451 881 108 31 Posted
3576 886 32 26 at
3621 892 60 29 any
3704 885 69 35 post
3787 882 84 32 office
3886 883 104 31 within
4007 883 53 32 tho

3412 924 104 40 colony
3545 926 46 29 for
3622 924 134 41 delivery
3781 929 32 27 at
3839 936 34 20 or
3898 926 76 31 from
4000 936 42 24 ar,

3412 967 85 32 other
3508 972 67 37 post
3586 967 83 32 office
3687 967 103 33 within
3807 968 52 32 the
3873 971 105 41 colony
3991 985 45 17 :

3413 1011 63 29 Not
3490 1012 163 37 exceeding
3667 1011 114 30 halt'an
3798 1023 97 20 ounce
3944 1038 26 8 ...
4019 1016 36 28 Qd

3413 1053 169 41 Exceeding
3598 1053 62 33 half
3672 1065 37 21 an
3725 1064 107 31 ounce,
3846 1056 55 31 but
3925 1060 54 29 not

3450 1100 164 37 exceeding
3626 1109 56 19 one
3697 1110 97 20 ounce
3944 1126 31 7 ...
4019 1104 39 28 4a

3415 1140 58 31 For
3499 1150 88 30 every
3612 1140 65 32 half
3702 1151 97 22 ounce
3822 1152 73 21 over
3923 1154 58 21 one

3451 1194 98 22 ounce
3626 1210 31 7 ...
3785 1211 32 7 ...
3943 1213 31 7 ...
4019 1188 38 32 2d

3540 1255 201 22 AUSTRALIAN
3764 1256 166 24 COLONIES.

3416 1305 62 32 Not
3491 1307 163 39 exceeding
3670 1307 64 31 half
3751 1319 38 19 an
3805 1319 96 21 ounce
3944 1336 32 7 ...
4020 1312 38 31 2d

3416 1348 168 40 Exceeding
3598 1349 64 31 half
3683 1361 38 19 an
3736 1361 105 27 ounce,
3858 1352 55 31 but
3926 1357 55 26 not

3452 1393 163 39 exceeding
3630 1404 57 21 one
3702 1405 96 22 ounce
3944 1423 31 7 ...
4019 1397 41 33 4d

3417 1435 57 32 For
3500 1447 87 31 every
3613 1437 64 31 haif
3702 1449 96 21 ounce
3827 1449 70 22 over
3923 1451 58 21 one

3453 1491 98 22 ounce
3628 1507 31 7 ...
3787 1508 31 7 ...
3944 1511 31 7 ...
4021 1487 19 29 2

3435 1549 148 24 ENGLAND
3604 1552 65 21 AND
3690 1552 144 23 FOREIGN
3848 1554 190 24 COUNTRIES.

3592 1611 59 33 Per
3666 1612 80 32 Half
3768 1613 118 33 Ounce.

3419 1654 112 30 United
3551 1655 160 39 Kingdom,
3739 1658 45 28 via
3807 1662 59 25 JSan
3888 1658 76 30 Fran-

3455 1698 79 30 cisco
3549 1697 58 31 aud
3630 1700 76 30 Suez
3948 1722 33 7 ...
4024 1703 39 31 6d

3419 1739 111 31 United
3561 1742 100 29 Slate*
3690 1742 32 30 of
3755 1743 149 37 America,
3939 1745 45 30 via

3456 1783 57 30 San
3533 1783 162 32 Francisco
3949 1813 32 7 ...
4026 1789 38 31 6d

3417 1825 155 32 Sandwich
3587 1827 130 39 Islands,
3742 1829 46 31 via
3815 1829 60 31 San
3890 1830 76 32 Fran-

3456 1881 80 21 citco
3788 1900 30 7 ...
3947 1902 30 7 ...
4026 1878 38 31 6d

3419 1914 152 31 Canadian
3608 1916 190 38 Dominions,
3834 1918 47 31 via
3927 1920 60 31 San

3459 1956 165 33 Francisco
3791 1987 30 6 ...
3949 1989 30 6 ...
4026 1964 38 30 8d

3422 1999 110 32 British
3550 2001 161 33 Columbia
3791 2030 31 7 ...
3950 2032 30 7 ...
4035 2008 30 30 Jl

3422 2045 86 34 West
3525 2046 102 34 Indies
3789 2078 30 5 ...
3947 2079 30 7 ...
4032 2055 32 31 lr

3420 2090 130 36 Mexico,
3564 2091 46 29 via
3623 2094 59 27 San
3699 2093 165 31 Franck-co
3948 2121 19 5 ..
4033 2099 24 27 )*

3419 2131 124 33 Central
3563 2134 139 33 America
3948 2166 29 7 ...
4032 2140 25 32 h

3419 2177 94 31 South
3528 2179 150 38 America,
3690 2180 47 31 via
3749 2181 58 30 San
3820 2182 161 33 Francisco
4029 2187 33 29 la

3633 2253 19 22 B
3661 2253 190 24 EWSPAPERS.

3421 2302 109 31 Posted
3559 2314 17 19 a
3616 2314 57 27 any
3700 2305 83 30 office
3809 2306 102 31 within
3935 2313 52 25 the

3457 2347 106 43 colony
3580 2354 47 26 lor
3641 2348 130 44 delivery
3787 2354 32 28 at
3839 2350 51 33 the
3905 2363 80 22 same

3459 2392 85 31 office
3791 2420 30 7 ...
3946 2418 33 8 ...
4024 2399 38 30 Ad

3423 2434 108 33 Posted
3556 2441 33 26 at
3613 2447 58 30 any
3698 2436 84 34 office
3807 2438 104 33 within
3932 2440 54 32 the

3457 2480 107 41 colony
3581 2481 45 30 for
3641 2481 129 40 delivery
3786 2487 33 25 at
3829 2493 58 30 any
3899 2483 88 32 other

3459 2522 83 34 office
3558 2523 100 33 within
3675 2524 51 32 the
3740 2525 108 42 colony
3950 2555 31 7 ...
4024 2530 38 39 |d

3422 2568 174 31 Australian
3609 2570 143 30 Colonies
3953 2599 30 5 ...
4028 2575 36 29 ]d

3421 2610 115 31 United
3553 2611 155 39 Kingdom
3950 2639 31 8 ...
4027 2617 37 29 Id

3577 2653 58 33 Y\%
3651 2657 58 29 San
3733 2655 175 33 Francisco.

3421 2696 114 34 United
3553 2698 101 32 States
3669 2700 30 30 of
3714 2700 141 32 America
3951 2729 31 8 ...
4028 2704 36 31 Id

3420 2742 157 30 Sandwich
3591 2743 120 30 Inlands
3951 2772 31 6 ...
4028 2749 34 28 Id

3421 2783 152 32 Canadian
3590 2784 180 33 Dominions
3951 2815 30 7 ...
4026 2790 35 30 26

3425 2826 110 34 British
3554 2829 159 34 Columbia
3951 2860 31 7 ...
4026 2834 38 32 2d

3424 2872 85 33 West
3523 2873 106 33 Indies
3948 2905 31 6 ...
4024 2881 38 30 2d

3420 2916 124 31 Mexico
3949 2947 30 7 ...
4024 2924 38 29 2d

3420 2958 124 31 Central
3559 2960 139 31 America
3949 2990 30 7 ...
4024 2966 38 30 2d

3419 3001 95 32 South
3530 3005 159 32 Amerrica
3948 3035 31 7 ...
4022 3010 39 31 2d

3614 3077 86 23 BOOK
3721 3079 143 22 PACKETS

3422 3118 107 33 Posted
3554 3122 32 29 at
3609 3130 58 32 any
3692 3123 83 31 office
3801 3124 105 30 within
3933 3124 52 31 the

3457 3163 107 42 colony
3579 3163 47 32 for
3640 3165 130 40 delivery
3785 3171 30 26 at
3832 3166 50 32 the
3894 3178 90 28 same,

3459 3208 102 30 within
3591 3208 53 30 the
3672 3210 116 40 colany,
3817 3210 52 31 the
3905 3213 57 29 Aus-

3457 3252 108 30 tralian
3735 3263 34 22 or
3793 3253 52 32 the
3870 3253 115 34 United

3460 3295 153 35 Kingdom
3695 3323 32 7 ...
3812 3300 53 28 loz
3949 3326 31 6 ...
4026 3302 36 30 Id

3499 3339 48 31 Do
3695 3365 32 8 ...
3810 3342 54 30 2oz
3948 3368 30 7 ...
4022 3345 40 30 2d

3500 3382 47 31 Do
3697 3410 30 6 ...
3811 3385 51 37 lb
3948 3412 29 7 ...
4022 3389 40 29 4d

3499 3426 48 31 Do
3697 3453 31 7 ...
3814 3428 50 32 lib
3948 3456 31 6 ...
4024 3432 38 30 8d

3420 3469 100 41 Every
3546 3470 165 31 additional
3732 3471 111 40 pound,
3857 3483 34 19 or
3905 3472 64 32 frac-

3459 3513 97 34 tional
3566 3519 68 39 part
3648 3516 30 31 of
3694 3527 17 21 a
3727 3516 101 42 pouud
3948 3544 32 9 ...
4024 3518 38 34 8d

3586 3560 59 29 Via
3660 3561 58 29 San
3735 3560 171 31 Francisco.

3422 3599 114 34 United
3565 3600 110 38 States,
3700 3612 89 32 every
3818 3602 51 38 |lb
3951 3629 31 8 ...
4025 3606 39 30 4d

3421 3645 155 31 Sandwich
3591 3646 117 32 Islands
3950 3674 31 7 ...
4024 3650 40 30 4d

3422 3688 151 33 Canadian
3589 3689 178 33 Dominions
3951 3716 30 8 ...
4026 3694 38 29 Oi

3422 3731 112 31 British
3553 3733 158 32 Columbia
3950 3761 32 7 ...
4025 3737 38 29 6d

3424 3774 87 33 West
3525 3775 105 33 Indies
4024 3780 41 30 6d

3441 4610 49 41 H
3529 4618 38 27 oQ

3440 4857 49 43 IJ
3528 4853 37 34 *

3849 4594 36 33 .P
3911 4605 23 22 q)
3960 4594 22 24 o

3861 4708 24 29 3
3911 4704 23 19 m
3960 4707 22 25 O

3440 5000 49 37 w

3848 4967 36 30 x
3909 4967 23 38 B
3958 4975 24 25 a
