3414 6128
139 1940 133 74 The
316 1940 222 74 Lyell
582 1940 266 74 Times.

139 2098 248 39 SATURDAY,
439 2093 177 37 AUGUST
659 2093 52 37 22,
760 2091 88 32 1885.

160 2213 69 35 The
253 2212 165 44 amalgam
440 2215 111 30 return
571 2208 82 34 from
678 2206 54 33 the
757 2205 117 45 Alpine

118 2271 129 43 battery
262 2271 48 33 for
326 2270 54 32 the
397 2269 62 32 last
475 2272 52 28 ten
547 2267 88 41 days'
654 2264 165 42 crushing,
846 2264 27 31 is

121 2330 62 34 804
227 2339 131 29 ounces,
396 2326 49 34 for
492 2326 60 33 850
595 2329 73 29 tons
710 2322 32 33 ot
788 2326 90 28 stone

122 2386 149 35 crushed.

166 2443 53 33 Mr
254 2443 38 31 L.
324 2441 132 36 Larsen,
494 2439 35 32 of
556 2438 55 33 the
642 2436 94 43 Lyell
767 2436 113 41 Ferry,

124 2499 128 37 notifies
268 2499 33 34 in
317 2497 137 36 another
470 2495 142 40 column,
630 2493 71 35 thao
724 2499 155 28 accounts

125 2558 62 32 due
203 2558 81 37 him,
303 2560 83 27 must
402 2555 38 32 be
459 2554 115 32 settled
591 2554 48 31 for
661 2552 42 41 by
727 2552 54 31 the
808 2550 74 32 loth

125 2614 37 36 of
173 2625 78 23 next
266 2612 127 41 month,
406 2617 32 29 to
450 2610 94 35 avoid
561 2610 82 43 legal
654 2607 208 46 proceedings
875 2617 7 29 ;

128 2671 66 35 and
214 2674 155 30 accounts
387 2669 137 44 against,
542 2667 37 33 be
596 2666 157 34 rendered
770 2665 42 42 by
828 2673 57 24 not

128 2730 82 34 later
226 2729 79 34 than
322 2729 54 33 the
393 2738 89 23 same
499 2726 85 34 date.

171 2786 41 35 In
235 2798 18 22 a
280 2789 111 31 recent
417 2785 96 39 issue,
545 2793 47 23 we
619 2779 105 36 stated
751 2779 71 34 that
846 2790 40 22 an
901 2779 1 47 j

129 2845 111 33 officer
267 2845 84 32 from
382 2843 55 33 the
468 2841 96 33 Bank
601 2841 34 32 of
670 2841 80 31 New
785 2840 117 38 South;

132 2902 119 40 Wales,
268 2902 176 43 Westport,
463 2899 108 35 would
592 2900 74 33 visit
682 2899 93 43 Lyell
792 2898 99 34 about

130 2961 57 35 the
215 2960 178 44 beginning
428 2958 35 35 of
487 2958 80 35 each
597 2957 128 41 month,
755 2957 50 33 for
837 2956 54 34 the

132 3029 139 33 purpose
302 3016 36 34 of
364 3016 202 41 transacting
592 3015 132 42 general
748 3014 143 38 banking

132 3076 161 37 business,
318 3075 63 32 and
407 3074 73 33 that
503 3073 52 31 Mr
579 3072 132 32 Charles
734 3071 157 36 Holman,

132 3130 68 35 had
214 3130 82 34 been
312 3129 176 45 appointed
505 3141 41 20 an
562 3133 98 38 agent
676 3132 32 29 to
725 3127 66 43 buy
819 3127 74 41 gold

132 3187 68 34 and
222 3187 77 34 cash
323 3187 140 44 cheques
477 3186 148 33 between
640 3185 54 32 the
719 3184 173 44 periodical

135 3245 103 34 visits.
294 3245 58 33 We
382 3255 73 23 now
484 3243 102 40 learn,
617 3242 73 34 that
722 3241 52 33 Mr
804 3241 88 34 John

138 3301 137 36 Fennell
303 3302 28 33 is
360 3301 68 34 also
458 3299 186 35 authorised
668 3304 33 29 to
734 3304 52 28 act
812 3299 36 33 in
878 3311 18 20 a

137 3360 125 33 similar
284 3358 147 44 capacity
453 3359 48 32 for
523 3357 66 33 this
611 3357 196 38 institution,
832 3356 64 33 and

139 3415 72 35 that
237 3415 40 34 he
299 3415 27 33 is
348 3413 157 46 prepared
527 3418 33 30 to
585 3414 71 41 give
680 3413 54 34 the
764 3412 132 40 highest

138 3473 89 46 price
243 3473 49 35 for
307 3473 84 43 gold,
407 3472 66 35 and
488 3476 34 31 to
538 3471 77 35 cash
630 3471 139 44 cheques
785 3471 113 33 drawn

139 3532 45 43 by
198 3530 54 34 the
267 3529 124 34 United
410 3528 119 44 Alpine
546 3530 181 42 Company.

184 3589 68 34 The
283 3588 138 34 Reefton
450 3587 128 42 battery
605 3591 129 28 returns
758 3586 49 33 for
835 3586 64 34 last

142 3645 102 43 week,
266 3643 368 47 areKeep-it-Dark,
651 3644 60 34 87*2
734 3654 117 22 ounces
866 3643 36 33 of

141 3704 186 42 amalgam;
361 3704 189 37 Inkerman,
584 3705 114 29 185ozs
732 3702 35 32 of
803 3702 77 32 amal-

145 3772 87 34 gam.

189 3819 68 33 The
283 3817 116 45 Alpine
422 3818 161 40 tributers,
611 3817 72 33 who
710 3816 84 33 have
821 3816 81 33 been

147 3876 148 42 working
323 3876 55 33 the
405 3876 109 33 leader
541 3876 100 32 above
671 3876 58 31 No.
760 3876 19 30 4
810 3875 93 38 level,

147 3932 186 45 completed
369 3932 85 34 their
483 3931 71 34 first
591 3931 153 43 crushing
781 3935 33 30 at
848 3931 56 32 the

151 3992 130 32 Croesus
295 3991 129 42 battery
440 4002 42 22 on
497 3991 207 41 Wednesday
720 3991 72 32 last.
837 3991 68 31 The

148 4045 120 47 parcel,
285 4046 35 35 of
332 4047 38 34 65
391 4051 84 36 tons,
492 4058 79 32 gave
590 4047 116 33 lODozs
722 4045 34 35 of
765 4044 141 36 retorted

147 4105 89 46 gold,
238 4105 97 34 —the
353 4105 88 45 yield
457 4104 97 46 being
568 4105 224 43 considerably
805 4104 101 33 below

150 4163 233 44 expectations.

193 4219 48 35 Dr
256 4219 99 42 Gaze,
371 4217 36 37 of
420 4219 175 45 Westport,
619 4219 136 34 informs
779 4230 37 22 us
833 4219 74 34 that

151 4278 42 32 he
222 4278 131 33 intends
382 4278 134 40 making
546 4277 175 44 periodical
754 4277 91 32 visits
876 4283 33 26 to

150 4335 67 33 this
239 4336 147 36 District,
389 4335 303 43 —professionally,
718 4334 64 33 and
800 4334 34 32 of
853 4334 55 32 the

153 4393 92 33 dates
260 4391 35 35 of
307 4391 119 40 which,
450 4391 61 34 due
528 4391 105 33 notice
659 4391 63 33 will
741 4391 38 33 be
803 4391 107 43 given.

153 4450 43 34 In
220 4450 54 34 the
297 4449 136 34 absence
456 4450 35 33 of
511 4461 65 31 any
600 4450 176 33 likelihood
800 4449 71 33 that
895 4461 18 21 a

155 4506 140 35 medical
320 4517 78 22 man
420 4506 65 33 will
505 4518 91 21 come
621 4506 64 33 and
709 4507 92 32 settle
826 4506 87 38 here,

152 4565 242 44 permanently,
418 4564 25 34 it
464 4564 29 34 is
516 4569 33 28 at
569 4564 81 33 least
673 4564 187 43 something
883 4565 35 32 of

154 4634 43 23 an
213 4623 194 42 advantage,
431 4626 32 29 to
487 4623 83 31 have
588 4634 60 21 one
674 4622 72 32 who
768 4622 91 32 looks
883 4631 33 23 at

156 4680 56 35 the
235 4680 90 45 place
348 4692 35 23 as
406 4685 72 40 part
500 4680 36 34 of
554 4680 52 34 his
623 4680 138 41 district,
789 4680 64 34 and
878 4680 37 40 is,

156 4739 172 40 therefore,
345 4739 157 44 prepared
513 4751 34 21 as
564 4739 49 33 far
631 4751 33 21 as
680 4751 89 21 cases
781 4739 33 32 in
830 4738 89 33 hand

158 4796 68 34 will
248 4796 95 33 allow
366 4795 42 38 of,
432 4801 32 27 to
488 4795 112 33 attend
626 4796 75 32 here
728 4795 96 33 when
850 4806 67 31 any

156 4864 198 33 emergency
382 4853 112 34 arises.
539 4853 58 33 We
621 4852 202 34 understand
848 4852 73 33 that

158 4911 57 33 the
252 4911 57 33 Dr.
339 4910 67 34 will
436 4911 38 32 be
511 4910 76 33 here
618 4917 87 31 next,
738 4910 98 31 about
866 4909 55 32 the

160 4968 123 35 middle
300 4968 35 34 of
347 4967 204 45 September,
568 4967 65 34 and
646 4968 69 33 that
732 4969 31 31 in
776 4967 145 33 addition

158 5031 36 30 to
225 5026 153 44 ordinary
414 5027 150 43 practice,
600 5026 40 33 he
680 5025 67 34 will
777 5025 144 44 perform

159 5085 218 32 vaccination.

205 5140 59 36 We
294 5141 78 35 hear
397 5142 71 33 tint
494 5154 17 21 a
538 5141 109 45 public
679 5144 188 31 movement
897 5141 27 32 is
936 5138 1 48 I

160 5198 101 35 about
283 5198 98 42 being
403 5198 123 35 started
545 5199 122 44 having
690 5198 47 34 for
753 5198 41 35 its
818 5198 107 43 object

164 5255 56 34 the
231 5258 139 31 erection
381 5257 34 31 of
426 5269 18 19 a
454 5261 196 28 monument
660 5263 32 25 to
708 5257 55 31 the
779 5268 148 30 memory

162 5313 40 36 of
213 5313 54 35 the
277 5313 65 36 late
354 5313 52 35 Mr
415 5313 134 35 Reuben
565 5314 116 39 Waite,
695 5313 110 35 whose
817 5319 112 29 recent

165 5370 124 34 demise
300 5371 34 33 in
342 5372 55 32 the
412 5372 121 33 Nelson
550 5372 164 42 Hospital,
728 5382 47 21 we
789 5372 140 31 referred

167 5431 36 29 to
219 5428 33 32 in
267 5439 58 22 our
341 5428 61 33 last
416 5427 97 35 issue.
558 5429 68 33 The
638 5440 97 21 name
749 5428 35 33 of
792 5427 134 33 Reuben

168 5483 118 41 Waite,
309 5485 162 35 furnishes
498 5485 97 35 about
622 5485 54 34 the
708 5485 103 33 oldest
834 5484 72 33 land-

168 5541 95 35 mark
288 5544 33 33 in
349 5543 52 35 the
426 5543 104 34 whole
560 5549 73 39 past
658 5543 126 43 history
819 5542 35 34 of
874 5543 55 33 the

168 5598 94 37 West
288 5601 99 35 Coast
413 5601 190 42 Goldfields,
634 5614 75 22 ever
735 5602 87 33 since
849 5600 84 35 their

168 5658 73 32 first
257 5659 204 40 settlement;
479 5660 65 32 and
562 5673 46 20 we
626 5660 61 32 feel
704 5671 71 21 sure
793 5660 71 31 that
875 5660 56 30 the

170 5714 152 42 proposal
340 5720 31 29 to
384 5715 142 44 publicly
537 5716 113 34 record
663 5715 50 34 his
730 5727 100 33 many
848 5713 83 45 good

169 5770 165 44 qualities,
344 5774 64 31 and
417 5774 54 33 the
483 5775 139 32 services
635 5773 156 34 rendered
803 5773 129 39 mining

174 5826 36 33 in
225 5825 56 36 the
297 5828 87 43 early
402 5829 80 43 days
505 5828 43 45 by
568 5828 55 35 the
643 5828 91 40 bluff,
752 5828 108 44 genial
880 5827 55 34 old

171 5884 144 43 pioneer,
332 5885 66 33 will
415 5885 39 34 be
471 5887 136 43 warmly
621 5886 186 45 supported.

217 5941 69 34 The
301 5944 104 33 Police
420 5944 145 34 Offences
577 5946 70 37 Act,
669 5945 94 33 when
774 5942 161 41 enforced,

175 5995 92 37 deals
292 6003 107 42 pretty
422 6000 136 46 harshly
581 6000 79 36 with
683 6001 94 34 those
801 6000 73 35 who
904 6010 33 25 so

872 217 46 33 far
935 217 100 43 forget
1053 216 139 44 decency
1208 228 34 21 as
1260 221 31 28 to
1309 226 54 22 use
1380 214 63 33 bad
1466 216 159 39 language
1642 214 3 46 1

874 273 114 33 within
1020 273 135 43 hearing
1192 273 143 33 distance
1371 272 35 32 of
1441 271 52 33 the
1524 271 90 43 public-

874 335 108 28 street.
1030 331 49 31 Mr
1096 329 157 40 Clendon,
1274 329 36 33 11.
1319 329 41 32 M.
1378 336 32 26 at
1428 328 202 37 Kawakawa,

874 388 144 42 recently
1041 400 79 30 gave
1143 400 18 20 a
1188 399 75 20 man
1294 388 35 30 14
1355 386 80 42 days
1459 388 150 40 imprison-

875 447 91 30 ment
984 444 48 33 for
1048 455 40 22 an
1107 444 120 33 offence
1246 443 33 32 of
1292 443 53 32 the
1363 442 90 33 kind.

919 513 56 31 We
1001 518 102 32 regret
1128 518 30 26 to
1177 512 77 32 hear
1269 512 34 32 of
1321 523 41 20 an
1386 517 142 26 extrema
1553 511 56 32 mis-

879 570 124 32 fortune
1028 569 105 31 which
1159 569 80 32 befel
1268 568 48 32 Mr
1340 569 89 31 Fred.
1456 569 122 31 Archer
1601 567 34 33 of

884 625 189 39 Inangahua
1121 624 157 42 Lanling,
1318 630 32 26 at
1389 623 163 43 daybreak
1591 635 39 20 on

881 682 160 41 Saturday
1080 681 70 31 last.
1200 682 58 29 His
1297 680 99 33 hotel,
1434 690 97 26 siore,
1574 681 62 31 and

882 739 122 42 private
1017 737 161 37 dwelling,
1196 748 79 20 were
1287 737 136 39 entirely
1433 736 203 33 demolished

884 796 39 41 by
949 797 67 32 lire,
1041 795 62 31 and
1122 795 75 31 with
1216 807 33 17 s.»
1277 794 81 32 little
1385 793 158 37 warning,
1570 794 69 32 that

884 852 52 32 the
955 852 77 32 f.dni
1049 863 20 30 y
1087 851 61 32 had
1175 851 71 32 bare
1265 858 77 26 time
1361 852 45 30 for
1426 863 124 29 escape,
1577 852 63 31 and

884 910 138 39 nothing
1047 921 62 19 was
1133 908 106 32 saved.
1286 909 66 31 The
1379 910 170 29 insurance
1577 920 63 20 was

884 966 76 42 only
980 966 97 37 <£'lso,
1098 964 64 42 (the
1182 964 101 33 Stand
1296 964 47 33 trd
1364 964 102 41 office)
1486 976 40 21 an
1540 964 9 32 I
1567 976 54 21 con-

886 1023 183 41 sequently,
1103 1023 51 30 Mr
1183 1023 122 30 Archer
1336 1022 81 31 loses
1453 1032 76 30 very
1568 1033 54 20 con-

886 1079 172 41 siderably.

929 1137 69 31 One
1023 1135 99 33 result
1146 1134 34 33 of
1194 1135 53 33 the
1269 1135 111 33 Rawul
1406 1136 57 31 Pin
1476 1134 24 33 li
1524 1134 119 35 durbar

888 1193 66 30 will
979 1193 35 31 be
1033 1193 70 31 that
1121 1193 53 31 the
1191 1204 93 30 army
1305 1193 35 31 of
1361 1194 52 30 the
1439 1195 117 29 Ameer
1582 1194 61 31 will

889 1248 37 33 be
943 1249 188 43 practically
1148 1249 171 33 re-armed.
1367 1249 30 33 It
1415 1249 24 32 is
1453 1249 105 33 stated
1577 1249 69 34 that

891 1307 54 31 the
987 1305 113 33 Indian
1147 1308 233 37 Government,
1425 1307 124 33 besides
1593 1307 53 33 the

894 1365 110 37 10,000
1023 1363 129 32 Snider*
1169 1364 132 41 already
1318 1364 183 42 preseuted,
1515 1365 24 31 is
1556 1376 54 21 sen
1623 1364 23 32 1-

892 1421 54 40 ing
977 1422 53 31 the
1057 1420 119 33 Ameer
1208 1421 110 37 10,000
1354 1421 31 33 M
1398 1421 252 34 irtini-Henri's.

895 1480 112 36 10,000
1025 1478 155 38 Enfields,
1197 1481 188 31 30.0)0,0JO
1402 1479 121 31 rounds
1535 1480 35 30 of
1583 1491 44 20 am-

896 1534 171 40 munition,
1095 1535 35 33 17
1156 1534 240 37 Nordenfeldts,
1423 1536 64 33 and
1519 1548 17 20 a
1568 1536 84 43 large

896 1593 152 44 quantity
1063 1594 34 32 of
1109 1598 273 28 accoutrements.

1143 1700 276 35 LATEST

944 1760 291 47 CABLE
1330 1760 284 47 NEWS.

1280 1906 150 38 London,
1448 1905 126 42 August
1589 1907 29 31 9.

946 1964 33 35 It
993 1965 28 34 is
1036 1963 174 35 rumoured
1223 1963 73 35 that
1308 1963 54 33 the
1376 1963 80 33 Czar
1467 1961 27 35 is
1507 1962 153 44 adopting

906 2034 20 21 a
950 2033 88 22 more
1061 2022 120 43 openly
1207 2020 189 41 belligerent
1420 2020 137 33 attitude
1581 2021 78 32 with

908 2081 114 42 regard
1038 2084 32 28 to
1087 2079 54 33 the
1158 2078 128 43 Afghan
1303 2078 131 31 frontier
1450 2078 164 41 question.

951 2138 32 33 It
1005 2138 27 32 is
1054 2137 126 32 further
1194 2134 149 44 reported
1362 2134 71 34 that
1450 2134 44 32 M.
1523 2135 92 32 Giers
1638 2135 26 31 is

911 2194 97 34 about
1025 2198 33 29 to
1074 2204 106 30 resign
1197 2192 50 33 his
1265 2191 149 44 position.

954 2254 67 31 The
1040 2253 140 32 Kussian
1197 2251 73 32 fleet
1286 2252 31 30 in
1334 2251 53 31 the
1399 2249 104 33 Baltic
1515 2249 59 32 lias
1587 2249 80 33 been

912 2311 134 34 ordered
1070 2316 31 26 to
1126 2310 114 32 winter
1263 2315 33 25 at
1319 2307 217 41 Helsingfors,
1554 2307 33 32 in
1613 2307 52 33 the

915 2370 80 33 Gulf
1008 2369 35 33 of
1058 2368 149 37 Finland,
1223 2366 65 34 and
1305 2365 127 35 remain
1448 2366 33 32 in
1506 2365 163 34 readiness

915 2429 47 31 for
976 2427 106 33 active
1099 2427 129 32 service.

1463 2479 124 40 August
1603 2481 28 30 0.

959 2542 39 31 In
1023 2552 222 30 consequence
1270 2540 33 32 of
1317 2540 54 32 the
1395 2539 122 32 critical
1535 2547 81 23 state
1641 2539 33 31 of

919 2597 107 35 affairs
1055 2598 23 32 it
1095 2609 25 21 is
1138 2596 157 45 proposed
1312 2603 31 26 to
1366 2605 146 33 garrison
1538 2594 134 34 Suakiui

920 2656 78 32 with
1015 2655 137 32 Turkish
1173 2662 117 35 troops.

961 2714 68 33 The
1061 2713 124 33 French
1213 2714 224 32 Government
1461 2711 27 33 is
1516 2711 98 33 about
1644 2717 31 27 to

919 2782 191 22 commence
1128 2770 54 33 the
1200 2770 203 42 deportation
1421 2769 35 31 of
1478 2769 198 32 recidivistes

924 2829 102 33 under
1049 2829 54 32 the
1120 2829 166 40 authority
1310 2827 165 33 conferred
1494 2827 40 41 by
1561 2827 52 32 the
1630 2833 50 26 act

923 2886 143 43 recently
1089 2884 114 45 passed
1229 2885 41 42 by
1293 2884 54 33 the
1378 2883 188 34 (-hambers.
1612 2883 67 33 The

922 2944 71 33 first
1023 2942 94 34 batch
1144 2943 35 32 of
1200 2943 167 43 deportees
1391 2942 65 33 will
1483 2942 35 32 be
1547 2948 70 26 sent
1649 2948 32 26 to

927 3002 125 31 French
1092 3001 139 39 Guiana,
1271 3002 166 40 Cayanne,
1475 3000 65 32 and
1579 3000 101 31 South

924 3060 160 32 America.
1622 3082 7 18 l

1470 3113 126 36 August
1613 3114 27 29 5.

969 3171 170 39 Referring
1165 3172 33 30 in
1226 3171 53 32 tlie
1300 3171 112 31 House
1437 3171 35 30 of
1493 3169 101 32 J.ords
1624 3170 60 30 last

928 3228 104 43 night,
1050 3236 33 26 to
1102 3229 52 32 the
1169 3228 126 41 Afghan
1309 3229 67 32 Iron
1384 3238 58 22 tier
1456 3238 160 32 question,
1630 3232 53 26 tiie

932 3287 144 42 Marquis
1098 3287 36 31 of
1155 3285 165 41 Salisbury
1344 3285 148 31 declire.l
1517 3284 48 31 his
1590 3283 99 32 belief

931 3345 70 32 that
1018 3344 117 32 Russia
1153 3354 64 21 was
1231 3343 144 41 daL/iug
1402 3342 74 32 with
1495 3342 54 32 the
1567 3349 118 24 matter

931 3400 34 33 in
987 3400 95 33 order
1098 3407 31 25 to
1147 3400 72 38 gain
1238 3400 78 31 time
1335 3407 30 23 to
1388 3398 109 32 obtain
1522 3396 95 33 fuller
1641 3398 30 31 iu-

932 3457 154 34 formatin
1102 3457 33 32 in
1152 3456 112 42 regard
1282 3462 31 26 to
1332 3455 53 33 the
1403 3455 214 44 topography.

975 3516 68 32 The
1068 3514 145 42 Marquis
1236 3515 35 31 of
1297 3513 166 42 Salisbury
1487 3514 26 31 is
1537 3514 98 31 about
1658 3519 32 26 to

934 3585 63 32 pay
1021 3585 17 21 a
1062 3571 74 34 visit
1156 3579 31 26 to
1205 3571 54 33 the
1283 3571 189 39 Continent,
1497 3570 96 33 when
1618 3571 24 32 it
1664 3570 28 32 is

934 3630 153 44 expected
1104 3629 68 33 that
1192 3629 39 32 he
1250 3629 65 32 will
1332 3629 165 32 interview
1522 3628 169 32 Bismarck

935 3689 65 33 and
1017 3689 66 32 also
1101 3688 54 33 the
1173 3688 140 32 Russian
1332 3687 145 33 Minister
1489 3687 48 33 for
1554 3688 138 39 Foreign

935 3744 128 35 Affairs.

1480 3801 127 38 August
1623 3803 28 30 8.

977 3861 52 33 Sir
1051 3860 133 34 Charles
1208 3859 96 34 Dilke
1327 3859 59 33 has
1411 3857 79 35 been
1515 3859 95 33 made
1640 3858 52 34 the

938 3917 251 43 co-respondent
1225 3918 34 30 in
1291 3928 17 20 a
1346 3915 128 33 divorce
1506 3915 74 32 suit.
1627 3915 68 32 Mrs

939 3972 175 37 Crawford,
1131 3970 208 44 respondent,
1356 3971 27 31 is
1407 3971 54 32 the
1485 3970 162 43 daughter
1663 3969 35 33 of

939 4029 141 32 Eustace
1099 4027 118 39 Smith,
1235 4027 73 32 who
1325 4028 57 31 sits
1405 4026 34 32 in
1457 4026 53 33 the
1530 4026 111 33 House
1667 4025 34 33 of

941 4087 189 37 Commons,
1153 4085 49 32 fur
1226 4086 94 40 Tyne
1346 4084 115 32 North.
1515 4083 97 33 Dilke
1638 4084 59 32 has

941 4144 128 33 written
1093 4155 18 21 a
1135 4143 93 33 letter
1244 4149 31 27 to
1292 4143 54 31 the
1371 4141 194 35 Committee
1592 4143 34 32 of
1645 4142 54 33 the

943 4201 112 32 House
1072 4200 34 32 of
1119 4200 178 31 Commons
1314 4198 144 43 denying
1476 4199 49 32 his
1543 4200 92 38 guilt.

985 4257 178 33 Gladstone
1182 4256 58 33 has
1256 4256 121 33 started
1394 4268 41 21 on
1447 4269 17 20 a
1480 4256 89 34 three
1585 4256 112 33 weeks'

945 4315 141 40 cruising
1101 4314 167 32 excursion
1287 4319 31 26 to
1334 4313 149 42 Norway.

988 4371 85 32 Lord
1091 4370 134 32 Halifax
1239 4370 26 31 is
1278 4369 91 32 dead.

1470 4416 125 40 August
1614 4417 46 32 10.

988 4475 68 31 The
1081 4481 73 25 tone
1172 4476 33 29 of
1219 4474 54 30 the
1294 4473 137 31 Russian
1456 4473 90 32 Press
1571 4474 57 31 has
1652 4474 34 31 be-

948 4542 92 22 come
1059 4541 75 31 very
1154 4528 128 34 warlike
1299 4528 139 33 towards
1457 4529 162 43 England.

991 4588 174 33 Extensive
1182 4587 96 32 naval
1296 4587 222 43 preparations
1539 4600 52 21 are
1612 4588 94 42 being

951 4646 94 33 made
1062 4647 32 31 in
1109 4645 138 32 Russian
1265 4651 97 28 ports.
1409 4645 103 40 Large
1522 4647 141 43 supplies
1676 4646 34 32 of

952 4703 180 34 munitions
1156 4703 34 33 of
1205 4715 64 20 war
1286 4715 51 20 are
1360 4702 94 39 being
1470 4703 179 34 forwarded
1675 4710 30 28 to

952 4762 55 33 the
1022 4761 75 32 fleet
1114 4760 161 33 stationed
1293 4766 32 26 at
1339 4760 242 33 Vladivostok.

995 4819 32 32 It
1043 4818 26 32 is
1086 4818 197 33 announced,
1296 4818 71 31 that
1384 4817 52 32 the
1460 4818 124 33 British
1609 4819 101 33 forces

953 4877 33 30 in
1015 4875 95 31 India
1139 4875 63 31 will
1222 4874 124 42 shortly
1370 4874 37 32 be
1433 4875 165 33 increased
1626 4876 42 41 by
1694 4888 17 20 a

955 4931 249 33 reinforcement
1221 4932 35 31 of
1268 4932 80 31 HOOD
1366 4942 86 22 men.

1481 4979 126 44 August
1624 4981 32 31 Ti-

998 5037 33 32 lt
1066 5036 27 32 is
1123 5035 194 34 announced
1348 5036 69 33 that
1450 5037 138 33 General
1629 5038 85 33 Lord

959 5094 161 42 Wolseley
1136 5094 58 32 has
1211 5094 79 32 been
1308 5094 127 33 created
1452 5106 18 21 a
1494 5096 157 33 Viscount
1668 5096 47 33 for

959 5152 138 33 services
1113 5152 156 33 rendered
1285 5153 34 31 in
1336 5153 121 42 Egypt.

1482 5200 128 43 August
1628 5202 47 32 13.

1002 5257 67 30 The
1089 5255 169 42 departure
1282 5256 34 30 of
1332 5256 85 32 Lord
1438 5258 205 40 Carrington,
1661 5260 55 30 the

960 5325 73 22 new
1057 5313 166 34 Governor
1238 5311 35 36 of
1287 5312 78 34 New
1388 5314 101 34 South
1516 5314 119 40 Wales,
1659 5315 60 34 has

963 5372 79 31 been
1059 5371 169 41 definitely
1245 5371 85 31 fixed
1347 5373 46 31 for
1410 5373 181 33 December
1607 5377 49 30 3Q..

1005 5428 31 32 It
1066 5429 26 31 is
1122 5427 106 33 stated
1253 5427 71 33 that
1359 5429 105 43 Major
1492 5431 172 33 Chirnside
1693 5432 28 31 is

965 5485 104 33 wilder
1090 5485 112 33 orders
1218 5489 32 29 to
1269 5486 134 42 proceed
1426 5493 31 27 to
1482 5488 182 35 Massowah
1689 5497 31 24 to

965 5549 51 27 act
1032 5542 34 33 in
1090 5547 129 29 consort
1235 5543 76 33 with
1330 5544 54 33 the
1404 5544 198 44 Abyssinian
1620 5549 101 32 forces

967 5600 34 34 in
1019 5600 113 41 taking
1147 5606 87 38 steps
1251 5608 31 26 to
1300 5601 114 35 relieve
1434 5603 147 35 Kassala.

1009 5659 32 31 It
1057 5659 26 31 is
1101 5659 194 31 announced
1312 5659 71 33 that
1394 5661 54 31 the
1466 5662 94 32 Duke
1580 5665 34 30 of
1628 5664 76 30 Rich-

970 5719 99 28 mond
1097 5714 59 33 has
1180 5714 79 33 been
1283 5717 175 41 appointed
1484 5718 167 45 Secretary
1678 5720 48 32 for

970 5772 164 38 Scotland,
1151 5773 78 32 with
1248 5785 17 20 a
1282 5779 67 27 seat
1365 5777 33 30 in
1414 5776 53 32 the
1486 5777 147 34 Cabinet.

1010 5828 68 33 The
1103 5828 128 34 French
1256 5829 93 34 Press
1373 5830 82 36 have
1482 5833 97 34 taken
1606 5848 17 20 a
1649 5845 76 32 very

970 5885 153 35 offensive
1141 5891 75 29 tone
1233 5898 35 23 as
1285 5892 31 29 to
1334 5887 53 35 the
1404 5889 164 36 defensive
1586 5892 138 34 alliance

970 5944 146 34 between
1138 5946 105 34 China
1269 5947 65 33 and
1360 5949 155 43 England
1539 5962 36 22 as
1600 5953 126 43 against

972 6000 127 34 Russia,

2058 216 112 33 Cairo,
2188 217 124 37 August
2332 218 46 31 10.

1705 275 31 31 It
1764 276 25 30 is
1817 280 164 37 curren;iy
2010 274 148 43 reported
2191 273 71 33 that
2292 274 130 32 Khalifa

1677 331 166 39 \bduolah,
1863 332 71 32 who
1953 332 150 33 assiiiiidd
2125 332 50 31 the
2191 332 181 32 succession
2392 339 30 24 to

1668 388 51 32 the
1761 390 122 38 Mahdi,
1917 391 57 30 has
2005 390 77 31 been
2115 389 98 32 killed
2245 401 32 20 m
2307 401 18 20 a
2363 395 61 26 riot

1668 450 149 38 amongst
1834 445 54 33 the
1905 446 101 32 Arabs
2023 452 32 26 at
2076 445 194 33 Khartoum.

2031 505 141 37 Berlin,
2190 506 126 38 August
2336 505 46 31 12.

1711 560 106 33 Count
1843 560 160 42 Kalnoky,
2029 562 155 32 Austrian
2215 562 146 33 Minister
2379 562 45 33 for

1672 617 134 35 Foreign
1832 616 128 34 A.Tiirs,
1980 617 24 31 is
2022 626 31 23 at
2080 629 126 31 present
2232 627 32 24 at
2291 619 133 41 Ijardiu,

1671 685 39 20 on
1730 686 16 19 a
1766 682 70 21 vi.-n
1855 684 31 21 to
1907 676 110 30 hVm'je
2038 675 180 31 Bismarek.

2200 734 120 31 August
2343 732 8 30 1
2361 737 28 25 !>.

1721 787 24 31 It
1764 799 25 20 is
1805 795 36 36 'gt
1928 788 42 41 lly
1989 788 119 32 believe
2122 788 62 32 Ith
2199 799 22 21 it
2245 800 50 21 Lie
2316 790 113 31 Sultan

1675 849 28 27 ot
1723 845 21 30 Z
1772 856 36 19 ;iz
1841 859 26 21 'U
1894 845 3 43 •
1938 847 16 30 11
1976 847 127 41 comply
2121 846 75 31 with
2213 846 52 31 the
2278 847 156 30 demand^

1676 905 29 29 ot
1731 906 178 39 uer.u'LJ-w
1929 904 4 41 l
1942 904 42 31 nd
2011 906 114 30 retrain
2154 906 78 30 Iron
2262 904 172 39 molesting

1833 943 4 28 .
1864 945 27 26 I/
1894 943 4 28 1
1898 946 5 20 ?

1679 961 52 31 the
1749 964 102 28 cuiets
1865 960 48 45 few
1915 960 4 45 1
1958 973 13 20 r
1988 961 48 32 his
2055 962 190 42 protection.

2042 1020 23 28 Y
2074 1028 109 23 IiONW.k,
2204 1020 68 36 Aug
2289 1025 37 24 Ist
2347 1020 46 28 12.

1874 1055 9 13 >
1904 1060 15 5 s».

1722 1072 49 31 Sir
1800 1073 112 42 Heiify
1934 1073 206 31 Drummond
2173 1073 76 32 Woo
2256 1073 34 31 iff
2314 1073 123 32 arrived

1679 1129 76 33 here
1775 1129 108 43 to-day
1900 1140 36 22 en
1956 1140 89 22 route
2062 1133 45 29 lor
2125 1130 281 43 Constantinople.

1666 1168 1 22 i

1666 1199 229 74 f'LATES
1917 1228 25 45 r
2011 1227 426 46 TELEGiUM.i.

2209 1362 124 35 August
2352 1362 47 31 18.

1726 1418 68 32 The
1820 1419 185 31 (lovernine
2022 1427 22 23 it
2070 1418 112 41 agreed
2213 1426 32 24 to
2277 1425 94 30 grant-
2399 1418 46 31 Mr

1688 1477 49 30 W.
1763 1479 127 37 C;iuily.
1909 1477 35 30 of
1961 1477 75 30 Ne.v
2057 1477 90 38 Plym
2163 1477 79 31 mth,
2263 1476 108 41 p.)un.l
2400 1478 45 29 for

1688 1533 109 42 pound
1817 1543 39 32 up
1875 1540 30 24 to
1925 1535 63 32 i'_!o
2003 1536 7 28 )
2030 1542 28 23 lo
2083 1543 38 29 go
2144 1532 103 34 Iloiiu
2273 1541 29 25 to
2329 1533 116 33 lecture

1688 1603 39 21 on
1758 1590 75 33 New
1857 1590 152 33 Zealand.
2059 1590 49 32 Alt'
2134 1590 135 37 Caatlsy
2294 1602 152 32 proposes

1689 1656 32 25 to
1739 1650 88 31 leave
1846 1650 40 39 by
1904 1650 53 30 the
1974 1649 165 31 Kaikjura
2155 1661 41 19 ou
2212 1649 52 31 the
2323 1650 32 30 th
2372 1657 78 23 next

1692 1705 126 35 month.
1864 1705 31 35 It
1911 1707 26 32 is
1954 1704 198 36 understood
2175 1705 71 35 that
2265 1706 38 33 he
2320 1705 60 35 has
2405 1718 30 22 re-

1691 1765 108 32 ceived
1810 1776 176 21 numerous
2000 1765 158 42 promises
2171 1764 35 33 of
2219 1764 233 43 subscriptions

1693 1822 82 31 from
1787 1822 54 31 the
1855 1820 118 44 public.
2011 1820 69 32 The
2092 1820 104 43 object
2207 1820 34 33 of
2253 1820 51 33 his
2316 1821 136 32 lectures

1694 1881 66 31 will
1784 1880 36 32 be
1845 1887 31 25 to
1893 1881 115 31 induce
2026 1879 96 32 small
2146 1879 138 33 farmers
2307 1886 32 26 to
2363 1891 89 21 come

1695 1942 57 28 out
1768 1942 32 28 to
1817 1937 54 33 the
1888 1936 127 43 colony,
2033 1935 65 33 and
2116 1940 54 28 not
2187 1935 48 34 for
2251 1935 201 33 mechanics.

2029 1994 172 38 Dunedin,
2219 1994 128 39 August
2367 1996 49 30 12.

1739 2052 28 32 A
1791 2052 118 39 boxing
1925 2051 109 33 match
2054 2050 75 34 took
2149 2051 90 42 place
2256 2050 147 39 to-night
2427 2050 33 32 in

1701 2109 106 33 which
1832 2109 173 35 Donovan,
2034 2108 81 41 light
2142 2107 120 41 weight
2285 2107 177 43 champion

1699 2166 37 31 of
1770 2166 181 37 Auckland,
1981 2164 181 32 undertook
2199 2171 32 25 to
2269 2164 108 32 knock
2407 2170 55 26 out

1704 2222 130 37 Parker,
1855 2222 54 33 the
1927 2222 81 33 local
2025 2232 76 23 nine
2118 2227 92 28 stone
2224 2220 188 45 champion,
2430 2220 32 34 in

1702 2282 72 30 four
1791 2281 133 37 rounds,
1942 2279 106 32 which
2067 2279 39 32 he
2125 2279 95 33 failed
2244 2285 31 27 to
2299 2279 51 32 do.
2396 2279 68 32 The

1704 2338 120 42 boxing
1841 2350 65 21 was
1923 2350 76 30 very
2014 2337 117 43 heavy.

1934 2396 276 38 Christchurch,
2228 2396 131 40 August
2377 2396 47 33 17.

1692 2451 1 44 j
1750 2453 52 32 Mr
1827 2453 135 42 Cooper,
1993 2453 69 30 who
2095 2463 65 20 was
2191 2451 129 43 injured
2351 2452 34 31 in
2413 2451 55 32 the

1707 2511 100 33 coach
1839 2510 148 34 accident
2012 2508 106 34 which
2148 2514 67 28 cost
2246 2509 50 33 Mr
2329 2507 140 35 Hebden

1692 2567 1 46 j
1709 2570 51 29 his
1784 2569 63 37 life,
1873 2568 73 31 died
1970 2575 33 24 at
2021 2568 54 31 the
2099 2568 141 42 hospital
2264 2568 98 31 about
2386 2567 65 31 hall
2459 2587 7 4 -

1692 2624 1 44 ;
1711 2632 70 36 past
1800 2628 35 30 11
1851 2625 125 34 o'clock
1992 2625 62 33 last
2070 2625 105 40 night.
2222 2626 42 32 At
2276 2624 54 33 the
2342 2625 129 42 inquest

1710 2683 67 33 this
1794 2683 183 38 afternoon,
1995 2683 54 32 the
2062 2683 77 43 jury
2148 2681 154 34 returned
2314 2694 18 20 a
2343 2681 128 33 verdict

1694 2741 1 32 .
1712 2745 30 28 of
1760 2742 181 31 accidental
1958 2741 108 32 death.

2024 2790 197 37 Auckland,
2239 2786 125 45 August
2382 2787 48 32 13.

1754 2847 42 30 At
1812 2845 55 32 the
1883 2846 132 41 inquest
2031 2857 42 21 on
2091 2846 54 31 the
2162 2846 106 31 infant
2284 2844 87 32 child
2382 2845 89 31 Hare

1713 2904 34 32 of
1761 2902 165 40 Otahuhu,
1946 2902 51 33 the
2012 2902 122 33 verdict
2148 2913 66 22 was
2273 2900 97 35 death
2388 2900 83 33 from

1714 2959 114 40 taking
2074 2960 25 31 A
2116 2958 83 34 rider
2212 2970 66 21 was
2295 2957 177 34 submitted

1718 3018 40 41 by
1790 3019 53 30 the
1869 3019 157 40 jurymen
2050 3017 72 32 that
2146 3017 26 31 it
2196 3017 27 31 is
2250 3017 55 31 the
2330 3015 82 42 duty
2442 3015 35 31 of

1717 3067 223 30 Government
1973 3075 29 21 10
2035 3062 73 33 take
2133 3063 69 32 into
2235 3060 239 35 consideration

1718 3110 54 30 the
1792 3109 209 41 advisability
2019 3110 33 30 of
2066 3108 201 42 prohibiting
2284 3109 54 31 the
2355 3107 99 42 impor-

1718 3157 104 30 tation
1840 3156 35 31 of
1887 3156 175 41 poisonous
2076 3156 158 31 matches.
2280 3153 145 33 Carried.

1804 3263 389 33 PARLIAMENTARY
2219 3263 165 33 GOSSIP.

2002 3379 231 32 Wellington
2248 3379 127 41 August
2391 3379 47 30 16.

1765 3436 67 32 The
1859 3436 189 43 Opposition
2079 3448 82 21 were
2191 3434 115 34 unable
2335 3441 32 27 to
2398 3434 85 34 table

1726 3494 84 33 their
1827 3493 245 34 no-confidence
2090 3498 72 28 vote
2184 3493 144 40 to-night
2350 3493 34 33 in
2408 3504 55 22 con-

1726 3562 158 32 sequence
1909 3550 35 33 of
1957 3550 189 33 unforeseen
2170 3550 266 40 circumstances,
2461 3551 24 31 it

1726 3611 121 36 having
1870 3609 81 32 been
1975 3608 169 43 definitely
2168 3608 133 33 decided
2320 3614 31 27 to
2369 3608 74 33 take
2466 3620 19 20 a

1728 3673 70 27 vote
1816 3677 42 23 oil
1874 3665 54 35 the
1942 3665 160 43 question.

2250 3723 128 39 August
2395 3724 48 30 17.

1768 3780 91 34 After
1890 3794 17 19 a
1932 3792 114 21 season
2070 3780 34 33 of
2134 3781 187 41 caucusing,
2359 3792 128 21 rumors

1728 3838 65 34 and
1831 3838 129 39 alarms,
1992 3849 18 21 a
2047 3837 151 34 different
2234 3848 94 23 move
2362 3837 34 33 in
2433 3836 54 34 the

1730 3896 142 41 political
1882 3906 93 29 game
1987 3895 58 31 has
2053 3895 80 31 been
2147 3895 133 32 decided
2290 3906 98 31 upon.
2434 3895 49 31 On

1732 3951 161 44 Saturday
1923 3952 152 42 morning
2107 3951 55 34 the
2193 3950 163 34 Atkinson
2389 3951 99 43 Party

1733 4013 65 27 met
1820 4010 34 30 in
1877 4009 124 31 solemn
2022 4009 164 36 conclaye,
2210 4008 65 32 and
2299 4008 133 32 decided
2455 4015 32 25 to

1734 4065 83 35 table
1834 4078 17 21 a
1867 4064 246 35 no-confidence
2130 4065 126 34 motion
2270 4076 43 24 on
2331 4064 157 45 Monday.

1734 4124 67 33 The
1818 4128 124 29 muster
1958 4129 128 38 present
2103 4134 66 22 was
2181 4124 50 32 32.

2255 4181 127 42 August
2401 4183 47 31 18.

1777 4238 31 34 It
1824 4238 26 34 is
1861 4238 69 43 just
1946 4237 137 44 possible
2101 4250 72 22 now
2191 4238 71 34 that
2277 4238 54 34 the
2348 4238 122 34 Govern-

1737 4303 90 25 ment
1843 4297 64 31 wiil
1924 4296 69 42 pull
2009 4296 141 41 through
2169 4295 65 33 this
2257 4297 122 31 session
2396 4296 75 32 with-

1737 4359 56 25 out
1809 4352 125 32 further
1956 4352 67 32 fear
2039 4353 34 31 of
2093 4352 119 37 attack,
2229 4352 110 32 unless
2360 4352 23 32 it
2400 4353 26 31 is
2448 4363 42 21 on

1737 4410 55 33 the
1817 4410 111 32 Public
1953 4409 115 33 Works
2093 4410 195 35 Statement,
2306 4409 109 33 which
2445 4410 52 32 Mr

1740 4468 202 32 llichardson
1952 4469 24 31 is
1985 4467 152 42 expected
2149 4474 31 25 to
2192 4467 122 33 deliver
2323 4469 172 30 sometime

1740 4532 75 24 next
1852 4523 97 33 week.
1996 4523 90 33 With
2124 4523 70 33 that
2224 4528 179 28 statement
2441 4523 53 32 the
2509 4523 1 35 ;

1742 4584 97 41 hopes
1857 4583 35 32 of
1905 4582 53 33 the
1976 4581 90 34 West
2083 4581 95 34 Coast
2202 4581 137 43 depend,
2366 4593 34 20 as
2423 4582 25 31 it
2471 4582 26 32 is

1741 4639 154 33 intended
1919 4646 32 26 to
1975 4639 57 33 ask
2049 4639 53 33 the
2128 4640 110 32 House
2263 4639 47 33 for
2335 4641 161 37 <=£153,000

1742 4699 48 33 for
1812 4699 53 33 the
1883 4709 137 33 purpose
2044 4698 35 34 of
2092 4698 226 44 commencing
2337 4699 52 32 the
2415 4699 82 33 East

1744 4757 63 32 and
1825 4757 89 32 West
1932 4757 95 32 Coast
2044 4757 157 42 Railway.
2249 4758 30 31 It
2297 4758 25 31 is
2346 4757 154 42 expected

1745 4814 71 31 that
1838 4820 111 33 strong
1973 4812 185 43 opposition
2176 4813 66 32 will
2265 4813 37 32 be
2327 4813 119 32 offered
2469 4819 31 26 to

1745 4870 54 33 the
1827 4878 82 29 vote,
1935 4869 57 33 but
2019 4869 26 33 if
2065 4870 54 32 the
2154 4870 162 33 members
2341 4870 83 33 from
2448 4869 54 33 the

1747 4928 106 38 Coast,
1872 4926 214 42 Canterbury,
2111 4926 64 32 and
2193 4927 131 39 Nelson,
2349 4938 52 22 are
2426 4928 76 40 only

1748 4993 68 26 true
1839 4992 32 27 to
1900 4984 195 35 themselves
2126 4984 41 43 by
2193 4984 125 43 pulling
2342 4985 160 44 together,

1747 5046 90 31 there
1855 5043 26 33 is
1898 5055 41 21 no
1958 5042 98 34 doubt
2073 5043 38 33 of
2130 5056 17 20 a
2172 5044 205 42 satisfactoiy
2393 5044 111 33 result.

1754 5102 26 31 It
1796 5111 26 21 is
1838 5112 17 20 a
1872 5105 89 37 great
1977 5099 71 33 deal
2064 5099 107 43 owing
2187 5105 31 27 to
2234 5100 53 32 the
2301 5100 203 34 determined

1750 5159 63 32 and
1838 5157 112 32 united
1973 5158 137 32 attitude
2128 5170 40 20 on
2186 5158 84 33 their
2293 5164 74 36 part
2390 5158 119 42 during

1749 5214 56 34 the
1835 5220 109 28 recent
1974 5213 91 35 crisis
2095 5214 72 34 that
2197 5214 55 34 the
2284 5215 223 33 Government

1751 5273 82 31 have
1859 5273 137 41 escaped
2019 5272 53 32 the
2095 5273 63 32 last
2181 5273 192 32 threatened
2400 5273 110 32 attack

1752 5343 39 22 oii
1809 5329 86 35 their
1911 5330 150 44 position.

2276 5378 127 40 August
2421 5380 47 31 19.

1795 5433 33 33 It
1863 5433 27 33 is
1920 5445 74 21 now
2021 5435 91 42 quite
2142 5435 123 33 certain
2297 5436 72 33 that
2399 5436 26 32 if
2460 5436 52 32 the

1756 5491 220 33 Government
1985 5490 93 45 bring
2087 5491 91 33 down
2189 5492 55 34 the
2253 5492 76 44 plan
2338 5492 175 34 shadowed

1755 5548 87 35 forth
1865 5548 42 44 by
1925 5548 50 34 Sir
1995 5549 109 34 Julius
2121 5551 102 42 Vogel
2246 5551 173 44 allocating
2444 5564 71 21 new

1756 5606 151 44 railways
1923 5607 68 33 into
2009 5614 145 38 separate
2171 5609 141 35 districts
2328 5610 80 34 with
2433 5610 83 35 Local

1759 5665 136 40 liability
1912 5675 35 20 or
1962 5672 245 34 management,
2225 5679 18 20 a
2267 5668 247 33 no-confidence

1761 5727 71 26 vote
1859 5719 64 33 will
1950 5719 36 33 be
2011 5720 108 35 tabled
2141 5723 228 45 immediately
2392 5725 42 44 by
2466 5726 51 34 Mr

1759 5777 157 34 Ormonde
1962 5778 32 33 It
2004 5778 28 33 is
2048 5780 67 32 also
2128 5783 142 32 asserted
2284 5783 72 33 that
2370 5783 65 34 this
2448 5789 70 39 step

1759 5834 66 34 will
1843 5833 35 34 be
1895 5832 99 35 taken
2010 5833 27 34 if
2058 5834 167 36 Ministers
2247 5849 136 34 propose
2400 5852 18 21 a
2441 5844 75 31 vote

1759 5892 49 34 for
1832 5892 54 34 the
1910 5892 80 33 East
2013 5891 65 34 and
2095 5892 92 35 West
2207 5894 96 35 Coast
2320 5897 135 46 railway
2478 5910 42 23 on

1761 5952 56 33 the
1844 5952 169 33 estimates
2039 5963 35 20 as
2103 5953 27 32 is
2153 5954 197 34 understood
2378 5961 31 28 to
2437 5958 83 32 have

1762 6007 82 35 been
1857 6007 167 47 promised
2041 6007 41 46 by
2107 6008 51 35 Sir
2173 6009 109 37 Julius
2298 6012 103 45 Yogel
2416 6018 33 31 to
2466 6014 54 36 the

2456 216 202 43 Canterbury
2693 217 172 32 members,
2898 217 75 36 and,
3010 228 80 20 even
3125 220 94 37 apart

2460 268 80 28 from
2559 264 88 33 these
2667 273 61 23 two
2746 264 215 43 possibilities,
2980 264 91 32 there
3087 264 26 31 is
3130 266 90 37 great

2458 309 174 34 likelihood
2649 313 35 29 of
2698 310 170 42 to-night's
2881 315 180 28 statement
3072 307 128 34 furnish-

2456 357 56 40 ing
2542 356 168 34 abundant
2740 355 125 45 ground
2896 357 35 33 of
2958 355 120 34 attack.
3127 354 32 33 It
3190 354 27 33 is

2458 402 143 33 believed
2624 414 39 21 on
2689 403 43 32 all
2756 403 104 33 hands
2884 404 71 31 that
2978 417 17 18 a
3019 403 93 32 crisis
3135 402 28 31 is
3186 408 34 25 at

2461 448 61 32 last
2538 449 186 33 imminent.

2516 557 656 34 MISCELLANEOUS.

2508 672 119 31 Messrs
2645 672 98 33 Black
2750 684 65 20 w.;.;
2823 673 14 32 J
2856 673 63 31 mil
2938 673 82 31 Sons
3044 684 53 21 are
3123 671 40 32 ab
3176 677 48 26 >ut

2466 734 31 24 to
2536 728 128 41 publish
2740 731 67 30 The
2839 730 84 34 Tory
2960 729 107 42 Policy
3100 729 35 31 of
3173 727 53 31 the

2470 786 143 42 .vl.irijnis
2637 787 33 32 of
2920 788 39 42 by
2987 788 50 31 Mr
3070 787 84 32 Phil.
3184 787 41 31 11.

2472 844 7 30 1
2488 845 135 36 Jegenai.

2512 901 145 32 Saicides
2675 915 30 19 m
2719 915 30 29 iy
2767 909 55 25 n>t
2842 903 34 31 bo
2901 903 149 42 reported
3069 903 30 31 in
3128 901 99 33 detail

2472 957 30 31 in
2522 958 52 32 the
2604 958 176 42 Uruguayn
2799 971 115 32 papers
2932 964 102 29 under
3058 971 18 22 a
3095 958 133 46 penalty

2471 1014 34 31 of
2540 1027 15 18 a
2596 1016 104 42 heavy
2738 1018 73 31 line.
2858 1019 67 30 The
2958 1019 116 40 theory
3105 1019 33 30 of
3176 1017 52 31 the

2474 1071 190 32 authorities
2688 1074 26 30 is
2738 1075 70 30 that
2826 1075 156 42 publicity
3004 1087 80 30 sugg
3095 1087 7 9 4
3105 1082 30 24 st
3159 1075 52 30 inu-

2476 1137 40 23 la!
2526 1130 61 31 ion.

2526 1188 7 28 1
2547 1188 37 29 he
2609 1188 131 31 Turkish
2757 1190 219 31 Government
2994 1191 58 30 has
3065 1197 72 24 sent
3154 1190 80 31 1703

2478 1251 107 34 troops
2616 1248 30 27 to
2679 1245 19 30 S
2712 1244 125 40 ilotiica,
2870 1258 39 20 on
2938 1253 139 26 account
3109 1246 35 31 of
3178 1245 54 32 the

2479 1300 206 42 threatening
2721 1303 136 32 attitude
2890 1304 34 32 of
2954 1305 116 31 Russia
3099 1315 41 21 on
3184 1303 52 33 the

2480 1358 176 40 Bulgarian
2672 1359 141 33 frontier.

2523 1414 108 44 Every
2654 1416 67 32 iron
2740 1416 63 32 and
2829 1418 76 31 steel
2924 1418 67 32 mill
3017 1418 31 32 in
3076 1418 164 40 Pittsburg

2482 1485 40 19 an
2537 1473 6 30 1
2565 1474 143 41 vicinity,
2732 1475 77 31 with
2829 1486 59 21 one
2912 1477 179 37 exception,
3120 1478 23 30 is
3167 1487 74 21 now

2485 1529 93 40 u>ing
2595 1531 126 33 natural
2739 1543 55 29 gas
2818 1532 47 33 for
2882 1532 74 34 fuel.
3003 1533 78 33 This
3107 1533 64 33 will
3196 1545 29 21 re-

2485 1588 78 33 dace
2582 1588 52 33 the
2645 1590 231 43 consumption
2893 1591 110 32 oicoai
3018 1598 32 25 at
3065 1590 176 43 Pittsburg,

2485 1649 34 35 ii
2519 1649 155 35 8,000.000
2689 1647 129 32 bushels
2836 1660 55 28 per
2908 1660 137 20 annum.

2528 1703 32 35 It
2577 1715 75 32 may
2670 1703 73 35 look
2767 1710 129 38 strange
2921 1717 40 21 on
2980 1705 54 34 the
3052 1705 67 35 face
3144 1718 40 22 ov
3207 1707 36 38 it,

2488 1761 57 33 but
2566 1762 90 32 there
2674 1774 53 21 are
2744 1763 60 32 lots
2828 1774 40 20 ov
2888 1763 112 42 people
3018 1765 32 30 in
3076 1764 53 33 the
3148 1764 97 33 world

2490 1818 72 31 who
2580 1818 83 31 have
2681 1823 92 37 spent
2792 1818 70 31 half
2877 1819 82 32 their
2976 1819 79 32 lives
3081 1820 116 41 tricing
3215 1829 31 22 to

2491 1877 73 32 take
2582 1877 54 32 the
2653 1877 90 42 eight
2759 1884 73 35 spot
2848 1879 78 31 with
2945 1878 53 32 the
3013 1889 110 21 seven.

2537 1933 51 33 Sir
2607 1933 48 33 W.
2672 1933 31 33 J.
2723 1935 12 31 C
2749 1933 88 33 larke
2855 1934 58 32 has
2924 1934 80 32 been
3022 1934 167 43 fortifying
3203 1935 48 32 his

2495 2002 151 20 mansion
2677 1997 32 25 at
2736 1991 152 41 Sunbury
2916 1992 75 31 with
3017 2004 17 19 a
3066 1992 126 42 battery
3223 1993 34 32 of

2498 2046 210 33 iSordenfeldt
2724 2058 93 30 guns,
2836 2048 77 31 with
2933 2058 59 21 one
3008 2047 35 32 of
3056 2047 50 32 his
3122 2059 75 21 sous
3220 2060 34 20 as

2496 2102 182 32 lieutenant
2695 2103 33 31 in
2746 2103 128 37 charge.

2542 2160 135 32 Writers
2693 2162 33 30 in
2744 2160 53 32 the
2814 2161 139 32 London
2978 2162 123 31 Lancet
3126 2162 60 31 call
3212 2167 30 26 at-

2502 2218 123 34 tention
2650 2223 32 28 to
2711 2217 55 34 the
2796 2223 92 37 great
2913 2218 92 34 value
3031 2218 33 34 of
3088 2218 173 35 hot-water

2501 2276 216 42 applications
2726 2282 31 26 to
2768 2277 53 31 the
2834 2277 83 31 head
2932 2279 33 29 in
2976 2288 89 21 cases
3078 2278 35 31 of
3121 2277 140 40 fainting

2500 2345 35 22 or
2547 2345 152 33 syncope.
2730 2333 92 45 They
2839 2345 67 33 say,
2920 2334 78 40 also,
3010 2334 73 33 that
3099 2346 17 21 a
3132 2342 130 36 prompt

2502 2404 56 20 use
2589 2393 39 32 of
2646 2393 35 37 it,
2707 2392 131 43 applied
2861 2400 31 25 to
2918 2393 55 32 the
2998 2393 154 33 forehead
3183 2394 79 32 with

2505 2449 115 34 cloths,
2638 2449 66 32 will
2720 2461 77 30 very
2813 2450 88 32 often
2919 2458 91 24 avert
3026 2451 79 31 such
3124 2450 136 32 attacks.

2547 2507 94 44 Mary
2657 2506 170 35 Anderson
2845 2507 58 34 has
2920 2508 94 44 given
3034 2511 89 41 great
3140 2507 122 35 offence

2506 2566 76 30 both
2600 2567 32 29 in
2650 2565 153 41 England
2820 2566 65 30 and
2899 2566 34 30 in
2946 2566 151 31 America
3107 2566 42 41 by
3158 2567 105 40 curtly

2506 2622 143 42 refusing
2664 2627 33 28 to
2715 2621 73 44 sing
2804 2634 36 21 or
2855 2623 96 33 recite
2969 2628 32 28 at
3017 2623 56 33 the
3087 2623 174 33 American

2506 2679 127 34 Benefit
2651 2679 138 34 Concert
2804 2680 48 33 for
2871 2680 55 33 the
2945 2679 67 34 sick
3027 2679 65 34 and
3104 2680 159 33 wounded

2508 2738 33 33 in
2566 2738 54 33 the
2650 2739 142 32 Soudan.
2838 2739 47 32 Dr
2912 2739 122 38 Guffin,
3057 2738 150 43 replying
3233 2744 30 27 to

2508 2795 55 34 the
2587 2794 185 42 invitation,
2796 2794 120 46 simply
2939 2795 69 34 said
3032 2795 72 34 that
3127 2807 34 22 as
3185 2797 82 33 Miss

2510 2853 170 32 Anderson
2702 2865 66 21 was
2791 2854 256 32 unaccustomed
3074 2858 32 28 to
3128 2854 138 41 reciting

2511 2912 34 32 in
2574 2910 107 44 public
2705 2911 138 33 without
2860 2910 56 33 the
2939 2911 52 32 aid
3015 2910 35 33 of
3073 2922 134 32 scenery
3231 2924 36 21 or

2510 2973 163 29 costumes
2689 2968 57 34 she
2764 2973 87 29 must
2867 2968 134 34 decline.

2556 3026 51 31 Mr
2621 3025 91 33 John
2729 3025 137 39 Ruskin,
2884 3026 55 31 the
2956 3027 142 31 eminent
3113 3031 50 27 art
3179 3028 86 30 critic

2525 3095 14 20 s
2562 3083 159 41 seriously
2744 3082 45 39 ill,
2813 3083 65 32 and
2897 3083 27 32 is
2947 3084 33 31 in
3003 3095 18 20 a
3045 3083 121 32 critical
3194 3095 71 21 con-

2513 3138 116 34 dition.

2556 3195 68 32 Tba
2642 3195 161 44 Payment
2826 3194 35 33 of
2873 3194 54 33 the
2944 3194 86 33 Irish
3054 3194 161 33 Members
3238 3196 35 31 of

2516 3253 202 34 Parliament
2733 3253 96 33 Fund
2845 3253 59 33 has
2921 3253 80 33 been
3018 3253 198 43 augmented
3229 3253 43 43 by

2516 3323 17 21 a
2551 3311 216 43 subscription
2782 3311 35 33 of
2831 3311 108 33 <£looo
2951 3311 85 33 from
3051 3311 176 33 Australia.

2558 3358 32 32 It
2605 3357 27 32 is
2648 3357 152 42 probable
2817 3358 71 31 that
2905 3357 52 33 the
2974 3358 78 31 Earl
3068 3358 35 32 of
3116 3357 132 41 Donogh-

2518 3414 87 21 more
2629 3403 66 32 will
2711 3403 136 33 succeed
2864 3402 160 34 Strachan
3047 3414 34 22 as
3105 3403 168 33 Governor

2517 3451 34 32 of
2564 3448 189 34 Tasmania.

2546 3531 247 46 [Continuation
2809 3531 35 33 of
2859 3532 105 38 News,
2982 3544 51 22 see
3057 3533 58 32 4th
3132 3531 110 44 Page.]

635 81 62 43 11
708 81 63 44 iL
841 81 219 44 LVIiLL
1219 78 21 58 M
1261 78 85 58 LiS,
1418 80 73 42 SA
1512 78 277 53 r(JRDAY,
1860 79 131 44 AUw
2012 79 73 46 jS
2112 79 25 43 I
2206 94 62 34 22,
2345 80 125 56 ISSS.

511 232 22 40 3
853 225 4 69 j

119 378 67 33 G0
200 377 26 32 L
245 377 25 30 D
316 374 221 33 MINING
582 373 223 34 LEASES

323 419 281 34 CANCELLED.

320 513 104 33 Mines
452 513 224 42 Department,

287 560 209 43 Wellington.
513 562 70 30 *2lst
600 560 89 40 July,
710 560 87 32 1885.

89 608 69 71 IT
196 607 26 32 is
253 606 119 41 hereby
410 605 133 33 notified
576 606 71 31 that
679 606 61 30 His
779 606 41 29 Kv-

176 653 142 38 cellency
357 651 52 33 the
453 653 168 31 Governor
666 651 57 31 has
761 650 36 31 he
824 661 17 19 a
860 646 1 45 I

90 698 126 45 pleased
229 708 30 23 to
270 708 182 32 pronounce
466 698 52 31 the
534 696 263 33 under-mention
815 695 3 48 •
833 695 8 30 1
860 695 1 48 !

90 744 84 34 Gold
200 743 127 42 Mining
351 743 116 33 Leases
485 742 174 34 cancelled,
685 742 62 32 and
774 741 31 32 t-h
821 746 24 26 it
860 740 1 45 |

91 793 56 32 the
163 790 125 40 ground
305 791 25 31 is
348 800 69 21 now
435 802 78 31 open
534 790 47 31 for
598 788 195 42 application
821 799 24 19 is
860 788 1 45 ;

92 839 25 31 it'
139 849 40 21 no
205 837 82 32 lease
311 835 34 33 of
365 837 54 31 the
441 836 70 32 said
534 834 125 41 ground
686 834 61 32 had
772 844 74 21 ev-r
860 834 1 41 I

93 885 79 33 been
189 883 129 43 applied
335 883 48 33 for
395 893 51 22 :

138 941 58 33 No.
214 941 70 32 941.
308 940 89 33 John
422 939 145 33 Fennell,
597 941 69 28 Sec.
691 938 29 32 7.
746 935 102 33 Bio-k

219 987 90 37 ViL,
329 989 36 31 10
381 998 98 25 acres,
497 984 93 42 Lyell
613 985 143 35 District,
778 982 54 32 NVl-

219 1044 56 19 son
296 1032 198 32 South-west
511 1029 128 41 Mining
654 1029 145 32 District.

140 1079 60 33 No.
223 1079 70 32 948.
319 1078 107 41 Georg
438 1072 4 47 1
473 1075 138 38 Zanetti,
644 1075 128 32 Section
801 1072 50 36 84,

223 1124 99 34 Block
357 1124 36 37 1.,
427 1125 35 31 15
494 1133 99 26 acres,
626 1124 16 29 8
673 1120 104 35 roods,
819 1119 35 31 16

222 1172 144 42 perches.
428 1169 93 42 Lyell
557 1168 144 36 District,
736 1166 119 31 Nelson

223 1216 200 34 South-west
441 1215 126 36 Mining
586 1213 143 32 District.

141 1263 62 35 No.
229 1264 88 32 1011.
364 1262 123 39 George
536 1260 139 36 Zanetti,
725 1256 130 34 Section

224 1312 29 31 8.
279 1308 100 34 Block
395 1308 72 39 XI.,
485 1308 16 32 5
527 1318 97 21 acres.
648 1307 36 31 31
711 1302 143 45 perches

226 1356 90 41 Lyell
343 1356 143 34 District,
522 1354 121 33 Nelson
666 1350 191 34 south-west

229 1403 127 39 Mining
373 1401 144 33 District.

145 1451 63 34 No.
232 1451 90 32 1135.
346 1448 89 34 John
467 1444 202 37 M'Donnell,
708 1444 68 33 Sec.
809 1442 50 39 5P>,

230 1496 102 34 Block
348 1495 111 37 XIII.,
478 1496 37 30 10
532 1504 97 22 acres.
677 1490 90 41 Lyell
786 1489 54 31 Dis-

229 1542 84 38 trict,
346 1542 122 33 Nelson
499 1538 199 35 South-west
730 1535 127 40 Mining

233 1589 146 36 District.

149 1639 62 34 No.
234 1640 70 32 937.
329 1637 111 33 James
463 1632 223 39 M'Donough,
712 1632 147 31 Sections

231 1685 40 34 29
288 1682 63 35 and
367 1683 50 39 30,
435 1693 45 33 sq.
498 1682 67 33 139.
612 1677 125 46 Special
751 1676 110 38 claim,

233 1735 39 32 33
288 1742 100 23 acres.

316 1789 51 33 W.
391 1788 30 32 J.
447 1787 45 31 M.
518 1783 225 35 LARXACH,

452 1832 173 34 Miniuster
641 1830 48 33 for
707 1828 117 33 Mines.

2750 3641 296 34 NOTICE.

2676 3767 230 35 ACCOUNTS
2931 3767 61 35 due
3017 3771 32 31 to
3077 3767 54 35 the
3163 3767 96 34 under-

2637 3831 124 41 signed,
2784 3834 57 30 not
2858 3831 116 33 settled
2990 3831 49 33 for
3055 3831 43 43 by
3121 3831 54 33 the
3201 3831 76 33 15th

2526 3895 210 37 September,
2755 3896 90 36 1885,
2869 3895 67 31 will
2959 3895 37 31 be
3013 3895 80 31 sued
3109 3895 56 37 for,
3187 3895 72 31 with-

2526 3968 55 22 out
2597 3967 65 32 any
2677 3954 125 35 further
2817 3954 109 35 notice
2942 3955 175 34 whatever.

2567 4019 105 31 Those
2689 4018 122 42 having
2827 4022 154 28 accounts
2997 4019 127 42 against
3140 4029 63 28 me,
3228 4030 53 22 are

2528 4082 169 44 requested
2726 4086 33 30 to
2789 4081 128 34 furnish
2949 4082 54 33 the
3034 4094 89 21 same
3155 4083 43 42 by
3227 4083 56 33 the

2528 4146 100 33 abuve
2654 4145 86 41 date,
2765 4145 171 35 otherwise
2967 4144 77 45 they
3067 4146 66 34 will
3159 4149 57 31 not
3246 4146 36 34 be

2528 4207 200 43 recognised.

2993 4275 38 31 L.
3056 4274 190 34 LARSEN.

2571 4335 93 42 Lyell
2681 4336 97 36 Punt,
2797 4335 74 34 15th
2888 4336 136 41 August,
3043 4338 90 31 1885.

2616 4593 48 33 IN
2696 4593 91 33 THE
2818 4593 214 34 SUPREME
3061 4594 147 35 COURT
3236 4598 56 33 OF

2700 4640 106 31 NEW
2822 4640 220 35 ZEALAND,
3060 4641 146 34 OTAGO
3225 4655 66 22 and

2700 4687 278 34 SOUTHLAND
2996 4687 220 38 DISTRICT.

2620 4781 40 31 In
2683 4782 55 32 the
2762 4781 123 32 MatUr
2907 4781 36 32 of
2996 4781 67 33 The
3095 4783 196 42 Companies

2702 4827 71 38 Act,
2938 4827 65 33 and
3029 4828 36 32 of
3084 4828 54 33 the
3165 4830 129 35 Maruia

2701 4873 122 41 Quartz
2840 4873 126 44 Mining
2975 4873 182 45 Company,
3171 4876 124 35 Limtd.

2542 4966 128 71 THE
2710 4965 163 34 Creditors
2910 4966 32 32 of
2978 4965 56 34 the
3072 4966 224 38 abovenamed

2649 5014 183 43 Company,
2850 5024 53 22 are
2920 5013 147 43 required
3084 5026 42 22 on
3138 5027 37 21 or
3189 5017 106 35 before

2520 5060 2 43 .
2542 5061 53 31 the
2619 5061 56 32 4th
2700 5061 64 42 day
2787 5060 35 32 of
2842 5060 284 40 SEPTEMBER,
3152 5065 90 38 1885,
3267 5071 31 27 to

2541 5106 80 32 send
2657 5106 85 33 their
2771 5117 114 21 names
2918 5106 66 33 and
3020 5106 179 42 addresses,
3234 5111 64 33 and

2543 5154 189 41 particulars
2756 5153 34 33 of
2813 5153 85 33 their
2924 5153 103 40 debts,
3055 5167 36 19 or
3113 5155 125 42 claims,
3263 5164 32 27 to

2543 5200 143 33 Thomas
2715 5198 184 41 Callender,
2924 5200 38 33 of
2986 5200 164 35 Crawford
3183 5203 117 39 Street,

2545 5246 165 36 Dunedin,
2782 5250 207 35 accountant,
3054 5248 55 32 the
3173 5250 128 34 Official

2545 5292 191 45 Liquidator
2759 5291 35 34 of
2813 5292 54 34 the
2884 5292 69 33 said
2976 5304 176 34 company,
3176 5296 75 38 and,
3276 5298 27 33 if

2545 5351 35 22 so
2597 5341 148 42 required
2761 5340 42 43 by
2820 5341 104 33 notice
2941 5340 35 34 in
2992 5341 130 44 writing
3144 5343 84 34 from
3246 5346 54 33 the

2546 5386 69 33 said
2632 5386 117 33 official
2765 5387 185 43 liquidator,
2968 5398 53 21 are
3039 5393 32 27 to
3084 5400 92 21 come
3189 5391 33 32 in
3237 5393 65 31 and

2545 5445 97 30 prove
2660 5433 84 33 their
2761 5433 101 39 debts,
2876 5445 36 21 or
2923 5433 125 40 claims,
3063 5446 41 22 on
3118 5437 184 41 FRIDAY,

2544 5480 57 32 the
2624 5480 76 33 25th
2719 5480 64 42 day
2799 5480 35 33 of
2847 5480 284 38 SEPTEMBER,
3157 5485 90 37 1885,
3272 5492 32 26 at

2550 5529 35 30 11
2617 5526 122 34 o'clock
2766 5527 34 33 in
2823 5527 55 33 the
2903 5527 255 38 FORENOON,
3187 5537 33 27 at
3250 5532 53 33 the

2548 5574 134 40 Judge's
2699 5574 190 40 Chambers,
2902 5575 156 44 Supreme
3076 5577 228 40 Court-house,

2552 5622 162 39 Dunedin,
2740 5635 35 21 or
2790 5623 33 33 iu
2841 5623 122 34 default
2988 5623 133 40 thereof,
3140 5625 78 43 they
3242 5626 65 35 will

2548 5670 39 31 be
2611 5670 155 31 excluded
2790 5670 84 32 from
2891 5670 54 32 the
2961 5671 120 32 benefit
3098 5673 34 30 of
3152 5684 65 29 any
3241 5673 46 32 dis-

2520 5713 1 36 ,
2552 5713 167 36 tribution.

2593 5762 107 33 Dated
2730 5766 34 29 at
2795 5761 165 41 Dtmedin,
2991 5762 65 34 this
3092 5764 57 33 Bth
3180 5765 63 42 day
3279 5764 30 36 of

2675 5809 139 43 August,
2833 5810 89 32 1885.

2704 5866 136 33 COLIN
2864 5866 98 33 McK.
2989 5867 198 38 GORDON,

2520 5915 1 47 L
3093 5915 174 47 Registrar.

2520 5971 1 40 '
2595 5972 143 32 Duncan
2761 5973 25 30 &
2801 5972 201 39 M'Gregor,

2520 6017 1 41 >
2641 6017 177 41 Solicitors,
2836 6017 166 36 Dunediru
