3414 6128
127 171 232 36 RESIDENT
380 173 325 35 MAGISTRATE'S
721 175 157 33 COURT.

218 286 223 42 Wednesday,
460 289 27 32 51
494 287 21 34 h
531 287 150 42 August,
700 289 90 34 1885.

172 401 126 44 (Before
335 402 110 34 Frank
483 401 89 40 Bird,
607 402 89 44 Esq.,
734 402 103 44 R.M.)

169 463 37 30 A.
223 461 165 38 Accolino,
409 460 192 33 continued:

170 517 282 34 Cross-examined
484 518 41 42 by
561 517 50 33 Mr
649 519 112 41 Lynch
782 528 5 22 :
813 519 68 32 The

126 575 268 43 breaking-down
419 575 34 33 of
473 575 232 43 hanging-wall
739 576 62 33 had
826 582 55 27 not

127 638 34 28 to
185 632 36 33 be
246 633 82 32 done
346 632 140 43 through
503 644 56 31 my
581 644 70 21 own
670 633 148 32 mistake.
865 634 15 31 I

129 696 56 37 got
193 691 209 32 instructions
413 691 48 31 for
470 691 191 42 everything
674 691 7 31 1
695 691 92 33 done.
815 692 66 32 The

131 749 64 33 size
220 748 34 33 of
267 748 77 33 steel
369 755 31 26 to
425 747 36 34 be
484 749 148 42 supplied
657 748 40 42 by
722 760 159 32 company

129 815 68 22 was
213 811 57 26 not
286 805 188 32 mentioned
486 805 33 32 in
538 806 52 32 the
604 813 155 25 contract.
797 807 87 31 That

129 863 96 42 given
250 873 37 22 us
311 863 25 32 is
353 862 53 34 the
424 862 77 33 kind
525 863 164 43 generally
715 863 32 33 in
773 876 53 20 use
852 865 29 31 in

130 919 67 33 this
214 919 134 33 district.
394 919 34 33 If
442 921 15 31 I
474 931 74 22 ever
564 926 87 28 went
673 927 56 27 out
752 922 35 32 of
807 922 76 37 line,

129 977 28 32 it
186 989 67 20 was
278 978 141 38 through
450 979 55 31 the
535 982 183 37 manager's
748 980 119 31 instruc-

131 1033 97 34 tions.
273 1035 51 33 He
348 1036 69 32 said
440 1035 27 34 if
486 1048 47 21 we
557 1036 54 33 did
636 1041 55 28 not
715 1037 111 33 attend
851 1045 31 25 to

130 1091 83 40 him,
242 1091 40 33 he
308 1092 108 33 would
443 1098 57 28 not
531 1104 73 32 pass
630 1105 58 22 our
716 1093 97 33 work.
859 1095 27 31 A

131 1150 153 42 quantity
307 1150 34 32 of
360 1150 55 33 the
439 1151 117 34 timber
582 1152 90 38 used,
696 1164 65 22 was
785 1153 97 32 much

131 1218 77 21 over
230 1206 54 34 the
308 1207 63 33 size
388 1207 188 34 mentioned
600 1209 32 32 in
651 1209 52 33 the
728 1217 153 26 contract.

132 1264 70 35 The
218 1265 236 44 specifications
471 1267 69 34 said
557 1267 52 35 the
629 1268 119 35 timber
771 1281 65 21 was
854 1276 31 27 to

131 1322 39 34 be
201 1335 18 21 a
249 1324 123 33 certain
402 1324 168 34 diameter.
618 1327 64 41 (Mr
720 1327 166 33 Haselden

133 1381 76 34 here
245 1382 185 44 interposed
468 1384 72 33 that
583 1385 143 43 plaintiff
767 1398 65 20 was
870 1399 18 20 a

134 1439 169 44 foreigner,
333 1440 64 34 and
430 1446 22 28 it
484 1453 66 22 was
580 1443 141 43 scarcely
752 1443 60 33 fair
849 1444 39 33 he

134 1498 117 33 should
275 1498 37 33 be
328 1499 99 32 asked
444 1505 31 27 to
491 1507 58 35 put
566 1511 18 22 a
607 1503 220 31 construction
844 1514 39 21 on

137 1568 18 22 a
181 1555 176 36 document
382 1557 107 34 which
514 1557 65 34 had
602 1559 75 43 only
705 1562 75 30 then
808 1559 80 35 been

135 1613 186 45 produced).
367 1615 67 34 The
473 1627 154 30 manager
663 1617 66 33 told
768 1629 52 22 me
858 1623 30 28 to

138 1674 105 31 follow
260 1674 55 31 the
331 1675 76 36 reef,
424 1675 58 32 but
497 1677 81 31 after
600 1678 8 29 1
637 1677 82 31 done
737 1689 33 19 so
788 1678 47 30 for
853 1679 36 29 15

136 1729 75 43 feet,
240 1730 40 36 he
310 1731 118 36 shifted
458 1745 59 23 our
541 1744 123 24 course.
710 1733 125 35 Within
873 1746 16 22 a

136 1791 89 31 week
256 1792 34 31 of
315 1792 113 40 taking
464 1798 154 33 contract,
654 1794 16 30 I
702 1794 97 31 asked
839 1794 51 31 Mr

139 1848 115 42 Inglis,
278 1850 53 33 the
350 1850 82 44 legal
444 1856 174 36 'manager,
643 1854 48 31 for
714 1866 17 19 a
755 1865 82 30 copy
860 1853 33 32 of

137 1906 251 45 specifications,
418 1908 58 35 but
504 1908 41 36 he
578 1910 69 33 said
679 1912 23 32 it
739 1923 65 21 was
834 1918 56 26 not

138 1966 108 44 ready.
291 1967 16 32 I
325 1979 65 22 was
408 1979 99 22 never
522 1969 126 34 refused
665 1982 105 22 access
788 1977 30 27 to
836 1970 53 34 the

138 2023 178 33 document
331 2024 108 33 whilst
455 2030 144 28 contract
618 2038 64 21 was
699 2032 139 27 current.

181 2081 51 43 By
262 2083 53 31 Mr
350 2083 189 33 Haselden:
576 2085 108 33 Asked
715 2086 113 40 Inglis,
858 2098 31 20 in

138 2137 87 35 June
241 2138 72 41 last,
330 2143 33 31 to
379 2140 94 34 allow
490 2152 56 33 my
569 2147 106 39 agent,
701 2142 51 33 Mr
776 2143 38 33 E.
839 2142 50 35 W.

140 2195 123 38 Butler,
289 2200 33 28 to
344 2196 75 33 take
442 2209 18 20 a
478 2208 82 32 copy
583 2199 36 31 of
638 2205 155 26 contract.
838 2200 53 33 He

138 2252 127 34 refused
281 2257 33 30 to
330 2253 96 34 allow
443 2266 100 29 same,
560 2255 64 33 and
641 2257 137 34 referred
794 2269 51 21 me
860 2262 30 29 to

138 2309 56 33 the
224 2310 166 34 directors.
435 2313 92 42 They
556 2325 53 21 are
641 2325 42 22 no
713 2316 118 32 friends
862 2317 34 32 of

137 2365 103 34 mine.
285 2367 33 33 If
332 2367 10 33 J
364 2367 65 34 had
445 2369 129 33 wanted
594 2375 32 28 to
649 2370 80 44 keep
754 2372 53 33 the
831 2372 60 33 rise

138 2424 140 43 straight
293 2426 34 31 in
342 2425 75 39 line,
435 2427 16 32 I
475 2428 93 32 could
584 2433 58 28 not
662 2429 95 33 make
774 2441 18 21 a
816 2430 55 32 mis-

137 2480 88 41 take,
255 2481 58 34 but
339 2483 17 32 I
382 2494 66 22 was
475 2484 135 33 ordered
636 2490 32 28 to
697 2498 39 30 go
767 2487 123 33 outside

137 2537 38 35 of
183 2537 36 35 it.

181 2597 94 34 Peter
312 2598 106 44 Kelly,
463 2599 138 44 deposed
619 2611 6 31 ;
667 2601 140 34 Worked
845 2603 48 33 for

137 2653 153 34 Accolino
308 2666 43 21 on
367 2657 61 31 rise
444 2662 156 28 contract.
649 2659 31 32 It
696 2671 65 21 was
778 2662 39 30 GO
830 2661 63 32 feet

138 2720 44 34 up
205 2709 96 35 when
325 2711 16 33 I
363 2718 86 28 went
473 2724 52 23 on.
570 2714 105 35 When
692 2727 42 33 up
758 2718 39 32 70
819 2716 73 42 feet,

137 2779 50 23 we
198 2770 110 33 struck
319 2782 17 21 a
346 2772 76 37 reef,
434 2772 34 32 in
480 2773 54 32 the
546 2774 97 32 north
655 2775 72 32 end.
756 2776 136 38 Sheran,

139 2826 57 36 the
213 2829 109 44 acting
337 2829 128 46 mining
480 2842 167 34 manager,
671 2833 77 34 then
767 2835 65 34 told
856 2846 38 23 us

137 2890 36 28 to
195 2885 80 44 keep
299 2892 32 27 to
354 2889 55 31 the
433 2890 107 31 south.
585 2891 58 31 We
664 2891 61 32 lost
741 2892 54 32 the
818 2895 74 35 reef,

138 2942 68 33 itnd
235 2942 55 34 the
320 2949 139 39 country
491 2950 34 29 at
547 2958 79 21 once
654 2947 132 34 became
813 2949 80 33 hard

139 2999 108 44 again.
297 3000 54 35 We
374 3007 86 28 went
487 3002 141 45 through
655 3004 53 34 the
731 3006 74 37 reef,
829 3007 62 33 and

138 3056 72 33 into
240 3057 55 33 the
325 3058 155 34 foot-wall
510 3061 78 33 side.
645 3064 96 32 Some
779 3065 35 31 of
840 3065 54 32 the

141 3111 120 36 timber
275 3125 67 23 was
358 3126 79 32 very
459 3116 99 35 much
579 3117 132 35 heavier
726 3119 81 35 than
823 3120 59 35 that-

142 3170 151 44 specified
308 3181 7 31 ;
342 3172 35 33 in
402 3174 144 43 hauling,
578 3175 26 34 it
629 3177 77 32 used
734 3183 32 28 to
792 3179 102 42 jamb,

141 3226 142 45 through
310 3230 62 33 rise
403 3231 96 44 going
527 3236 33 30 to
588 3234 105 33 south.
739 3235 157 44 Manager

140 3283 185 46 frequently
353 3287 118 35 visited
500 3289 55 34 the
586 3291 101 41 work,
725 3292 64 33 and
829 3294 65 32 told

139 3341 156 36 Aceolino
322 3348 33 29 to
383 3344 75 35 bear
482 3358 41 22 an
547 3348 75 34 inch
653 3352 33 31 to
713 3350 54 33 the
795 3355 58 35 set,

141 3398 107 35 south.
292 3400 59 35 We
374 3401 78 46 kept
477 3403 73 35 that
573 3405 79 42 line,
678 3407 64 33 and
774 3407 121 44 always

141 3463 87 31 went
243 3460 172 46 according
426 3466 33 30 to
475 3463 222 36 instructions.
742 3466 17 33 I
775 3466 56 34 left
842 3466 53 34 the

135 3516 59 44 job
210 3517 35 33 in
261 3518 189 34 December.

184 3573 95 34 Peter
301 3575 168 34 Fantauo:
493 3577 141 34 Worked
657 3578 49 33 for
730 3579 165 35 Accolino.

142 3629 33 33 It
210 3641 68 22 was
314 3631 84 40 good
434 3632 128 40 driving
591 3634 106 33 before
727 3636 70 32 reef
830 3649 66 20 wa>>

141 3687 123 34 struck.
309 3687 159 44 Manager
488 3691 68 33 told
579 3703 36 22 us
633 3698 31 27 to
687 3706 40 30 go
750 3695 69 32 into
843 3696 54 33 the

141 3744 168 41 foot-wall,
332 3746 66 33 and
425 3746 79 46 keep
528 3760 89 23 more
648 3755 32 28 to
708 3751 54 34 the
787 3753 107 33 south.

143 3803 34 32 It
199 3807 55 38 got
269 3814 77 31 very
362 3804 92 33 hard.
500 3806 51 32 He
567 3807 185 44 frequently
774 3810 121 32 altered

141 3859 59 35 the
226 3859 156 35 direction
407 3873 46 23 we
479 3874 81 22 were
590 3865 98 41 going
718 3866 44 33 in.
809 3866 88 35 Used

142 3917 131 43 regular
294 3917 101 41 drills,
419 3919 57 33 but
499 3920 77 44 they
598 3932 83 22 were
705 3927 52 29 too
774 3923 52 43 big
849 3924 47 33 for

142 3973 84 34 hard
248 3976 136 41 ground.
429 3977 68 32 The
520 3978 105 43 larger
655 3980 54 32 the
734 3981 83 40 drill,
842 3982 54 32 the

142 4030 117 35 slower
274 4032 55 34 the
345 4033 99 34 work.
489 4035 103 34 There
604 4037 27 32 is
644 4048 17 22 a
673 4039 222 34 considerable

142 4088 88 36 bend
246 4091 34 31 in
296 4090 55 34 the
366 4091 63 34 rise
445 4104 34 21 as
495 4094 26 32 it
535 4094 27 32 is
578 4105 83 22 now.

184 4147 146 34 Thomas
346 4149 111 34 Walsh
470 4160 6 23 :
502 4152 141 33 Worked
659 4152 48 34 for
729 4154 166 35 Accolino.

146 4204 125 33 Sheran
294 4217 80 31 gave
401 4217 37 22 us
464 4218 59 22 our
546 4209 182 34 directions.
774 4212 52 32 He
851 4212 31 32 in-

144 4261 106 35 clined
280 4273 37 23 us
346 4267 33 31 to
405 4264 54 34 the
487 4266 108 33 south.
640 4267 68 34 The
740 4268 62 35 rise
833 4282 65 22 was

143 4320 123 41 graded
295 4321 42 42 by
366 4333 20 21 a
415 4324 148 40 triangle.
621 4325 59 32 Wo
709 4328 188 32 sometimes

144 4383 89 27 went
262 4389 89 22 more
381 4379 132 43 upright
542 4381 80 33 than
647 4382 191 40 instructed,
865 4386 33 32 in

143 4433 97 33 order
262 4439 32 28 to
317 4441 53 37 get
393 4442 55 27 out
463 4437 35 33 of
513 4437 54 33 the
584 4438 81 34 hard
688 4440 135 40 ground,
844 4441 54 33 but

145 4503 48 21 we
216 4503 99 23 never
335 4493 155 43 departed
513 4496 83 32 from
623 4498 153 32 Sheran's
800 4499 81 32 direc-

145 4548 96 34 tions.
287 4549 68 35 The
372 4550 117 35 timber
511 4557 72 29 sent
603 4564 52 33 up,
680 4555 139 33 towards
844 4556 54 34 the

144 4606 74 40 last,
233 4618 65 21 was
315 4619 77 31 very
408 4609 98 32 much
523 4609 132 34 heavier
671 4613 79 31 than
764 4614 53 32 the
829 4614 68 33 first

143 4665 141 43 portion.
329 4666 67 35 The
419 4666 61 35 rise
504 4668 25 33 is
546 4668 55 33 oft,
626 4671 63 32 Gin.
715 4684 19 21 x
756 4672 56 33 Bft.
858 4674 40 32 In

144 4733 44 22 an
204 4733 118 34 uprise,
340 4724 53 35 the
411 4737 89 23 more
517 4727 79 34 stuff
609 4727 99 35 taken
724 4729 106 42 down,
843 4730 55 34 the

144 4779 115 34 better.

187 4838 283 37 Cross-examined
507 4842 42 43 by
582 4844 51 33 Mr
666 4844 135 43 Lynch:
841 4847 57 33 We

142 4895 126 46 always
291 4897 141 35 inclined
455 4904 32 30 to
510 4901 54 34 the
586 4902 95 33 south
697 4913 6 23 :
728 4904 95 33 when
846 4905 52 33 the

143 4966 158 32 manager
323 4959 105 31 would
452 4960 93 33 allow
569 4962 35 36 it,
632 4974 47 20 we
704 4968 85 27 went
811 4975 89 21 more

144 5012 178 45 uprightly.
368 5014 87 35 Once
492 5028 46 22 we
569 5022 87 30 went
685 5030 18 22 a
733 5019 83 34 little
846 5024 53 30 too

144 5070 100 34 much
270 5076 31 29 to
328 5072 35 34 th
379 5070 4 52 ;
415 5075 108 39 south,
549 5076 64 33 and
638 5089 32 21 111
697 5077 201 45 logging-up,

143 5139 85 23 were
254 5136 56 36 put
336 5130 91 35 back.
474 5132 104 35 When
607 5134 189 35 Conradson
825 5137 76 33 took

144 5186 118 43 charge
279 5188 34 32 of
325 5188 53 33 the
396 5189 87 34 mine
500 5191 108 42 again,
625 5193 40 33 he
683 5194 116 33 turned
817 5206 36 21 us
867 5200 33 29 to

146 5240 55 35 the
225 5243 108 33 north.
378 5244 101 33 Don't
502 5247 148 34 recollect
678 5249 124 33 Sherarn
827 5263 75 20 ever

146 5298 115 43 telling
276 5310 36 22 us
326 5311 47 23 we
390 5301 64 34 had
470 5314 81 32 gone
576 5315 121 33 wrong.
743 5306 58 34 We
824 5307 77 44 kept

144 5360 36 30 to
196 5356 50 33 his
258 5358 221 33 instructions.

189 5413 52 44 By
270 5414 53 35 Mr
348 5416 173 36 Ilaselden.
527 5419 105 33 Did
663 5425 58 29 not
751 5426 88 29 want
869 5426 32 30 to

252 5472 94 34 south
374 5475 31 31 ot
432 5484 59 24 our
514 5487 72 21 owdi
615 5478 125 33 accord.
786 5479 32 32 It
837 5491 65 21 was

147 5527 155 37 Sheran's
318 5532 219 35 instructions.
583 5536 58 33 We
657 5544 86 26 went
755 5549 41 21 no
812 5550 89 22 more

147 5589 35 28 to
206 5586 54 33 the
277 5589 93 32 south
388 5590 79 33 than
488 5591 38 33 he
551 5592 67 33 told
640 5604 57 29 us;
722 5594 139 44 perhaps
885 5607 18 22 a

147 5642 96 35 little.
288 5646 68 34 The
370 5648 94 33 effect
481 5650 31 32 ot
531 5650 128 33 Conrad
662 5656 86 29 son's
766 5652 118 34 instruc-

149 5700 88 34 tions
259 5713 66 23 was
348 5708 31 28 to
403 5711 58 37 put
476 5717 18 22 a
516 5706 85 34 bend
617 5708 34 33 in
667 5709 54 34 the
746 5710 103 34 whole
874 5714 34 30 of

147 5758 76 30 xise.

194 5815 39 33 E.
250 5816 50 34 W.
319 5818 123 41 Butler,
460 5820 78 34 C.E.
561 5821 139 44 deposed
723 5828 33 30 to
780 5837 104 22 accom-

152 5873 146 41 panying
314 5875 142 41 plaintiff
470 5882 31 28 to
522 5878 176 35 defendant
714 5886 191 39 company's

151 5927 105 41 office,
274 5931 61 33 and
353 5931 94 41 being
469 5934 127 33 refused
620 5948 81 31 copy
725 5950 35 21 or
782 5938 105 45 inspec-

152 5986 70 33 tion
238 5986 35 35 of
286 5993 144 32 contract
446 6002 35 23 or
493 5992 248 42 specifications.

957 176 52 31 Mr
1025 177 113 41 Lynch
1157 178 75 32 then
1249 179 113 43 briefly
1382 183 123 40 opened
1522 183 49 31 his
1596 195 69 23 ease

919 237 47 27 for
993 233 53 32 the
1074 235 140 31 defence.
1260 237 52 31 He
1341 239 104 31 would
1474 239 35 32 be
1538 241 70 31 able
1636 249 31 26 to

917 301 94 33 prove
1029 290 71 34 that
1117 291 52 34 the
1187 291 181 36 deviations
1390 294 84 35 from
1498 308 18 22 a
1533 299 135 40 straight

919 348 72 38 line,
1015 359 81 21 were
1114 349 137 42 entirely
1277 350 137 42 through
1440 353 53 32 the
1517 355 150 41 plaintiff,

916 405 95 33 the
1039 408 209 32 contractor's
1279 419 71 23 own
1381 410 92 41 fault,
1502 412 64 33 and
1595 425 53 22 con-

917 468 134 37 sequent
1074 475 87 31 upon
1184 464 51 32 his
1252 465 109 44 trying
1383 471 32 28 to
1439 473 52 35 get
1515 470 68 32 into
1608 473 59 32 soft

917 520 134 38 ground.
1096 521 92 42 They
1211 534 82 21 were
1316 530 67 30 not,
1403 536 179 29 moreover,
1608 530 44 31 cal-

918 578 124 31 culated
1067 582 31 29 to
1116 579 157 42 seriously
1298 579 92 35 affect
1408 582 52 33 the
1482 592 135 25 amount
1641 588 29 30 of

920 635 84 32 work
1022 647 168 32 necessary
1208 646 31 22 to
1256 640 159 41 complete
1437 640 53 32 the
1515 651 154 24 contract..

921 694 182 40 Regarding
1119 694 54 32 the
1187 696 116 37 largest
1317 698 75 31 ite.n
1407 698 33 31 in
1450 699 53 32 the
1519 701 150 32 schedule

918 753 187 42 composing
1117 752 52 32 the
1183 753 251 42 complainant's
1449 757 24 31 el
1488 756 67 36 lim,
1560 760 110 32 that

918 812 33 30 of
973 810 55 43 X';)
1042 810 13 43 7
1069 810 55 43 10s,
1129 810 80 30 he
1234 811 99 31 relied
1358 822 60 31 upo
1436 825 5 18 i
1470 813 79 37 that,
1575 815 35 30 of
1629 816 41 31 all

917 868 119 39 others,
1068 866 94 40 being
1192 867 110 34 struck
1328 875 64 26 out.
1443 870 28 32 ft
1497 870 62 33 had
1591 870 78 35 been

921 925 115 42 proved
1060 925 53 31 the
1137 925 78 32 steel
1237 926 87 38 used,
1351 937 62 20 was
1439 927 53 31 the
1517 927 153 43 ordinary

920 983 86 37 kind,
1025 981 63 33 and
1104 983 161 40 complain
1279 990 46 24 mt
1341 983 95 31 knew
1448 984 54 32 the
1516 985 63 31 size
1596 996 74 31 very

921 1040 78 36 well,
1018 1040 92 32 when
1128 1039 39 31 he
1185 1038 153 34 tendered
1356 1041 48 31 for
1421 1040 53 33 the
1489 1040 97 33 work.

962 1096 120 33 Martin
1106 1094 199 41 Conradson,
1330 1096 139 44 deposed
1486 1107 5 29 ;
1520 1098 74 32 Was
1618 1098 53 33 the

921 1154 171 33 defendant
1109 1157 189 38 company's
1317 1156 125 38 mining
1461 1167 156 28 manager
1640 1163 32 26 at

921 1214 77 32 time
1023 1212 60 32 rise
1108 1222 65 21 was
1201 1209 120 34 started
1352 1210 42 44 by
1424 1212 166 38 Accolino,
1617 1212 57 34 but

922 1272 54 33 left
998 1283 41 22 on
1062 1270 90 34 leave
1176 1269 31 34 of
1223 1268 136 35 absence
1382 1274 64 30 two
1470 1270 79 43 days
1577 1272 78 33 after-

922 1328 112 34 wards.
1080 1327 118 33 Course
1223 1327 34 32 of
1276 1326 61 33 rise
1368 1338 66 21 was
1458 1333 32 27 to
1515 1327 36 33 be
1577 1328 96 34 taken

923 1390 81 30 from
1027 1399 17 21 a
1068 1387 63 31 line
1148 1387 33 31 in
1199 1386 59 32 No.
1277 1387 18 30 6
1312 1385 92 39 level,
1425 1386 63 32 and
1512 1398 59 20 one
1596 1388 76 32 each

924 1446 30 32 in
978 1445 53 33 the
1055 1443 67 33 first
1142 1442 62 34 and
1222 1442 118 33 second
1363 1449 117 37 stopes.
1527 1443 105 34 When
1659 1444 14 33 I

924 1502 160 38 returned,
1109 1501 152 32 Accolino
1286 1500 63 32 had
1367 1501 183 42 completed
1575 1513 42 28 up
1643 1509 31 26 to

926 1563 56 31 IoG
1012 1561 71 32 feet.
1131 1560 51 32 Mr
1207 1558 173 39 Johnston,
1412 1571 163 30 surveyor,
1607 1561 68 33 said

924 1618 152 34 Accolino
1100 1628 65 21 was
1188 1618 18 31 9
1230 1617 62 32 feet
1309 1623 31 26 to
1358 1616 53 33 the
1436 1617 106 36 south,
1566 1623 56 27 out
1645 1618 33 33 of

924 1678 74 30 line.
1047 1677 13 30 I
1077 1677 77 30 then
1171 1675 178 32 instructed
1371 1676 92 31 them
1483 1684 31 23 to
1531 1676 87 32 draw
1643 1684 31 24 to

924 1733 53 35 the
1001 1744 41 23 no
1062 1732 45 41 tli,
1132 1731 64 35 and
1220 1730 53 36 the
1295 1731 61 33 rise
1379 1730 107 35 would
1509 1731 86 35 fetch
1621 1731 54 35 the

924 1798 71 37 spot
1017 1790 163 33 intended.
1226 1790 16 32 I
1259 1801 66 21 was
1342 1801 102 32 away,
1469 1790 66 32 and
1558 1796 119 27 eannot

924 1862 58 29 say
1004 1849 26 33 if
1044 1849 125 33 Sheran
1186 1848 133 33 ordered
1342 1848 55 33 the
1420 1853 199 29 contractors
1643 1854 33 28 to

924 1908 80 42 keep
1033 1917 89 23 more
1150 1910 32 29 to
1209 1904 54 35 the
1288 1904 107 35 south.
1440 1905 92 44 They
1555 1905 65 35 had
1644 1910 32 31 to

924 1969 107 33 follow
1049 1980 41 22 on
1107 1968 53 33 the
1176 1967 168 39 foot-wall,
1363 1966 64 34 and
1439 1966 54 34 the
1505 1966 97 41 grade
1611 1978 65 22 was

925 2021 30 26 to
973 2015 36 31 be
1026 2015 149 31 followed
1190 2014 174 41 according
1380 2020 31 25 to
1425 2014 54 31 the
1494 2016 182 38 manager's

924 2060 219 35 instructions.

1028 2107 59 45 [To
1103 2107 37 31 be
1158 2106 174 32 continued
1348 2107 34 31 in
1399 2117 59 21 our
1472 2105 102 44 next.J

930 2495 170 32 MINING
1153 2494 319 33 REGULATIONS
1522 2495 155 33 UNDER

1186 2540 142 33 MINES
1352 2541 93 37 ACT,

967 2617 74 40 Any
1057 2628 115 31 person
1191 2615 205 40 discovering
1406 2628 70 20 new
1494 2617 72 38 gold
1579 2617 80 33 work-

930 2675 62 26 ing,
1017 2662 63 32 and
1104 2662 96 39 being
1223 2661 144 32 desirous
1392 2663 34 31 of
1447 2663 170 41 obtaining
1641 2676 38 19 an

929 2707 164 34 increased
1117 2719 69 21 area
1213 2707 133 33 thereon
1379 2708 82 33 shall
1487 2709 89 33 mark
1600 2709 45 33 off
1666 2722 16 20 a

928 2756 205 42 prospecting
1148 2755 108 33 claim,
1275 2768 33 19 as
1325 2756 155 42 provided
1498 2756 31 33 in
1546 2757 115 38 Regula-

929 2803 64 32 tion
1012 2802 47 33 11.
1077 2802 64 33 and
1155 2802 82 32 shall
1249 2801 224 44 immediately
1484 2810 107 37 report
1604 2804 76 32 such

930 2850 164 42 discovery
1132 2849 78 33 with
1242 2849 57 34 full
1331 2850 191 42 particulars
1559 2859 31 26 to
1630 2852 53 33 the

931 2897 149 37 Warden,
1106 2896 63 31 and
1197 2896 53 31 the
1275 2897 125 37 ground
1426 2909 33 18 so
1486 2898 132 31 marked
1642 2899 45 30 off

930 2941 80 33 shall
1026 2941 37 33 be
1082 2941 163 42 protected
1263 2942 82 32 until
1364 2942 53 32 the
1446 2944 137 32 Warden
1602 2944 82 32 shall

930 2987 79 32 have
1026 2988 114 40 finally
1155 2987 127 32 refused
1299 2998 35 20 or
1350 2988 135 38 granted
1498 2989 53 31 the
1566 2989 95 32 claim
1677 3000 6 25 ;

928 3033 56 33 but
1016 3034 53 32 tlie
1101 3033 141 33 Warden
1269 3045 86 30 may,
1387 3035 26 31 if
1442 3036 37 30 he
1511 3035 94 33 think

930 3080 115 31 refrain
1075 3081 83 30 from
1183 3080 153 39 granting
1365 3091 37 20 or
1431 3082 146 36 refusing
1608 3083 76 30 such

929 3126 96 33 claim
1053 3125 84 33 until
1162 3125 54 33 the
1240 3125 124 39 ground
1389 3127 84 32 shall
1496 3127 83 33 hav
1605 3128 80 32 been

931 3172 114 33 visited
1061 3173 42 41 by
1121 3172 133 32 himself
1266 3184 35 20 or
1312 3172 41 43 by
1367 3185 126 30 anyone
1510 3175 174 41 appointed

930 3219 41 41 by
988 3218 80 32 him.

972 3266 130 32 Notices
1113 3265 35 33 of
1155 3265 41 33 all
1210 3265 204 43 prospecting
1425 3267 115 33 claim*
1553 3267 132 40 granted

931 3312 76 33 with
1033 3313 58 32 lull
1115 3314 193 41 particulars
1325 3314 34 31 of
1381 3316 140 40 'oc.ility,
1546 3328 12 30 3
1570 3316 61 31 uld
1656 3316 34 31 of

931 3358 84 42 gold,
1033 3359 62 32 and
1108 3359 194 42 description
1316 3360 35 31 of
1365 3361 174 39 workings,
1553 3362 83 32 shall
1650 3361 35 31 be

930 3404 111 43 posted
1066 3404 42 42 by
1132 3404 54 34 the
1205 3405 140 33 Warden
1362 3418 40 21 ou
1427 3408 54 32 the
1506 3408 125 33 outside
1657 3410 29 31 of

930 3452 49 33 his
996 3452 91 33 office
1104 3453 50 33 for
1170 3453 106 42 public
1299 3455 31 31 in
1337 3454 184 34 formation.

972 3500 32 31 It
1021 3500 82 31 shall
1120 3508 56 23 not
1193 3500 36 31 be
1247 3500 110 32 lawful
1371 3502 45 31 for
1429 3502 54 32 the
1500 3502 142 33 Warden
1654 3507 34 28 to

928 3549 97 35 grant
1055 3556 16 21 a
1099 3546 203 42 prospecting
1325 3546 96 32 claim
1448 3547 49 32 for
1522 3559 64 31 any
1617 3559 68 21 naw

931 3592 168 40 discovery
1129 3598 32 25 at
1192 3603 18 21 a
1240 3592 62 32 less
1337 3592 145 33 distance
1513 3594 79 33 than
1625 3599 62 27 two

930 3637 94 32 miles
1040 3638 83 31 from
1141 3649 64 29 any
1221 3638 186 41 previously
1430 3640 140 38 existing
1585 3641 81 31 work-

931 3684 70 41 ings
1031 3684 31 32 in
1092 3683 132 34 alluvial
1248 3684 136 41 ground,
1403 3697 60 22 nor
1485 3692 30 24 +r
1546 3693 94 33 grant
1671 3700 17 19 .1

931 3730 205 42 prospecting
1159 3732 95 31 claim
1272 3732 49 31 for
1344 3743 65 30 any
1425 3744 72 21 new
1523 3733 166 44 discovery

931 3777 35 32 of
989 3789 17 20 a
1031 3782 113 37 quartz
1169 3778 70 32 reef
1253 3782 32 28 at
1309 3791 18 19 a
1350 3779 61 33 less
1437 3779 145 34 distance
1610 3781 78 33 than

931 3823 70 32 half
1021 3834 18 21 a
1059 3824 76 31 mile
1152 3831 83 24 irom
1253 3836 64 31 any
1339 3826 188 43 previously
1551 3827 138 41 existing

931 3874 112 37 quartz
1060 3869 175 41 workings.

977 3916 105 41 Every
1113 3918 207 40 prospecting
1348 3916 97 33 claim
1476 3918 94 38 shall,
1609 3919 81 34 after

932 3961 96 43 being
1054 3961 146 38 marked,
1226 3963 37 33 be
1288 3963 75 33 held
1386 3963 43 42 by
1453 3977 60 20 one
1537 3978 77 20 man
1643 3979 30 20 re-

934 4007 147 43 maining
1103 4020 43 20 on
1171 4008 54 33 the
1252 4010 125 40 ground
1402 4010 119 40 during
1544 4012 146 41 working

933 4053 98 33 hours
1054 4054 83 33 until
1154 4054 53 34 the
1231 4055 197 44 application
1446 4057 26 32 is
1489 4057 86 34 dealt
1598 4060 78 32 with

933 4100 75 40 and,
1025 4102 27 31 if
1064 4102 146 40 granted,
1228 4102 55 33 the
1301 4103 95 32 claim
1414 4109 99 35 must,
1525 4106 109 33 unless
1647 4107 42 41 by

933 4147 118 42 special
1067 4149 194 40 permission
1278 4148 35 32 of
1326 4149 53 32 the
1396 4150 152 40 Warden,
1560 4151 37 33 be
1610 4153 80 39 fully

933 4194 154 41 occupied
1103 4194 116 32 within
1236 4206 94 21 seven
1348 4196 80 42 days
1444 4197 84 32 from
1545 4198 54 33 the
1616 4200 73 32 date

934 4239 34 32 of
981 4244 105 33 grant.

975 4286 67 32 The
1060 4286 140 34 Warden
1217 4299 88 31 may,
1322 4288 27 32 if
1362 4288 40 33 he
1419 4288 93 35 think
1529 4290 47 37 At,
1596 4297 93 35 grant

934 4344 15 19 a
962 4333 206 42 prospecting
1177 4332 96 33 claim
1287 4339 32 27 to
1329 4335 53 32 the
1392 4337 104 31 actual
1510 4337 181 34 discoverer

934 4378 34 32 of
991 4390 72 21 new
1094 4379 74 39 gold
1199 4380 162 40 workings
1392 4382 181 42 conjointly
1610 4386 78 31 with

935 4435 131 31 persons
1092 4425 73 31 who
1188 4425 83 31 have
1288 4427 136 32 assisted
1449 4429 88 31 them
1563 4431 32 31 in
1619 4443 52 30 pro-

934 4471 146 42 specting
1117 4471 104 33 either
1256 4471 78 35 with
1374 4474 237 35 contributions
1656 4490 35 21 or

934 4517 182 38 otherwise,
1134 4530 34 19 or
1185 4519 77 31 with
1276 4520 94 31 other
1383 4532 132 29 persons
1530 4523 71 31 who
1616 4535 74 30 may

934 4562 37 33 be
996 4563 190 34 nominated
1210 4563 42 44 by
1269 4565 53 33 the
1348 4567 107 33 actual
1480 4567 209 43 discoverers,

934 4610 155 40 although
1115 4611 54 31 the
1187 4612 68 31 said
1278 4623 133 32 persons
1429 4626 75 29 may
1528 4622 57 26 not
1609 4617 81 31 have

935 4657 76 33 been
1038 4668 40 22 on
1097 4657 52 34 the
1167 4662 126 39 ground
1309 4659 87 44 prior
1413 4665 30 29 to
1462 4661 54 34 the
1540 4665 151 41 granting

933 4704 134 30 thereof.

975 4750 68 33 The
1064 4749 141 35 Warden
1223 4763 88 25 may,
1328 4764 88 32 upon
1427 4754 54 34 the
1493 4756 197 42 application

935 4797 34 31 of
982 4807 62 28 any
1063 4808 131 31 persons
1210 4798 144 40 forming
1373 4811 18 20 a
1408 4807 94 35 party
1517 4803 35 30 of
1563 4808 55 27 not
1631 4804 61 31 lass

934 4842 78 34 than
1036 4843 82 40 four,
1142 4848 94 36 grant
1253 4847 181 41 protection
1451 4847 49 33 for
1522 4854 58 28 not
1602 4861 89 22 more

937 4890 76 32 rlian
1032 4890 89 32 three
1145 4891 133 32 months
1296 4892 47 31 for
1360 4904 17 21 a
1394 4895 208 40 prospecting
1619 4908 73 21 area

935 4943 32 27 at
990 4949 18 21 a
1031 4937 143 34 distance
1199 4944 30 27 ot
1245 4945 57 27 not
1323 4939 61 33 less
1409 4940 78 34 than
1512 4949 62 26 two
1599 4942 93 35 miles

934 4985 83 30 from
1045 4995 64 24 any
1135 4986 139 40 existing
1300 4986 164 40 workings
1494 4989 34 30 in
1560 4990 132 31 alluvial

936 5029 134 40 ground,
1088 5042 35 20 or
1140 5031 33 32 in
1190 5030 54 33 the
1262 5043 71 21 case
1351 5032 34 32 of
1399 5036 112 39 quartz
1530 5035 162 43 workings

935 5077 34 32 of
995 5081 58 29 not
1085 5077 61 33 less
1171 5077 79 34 than
1277 5078 72 33 half
1368 5092 17 20 a
1412 5080 76 33 mile
1514 5082 82 33 from
1629 5095 63 29 any

935 5123 139 40 existing
1090 5129 112 38 quartz
1220 5125 163 42 workings
1398 5136 6 22 :
1431 5127 160 34 Provided
1605 5129 33 33 in
1652 5141 40 21 no

935 5182 71 21 case
1030 5171 84 32 shall
1138 5183 65 31 any
1220 5172 78 32 such
1328 5174 204 40 prospecting
1558 5188 75 21 area
1655 5176 37 33 be

935 5217 134 39 granted
1092 5217 116 33 within
1232 5217 68 34 halt
1317 5231 17 20 a
1359 5219 75 33 mile
1458 5221 35 32 of
1513 5233 66 30 any
1602 5223 91 33 other

935 5265 80 31 such
1031 5265 207 42 prospecting
1262 5276 83 21 area.
1394 5268 158 32 Provided
1570 5269 124 33 further

937 5310 69 33 that
1030 5310 77 33 such
1133 5311 181 42 protection
1332 5311 83 33 shall
1439 5313 78 42 only
1541 5315 152 33 continue

937 5356 32 31 in
986 5356 84 32 force
1086 5356 84 32 until
1187 5357 73 39 gold
1278 5358 24 30 is
1319 5363 46 27 str
1368 5369 16 10 -,
1391 5358 48 36 ck,
1453 5360 32 30 in
1503 5360 106 31 which
1623 5373 70 20 case

938 5402 53 34 the
1015 5402 170 43 discovery
1210 5403 82 34 shall
1310 5403 37 34 he
1373 5405 160 43 reported,
1553 5418 35 21 or
1612 5407 82 33 until

937 5449 53 32 the
1008 5449 128 32 holders
1152 5461 53 21 aro
1222 5450 149 42 required
1388 5451 43 34 by
1441 5452 55 31 the
1511 5454 141 31 Warden
1664 5460 30 26 to

937 5494 94 34 mark
1062 5508 18 20 a
1106 5496 208 43 prospecting
1337 5496 108 41 claim,
1469 5498 33 32 in
1533 5499 102 33 either
1666 5501 28 32 of

938 5543 103 31 which
1060 5554 89 21 cases
1166 5555 18 19 a
1200 5554 86 30 prosj
1300 5544 108 40 acting
1432 5544 98 33 claim
1552 5546 84 34 shall
1659 5548 35 31 be

939 5588 134 32 marked
1100 5588 64 33 and
1189 5589 128 42 applied
1342 5589 49 32 for
1417 5602 35 20 as
1479 5592 156 41 provided
1663 5595 31 31 in

941 5635 192 38 Regulation
1165 5636 47 32 11.
1245 5635 64 33 and
1335 5635 52 40 V.,
1419 5637 65 33 and
1517 5641 177 40 protection

940 5681 82 31 shall
1039 5682 179 42 thereupon
1237 5693 90 20 cease
1345 5694 34 19 as
1395 5687 32 28 to
1445 5684 54 32 the
1514 5687 180 32 remainder

939 5727 34 32 of
986 5727 78 33 such
1082 5728 207 40 prospecting
1305 5740 84 20 area.

981 5774 32 31 It
1039 5773 82 32 shall
1149 5774 37 31 be
1211 5774 110 31 lawful
1344 5774 47 32 for
1414 5774 54 33 the
1495 5776 143 34 Warden
1666 5786 31 25 to

939 5830 105 22 renew
1069 5820 85 32 from
1179 5827 78 27 time
1280 5828 32 25 to
1337 5821 78 33 time
1439 5821 53 34 the
1516 5826 181 40 protection

940 5866 47 31 for
1018 5878 18 19 a
1065 5868 210 40 prospecting
1309 5878 84 20 area.
1439 5868 157 34 Prrvided
1626 5871 73 32 that

941 5911 78 32 such
1057 5911 148 33 renewed
1238 5913 181 42 protection
1451 5914 83 33 shall
1566 5921 57 28 not
1660 5917 37 33 be

941 5957 135 41 granted
1103 5958 48 32 for
1174 5969 89 22 more
1281 5959 80 32 than
1385 5960 91 34 three
1505 5963 135 34 months
1666 5968 31 29 to

944 6015 62 31 any
1022 6003 89 34 time.

799 45 85 45 Til
902 47 32 43 P.
1006 48 215 44 LYUUL
1301 52 202 52 HUTS,
1577 54 360 55 SATURDAY,
2003 58 272 47 AUGUST
2342 75 70 33 22.
2486 66 119 51 10S5.

2526 5890 136 35 Printed
2679 5895 63 31 and
2760 5896 173 42 published
2956 5900 49 34 for
3023 5902 56 35 the
3103 5905 185 43 Proprietor

2568 5937 41 42 by
2625 5938 31 33 J.
2675 5939 34 33 b.
2728 5940 108 41 Clark,
2854 5951 34 26 at
2904 5945 55 35 the
2978 5948 190 41 Registered
3188 5954 99 35 Office

2568 5989 32 26 ot
2608 5984 54 33 the
2680 5989 18 14 '
2709 5986 94 43 Lyell
2967 5994 78 34 Cliff
3056 5996 116 42 Street,
3182 5999 105 43 Lyell,

2568 6029 132 45 County
2717 6032 35 33 of
2763 6033 123 43 Buller,
2905 6037 127 46 Colouy
3050 6043 34 33 of
3094 6043 80 35 N.Z.

965 2214 50 31 An
1033 2212 52 33 old
1101 2212 151 33 widower
1268 2223 83 30 says,
1414 2212 107 31 When
1534 2223 64 31 you
1616 2224 62 31 pop

927 2259 52 33 the
996 2258 159 44 question,
1174 2258 39 34 do
1230 2258 24 33 it
1270 2258 78 33 with
1371 2270 18 22 a
1410 2258 81 34 kind
1514 2259 35 33 of
1569 2259 109 40 laugh,

925 2318 35 20 as
990 2306 26 32 if
1035 2316 66 33 you
1125 2317 82 21 were
1236 2305 124 42 joking.
1406 2306 32 31 If
1464 2305 58 33 she
1553 2311 125 37 aecepts

924 2363 76 31 you,
1017 2363 75 28 very
1111 2351 93 39 well;
1227 2351 28 31 if
1268 2351 56 32 she
1341 2351 76 32 does
1440 2356 67 33 not,
1531 2363 65 31 you
1619 2363 58 21 can

925 2410 57 30 say
998 2410 63 30 you
1078 2409 82 22 were
1176 2396 76 43 only
1269 2397 33 32 in

1850 197 223 45 SANDER
2100 201 30 42 &
2159 198 146 44 SOUS'

1698 247 400 45 EUCALYPTI
2148 249 306 43 EXTRACT.

1744 349 59 34 (I)e
1810 349 3 34 :
1819 350 101 31 Hsc'ie
1954 351 83 30 Med.
2072 350 257 31 W.Ki'.iuusclir.rs
2365 349 86 34 IS7.M

1702 393 54 33 Mo
1780 394 52 37 liT,
1854 395 99 40 M.D.,
1972 397 163 31 Professor
2152 403 26 24 ;il
2200 395 52 32 the
2269 394 188 41 University
2473 391 2 51 j

1702 441 202 37 Greifswald,
1951 444 174 40 Germany.
2175 449 122 35 reports
2316 451 49 22 :
2389 442 68 30 The
2473 437 2 47 !
2489 437 1 47 i

1704 487 170 43 Eucalypti
1900 488 135 32 Extract
2065 488 120 43 provetl
2210 486 247 42 magnificently

1702 534 176 31 successful
1916 536 31 30 in
1987 546 75 30 very
2109 546 108 20 severe
2256 533 199 36 contusions,
2474 533 2 43 j

1705 579 129 37 bruises,
1848 591 54 31 spr
1913 580 72 38 iins,
1998 580 142 38 wounds,
2151 580 123 32 sealdin
2288 592 35 25 js.
2335 579 120 32 broken

1705 625 72 37 ribs,
1789 637 39 19 an
1846 627 5 30 I
1869 628 102 29 Imi.K.
2014 627 25 31 It
2056 640 25 18 e.
2086 627 154 41 fectu;illy
2254 633 88 33 stays
2355 626 42 30 -ill
2409 626 46 30 in-
2474 625 2 45 j

1706 670 16 32 ,1
1738 670 2 41 :
1750 673 155 32 inin.'ltioil
1926 687 14 18 :t
1948 685 15 19 M
1982 670 3 41 I
2006 675 156 36 Spelling.
2209 673 86 32 Also.
2323 684 52 20 t;ie
2394 684 61 19 SC.'"-
2475 670 1 41 .

1707 719 80 30 vices
1879 731 56 19 vet
1953 728 45 22 lo
2018 731 51 20 un
2085 732 27 18 ni
2133 720 39 30 all
2184 719 161 31 disorders
2359 727 30 21 ot
2405 719 52 30 the
2475 718 2 33 ;

1706 774 29 20 re
1748 764 55 32 <,)ir
1816 764 17 43 11
1843 777 53 29 1cy
1911 777 96 25 organ
2017 779 20 23 s,
2052 779 34 18 as
2098 778 107 29 croup.
2222 764 28 43 di
2271 764 18 43 >t
2308 764 50 43 ii.
2375 781 19 17 i,
2413 778 32 17 i;i-

1706 808 17 31 il
1738 822 79 19 uiini
1843 808 19 36 t;
1867 823 17 17 <>
1891 808 3 36 ;
1902 825 7 19 l
1940 814 35 28 or'
1998 821 7 21 t
2013 814 37 28 lie
2080 812 16 28 1)
2103 823 18 18 i\
2129 808 13 36 11
2151 824 14 17 ii
2172 808 13 36 .
2193 823 18 17 ii
2225 812 21 28 id
2274 819 89 21 tme-
2394 811 84 29 ail'

1705 854 103 38 lungs.
1827 870 100 20 c.iron
1945 871 13 16 c
1984 868 141 24 catu'rn,
2145 855 188 34 bro.'cuius,
2359 859 46 28 col
2422 857 35 36 is,
2476 854 3 40 ;

1705 903 64 32 ifcc.,
1788 914 52 20 are
1862 916 51 18 iiol
1940 915 29 19 Lo
2041 916 37 28 e<]
2095 903 94 31 lallod
2216 905 38 38 by
2278 913 62 30 any
2366 913 93 20 otner
2477 903 1 41 i

1707 946 230 37 nuediiMiueut.
2478 946 2 44 I

1740 1005 156 44 Sandar
1930 1005 80 44 and
2049 1005 114 43 Son's
2205 1004 219 56 Eucalypti
2478 993 3 67 |

1998 1058 182 41 Extract.

1748 1110 114 38 Lister,
1890 1110 100 36 M.D.,
2016 1110 174 36 Professor,
2224 1110 63 36 &e.,
2313 1108 69 33 Lou
2393 1108 67 33 lon.
2479 1104 2 44 !

1706 1157 54 31 tlie
1782 1157 142 38 Leading
1948 1167 137 29 surgeon
2104 1158 33 30 of
2153 1157 52 32 the
2224 1164 128 35 present
2370 1163 90 29 tune,
2479 1143 3 59 |

1706 1202 105 33 stated
1828 1209 32 25 at
1877 1202 53 32 the
1948 1202 61 33 last
2032 1204 143 38 meeting
2192 1204 34 30 of
2246 1203 53 32 the
2324 1202 137 32 Clinical

1708 1248 137 43 Society,
1859 1249 189 38 London,as
2065 1249 168 44 published
2256 1261 19 20 n
2288 1253 28 29 (j
2329 1248 133 33 iillard's

1707 1297 138 32 Medical
1869 1297 148 32 Jonrnd,
2037 1298 31 30 tli
2085 1305 20 24 it
2126 1298 50 31 die
2203 1298 171 40 Eucalypii
2399 1297 41 31 Ex-

1707 1348 82 28 tract
1805 1343 26 31 is
1848 1344 53 30 the
1921 1343 66 32 best
2004 1341 119 35 known
2147 1343 171 43 antiseptic
2338 1344 125 41 (means

1707 1403 28 20 oi
1757 1391 188 39 preventing
1962 1402 18 30 p
1998 1392 90 29 itnda
2102 1391 100 35 -tion).

1731 1447 155 46 Sanbr
1927 1446 83 47 anl
2057 1446 113 45 Sn'.s
2220 1447 223 58 Sasalypti

1993 1501 179 44 Extract.

1751 1557 8 34 f
1773 1555 161 32 -Linericau
1956 1555 135 33 Meaicai
2106 1555 147 37 Journal,
2273 1555 191 34 November.

1709 1604 89 33 1881)
1817 1613 81 20 m
1916 1602 139 32 diseases
2072 1604 34 30 of
2128 1604 52 30 tiie
2204 1602 132 43 kidney,
2362 1604 104 31 either

1709 1648 102 34 active
1829 1649 187 42 congestion
2031 1660 34 21 or
2076 1650 207 42 suppression
2304 1649 158 39 (anemia)

1709 1696 41 30 all
1767 1694 228 37 albuminuria,
2013 1695 129 40 dropsy,
2160 1696 151 36 lithiasis,
2330 1697 136 37 nothing

1710 1739 64 35 will
1791 1739 94 44 equal
1902 1740 33 33 in
1952 1740 40 33 its
2006 1740 106 34 action
2132 1740 176 46 Eucalypti
2321 1741 144 35 Extract.

1712 1788 112 35 Doses,
1856 1788 62 31 five
1947 1792 33 26 to
2010 1788 89 41 eight
2133 1788 97 42 drops
2259 1791 33 30 in
2330 1802 17 19 a
2384 1790 82 31 little

1710 1833 182 34 sweetened
1921 1839 101 28 water
2051 1839 92 29 twice
2177 1847 36 21 or
2241 1834 92 36 three
2371 1835 96 35 times

1710 1881 98 41 daily.

1735 1938 155 45 Sander
1932 1938 81 45 and
2068 1938 114 47 Son's
2224 1940 221 58 Eucalypti

2001 1993 181 43 Extract.

1755 2044 110 40 (From
1879 2044 173 35 American
2067 2046 139 34 Medical
2216 2046 150 41 Journal,
2380 2047 88 39 Jan.,

1714 2093 101 38 1882).
1821 2093 160 38 Pitzer,
2017 2094 101 37 M.D.,
2145 2095 166 33 Professor
2340 2096 130 40 Theory

1712 2136 65 33 and
1794 2137 146 34 Practice
1955 2139 35 32 of
2005 2139 168 36 Medicine,
2188 2141 175 33 American
2379 2140 66 34 Med-

1714 2184 59 31 ical
1791 2184 142 39 College,
1951 2197 74 28 says
2039 2187 86 31 :lt
2140 2186 27 32 is
2181 2187 54 31 the
2252 2187 69 32 best
2335 2189 136 40 remedy

1714 2228 118 33 known
1855 2229 33 33 in
1914 2229 268 43 typhomalarial,
2206 2232 138 43 typhoid
2370 2232 100 40 fever,

1713 2276 185 42 erysipelas,
1911 2276 196 44 diphtheria,
2121 2279 115 33 scarlet
2250 2280 96 38 fever,
2361 2279 90 33 small-

1715 2334 70 29 pox.
1803 2324 66 37 &c,;
1893 2324 25 31 it
1941 2324 186 40 effectually
2144 2326 124 32 retards
2292 2327 55 31 the
2373 2327 81 31 disin-

1715 2368 158 40 tegration
1911 2369 35 32 of
1971 2369 56 32 the
2058 2371 123 32 animal
2218 2371 107 38 fluids,
2363 2373 108 32 which

1716 2415 103 37 might
1834 2415 101 32 result
1952 2416 33 32 in
2006 2428 18 20 a
2047 2418 130 38 general
2200 2418 217 43 breaking-up
2441 2420 35 31 f

1714 2460 54 32 the
1787 2460 94 33 blood
1898 2462 65 32 and
1978 2463 33 32 in
2029 2462 109 34 death.

1738 2516 156 46 Sander
1942 2519 82 44 and
2067 2519 115 45 Son's
2232 2521 220 57 Eucalypti

1994 2573 183 46 Extract.

1758 2625 112 36 (From
1912 2626 46 33 St.
2005 2629 99 31 Louis
2147 2629 141 34 Electric
2333 2630 141 34 Medical

1714 2671 148 38 Journal,
1902 2672 90 37 Dec.,
2032 2675 103 37 1881).
2198 2676 124 33 Cancer
2351 2677 35 32 of
2420 2677 54 32 the

1726 2717 407 42 TonguePatient,-Mrs.
2305 2749 7 14 ,
2329 2724 38 32 35
2380 2735 94 32 years

1716 2765 63 32 old.
1839 2765 166 34 Evidence
2035 2768 34 31 f
2095 2770 180 33 scrofulous
2307 2770 165 34 diathesis.

1717 2811 187 34 Prescribed
1926 2813 73 33 four
2027 2813 96 45 drops
2140 2821 32 27 to
2196 2815 38 34 be
2257 2815 99 36 taken
2384 2817 90 34 three

1717 2860 95 32 times
1840 2860 88 42 daily
1947 2872 6 28 ;
1978 2862 78 38 also,
2085 2871 120 32 tongue
2237 2865 117 33 wetted
2384 2865 90 33 three

1719 2906 93 31 times
1865 2906 79 31 with
1994 2908 54 32 the
2098 2909 178 43 Eucalypti
2326 2911 146 33 Extract.

1728 2951 127 31 Treated
1879 2963 34 20 as
1937 2952 101 33 above
2069 2954 48 32 for
2147 2956 73 31 four
2248 2956 118 40 weeks,
2395 2957 80 33 then

1718 2996 190 40 discharged
1925 2999 107 32 cured.

1763 3053 41 42 (.T.
1849 3055 38 31 il.
1928 3055 144 43 Rutfley,
2119 3058 102 37 M.D.,
2267 3060 98 38 Prof.,
2410 3062 64 37 &c.,

1720 3098 405 45 Philadelphia).Since,
2142 3104 33 31 in
2198 3104 55 33 the
2274 3116 71 23 case
2369 3105 35 33 of
2424 3107 52 31 Mr

1723 3147 132 37 Mercer,
1872 3150 31 28 ot
1923 3148 141 40 Kerang,
2081 3150 73 32 who
2171 3151 65 33 had
2246 3151 81 34 been
2344 3153 132 34 advised

1719 3191 42 41 by
1789 3192 55 33 tlie
1880 3192 137 34 Medical
2041 3195 123 33 officers
2190 3196 35 33 of
2243 3198 55 33 the
2330 3199 145 43 Bendigo

1721 3239 150 41 Hospital
1890 3248 31 23 to
1940 3240 81 32 have
2039 3241 51 32 his
2107 3248 118 33 tongue
2236 3245 165 40 removed,
2412 3246 64 33 like

1721 3285 147 41 splendid
1885 3287 118 32 results
2020 3288 81 33 have
2113 3290 144 33 attained
2265 3292 141 42 through
2420 3293 54 33 the

1720 3332 197 42 application
1934 3334 34 31 of
1980 3333 54 33 the
2051 3335 178 44 Eucalypti
2246 3337 146 35 Extract.

1744 3387 156 46 Sander
1941 3391 80 43 and
2072 3391 115 46 Son's
2236 3394 219 58 Eucalvpti

2002 3443 182 47 Extract.

1762 3497 99 32 Prom
1884 3497 55 32 the
1964 3498 136 34 Cluneal
2124 3500 136 39 Record,
2285 3503 35 32 of
2338 3504 138 42 August,

1723 3542 103 40 1881).
1901 3544 146 40 Surgical
2085 3546 102 32 Clinic
2233 3547 35 32 of
2311 3549 168 34 Prolessor

1725 3588 87 31 M-in
1818 3598 79 32 Lyre,
1936 3589 128 41 College
2100 3592 36 31 of
2175 3593 195 41 Physicians
2414 3598 63 31 and

1723 3635 173 38 Surgeons,
1912 3635 46 31 St.
1973 3635 294 36 LouisScirrlius
2278 3641 35 31 of
2321 3641 158 33 Breast
2489 3634 1 55 j

1724 3680 152 33 Excision
1891 3690 6 22 :
1916 3681 175 44 Eucalypti
2106 3683 137 35 Extract
2259 3686 174 46 employed
2444 3700 34 23 as
2489 3676 1 56 !

1722 3737 107 32 spray,
1860 3727 64 32 and
1955 3727 156 45 dressing.
2157 3731 102 41 Eight
2286 3733 80 42 days
2398 3735 81 33 after

1722 3772 167 43 operation
1909 3773 179 35 Professors
2104 3776 109 34 Bauer
2229 3779 64 33 and
2312 3780 166 45 M'lntyre
2489 3768 1 57 ;

1722 3820 97 31 noted
1863 3820 55 32 the
1961 3821 167 41 following
2170 3824 168 35 condition
2355 3836 50 22 :
2429 3829 49 32 H

1723 3864 155 42 swelling,
1895 3866 76 33 heat
1987 3878 35 22 or
2038 3867 239 42 discoloration,
2294 3883 79 23 near
2394 3885 36 22 or
2446 3876 33 31 in

1724 3911 53 31 the
1801 3911 129 38 wound,
1955 3913 105 32 which
2085 3914 58 33 has
2159 3916 114 33 united
2296 3918 82 42 fully
2392 3930 7 28 ;
2424 3921 54 32 the

1723 3958 123 42 patient
1862 3958 135 34 allowed
2013 3965 32 27 to
2062 3961 112 33 attend
2187 3967 30 29 to
2231 3962 57 34 her
2298 3964 181 37 household

1724 4004 104 32 duties
1844 4005 107 41 again.

1747 4048 156 47 Sander
1951 4050 81 45 and
2074 4052 116 47 Son's
2237 4053 221 63 Eucalypti

2002 4105 183 47 Extract.

1766 4167 148 43 (Clinical
1944 4168 135 40 Record,
2113 4172 88 43 Sept.
2234 4175 245 38 1880).The

1722 4215 173 31 American
1930 4215 139 33 medical
2105 4219 181 40 profession
2325 4233 82 27 uses,
2446 4225 34 31 in

1697 4260 13 46 .
1723 4260 202 44 gonorrhoea,
1951 4273 34 21 as
2001 4273 42 22 an
2066 4262 167 44 injection,
2252 4278 41 23 an
2317 4269 163 34 emulsion

1723 4309 34 30 of
1783 4320 60 21 one
1867 4319 103 22 ounce
1993 4320 77 32 gum
2098 4313 127 38 Arabic,
2253 4315 33 31 in
2314 4318 40 30 30
2383 4328 36 21 or
2439 4320 41 29 40

1703 4352 5 59 |
1723 4364 118 22 ounces
1857 4353 36 34 of
1905 4358 109 34 water,
2032 4356 129 42 applied
2177 4358 72 33 four
2266 4361 97 34 times
2380 4361 101 45 daily,

1703 4390 5 55 j
1728 4400 96 40 Eight
1846 4400 96 41 drops
1964 4400 97 41 given
2078 4403 170 40 inwardly,
2273 4418 80 22 once
2379 4408 101 42 daily,

1704 4446 4 51 j
1725 4451 149 37 prevents
1890 4446 184 43 effectually
2091 4452 259 34 contamination
2372 4455 34 32 of
2426 4455 55 33 the

1704 4485 4 52 j
1725 4492 95 33 blood
1836 4492 33 32 in
1886 4493 68 32 foul
1970 4493 135 34 disease.

1930 4585 22 33 C
1977 4586 28 32 A
2031 4587 26 33 U
2084 4588 24 32 T
2133 4588 144 36 lON.

1748 4640 156 47 Sander
1952 4642 82 46 and
2077 4643 114 49 Son's
2241 4647 221 61 Eucalypti

2018 4698 183 46 Extract.

1767 4748 59 43 (St.
1851 4748 87 34 Lous
1962 4749 136 36 Clinical
2116 4754 135 39 Record,
2276 4756 75 35 Jan.
2379 4759 103 34 1882).

1767 4796 143 37 Hazard,
1937 4797 88 31 M.D.
2051 4799 75 32 Prot
2159 4803 33 30 of
2215 4803 182 39 Pathology
2421 4806 65 31 and

1705 4841 4 56 j
1726 4841 149 33 Diseases
1900 4843 30 32 ot
1954 4842 54 34 the
2036 4844 101 41 Mind,
2171 4855 119 27 states:
2318 4850 58 33 We
2403 4850 81 35 have

1707 4887 2 50 :
1726 4887 171 33 examined
1920 4889 67 32 halt
2010 4901 17 21 a
2044 4891 101 34 dozen
2164 4896 181 41 specimens
2363 4897 35 33 of
2418 4899 63 32 Eu-

1707 4934 3 52 I
1726 4934 120 43 calypti
1857 4935 146 35 Extract.
2034 4937 152 37 Sander's
2198 4953 116 33 prepar
2323 4943 83 34 ition
2420 4957 65 22 was

1705 4976 5 55 J
1726 4981 54 30 the
1825 4983 77 38 only
1945 4994 60 20 one
2043 4986 108 31 which
2196 4991 213 41 corresponds
2453 4996 32 28 to

1706 5023 4 45 \
1726 5026 157 33 scientific
1900 5031 89 30 tests.

1768 5075 67 31 Our
1861 5076 208 41 preparation
2100 5078 26 33 is
2156 5079 55 34 the
2242 5082 79 44 only
2347 5083 139 46 existing

1728 5119 129 34 volatile
1881 5127 135 34 extract,
2041 5124 63 33 free
2122 5127 34 31 of
2176 5127 41 32 all
2242 5130 147 33 resinous
2414 5143 52 32 par-

1728 5166 99 32 ticles.
1881 5167 54 32 All
1970 5169 95 33 other
2101 5176 225 40 preparations
2363 5177 35 33 of
2432 5179 53 33 the

1697 5212 1 47 .
1729 5212 213 44 Eucalyptus,
1970 5225 41 23 no
2038 5223 119 29 matter
2189 5232 105 23 wnere
2321 5226 144 33 manufac-

1697 5259 1 56 -1
1728 5259 107 39 tnred,
1860 5270 53 21 rue
1931 5261 108 39 crude,
2056 5266 147 33 resinous
2228 5269 70 37 oils,
2323 5270 165 45 irritating

1730 5304 64 32 and
1820 5304 177 44 blistering,
2022 5309 110 34 rather
2148 5315 135 42 causing
2301 5315 164 36 inflamma-

1730 5357 66 25 tion
1820 5350 82 32 than
1926 5353 132 41 staying
2080 5361 34 32 it,
2133 5358 65 32 and
2222 5360 35 31 of
2276 5361 64 32 real
2366 5363 122 42 danger

1728 5395 23 33 it
1776 5397 191 44 errcnously
1989 5400 130 45 applied
2143 5404 34 34 in
2201 5405 108 35 throat
2334 5408 152 40 diseases,

1697 5444 1 36 ,
1728 5444 54 31 &c.

1772 5487 50 34 No
1850 5487 116 36 bottles
1989 5493 141 38 genuine
2152 5504 112 39 except
2288 5500 93 35 those
2408 5503 80 34 with

1697 5531 1 57 ,
1712 5531 2 57 j
1729 5535 101 32 labels
1857 5535 134 41 bearing
2015 5550 71 22 our-
2102 5543 167 40 signature
2302 5549 64 32 and
2399 5551 89 32 trade

1712 5581 2 59 :
1731 5581 105 39 nmk,
1864 5583 67 31 and
1955 5586 133 32 secured
2111 5591 128 33 outside
2264 5594 76 32 with
2366 5607 18 21 a
2411 5597 79 43 pink

1697 5623 1 54 [
1712 5623 2 54 I
1733 5638 144 33 wrapper
1915 5629 65 32 and
2015 5643 98 28 green
2159 5635 96 42 band,
2302 5640 54 34 the
2394 5643 96 34 latter

1697 5674 1 51 .
1713 5674 2 51 !
1733 5674 132 39 bearing
1881 5686 60 20 our
1958 5677 137 33 location
2114 5683 63 30 and
2192 5689 178 36 signature,

1713 5720 2 47 i
1773 5720 184 34 Directions
1973 5728 47 27 lor
2036 5734 55 24 use
2107 5726 80 34 with
2205 5731 78 33 each
2302 5732 111 35 bottle.

1697 5812 1 50 L
1754 5812 284 35 SANDER
2089 5818 136 36 AND
2277 5823 192 39 SONS'

1697 5860 1 41 -
1927 5860 194 41 Sandhurst,
2138 5865 155 36 Victoria.

1697 5941 1 63 |
1788 5952 289 34 DUNCAN
2145 5957 285 47 M'LEAN,

1939 6010 116 45 Agent,
2071 6013 215 44 Greymouth.

2596 224 97 33 THE
2721 223 163 37 STAMP
2914 226 101 44 ACT,
3047 228 98 34 1^75.

2570 343 14 30 \
2596 339 26 34 U
2638 339 107 35 HON
2825 342 218 35 Transferors
3060 344 68 33 and
3142 351 31 26 tr
3183 358 62 21 ans

2608 393 49 32 fer
2679 394 68 33 tees
2768 393 32 35 in
2819 393 76 45 fold
2918 393 134 49 mining
3066 394 67 37 and
3147 394 101 37 other

2493 443 199 47 companies
2725 445 68 35 and
2827 447 164 35 societies
3022 461 58 23 are
3111 449 139 35 warned

2493 497 56 44 iu;
2560 497 17 44 i
2597 510 13 17 s
2618 497 4 44 ;
2657 497 188 44 executing
2876 511 62 21 anv
2981 500 216 35 instrument
3217 499 37 36 of

2493 551 68 30 sale
2583 561 37 20 <w
2643 550 151 33 transfer
2816 563 43 20 un
2879 564 53 19 ess
2951 552 57 34 the
3024 564 99 22 name
3139 557 32 27 of
3193 552 58 36 the

2496 601 188 44 pun-baser
2720 614 37 20 or
2795 605 197 33 transferee
3034 603 28 35 is
3095 604 156 37 inserted

2495 653 97 33 tiii-fc
2613 666 15 19 n
2668 666 17 19 a
2692 661 8 9 v
2741 666 38 21 or
2813 656 49 32 I'd
2885 668 45 20 we
2967 655 59 35 the
3064 665 184 28 executimi

2497 709 4 40 t
2514 709 14 40 -.
2544 709 3 40 '
2559 709 4 40 i
2664 720 15 19 a
2705 720 183 20 tha.iniirn
2926 723 28 25 i(
2973 709 65 33 ualt
3050 717 71 32 yof
3192 713 60 31 Lt)i)

2497 760 29 42 u
2535 773 48 19 i.f
2652 769 130 24 -c*ftion
2834 760 72 38 10),
2953 761 100 41 being
3090 761 159 37 incurred

2497 821 10 21 t
2579 814 72 30 riiv.
2706 812 78 44 Any
2822 824 39 21 n
2870 812 3 44 1
2880 826 5 18 1
2902 821 63 24 iiist
2977 823 150 33 rument,
3144 828 80 21 more-

2496 877 94 22 cvrr,
2612 877 35 17 so
2809 862 25 36 is
2867 866 197 45 aoso.uteiy
3088 868 75 34 void
3185 868 66 37 and

2498 915 153 43 111j11-:*:.ii
2664 915 61 43 ive,
2758 917 66 32 and
2854 917 82 33 doe.-*
2966 926 60 24 not
3047 920 115 33 divest
3196 921 57 32 the

2499 975 62 25 trai
2582 976 110 24 slrrw
2713 971 31 31 of
2782 969 49 33 Ins
2851 978 147 26 interest
3019 971 148 43 therein,
3186 974 66 35 and

2500 1027 39 25 he
2561 1032 146 22 irniAiiis
2730 1020 102 36 hahle
2854 1026 145 30 thereon
3020 1036 36 20 as
3078 1023 26 35 it
3132 1025 38 34 he
3191 1025 62 38 had

2501 1085 15 18 i!
2546 1084 25 17 v<
2591 1073 3 40 .
2625 1073 162 40 disposed
2809 1073 31 40 oI
2878 1073 57 33 the
2956 1088 104 20 same.
3130 1075 31 35 It
3198 1078 57 34 the

2500 1129 194 29 transferor
2730 1125 38 34 be
2790 1138 16 21 a
2842 1125 152 36 licensed
3024 1125 233 41 sharebroker

2502 1177 14 30 h
2538 1193 12 14 s
2573 1179 127 30 licrn<e
2736 1190 27 22 is
2796 1180 165 32 forfeited
2994 1192 42 20 on
3060 1181 197 36 convictnin

2500 1230 62 50 aini
2587 1230 188 36 therrafter
2808 1231 40 34 he
2869 1242 26 23 is
2926 1231 218 49 disqualified
3177 1233 87 40 from

2500 1284 118 33 *.-tii*
2650 1299 36 18 as
2722 1298 15 21 a
2761 1284 126 35 broker
2907 1299 39 21 or
2979 1291 85 31 fiota
3104 1287 120 48 having
3248 1305 18 21 a

2503 1336 89 34 Iresli
2617 1336 129 37 license
2761 1338 114 35 issued
2899 1345 34 27 to
2951 1339 29 34 In
2987 1351 42 23 hi.

2599 1469 107 36 POS
2723 1470 74 36 TA
2817 1470 30 36 G
2875 1471 22 35 E
2950 1473 29 35 J{
2995 1472 117 36 ATK
3127 1478 22 31 5
3165 1503 5 7 .

2728 1617 105 25 TOWN
2864 1618 174 25 LETTERS.

2550 1656 128 38 Pasted
2715 1665 36 31 at
2780 1673 66 33 any
2881 1660 86 36 Post
3001 1660 110 38 Office
3147 1661 122 41 within

2504 1719 57 36 the
2582 1720 122 49 colony
2727 1724 52 32 for
2799 1722 155 49 delivery
2972 1729 35 29 at
3027 1735 37 23 or
3080 1724 87 36 from
3184 1726 85 36 such

2507 1785 82 36 Post
2612 1786 110 37 Office
2744 1801 55 21 :

2507 1854 68 37 Not
2594 1856 192 45 exceeding
2805 1856 73 37 half
2897 1871 41 22 an
2960 1872 113 23 ounce
3139 1891 35 8 ...
3232 1863 40 37 Id

2509 1910 198 44 Exceeding
2728 1910 73 37 half
2817 1924 40 23 an
2880 1924 123 33 ounce,
3036 1915 61 36 but
3118 1919 62 32 not

2551 1965 193 42 exceeding
2764 1978 66 23 one
2850 1978 114 24 ounce
3139 2000 35 8 ...
3229 1971 43 36 2d

2511 2016 31 34 K
2559 2030 15 21 r
2592 2030 106 23 everv
2722 2018 69 33 halt
2812 2031 111 22 ounc
2943 2032 82 22 over
3044 2033 67 23 one
3141 2051 36 8 ...
3233 2025 41 35 Id

2702 2098 176 26 COUNTRY
2897 2100 175 28 LETTERS.

2559 2138 122 37 Posted
2704 2147 35 28 at
2758 2152 67 34 any
2858 2147 79 40 post
2955 2141 99 39 office
3074 2143 119 38 within
3217 2145 59 39 the

2507 2204 123 45 colony
2670 2208 51 29 !or
2759 2202 157 47 delivery
2949 2211 36 28 at
3017 2218 39 22 or
3088 2208 87 34 from
3210 2222 67 35 any

2507 2265 102 37 other
2625 2274 76 39 post
2717 2265 98 37 office
2838 2267 120 38 within
2980 2267 60 38 the
3058 2272 124 49 colony
3198 2288 6 21 :

2514 2335 68 35 Not
2601 2337 193 43 exceeding
2815 2336 74 36 half
2904 2350 43 23 an
2969 2352 114 23 ounce
3141 2371 34 11 ...
3232 2344 41 34 2d

2514 2389 196 47 Exceeding
2732 2388 67 37 half
2820 2402 42 23 an
2883 2403 124 35 ounce,
3027 2393 63 36 but
3120 2399 63 31 not

2554 2454 105 23 excre
2676 2443 70 45 ling
2763 2455 65 22 one
2847 2455 114 25 ounce
3142 2477 35 7 ...
3231 2449 44 35 4d

2514 2493 64 36 For
2613 2508 103 32 every
2748 2508 41 23 aa
2794 2495 6 25 ]
2808 2495 15 36 f
2855 2509 113 24 ouwee
2998 2510 85 24 over
3118 2513 67 24 one

2556 2560 113 25 unce
2764 2580 36 7 ...
2954 2582 37 8 ...
3142 2584 36 8 ...
3233 2555 43 38 2d

2662 2642 237 27 AUSTRALIAN
2927 2644 197 28 COLONIES.

2516 2702 69 36 Xot
2604 2704 192 46 exceeding
2817 2705 74 37 half
2914 2719 42 23 an
2977 2721 113 24 ounce
3143 2742 37 8 ...
3234 2712 44 38 2d

2516 2757 195 46 Exceeding
2730 2757 76 39 half
2832 2773 44 23 an
2896 2774 123 32 ounce,
3041 2763 64 37 but
3123 2771 63 31 not

2556 2814 193 44 exceeding
2768 2825 66 25 one
2855 2825 112 27 ounce
3144 2850 35 8 ...
3233 2820 47 38 M

2516 2865 64 36 For
2614 2880 102 34 every
2749 2865 75 38 half
2855 2883 113 22 ounce
3005 2883 83 24 ever
3120 2886 66 24 one

2557 2931 114 24 unce
2765 2948 37 10 ...
2953 2950 38 11 ...
3142 2956 36 8 ...
3233 2926 45 38 2d

2537 3008 172 26 ENGLAND
2736 3009 76 25 ANB
2839 3010 169 26 FOREIGN
3026 3012 224 31 COUNTRIES.

2723 3084 69 36 Per
2812 3086 92 35 Half
2933 3086 138 38 Ounce.

2516 3135 130 38 United
2673 3136 188 49 Kingdom,
2895 3139 53 37 via
2977 3144 68 33 Sau
3073 3140 89 39 Fran-

2558 3201 92 24 cisco
2669 3190 70 36 aud
2765 3192 89 36 Suez
3144 3221 38 9 ...

2518 3241 129 37 United
2685 3244 118 35 States
2838 3243 38 36 of
2917 3244 175 48 America,
3135 3250 52 36 via

2559 3298 68 33 San
2650 3296 193 37 Francisco
3147 3332 37 8 ...

2514 3350 182 35 Sandwich
2716 3349 153 47 Islands,
2899 3351 54 38 via
2987 3351 70 38 San
3076 3352 111 40 Fran-

2516 3453 178 38 Canadian
2739 3455 226 49 Dominions,
3008 3458 56 39 via
3120 3460 69 40 San

2563 3508 192 36 Francisco
2958 3542 35 8 ...
3147 3546 37 8 ...
3239 3519 44 37 8(1

2520 3559 126 36 British
2671 3561 188 38 Columbia
2957 3595 37 8 ...
3147 3598 37 8 ...
3250 3571 12 35 ]
3271 3585 14 23 s

2519 3612 101 36 West
2639 3612 122 37 Indies
2955 3647 36 8 ...
3144 3650 36 9 ...
3247 3625 37 35 la

2521 3665 146 43 Mexico,
2688 3665 52 36 via
2756 3666 69 37 San
2847 3667 195 40 Frascisco
3145 3704 37 8 ...

2516 3719 144 35 Central
2686 3719 164 37 America
3146 3758 36 7 ...
3248 3732 12 34 ]
3271 3745 15 21 8

2516 3770 110 43 South
2646 3770 174 48 America,
2838 3772 54 39 via
2908 3774 68 39 San
2994 3775 192 44 Francisco
3247 3786 38 38 la

2771 3853 262 30 NEWSPAPERS.

2521 3909 125 36 Posted
2682 3923 19 21 a
2750 3923 68 31 any
2850 3912 99 37 office
2983 3914 123 39 within
3134 3918 61 37 the

2562 3961 123 49 colouy
2707 3970 54 30 tor
2780 3964 155 51 delivery
2954 3973 38 31 at
3019 3967 60 38 the
3097 3984 96 26 same

2960 4050 36 7 ...
3148 4050 39 10 ...
3241 4028 44 45 id

2521 4067 126 37 Posted
2679 4078 37 26 at
2746 4081 70 37 any
2847 4069 99 40 office
2979 4072 124 40 within
3130 4076 63 40 the

2562 4121 125 47 colony
2708 4122 53 35 for
2781 4123 152 47 delivery
2955 4132 36 29 at
3006 4139 68 36 any
3090 4129 106 38 other

2563 4172 98 38 office
2681 4173 120 38 within
2822 4175 58 37 the
2899 4177 128 48 colony
3153 4214 36 8 ...

2519 4225 206 37 Australian
2742 4227 169 37 Colonies
3154 4266 37 8 ...

2523 4276 129 38 United
2674 4278 185 48 Kingdom
3151 4320 36 8 ...
3243 4293 44 37 2d

2707 4358 67 38 Via
2794 4360 68 37 San
2891 4361 209 43 Francisco.

2497 4421 2 52 ,
2521 4421 131 36 United
2676 4422 119 37 States
2815 4426 33 33 of
2867 4426 168 37 America
3153 4463 36 8 ...
3245 4437 42 36 id

2521 4473 182 38 Sandwich
2722 4474 142 39 Islands

2521 4527 177 35 Canadian
2721 4528 213 38 Dominions
3153 4568 36 8 ...
3243 4542 42 35 26

2526 4578 128 37 British
2679 4580 187 41 Columbia
3153 4623 37 7 ...
3243 4595 44 37 2d

2526 4631 98 37 West
2645 4632 122 38 Indies
3242 4648 45 37 2d

2522 4684 142 37 M<>ico
3243 4702 44 35 2d

2522 4737 144 37 Central
2690 4740 161 39 America
3153 4781 35 10 ...
3243 4753 44 38 2d

2521 4790 112 35 South
2655 4795 186 36 Amerrica
3153 4833 37 8 ...
3244 4806 43 36 2d

2756 4875 101 27 BOOK
2883 4878 167 28 PACKETS

2499 4914 5 10 i

2528 4935 124 39 Posted
2684 4941 36 33 at
2749 4951 68 37 any
2848 4942 97 38 office
2979 4946 123 36 within
3135 4948 61 37 the

2568 4991 125 47 colony
2714 4991 54 35 for
2787 4995 153 44 delivery
2960 5005 35 26 at
3015 4998 59 35 the
3090 5011 106 34 same,

2570 5042 120 38 within
2728 5044 61 37 the
2824 5046 138 50 colony,
2998 5049 61 36 the
3102 5052 71 38 Aus-

2569 5097 126 36 tralian
2900 5115 39 22 or
2970 5103 60 37 the
3062 5103 136 41 United

2572 5149 181 45 Kingdom
2853 5184 36 8 ...
2992 5158 62 35 loz
3155 5191 36 8 ...
3247 5164 40 36 Id

2852 5237 36 8 ...
2989 5212 64 35 2oz
3154 5244 36 8 ...
3245 5217 42 37 2d

2619 5256 54 36 1)0
2854 5291 36 7 ...
2991 5263 61 43 *lb
3154 5297 36 8 ...
3245 5270 42 36 4d

2617 5308 56 38 1)0
2747 5362 37 8 _
2855 5344 35 7 ...
2996 5315 56 38 Hb
3154 5351 36 7 ...
3245 5322 42 37 U

2531 5362 108 47 Lvery
2676 5362 193 39 additioaal
2898 5369 131 45 pound,
3047 5383 40 22 or
3107 5370 75 39 frac-

2505 5414 2 54 i
2572 5414 109 38 tional
2699 5423 78 43 part
2796 5419 35 36 of
2850 5433 19 23 a
2891 5422 120 46 pouud
3250 5430 37 36 gd

3159 5457 35 9 ...

2725 5497 68 39 Via
2813 5499 67 38 San
2903 5498 203 45 Francisco.

2528 5569 132 38 United
2697 5573 131 44 States,
2858 5589 107 35 every
3003 5579 57 43 Jib
3163 5614 35 7 ...
3252 5588 21 34 4
3278 5600 9 23 C

2507 5624 2 54 |
2527 5624 181 37 Sandwich
2733 5626 134 40 Islands
3160 5668 35 8 ...
3250 5641 37 35 fa

2528 5677 177 38 Canadian
2728 5680 211 40 Dominions
3014 5715 20 16 ~
3161 5720 36 7 ...
3250 5694 23 34 g

2530 5727 130 38 British
2685 5732 186 39 Columbia
3017 5769 19 16 J9
3161 5774 35 7 ...
3250 5747 37 34 @<j

2532 5779 100 37 West
2652 5782 125 37 ludies
