4201 5984
146 224 56 31 The
226 224 95 30 Venus
345 233 135 29 company
504 223 24 29 is
552 223 27 29 in
604 221 72 35 luck,
701 221 40 30 for

113 265 88 34 rarely
222 273 34 18 on
277 264 55 27 this
353 264 83 27 Coast
454 264 50 25 has
526 263 65 26 such
606 271 15 18 a
635 262 66 34 spell
715 262 30 25 of

112 301 54 28 fine
180 300 119 29 weather
311 299 145 30 continued
468 308 30 19 as
515 299 72 28 since
600 299 55 28 this
668 306 54 19 com-

113 350 73 26 pany
207 339 59 30 first
281 339 102 29 started
402 337 152 37 operations
567 346 36 19 on
626 337 44 28 the
684 346 42 18 sur-

113 379 67 26 face.
217 378 27 27 It
257 375 49 29 has
319 371 112 33 enabled
447 376 75 26 them
537 380 27 22 to
577 379 45 31 get
634 373 107 37 rapidly

113 424 35 19 on
169 414 64 29 with
256 414 45 29 the
321 414 73 28 work
416 413 113 28 without
550 411 148 28 hindrance
712 421 30 17 or

113 452 141 29 drawback
268 461 6 25 ;
294 462 16 18 a
324 452 95 36 saving
431 456 28 22 to
476 451 45 27 the
540 459 135 27 company
688 449 53 28 and

113 502 16 18 a
142 492 70 28 boon
235 496 27 23 to
275 491 46 28 the
334 500 73 18 men.
444 490 57 27 The
520 498 64 27 rope
606 488 49 27 has
675 487 65 28 been

113 529 134 29 stretched
261 529 82 35 along
361 529 45 28 the
419 528 63 30 line,
502 527 65 28 both
586 526 67 28 ends
665 526 76 36 lying

113 578 61 18 now
183 572 28 24 at
219 568 46 28 the
273 567 107 37 battery
390 566 82 36 ready
480 566 41 27 for
529 565 122 37 splicing.
684 564 57 27 The

113 606 75 29 work
201 607 30 28 of
240 606 121 35 hanging
373 605 46 29 the
432 604 112 29 buckets
562 603 56 29 will
631 603 65 28 then
709 602 32 28 be

113 645 148 37 proceeded
282 644 77 34 with,
372 644 54 28 and
445 644 127 34 allowing
590 643 40 27 for
651 642 91 35 delays

113 682 56 31 and
190 684 166 33 alterations,
378 680 178 31 unavoidable
577 680 28 28 in
626 679 35 29 all
682 689 60 19 new

113 722 204 37 undertakings,
342 720 161 37 everything
529 719 98 29 should
656 718 33 30 be
714 718 27 29 in

113 762 70 36 good
212 761 123 34 working
364 760 78 28 order
475 759 54 27 and
559 758 46 28 the
636 757 106 36 battery

113 799 129 37 crushing
266 799 28 27 in
320 809 16 17 a
359 797 139 36 fortnight.
534 797 37 27 At
597 795 46 28 the
668 795 73 28 mine

114 838 63 36 they
193 848 44 18 are
259 836 113 30 blocked
385 845 36 28 up
434 835 66 29 with
523 838 77 24 stone
623 834 54 27 and
698 843 43 18 are

114 878 114 28 anxious
242 886 35 20 on
289 885 85 27 many
386 877 129 27 accounts
531 876 28 26 to
572 877 45 31 get
629 873 21 28 it
663 882 78 28 away

114 917 53 28 and
181 917 66 28 hear
266 915 45 30 the
324 914 45 30 old
386 913 107 38 battery
511 912 138 38 stamping
661 917 47 24 out
726 922 16 18 a

113 948 137 37 dividend*

600 990 107 28 Thady.

311 1083 232 29 LATEST

148 1141 242 41 CABLE
478 1140 236 41 NEWS.

393 1263 125 35 London,
532 1262 139 38 February
683 1263 24 28 2.

148 1315 66 28 Earl
228 1313 139 29 Granville
379 1312 51 29 has
450 1312 68 29 been
539 1310 164 31 summoned
715 1315 28 24 to

114 1362 121 29 Osborne
249 1361 35 37 by
297 1360 60 29 Her
369 1360 118 36 Majesty
500 1359 46 29 the
559 1360 102 34 Queen.

148 1409 58 29 The
231 1407 82 38 Daily
343 1407 81 29 News
454 1401 56 34 this
539 1406 127 36 morning
696 1415 29 19 an-

113 1465 120 20 nounces
245 1455 47 29 the
304 1454 136 35 following
452 1463 30 19 as
494 1453 47 29 the
559 1453 144 38 personnel
716 1453 29 28 of

113 1503 45 31 the
172 1514 59 19 new
246 1503 182 37 Ministry:—

148 1552 45 27 Mr
212 1551 158 32 Gladstone,
533 1548 54 29 and
610 1548 115 29 Chancel-

113 1599 41 28 lor
166 1598 29 29 of
206 1598 44 29 the
263 1597 169 38 Exchequer.

148 1648 44 28 Sir
210 1646 124 30 William
351 1646 110 29 Vernon
480 1644 146 33 Harcourt,
650 1645 91 28 Home

113 1695 150 36 Secretary.

148 1743 43 28 Sir
202 1743 73 29 John
289 1742 97 29 Farrer
398 1740 152 35 Herschell,
572 1740 73 29 Lord
665 1739 74 38 High

111 1790 169 28 Chancellor.

146 1837 132 30 Viscount
291 1835 157 39 Hampden,
461 1835 72 30 Lord
547 1835 82 37 Privy
643 1835 70 30 Seal.

147 1886 44 28 Mr
204 1885 132 34 Childers,
351 1885 141 36 Secretary
504 1884 41 28 for
557 1884 74 28 War.

148 1933 43 28 Mr
221 1933 202 32 Chamberlain,
448 1933 73 28 First
548 1932 73 29 Lord
645 1932 30 29 of
696 1932 46 29 the

110 1982 163 36 Admiralty.

147 2029 44 30 Mr
214 2027 149 35 Mundella,
383 2026 140 32 President
541 2027 30 30 of
586 2027 45 31 the
652 2027 90 31 Board

112 2078 31 27 of
152 2077 97 28 Trade.

146 2124 44 28 Mr
209 2123 75 29 John
304 2122 116 37 Morley,
442 2122 81 29 Chief
541 2122 140 37 Secretary
703 2122 40 29 for

111 2171 119 28 Ireland.

144 2219 28 28 It
184 2218 23 28 is
229 2218 86 29 added
330 2218 67 33 that,
411 2217 140 38 probably,
571 2216 65 28 Earl
658 2217 65 36 Spen-

110 2275 44 20 cer
167 2265 54 30 will
235 2265 31 30 be
280 2264 144 38 appointed
438 2264 115 38 Viceroy
566 2264 30 29 of
605 2263 89 28 India.

146 2313 71 28 Lord
231 2312 157 37 Kiraberley
401 2312 55 28 will
469 2321 34 27 go
524 2317 27 23 to
565 2312 46 28 the
625 2311 116 36 Foreign

111 2361 93 29 Office.

146 2408 72 29 Lord
239 2408 151 38 Ptoseberry
403 2408 56 28 will
476 2407 62 29 take
557 2406 47 30 the
617 2406 124 29 Colonial

111 2455 215 38 Secretaryship.

146 2505 73 28 Lord
244 2504 139 29 Granville
410 2503 56 29 will
495 2503 32 29 be
558 2502 80 29 made
668 2502 73 30 Lord

113 2553 141 27 President
266 2552 30 28 of
306 2552 45 28 the
365 2551 123 29 Council.

146 2599 118 30 Tenders
287 2608 71 20 were
382 2598 103 38 opened
511 2597 96 37 to-day
631 2597 41 29 for
694 2597 47 30 the

111 2648 139 28 Victorian
275 2647 62 28 loan
362 2646 30 28 of
417 2647 162 30 £1,500,000
603 2650 28 24 at
654 2647 16 26 4
694 2655 48 27 per

111 2699 82 29 cent.,
211 2694 46 29 the
277 2693 147 29 minimum
438 2693 30 28 of
484 2693 89 28 which
594 2702 56 19 was
672 2693 69 28 fixed

110 2745 29 25 at
170 2742 81 28 £lO2.
288 2741 57 28 The
373 2741 66 28 total
469 2745 115 24 amount
612 2740 130 29 tendered

110 2799 56 19 was
192 2790 187 31 £11,000,000.
416 2788 119 29 Tenders
562 2792 29 24 at
616 2789 71 28 £lO6
712 2789 30 28 8s

111 2836 35 30 Gd
158 2837 54 29 will
232 2837 104 29 receive
355 2838 33 27 22
401 2845 47 29 per
466 2840 70 25 cent,
558 2835 30 30 of
605 2836 72 29 their
694 2845 30 29 ap-

110 2886 137 35 plication,
261 2884 53 28 and
328 2884 84 28 above
426 2884 59 28 that
498 2884 28 27 in
536 2884 58 27 full.

144 2930 121 28 Tenders
295 2938 69 20 were
395 2929 56 28 also
487 2929 104 37 opened
625 2929 41 29 for
695 2929 46 29 the

110 2978 166 35 Wellington
318 2977 129 29 Harbour
489 2977 90 28 Board
629 2977 62 28 loan
715 2978 30 27 of

112 3025 133 33 £500,000
265 3027 27 26 at
311 3025 33 35 4£
365 3032 48 29 per
433 3027 72 30 cent,
527 3023 46 28 the
594 3023 147 29 minimum

111 3074 30 27 of
159 3073 90 29 which
270 3083 55 17 was
349 3074 59 33 97£.
445 3072 58 28 The
522 3072 87 28 whole
628 3076 114 24 aniouut

111 3129 54 20 was
190 3118 163 34 subscribed,
378 3119 138 28 tenderers
543 3122 29 25 at
599 3119 72 29 £lO2
696 3120 47 27 16s

111 3168 136 36 receiving
267 3170 33 26 56
320 3177 47 28 per
389 3172 71 24 cent,
482 3168 29 28 of
532 3168 72 28 their
625 3168 102 37 applica-

111 3215 72 29 tions
195 3215 54 29 and
263 3215 83 29 above
360 3215 61 29 that
434 3215 28 29 in
476 3215 59 29 full.

619 3255 90 25 Later.

146 3299 56 29 The
228 3300 66 28 total
320 3298 197 39 subscriptions
535 3300 41 27 for
600 3299 47 28 the
672 3299 54 28 Wel-

113 3348 106 35 lington
243 3348 126 27 Harbour
392 3348 91 27 Board
508 3348 65 27 loan
597 3346 147 29 amounted

112 3399 28 25 to
153 3403 65 21 over
232 3394 142 33 £'350,000.

331 3471 202 29 LATEST

130 3524 371 39 AUSTRALIAN
553 3523 173 40 NEWS.

421 3636 106 31 Perth,
547 3635 123 38 January
687 3636 25 28 2.

150 3687 57 27 The
233 3687 121 26 German
378 3685 103 35 barque
507 3685 68 26 Mire
600 3685 89 30 Flora,
721 3685 30 26 of

116 3735 51 29 500
186 3737 71 31 tons,
277 3731 92 32 bound
393 3731 70 30 from
486 3730 113 31 London
621 3734 28 26 to
667 3731 64 30 Free-

116 3794 65 18 man
185 3783 44 30 tie,
243 3782 50 28 has
306 3782 91 29 struck
412 3791 35 18 on
460 3792 15 17 a
489 3781 56 28 reef
557 3786 26 23 to
595 3781 46 28 the
654 3781 78 28 north-

116 3830 74 28 ward
200 3830 30 27 of
242 3830 142 27 Kottenest
393 3828 104 33 Island,
508 3828 55 28 and
576 3828 50 28 has
639 3827 109 29 become

117 3889 15 17 a
143 3877 67 29 total
224 3877 96 29 wreck.

392 3914 128 30 HobarT,
538 3913 138 36 February
689 3914 25 27 3.

150 3963 35 28 Tn
217 3960 45 31 the
294 3962 114 29 Federal
442 3962 113 28 Council
581 3961 94 36 to-day
706 3962 44 27 Mr

116 4011 135 30 Griffith's
266 4011 57 34 bill,
337 4010 85 39 fixing
435 4010 46 30 the
494 4013 86 26 status
593 4010 28 30 of
646 4009 101 38 foreign

116 4060 165 35 companies,
306 4068 56 17 was
388 4058 87 27 trader
505 4058 159 31 discussion,
694 4058 54 26 and

117 4106 67 28 after
203 4115 15 18 a
232 4104 64 37 long
319 4103 95 29 debate
434 4103 47 29 the
503 4103 200 29 consideration
723 4103 28 29 of

117 4153 45 29 the
177 4153 103 36 subject
294 4162 56 19 was
364 4151 158 37 adjourned.

153 4200 41 28 On
221 4199 45 28 the
291 4199 104 27 motion
421 4198 30 28 of
473 4199 40 27 Mi
536 4199 54 27 Lee
616 4198 92 28 Steere
733 4208 15 17 a

117 4248 147 28 resolution
301 4256 55 19 was
397 4246 97 37 passed
524 4245 223 35 recommending

117 4286 94 28 united
225 4285 90 30 action
338 4294 33 19 on
393 4285 45 28 the
453 4288 60 34 part
526 4284 29 29 of
566 4285 45 28 the
625 4284 124 29 Colonies

119 4324 65 30 with
209 4324 46 29 the
280 4324 129 38 Imperial
435 4324 187 29 Government
646 4323 29 28 in
700 4322 45 30 the

117 4364 176 29 fortification
306 4364 28 29 of
346 4363 107 37 Albany
463 4363 55 29 and
531 4363 96 29 Torres
640 4363 107 29 Straits.

141 4434 205 37 [Continuation
361 4435 30 28 of
402 4435 89 32 News,
506 4444 43 18 see
568 4434 49 28 4th
632 4432 92 39 Page.]

1283 73 117 45 THE
1455 77 187 40 LYELL
1693 74 186 47 TIMES,
1935 69 311 52 SATURDAY,
2303 71 299 45 FEBRUARY
2654 78 33 43 6,
2747 79 105 37 1886.

286 4517 135 40 Mining
439 4516 150 33 Notices.

120 4598 145 28 UNITED
284 4597 140 28 ALPINE
439 4596 146 37 QUAKTZ
605 4595 143 29 MINING

238 4650 188 35 COMPANY,
453 4650 174 29 LIMITED.

137 4767 23 26 A
180 4766 21 27 T
216 4775 15 19 a
253 4765 123 37 Meeting
397 4765 30 28 of
446 4765 148 31 Directors,
607 4764 65 29 held
694 4763 55 30 this

176 4817 3 37 '
214 4819 63 35 day,
297 4828 16 19 a
333 4817 193 29 DIVIDEND
551 4817 56 36 (the
627 4817 75 35 20th)
724 4817 28 28 of

119 4871 75 29 ONE
215 4870 185 30 SHILLING
421 4880 49 27 per
494 4870 79 29 share
596 4869 105 37 (32,000
701 4869 46 37 th)

120 4935 56 18 was
206 4923 80 30 made
316 4923 115 38 payable
461 4927 28 25 at
514 4923 46 29 the
583 4923 168 37 Company's

122 4977 92 35 Office,
237 4976 64 28 Cliff
319 4977 96 32 Street,
433 4976 87 36 Lyell,
545 4984 36 19 on
605 4974 55 29 and
684 4974 68 28 after

124 5029 209 34 SATURDAY,
352 5028 47 29 Cth
418 5028 114 33 instant,
547 5029 74 27 1880.

406 5083 121 30 JAMES
547 5082 139 35 INGLIS,

580 5137 139 33 Manager.

158 5190 88 35 Lyell,
261 5190 47 29 4th
322 5189 148 36 February,
484 5189 43 28 188
527 5189 30 28 G.

125 5276 146 29 UNITED
297 5274 112 28 ITALY
438 5273 147 35 QUARTZ
612 5271 141 28 MINING

252 5325 188 35 COMPANY,
461 5324 174 29 LIMITED.

144 5455 22 27 A
186 5454 22 28 T
231 5463 16 19 a
269 5451 122 36 Meeting
410 5450 29 30 of
458 5449 146 31 Directors,
618 5446 64 30 held
703 5446 54 29 this

221 5506 61 37 day.
303 5515 16 18 a
341 5503 94 30 CALL
458 5502 56 37 (the
535 5501 74 35 26th)
633 5499 30 29 of
681 5499 75 30 ONE

125 5557 190 30 HALF-PEN
320 5556 51 28 NY
395 5561 48 31 per
473 5554 79 28 share
582 5561 56 20 was
668 5550 88 31 made,

126 5611 115 38 payable
263 5615 27 23 to
313 5609 46 28 the
379 5609 140 35 Manager,
533 5610 29 24 at
574 5605 46 28 the
635 5604 83 28 Office
731 5604 28 27 of

126 5662 47 30 the
187 5662 152 36 Company,
353 5659 87 37 Lyell,
454 5667 35 20 on
508 5655 249 34 WEDNESDAY,

127 5715 46 28 the
188 5713 63 28 10th
264 5713 54 37 day
331 5713 26 27 ot
371 5708 215 33 FEBRUARY,
600 5709 45 27 188
645 5709 31 27 G.

375 5774 121 29 JAMES
515 5771 140 34 INGLIS,

585 5823 138 37 Manager.

160 5881 89 37 Lyell,
264 5880 139 37 February
419 5879 49 32 Ist,
484 5878 74 29 1886.

945 209 118 33 Public
1081 210 151 33 Notices.

835 416 154 29 BULLER
1008 417 151 28 COUNTY
1178 417 174 28 COUNCIL.

820 521 163 27 JENDEEB
1013 530 45 19 are
1084 520 162 28 INVITED
1276 520 42 28 for
1348 520 40 28 AL-

865 572 212 29 TEKATIONS
1119 576 28 25 to
1189 571 146 30 LEVELS
1378 571 30 29 in

775 624 110 28 CLIFF
924 623 153 34 STREET,
1111 623 55 29 and
1202 624 207 33 FOOTPATH,

776 676 93 37 Lyell;
888 677 64 33 and,
967 676 42 29 for

809 730 256 34 CONCRETING,
1076 731 55 33 &c,
1143 730 30 29 of
1180 730 229 34 RESERVOIR,

776 783 86 36 Lyell.

810 887 83 30 Plans
914 887 54 30 and
982 888 202 37 Specifications
1205 891 29 26 to
1256 887 33 30 bo
1303 896 64 21 seen
1380 891 29 26 at

776 939 53 30 Mr.
860 940 26 29 J.
917 941 148 35 Fennell's,
1091 941 95 38 Lyell;
1215 940 55 30 and
1300 940 110 38 County

776 993 92 34 Office,
882 993 147 38 Westport.

810 1098 177 29 TENDERS
1019 1098 128 34 CLOSE,
1172 1102 28 25 at
1230 1098 113 34 NOON,
1373 1108 35 18 on

778 1152 248 35 WEDNESDAY,
1076 1152 63 29 10th
1193 1151 216 35 FEBRUARY,

778 1207 75 31 1886,
869 1209 27 24 at
909 1204 46 29 the
968 1205 108 36 County
1089 1204 94 34 Ofl&ce,
1197 1204 148 36 Westport.

1049 1257 35 29 E.
1104 1256 168 35 O'CONOR,

1094 1310 109 36 County
1216 1310 158 28 Chairman.

812 1362 146 35 Westport,
971 1363 60 27 21st
1042 1360 134 37 January,
1186 1362 76 27 1888.

966 1442 254 29 NOTICE.

832 1547 54 27 HE
901 1546 140 29 PUBLIC
1055 1555 45 19 are
1116 1545 221 29 CAUTIONED
1350 1545 61 28 that

866 1585 46 28 the
923 1584 123 27 LYELL
1056 1583 126 28 FERRY
1193 1583 215 29 WIRE-ROPE

776 1624 23 29 is
818 1623 149 30 UNSAFE
986 1622 42 32 for
1046 1622 173 30 TRAFFIC.

1189 1674 34 28 R<
1243 1674 131 28 NEGRI.

776 1760 77 27 THE
885 1759 192 29 NATIONAL
1107 1759 105 28 BANK
1241 1756 49 31 OF
1321 1757 90 30 NEW

896 1810 188 35 ZEALAND,
1109 1809 179 30 LIMITED.

777 1935 119 50 rpHIS
912 1934 367 28 BANKwiIIbeOPENED
1294 1938 28 24 to
1333 1935 78 27 BUY

865 1985 99 29 GOLD
985 1984 56 29 and
1059 1985 193 28 TRANSACT
1272 1985 136 28 General

776 2038 174 30 BANKING
979 2037 188 31 BUSINESS
1199 2041 30 26 at
1262 2037 80 37 Lyell
1373 2048 37 18 on

777 2089 207 35 SATURDAY,
1009 2089 48 30 6th
1083 2085 214 37 FEBRUARY,
1323 2088 88 29 under

776 2143 46 28 the
853 2142 99 36 charge
982 2142 33 28 of
1041 2142 47 28 the
1119 2140 118 29 Reefton
1267 2142 143 34 Manager,

776 2194 24 29 I.
820 2194 97 29 Lewis.

1072 2232 44 29 W.
1135 2229 170 35 DYMOCK,

1223 2293 152 35 Inspector.

970 2379 253 29 NOTICE.

811 2497 5 15 i
837 2485 47 28 LL
919 2483 197 30 ACCOUNTS
1145 2484 131 29 OWING
1305 2487 28 25 to
1364 2483 47 29 the

877 2536 280 29 UNDERSIGNED
1165 2536 103 28 MUST
1278 2536 33 28 be
1320 2536 90 28 PAID

778 2588 147 28 WITHIN
958 2588 76 28 OiNE
1072 2588 136 28 MONTH
1237 2587 71 29 from
1338 2587 72 33 date,

776 2640 143 28 otherwise
945 2640 72 36 legal
1036 2639 177 37 proceedings
1237 2639 56 28 will
1312 2639 33 28 be
1370 2639 29 27 in

776 2692 113 27 stituted
901 2691 41 28 for
950 2700 140 27 rocovery.

812 2743 88 28 Those
912 2743 148 28 interested
1071 2741 57 30 will
1145 2742 91 37 please
1250 2745 93 34 accept
1356 2741 55 29 this

776 2804 30 19 as
819 2804 16 19 a
848 2795 66 28 final
925 2795 98 28 notice.

1004 2846 167 30 EDWARD
1190 2846 182 30 CARROLL.

810 2899 88 33 Lyell,
912 2898 125 34 January
1050 2899 74 30 30th,
1139 2899 75 27 1886.

840 2982 85 37 MB.
955 2982 49 38 H.
1036 2981 303 46 MARTINSON,

840 3201 94 27 TILL
961 3201 150 28 BEMAIN
1139 3200 30 29 in
1197 3200 128 29 LYELL
1342 3199 72 29 until

840 3228 10 16 '
1002 3253 186 28 TUESDAY.

780 3410 42 29 On
836 3409 99 30 arrival
949 3409 44 30 Mr
1004 3409 153 30 Martinson
1167 3409 57 30 will
1236 3409 33 30 be
1282 3410 132 38 prepared

827 3466 27 25 to
868 3465 109 26 execute
991 3461 37 29 all
1041 3461 81 28 kinds
1136 3461 30 28 of
1175 3461 199 37 photographic

1051 3514 85 28 work.

781 3592 132 28 Children
926 3591 81 29 taken
1026 3591 37 36 by
1075 3592 210 28 instantaneous
1297 3600 117 28 process.

817 3742 79 31 Head
911 3742 96 31 Studio
1019 3750 5 21 :
1045 3741 145 38 Trafalgar
1204 3741 50 36 St.,
1268 3741 113 30 Nelson.

862 3827 48 38 G.
959 3826 44 38 C.
1049 3825 289 47 BOWMAN,

843 3922 231 33 UCTIONEER,
1094 3921 321 38 QHAREBROKER,

937 4034 112 27 Mining
1067 4042 56 18 and
1142 4033 118 27 Genral

800 4100 335 30 COMMISSION
1201 4098 196 36 AGENT,

919 4177 169 31 Broadway,
1134 4175 143 28 Reefton.

842 4265 218 39 FORSYTH
1080 4265 28 38 &
1131 4264 231 45 MASTERS,

782 4332 292 62 WHOLESALE
1101 4332 21 28 &
1150 4331 141 28 RETAIL
1310 4331 84 30 IRON-

1004 4372 192 31 MONGERS,

932 4424 168 31 Broadway,
1120 4422 144 33 Reefton,

783 4477 80 29 Have
877 4486 35 19 on
924 4475 75 29 hand
1018 4475 136 38 imported
1175 4474 85 29 direct
1277 4474 69 28 from
1370 4474 46 29 the

834 4516 93 30 Home
940 4514 129 35 markets,
1083 4523 15 19 a
1111 4514 87 34 Large
1212 4514 54 28 and
1282 4514 65 28 Well-

968 4554 120 28 assorted
1109 4554 83 28 Stock
1205 4554 30 28 of

783 4617 166 39 Builders'
964 4615 219 49 Furnishing,
1197 4613 138 50 Mining
1349 4614 68 39 and

888 4670 146 40 General
1057 4670 257 48 Ironmongery,

784 4740 99 28 Which
906 4739 65 36 they
991 4749 45 18 are
1057 4738 133 37 prepared
1212 4741 29 24 to
1263 4737 50 28 sell
1334 4739 28 26 to
1375 4746 27 18 re-

795 4778 103 30 sidents
911 4778 30 30 of
950 4777 77 38 Lyell
1041 4782 29 25 at
1080 4775 150 39 extremely
1243 4775 53 30 low
1309 4775 96 38 prices.

785 4855 152 30 Bickford's
951 4856 81 33 Fuse,
1045 4855 91 28 Hall's
1154 4854 125 34 Blasting
1292 4853 124 34 Powder,

786 4896 120 33 Octagon
921 4895 81 33 Steel,
1016 4895 91 28 Ames'
1130 4893 125 33 Shovels,
1276 4892 66 28 Pick
1361 4892 55 28 and

786 4934 136 28 Hammer
935 4933 134 32 Handles,
1083 4934 55 31 &c,
1149 4936 95 31 agents
1256 4932 41 28 for
1307 4931 110 29 Nobel's

1021 4970 161 35 Dynamite.

787 5010 158 34 Furniture,
976 5009 133 34 Bedding.
1140 5009 113 34 Lamps,
1296 5007 121 38 Cutlery,

788 5049 170 35 Carpenters'
973 5048 90 30 Tools,
1082 5048 103 30 Paints,
1208 5048 66 30 Oils,
1297 5047 120 30 Colours,

926 5086 92 37 Fancy
1031 5085 90 35 Ware,
1135 5086 61 34 &c.;
1216 5085 66 33 also,

792 5127 22 26 A
828 5126 87 34 Large
928 5127 173 26 Assortment
1118 5125 29 27 of
1165 5124 166 29 Galvanised
1344 5125 73 30 Iron,

892 5163 143 28 Bessemer
1048 5162 53 28 and
1121 5161 102 35 Plough
1244 5161 75 30 Steel

980 5202 103 28 WIRE
1103 5201 127 28 ROPES.

893 5248 59 27 SSS
983 5247 174 28 OCTAGON
1186 5247 129 28 STEEL.

996 5327 217 29 LUCAS'S

863 5402 141 30 ELSON
1024 5401 88 30 AND
1140 5400 121 30 WEST
1286 5401 134 29 COAST

876 5628 130 37 YEAR
1026 5627 123 37 BOOK
1169 5627 52 37 for
1242 5628 96 35 1886.

794 5766 165 33 Containing
981 5764 123 30 valuabb
1127 5764 186 28 information.
1362 5764 58 27 The

846 5806 65 26 Best
924 5804 108 28 Gar.lcn
1047 5802 134 29 Calendar
1194 5812 63 18 ever
1270 5802 100 28 issued.

795 5867 51 38 On
874 5866 78 39 Sale
981 5867 35 36 at
1042 5863 98 48 Lyell
1168 5863 114 39 Times
1311 5863 109 38 Office.

1606 209 119 33 Public
1749 209 151 32 Notices.

1516 292 47 28 TO
1582 290 122 30 STAND
1724 286 91 31 THIS
1836 286 153 31 SEASON.

1496 393 22 28 T
1533 393 176 28 M'Ginley's
1731 392 94 33 Farm,
1846 389 56 29 and
1926 388 147 36 travelling

1481 432 14 14 L
1531 435 28 24 to
1585 432 101 27 Totara
1711 430 73 33 Flat,
1802 429 121 31 Ahaura,
1949 427 122 28 Twelve-

1575 469 75 34 Mile,
1664 468 55 29 and
1742 467 191 38 Up-Country,

1488 530 57 29 The
1559 530 148 29 Pure-bred
1721 528 160 38 Clydesdale
1893 527 127 35 Stallion,

1570 783 95 40 '»*k

1472 993 138 28 Glennar
1630 994 24 26 is
1676 1002 15 18 a
1714 993 94 35 bright
1825 992 64 36 bay,
1902 992 67 28 with
1995 990 79 29 black

1440 1032 100 36 points,
1554 1032 15 29 3
1582 1042 78 27 years
1679 1031 55 29 old.
1772 1032 100 28 Stands
1895 1032 33 27 16
1950 1030 88 30 bands
2058 1033 16 25 3

1437 1070 103 34 inches,
1565 1070 126 36 splendid
1715 1071 69 27 bone
1809 1070 54 28 and
1883 1071 115 31 muscle,
2018 1070 54 26 and

1437 1108 86 36 grand
1537 1110 100 31 action,
1657 1112 45 30 got
1714 1108 38 37 by
1774 1108 98 28 Scotch
1894 1108 72 28 Jock
1979 1107 37 38 by
2031 1108 43 28 Sir

1439 1147 78 29 Colin
1531 1147 141 38 Campbell
1684 1147 37 37 by
1731 1147 75 38 King
1817 1148 111 37 Fergus.
1965 1147 74 28 Dam
2041 1163 34 4 —

1439 1187 71 36 Gyp,
1530 1187 37 36 by
1586 1187 88 36 Royal
1698 1187 167 36 Conqueror,
1885 1187 137 36 imported
2047 1190 27 24 to

1439 1225 66 28 New
1519 1225 120 28 Zealand
1651 1225 37 36 by
1701 1225 46 28 the
1761 1225 75 28 Hon.
1858 1225 44 28 Mr
1921 1224 150 29 Robinson.

1438 1263 74 30 Took
1524 1263 61 30 first
1597 1263 69 30 class
1680 1264 72 36 prize
1767 1267 88 26 atone
1866 1263 55 30 and
1934 1267 54 25 two
1996 1273 79 27 years

1439 1307 28 24 at
1480 1303 89 35 Royal
1580 1303 185 35 Agricultural
1787 1303 92 33 Show,
1899 1303 174 36 Edinburgh,

1440 1341 107 35 against
1578 1341 37 28 all
1647 1341 130 28 Scotland
1792 1350 5 25 ;
1829 1342 87 34 grand
1945 1342 65 27 dam
2040 1341 35 37 by

1440 1380 86 27 South
1542 1380 62 27 Star
1615 1379 36 36 by
1665 1380 153 35 England's
1832 1380 89 35 Hope.

1474 1418 62 35 Gyp
1561 1417 64 28 took
1650 1417 59 28 first
1734 1417 55 28 and
1811 1418 100 28 second
1933 1418 89 36 prizes
2045 1417 28 28 in

1439 1456 66 27 1872
1518 1456 55 27 and
1587 1456 66 28 1873
1672 1459 28 25 at
1714 1455 45 29 the
1780 1456 186 35 Agricultural
1980 1456 91 32 Show,

1438 1493 166 30 Richmond.

1472 1533 36 27 At
1538 1533 167 35 M'Ginley's
1735 1533 161 28 homestead
1937 1543 52 19 one
2020 1533 53 35 day

1437 1570 114 35 weekly.
1589 1570 95 28 Terms
1695 1578 42 19 :—
1740 1571 38 28 £3
1792 1572 63 32 10s;
1876 1571 65 28 with
1959 1580 105 27 guaran

1438 1611 52 32 tee,
1505 1609 37 29 i's
1556 1610 38 28 ss.
1631 1609 66 29 Two
1710 1619 30 20 or
1752 1619 75 20 more
1839 1619 91 20 mares
1940 1609 37 38 by
1985 1619 75 27 agree-

1439 1653 85 23 ment.
1561 1649 68 27 Fees
1636 1648 116 36 payable
1764 1649 128 35 January
1907 1650 50 33 Ist,
1973 1651 75 26 1886.

1784 1700 35 29 D.
1843 1701 196 29 M'GINLEY.

1457 1782 128 38 POST
1628 1783 194 37 OFFICE
1865 1783 190 44 HOTEL,

1643 1842 110 28 LYE
1773 1842 23 28 L
1816 1842 23 28 L
1860 1863 7 7 .

1488 1938 224 38 PETER
1743 1939 282 39 MANGOS

1440 1999 142 72 BEGS
1601 2004 29 26 to
1642 2001 103 29 inform
1765 2001 44 29 his
1827 2001 104 29 triends
1952 2001 56 29 and
2029 2001 46 30 the

1542 2041 93 36 public
1656 2041 63 29 that
1742 2041 44 28 his
1805 2051 62 18 new
1886 2042 189 28 commodious

1609 2079 86 28 Hotel
1708 2080 23 27 is
1745 2088 61 19 now
1820 2088 81 28 open.

1437 2116 152 29 Travellers
1608 2118 55 27 and
1682 2118 110 28 visitors
1810 2122 29 24 to
1858 2117 56 29 this
1931 2118 131 29 establish

1470 2159 79 24 ment
1560 2156 57 27 will
1628 2156 59 27 find
1699 2156 72 27 their
1781 2156 118 27 comfort
1907 2156 56 27 and
1975 2165 48 18 con-

1505 2191 132 31 venience
1646 2193 169 37 thoroughly
1824 2191 130 31 attended
1967 2197 37 25 to.

1437 2231 58 29 The
1507 2231 148 29 bedrooms
1676 2243 47 17 are
1733 2233 78 34 lofty,
1825 2232 56 28 and
1893 2233 64 27 well
1969 2233 105 36 lighted

1639 2270 56 30 and
1714 2270 160 30 ventilated.

1471 2347 207 30 Comfortable
1707 2348 129 29 Parlors
1862 2356 56 21 and
1938 2348 87 29 First-

1655 2392 82 23 class
1755 2387 105 28 TkBLE.

1454 2425 60 29 One
1536 2425 32 28 of
1585 2425 128 30 Alcock's
1726 2425 79 30 Prize
1818 2425 118 29 Billiard
1949 2425 108 30 Tables.

1437 2503 59 28 The
1509 2503 56 28 Bar
1576 2504 24 27 is
1613 2503 113 30 stocked
1736 2503 67 28 with
1818 2504 74 33 Ales,
1902 2504 106 33 Wines,
2022 2504 53 28 and

1490 2541 99 36 Spirits
1601 2543 29 26 of
1646 2542 169 36 guaranteed
1832 2542 104 28 brands
1948 2543 76 36 only.

1470 2579 25 28 A
1512 2580 145 28 first-class
1677 2580 184 28 sixteen-stall
1874 2580 89 28 stable
1974 2581 75 28 iscon-

1437 2618 99 28 nected
1547 2618 70 28 with
1630 2618 56 29 this
1700 2618 87 29 hotel.

1689 2657 127 27 PETER
1838 2657 168 31 MANGOS,

1874 2695 155 34 Proprieor.

1543 2776 176 32 JAMES
1758 2776 211 40 INGLIS,

1493 2851 262 29 HAREBROKER
1785 2852 21 28 &
1837 2851 236 30 COMMISSION

1654 2927 207 35 AGENT,

1515 3012 116 30 Cliff
1668 3012 158 33 Street,
1863 3012 142 29 Lyell.

1566 3095 121 33 JOHN
1721 3095 227 41 FENNELL,

1513 3161 92 27 ENE
1615 3160 59 28 RA
1682 3160 23 28 L
1762 3160 39 31 O
1810 3160 265 28 TOREKEEPER.

1526 3248 85 28 Wine
1629 3255 57 20 and
1706 3247 95 28 Spirit
1823 3247 172 28 Merchant.

1476 3358 103 35 Money
1598 3358 103 35 always
1722 3358 30 26 in
1773 3356 76 28 hand
1868 3356 43 28 for
1929 3356 114 36 cashing

1696 3395 127 38 cheques.

1476 3509 108 29 Liberal
1598 3509 136 28 advances
1747 3509 81 27 made
1844 3518 35 18 on
1892 3508 108 38 parcels
2013 3509 31 28 of

1656 3547 119 30 retorted
1789 3547 73 32 gold.

1585 3663 80 36 Cliff
1682 3662 122 45 Street,
1828 3663 109 45 Lyell.

2277 203 118 33 Public
2420 203 151 33 Notices.

2108 276 207 44 BROWN'S
2336 282 120 38 BOOT
2482 281 260 39 EMPORIUM

2357 340 134 28 LYELL;

2110 441 217 66 JBKOWN
2341 443 30 28 in
2382 443 137 35 thanking
2531 443 44 28 his
2593 452 149 19 numerous

2157 491 9 10 ■
2205 488 149 21 customers
2384 482 41 28 for
2455 488 62 30 past
2545 483 120 32 favours,
2689 482 54 27 and

2108 518 106 37 hoping
2239 520 41 27 for
2301 530 16 18 a
2340 521 181 27 continuance
2542 521 30 27 of
2589 521 47 27 the
2656 530 86 22 same,

2108 558 99 28 wishes
2220 562 45 24 too
2279 559 50 27 call
2343 558 72 29 their
2434 559 134 28 attentiou
2583 562 28 25 to
2625 559 44 27 his
2682 567 61 19 new

2110 596 76 28 stock
2207 596 31 29 of
2260 597 109 29 Ladies'
2394 598 97 28 Maids'
2515 598 52 28 and
2588 597 155 29 Children's

2110 635 85 28 Boots
2216 636 29 27 in
2267 640 76 32 great
2365 637 114 36 variety.
2515 637 77 31 Also,
2606 637 42 27 his
2667 637 75 36 large

2110 673 55 29 and
2178 673 95 30 varied
2286 674 78 30 stock
2377 675 31 29 of

2110 727 273 40 Men,s/Youths'
2397 729 28 30 &
2438 728 100 39 Boys'
2555 728 106 31 Boots
2674 729 69 29 and

2367 764 118 31 Shoes.

2111 863 86 29 Fresh
2211 864 92 30 Goods
2317 866 120 37 arriving
2457 865 135 38 monthly,
2606 864 89 30 which
2709 865 34 29 he

2144 903 23 28 is
2180 904 116 36 offering
2308 910 30 24 at
2350 906 87 36 prices
2450 908 29 26 to
2489 906 54 27 suit
2556 905 47 28 the
2617 905 90 29 times.

2111 942 44 29 All
2179 943 139 38 imported
2350 944 85 37 goods
2465 944 117 29 marked
2610 945 29 28 in
2667 944 76 38 plain

2371 983 111 36 figures.

2146 1059 131 28 N.B.—A
2288 1061 100 35 supply
2401 1061 29 28 of
2451 1061 88 28 North
2553 1061 103 27 British
2672 1063 72 26 Gum

2112 1097 84 28 Boots
2222 1098 55 28 and
2302 1099 70 28 Own
2397 1098 83 29 Make
2499 1099 183 37 Watertiglits
2706 1099 25 28 al-

2110 1146 75 27 ways
2197 1146 37 19 on
2246 1137 85 29 hand.

2146 1176 116 36 Repairs
2274 1177 142 37 promptly
2425 1178 132 29 executed
2569 1177 55 28 and
2637 1178 107 28 elastics

2111 1214 131 28 inserted.

2136 1292 72 29 Note
2222 1293 47 29 the
2279 1294 272 28 Address:—JOHN
2572 1294 149 33 BKOWN,

2112 1339 88 32 Boot
2224 1340 27 31 &
2278 1340 211 32 Shoemaker
2509 1341 28 31 &
2566 1341 178 40 Importer,

2175 1385 141 36 (Opposite
2330 1385 81 28 Bank
2423 1385 31 29 of
2463 1386 68 28 New
2545 1386 141 35 Zealaiid.)

2229 1465 187 40 JAMES
2456 1466 172 43 RYAN,

2178 1554 181 28 ENERAL
2432 1555 314 34 QTOREKEEPER,

2261 1633 86 28 Cliff
2371 1633 120 33 Street,
2510 1633 87 28 Lyel.

2112 1786 92 28 Goods
2218 1786 133 38 carefully
2364 1786 105 37 packed
2482 1790 28 25 to
2524 1786 36 29 all
2573 1790 76 34 parts
2661 1787 30 28 of
2700 1788 46 28 the

2369 1825 117 31 district.

2127 1979 105 28 BANK
2252 1980 112 28 PRICE
2385 1980 120 28 GIVEN
2525 1980 74 28 FOR
2618 1980 111 28 GOLD.

1676 3753 35 41 [A
1747 3752 97 40 Card.]

1442 3796 39 26 To
1494 3795 46 27 the
1554 3794 100 27 Ladies
1667 3795 29 26 of
1706 3793 87 34 Lyell.
1809 3792 126 32 Keefton,
1949 3792 54 27 and
2016 3801 43 18 sur-

1615 3830 137 35 rounding
1764 3829 138 29 districts:

1585 3869 113 30 ESSRS
1726 3870 34 27 E.
1786 3869 27 28 J.
1843 3868 164 27 WARNER

1578 3905 3 33 ,
1618 3907 56 28 and
1699 3907 65 31 CO.,
1789 3906 30 27 of
1846 3905 160 33 NELSON,

1510 3947 88 28 desire
1611 3951 28 24 to
1651 3945 127 30 intimate
1792 3944 62 29 that
1872 3944 66 29 with
1959 3943 47 29 the

1510 3986 125 38 splendid
1653 3984 126 31 facilities
1799 3984 66 38 they
1886 3993 118 29 possess,

1511 4027 66 34 they
1597 4036 51 17 can
1675 4028 28 24 at
1724 4034 16 18 a
1761 4025 50 27 few
1825 4024 84 27 hours
1921 4024 84 31 notic,

1510 4064 68 26 send
1590 4072 49 26 per
1651 4062 82 27 coach
1749 4065 27 23 to
1790 4069 54 27 any
1865 4060 111 27 address
1989 4069 17 18 a

1510 4101 134 36 complete
1664 4102 122 26 costume
1806 4097 81 29 made
1909 4097 28 29 in
1958 4097 48 29 the

1510 4149 66 26 very
1588 4140 81 27 latest
1679 4138 78 35 style,
1768 4137 66 28 with
1844 4137 48 28 hat
1902 4146 29 19 or
1938 4136 50 28 bon-

1510 4182 47 23 net
1566 4177 54 28 and
1632 4177 92 35 gloves
1733 4179 27 24 to
1771 4175 102 32 match,
1882 4174 125 34 together

1509 4215 68 28 with
1587 4224 81 26 every
1678 4213 128 36 requisite
1818 4213 28 27 in
1861 4212 74 32 hose,
1949 4221 42 19 cor-

1510 4258 65 29 sets,
1603 4252 220 33 underclothing,
1849 4252 54 32 &c,
1935 4250 72 28 their

1510 4293 87 36 prices
1628 4292 80 33 being
1739 4295 71 23 most
1835 4288 169 29 reasonable.

1510 4332 83 28 Their
1615 4329 77 30 stock
1705 4328 150 38 comprises
1868 4338 81 28 every
1963 4337 28 19 ar-

1510 4372 61 27 ticle
1601 4372 29 26 in
1661 4369 117 28 General
1806 4368 134 35 Drapery,
1964 4368 28 27 in-

1510 4408 111 33 cluding
1633 4416 16 18 a
1662 4406 124 35 splendid
1804 4408 165 24 assortment
1981 4405 30 26 of

1512 4446 88 28 Men's
1625 4443 54 30 and
1705 4443 82 37 Boys'
1814 4441 191 39 Ke;dy-ma<le

1512 4485 137 36 Clothing,
1675 4492 133 27 mercery,
1833 4483 56 32 &c,
1914 4481 93 30 orders

1510 4525 42 28 for
1565 4523 90 29 which
1662 4522 55 29 will
1726 4523 103 27 receive
1844 4524 110 34 prompt
1967 4524 26 25 at-

1510 4564 116 27 tention.
1663 4562 126 27 Patterns
1798 4561 30 26 of
1837 4563 101 24 newest
1949 4570 38 17 ma-

1510 4601 94 29 terials
1617 4605 60 23 sent
1696 4603 62 33 post
1778 4599 54 27 free
1855 4598 35 36 by
1910 4601 95 25 return

1510 4641 77 31 mail,
1594 4640 54 28 and
1659 4640 84 27 Indies
1750 4638 115 32 sending
1872 4647 118 19 measure-

1510 4685 92 25 ments
1615 4680 27 28 of
1663 4678 105 29 dresses
1787 4687 50 19 can
1852 4676 107 38 depend
1972 4686 36 18 on

1512 4721 125 34 securing
1650 4729 16 18 a
1689 4718 130 36 perfectly
1837 4717 93 36 fitting
1950 4725 43 19 cos-

1512 4762 85 26 tume.

1549 4837 93 27 Please
1655 4835 67 28 se.id
1741 4833 81 35 along
1835 4842 69 27 your
1918 4832 92 28 orders

1512 4880 28 25 at
1550 4886 76 22 once,
1637 4879 28 24 to
1676 4873 79 28 avoid
1770 4872 89 31 deiav,
1873 4871 54 28 and
1938 4881 57 18 care-

1512 4915 69 36 fully
1596 4919 62 22 note
1673 4913 46 28 the
1733 4911 128 28 address:

1444 4965 39 30 E.
1500 4964 29 31 J.
1546 4960 200 33 WARNER
1764 4959 27 30 &
1811 4959 79 36 CO.,
1949 4957 80 29 Hall
2046 4956 37 30 of

1816 4992 140 33 Nelson.

1563 5083 188 43 REEVES
1778 5082 98 39 AND
1900 5081 64 40 CO.

1473 5203 34 24 *.
1542 5201 234 32 COMMISSION
1814 5198 150 29 AGENTS
1999 5195 82 28 AND

1611 5236 315 34 SHAREBROKERS,

1486 5320 158 39 Bridge
1672 5317 167 44 Street,
1869 5313 176 38 Nelson.

1484 5468 90 28 Loans
1588 5464 171 38 Negotiated.
1781 5461 164 31 Valuations
1958 5459 90 28 made.

1450 5521 117 28 Auction
1592 5518 78 28 Sales
1693 5515 172 29 undertaken
1878 5514 30 27 in
1918 5513 87 28 Town
2029 5510 53 29 and

1700 5555 134 33 Country.

2128 2062 340 32 CRITERION
2517 2064 197 31 HOTEL

2343 2127 174 22 HELL,

2225 2235 188 32 EDWARD
2440 2236 198 32 CARROLL

2267 2306 29 25 to
2315 2303 102 28 inform
2437 2304 43 27 his
2501 2313 150 19 numerous
2675 2307 73 25 town

2209 2341 56 28 and
2290 2344 117 34 country
2430 2342 104 28 fiinds
2558 2342 62 29 that
2644 2342 35 28 he
2701 2342 49 28 has

2112 2381 154 34 purchased
2279 2381 47 28 the
2339 2381 85 28 above
2437 2381 134 34 business,
2585 2381 55 28 and
2665 2381 85 36 hopes

2112 2417 37 37 by
2174 2419 78 28 strict
2276 2420 136 28 attention
2426 2422 28 26 to
2474 2420 48 29 the
2543 2424 90 25 wants
2657 2419 30 29 of
2708 2420 42 27 his

2113 2461 152 25 customers
2287 2458 55 28 and
2362 2459 143 28 travellers
2525 2462 28 25 to
2578 2459 82 28 merit
2672 2468 16 19 a
2700 2458 50 29 fair

2234 2497 79 28 share
2327 2497 30 29 of
2372 2498 91 36 public
2476 2501 159 33 patronage.

2192 2573 127 43 L.quors
2340 2574 33 31 of
2392 2574 50 32 the
2459 2574 72 32 Best
2549 2575 120 30 Brands.

2407 2657 32 30 E.
2465 2656 207 38 CARROLL,

2552 2700 163 36 Proprietor.

2272 2794 317 33 TEMPERANCE

2113 2842 338 56 BOARDING
2516 2845 233 53 HOUSE

2195 2912 79 36 (Late
2287 2912 154 28 Alhambra
2459 2912 95 34 Hotel,
2568 2912 101 37 Lyell.)

2112 3060 60 19 *«*■
2208 3056 47 28 the
2275 3056 173 28 inhabitants
2469 3056 33 28 of
2519 3057 79 34 Lyell
2616 3057 55 27 and
2691 3067 43 17 sur-

2111 3095 140 34 rounding
2276 3094 107 28 district
2408 3094 61 28 that
2493 3094 35 28 he
2554 3094 50 28 has
2627 3103 61 19 now
2709 3103 26 19 re-

2112 3133 106 38 opened
2231 3134 47 28 the
2291 3133 86 29 above
2577 3134 134 36 premises
2719 3143 31 19 as

2112 3182 16 18 a
2141 3172 157 28 First-class

2112 3223 176 41 Boarding
2302 3224 120 38 House
2439 3224 70 38 and
2528 3223 221 39 Restaurant.

2183 3333 89 28 Meals
2285 3336 28 25 at
2328 3334 34 27 all
2377 3333 98 27 hours*
2508 3333 78 27 Good
2599 3332 82 27 Beds.

2112 3371 152 28 Extensive
2295 3371 56 28 and
2391 3370 196 29 Commodious
2625 3369 125 39 Stabling

2304 3409 259 30 Accommodation.

2290 3462 170 28 ANTONIO
2480 3461 200 33 ACCOLINO,

2550 3500 166 36 Proprietor.

1540 5639 80 31 MR.
1637 5638 28 31 J.
1683 5636 29 32 J.
1729 5632 266 39 MOYNIHAN,

1513 5703 191 31 ARBISTER
1733 5701 79 28 AND
1851 5698 234 38 QOLICITOR.

1453 5812 214 30 Commissioner
1688 5810 31 28 of
1734 5809 46 28 the
1801 5808 134 37 Supreme
1954 5806 85 29 Court
2060 5804 28 29 of

1702 5861 132 31 Victoria.

2132 3584 114 36 NEW
2287 3583 139 38 CHUM
2463 3583 269 44 BUTCHERY,

2325 3647 65 32 LI
2410 3648 131 31 ELL.

2261 3900 340 33 BUTCHER.

2112 4017 99 28 Hotels
2225 4016 54 28 and
2292 4014 132 30 Families
2444 4014 100 29 waited
2566 4024 36 19 on
2616 4015 82 36 Daily
2711 4015 40 28 for

2378 4052 110 27 Orders.

2164 4149 76 28 Meat
2253 4147 147 29 Delivered
2418 4150 28 24 to
2460 4146 37 28 all
2517 4150 75 33 parts
2605 4147 27 28 of
2654 4147 46 28 the

2371 4184 126 30 District.

2113 4292 119 32 NEW
2277 4290 155 32 CITUM
2473 4288 268 33 BUTCHERY

2181 4337 129 36 Opposite
2321 4332 153 32 Alhambra
2485 4334 95 32 Hotel,
2595 4334 37 37 L}
2633 4344 5 11 r
2639 4334 43 30 ell.

2130 4422 360 40 WELCOME
2562 4421 167 47 INN,

2375 4481 104 28 Lyell.

2223 4586 154 33 ELLEN
2408 4586 234 33 WILLIAMS

2131 4653 42 56 Li.<i
2202 4652 145 31 ietuiiiiiig
2364 4650 103 25 tiiaiiko
2485 4655 39 19 ±Gi
2632 4655 118 22 IaVOUI'S,

2188 4688 63 35 begs
2269 4690 28 26 to
2319 4685 99 30 inform
2437 4685 50 30 her
2505 4685 104 30 friends
2629 4685 54 29 and
2705 4685 47 30 the

2114 4727 90 36 public
2225 4727 61 28 that
2307 4726 49 27 she
2381 4726 50 27 has
2453 4726 59 35 just
2533 4725 155 35 completed
2709 4734 28 17 ex-

2115 4766 102 28 tensive
2237 4764 139 29 additions
2399 4763 55 29 and
2473 4762 162 29 alterations
2656 4767 28 24 to
2703 4762 50 29 her

2116 4804 141 38 premises,
2277 4803 55 29 and
2351 4803 46 28 the
2421 4803 209 28 accomodation
2648 4802 24 29 is
2690 4812 62 19 now

2333 4842 194 37 unsurpassed.

2115 4921 73 34 Ales,
2213 4920 105 34 Wines,
2341 4920 55 28 and
2419 4919 98 37 Spirits
2543 4919 30 29 of
2595 4918 159 30 First-class

2289 4960 108 35 Qualit}
2398 4958 4 37 7
2416 4959 65 34 only
2494 4958 74 37 kept.

2185 5037 80 28 Good
2282 5036 128 34 Stabling
2428 5035 256 28 Accommodation.

2290 5088 128 30 ELLEN
2441 5087 208 35 WILLIAMS,

2498 5129 220 25 Proprietress.

2122 5212 212 41 WOLF
2402 5210 152 40 AND
2627 5209 123 47 CO.,

2249 5275 181 29 Wholesale
2443 5282 55 19 and
2514 5273 108 28 Retail

2121 5323 137 60 gU
2305 5323 35 39 T
2386 5323 109 39 CH
2543 5321 208 39 ERS.

2222 5417 114 30 Dealers
2349 5416 29 29 in
2391 5416 38 28 all
2442 5415 180 37 descriptions
2635 5413 31 29 of

2137 5468 105 29 FARM
2278 5466 79 29 AND
2393 5464 121 29 DAIRY
2549 5462 189 29 PRODUCE.

2121 5546 99 29 Hotels
2228 5544 56 29 and
2296 5543 131 29 Families
2435 5540 100 30 waited
2548 5550 35 19 on
2597 5540 42 29 for
2646 5539 110 29 Orders.

2156 5623 100 28 Orders
2275 5620 138 29 delivered
2433 5623 28 24 to
2483 5618 37 27 all
2541 5621 75 33 parts
2629 5626 16 19 o
2675 5617 48 28 the

2380 5658 124 28 District.

2294 5737 73 30 Note
2381 5735 49 30 the
2444 5734 123 30 Address

2273 5778 22 27 O
2315 5778 23 27 L
2359 5776 21 28 F
2453 5776 65 26 AN
2541 5775 25 27 I)
2648 5773 21 29 C
2689 5774 51 32 0.,

2175 5817 72 28 Next
2270 5816 47 28 the
2343 5814 190 28 Government
2552 5811 155 37 Buildings,

2269 5855 86 29 Cliff
2375 5854 120 31 Street,
2515 5852 103 28 Lyell.

3276 204 119 33 Public
3424 204 151 32 Notices.

3305 285 211 63 mira

3940 285 92 32 jr-i

3045 467 245 61 JOHN
3352 465 451 62 FENNELL

2780 562 60 29 Has
2853 562 85 28 much
2957 562 124 37 pleasure
3101 562 28 28 in
3151 560 176 37 announcing
3346 567 28 22 to
3394 560 46 30 the
3462 560 170 30 inhabitants
3654 562 29 28 of
3706 562 78 36 Lyeli
3809 562 55 28 and
3889 562 185 36 surrounding

3006 601 119 29 districts
3148 601 46 28 the
3217 600 101 28 arrival
3343 601 30 27 of
3394 600 43 28 his
3461 600 87 28 KEW
3580 601 124 27 GOODS
3736 601 41 29 for
3801 602 46 27 the

2992 676 288 43 CHRISTMAS
3319 677 102 40 AND
3465 677 114 41 NEW
3621 674 132 44 YEAR
3796 679 176 40 TRADE.

2781 822 85 40 The
2888 823 115 40 Stock
3022 824 31 39 is
3081 838 83 25 now
3182 824 190 51 complete
3392 823 35 39 in
3448 837 111 38 every
3578 823 127 47 detail,
3728 822 74 40 and
3835 822 64 39 the
3929 823 145 52 quality

2879 880 31 38 is
2930 879 41 40 of
2993 880 64 39 the
3085 880 84 38 best
3196 879 223 52 procurable
3443 879 93 39 from
3557 879 65 39 the
3643 879 126 38 Home
3791 878 181 40 Markets.

3417 948 23 26 o

2949 1025 34 29 In
2997 1025 46 29 the
3058 1025 110 29 Ladles'
3183 1026 182 37 Department
3381 1025 45 30 the
3440 1025 141 38 following
3593 1025 94 30 Goods
3700 1037 46 19 are
3760 1027 111 29 shown:
3875 1044 33 3 —

2780 1082 150 37 DRESS
2944 1079 289 49 MATERIALS,
3441 1081 213 48 CORSETS,

2940 1145 285 47 MILLINERY,
3561 1147 189 43 GLOVES,

3060 1209 239 47 MANTLES,
3680 1209 158 45 LACES,

3180 1273 218 46 HOSIERY,
3761 1272 235 45 FLOWERS,
4019 1274 57 36 &c.

3223 1376 7 3 .
3419 1368 17 11 n

2885 1434 34 27 In
2933 1434 47 28 the
2995 1434 187 29 Gentlemen's
3196 1435 185 36 Department
3394 1445 16 18 a
3424 1435 87 36 Large
3526 1435 81 28 Stock
3622 1435 50 28 has
3684 1435 69 29 been
3766 1435 55 28 laid
3835 1437 38 31 in,
3887 1436 89 27 which

2784 1496 134 39 WILL
2943 1496 66 39 BE
3038 1496 129 41 SOLD
3193 1494 62 42 AT
3290 1497 178 39 PRICES
3508 1497 60 39 TO
3610 1498 115 38 SUIT
3763 1498 102 38 THE
3894 1497 181 39 iTIMES.

2859 1667 105 50 Boys'
2984 1667 72 39 and
3079 1668 140 39 Youths'
3240 1667 168 54 Clothing
3425 1667 40 52 of
3478 1667 53 38 the
3549 1667 84 38 Best
3650 1665 71 38 and
3741 1665 119 38 Latest
3878 1664 124 52 Styles.

2975 1839 96 28 Direct
3085 1839 198 36 Importations
3296 1838 71 27 from
3381 1837 46 28 the
3442 1835 79 32 Home
3521 1835 159 32 Markets,
3695 1835 152 34 consisting
3859 1834 31 27 of

2787 1904 138 46 Prints,
2948 1903 175 47 Sateens,
3140 1903 76 39 and
3231 1903 230 49 Twillettes;
3484 1903 149 39 French
3648 1903 181 46 Merinos,
3846 1903 231 46 Cretonnes;

2819 1958 161 39 Curtain
3003 1959 124 36 Laces
3142 1971 7 34 ;
3179 1957 133 39 White
3337 1959 152 38 Calicos
3505 1971 7 34 ;
3541 1957 128 39 Toilet
3689 1957 126 50 Quilts
3833 1956 210 52 Sheetings.

3235 2048 25 26 A
3274 2046 132 36 Splendid
3419 2046 176 27 Assortment
3608 2044 30 27 of

2789 2112 131 47 Black,
2960 2113 113 44 Ecru,
3111 2110 76 39 and
3222 2110 134 38 White
3405 2110 22 36 L
3442 2123 88 24 aces
3551 2124 7 31 ;
3606 2108 171 37 Ribbons
3799 2123 7 31 ;
3851 2108 118 38 Black
4003 2109 74 37 and

3081 2163 190 41 Coloured
3299 2163 81 40 Silk
3410 2163 105 46 Mits,
3537 2162 75 39 and
3633 2162 151 39 Gloves.

2822 2336 245 65 JOHN
3106 2332 470 74 EENNELL,
3617 2332 152 61 Cliff
3803 2332 238 62 Street.

2790 2501 141 61 The
2968 2500 364 75 Hampden
3377 2496 467 75 Co-operative
3889 2497 191 59 Store

3086 2594 361 73 Company,
3485 2589 316 62 Limited.

2789 2789 109 60 THE
2913 2788 85 29 above
3008 2787 145 36 Company
3163 2787 23 28 is
3198 2796 61 18 now
3271 2784 150 37 supplying
3433 2783 47 28 the
3494 2782 141 36 following
3651 2782 86 35 goods
3746 2785 28 25 at
3786 2790 16 20 a
3815 2781 84 36 slight
3912 2780 123 29 advance
4049 2789 36 19 on

3261 2823 147 30 NELSON
3426 2822 186 29 PltlCES:—

2789 2894 600 53 Groceries
3443 2891 242 51 and

2991 3064 37 27 Of
3039 3062 60 28 first
3112 3062 69 28 class
3194 3062 115 36 quality.
3346 3061 24 25 A
3384 3060 89 35 Large
3486 3058 55 28 and
3554 3058 102 28 Varied
3669 3059 175 27 Assortmeut
3857 3060 31 26 of

2787 3121 204 52 Crockery,
3027 3119 172 40 Earthen
3229 3118 75 40 and
3338 3117 227 46 Glassware,
3604 3116 281 52 Ironmongery,
3916 3116 81 47 &c,
4020 3116 65 38 &c.

2789 3269 124 38 Men's
2948 3267 75 39 and
3060 3268 114 49 Boys'
3214 3264 272 50 Kaipoi-made
3535 3263 206 49 Clothing;
3791 3263 113 44 Hats,
3946 3263 138 46 Shirts,

2888 3320 356 46 Under-Flannels;
3300 3319 175 37 Drawers
3511 3317 73 37 and
3620 3316 145 45 Moles;
3809 3316 175 45 Tweeds,

2985 3373 176 54 Hosiery,
3185 3372 208 48 Blankets;
3424 3370 163 47 Calicos,
3611 3369 140 48 Prints,
3775 3370 91 38 Flan-

3198 3429 92 43 nels,
3313 3428 78 43 &c,
3414 3427 64 36 &c.
3532 3425 143 37 Also—

2951 3507 156 44 Wheat,
3154 3505 110 44 Oats,
3311 3504 116 45 Bran,
3462 3501 117 39 Chaff
3601 3501 75 38 and
3710 3501 193 38 Potatoes.

2823 3658 99 28 Orders
2935 3654 196 37 accompanied
3149 3653 36 36 by
3199 3653 65 27 cash
3277 3651 175 29 remittances
3470 3651 161 35 punctually
3650 3650 130 27 attended
3795 3653 38 28 to,
3846 3650 55 27 and
3921 3650 85 35 goods
4026 3650 43 26 des-

2789 3695 116 40 patched
2919 3698 29 25 at
2961 3704 16 18 a
2989 3695 140 26 moments
3141 3692 99 27 notice.

2823 3731 84 34 Local
2924 3733 129 40 produce,
3072 3729 143 39 including
3233 3729 105 35 Hides,
3359 3728 93 35 Skins,
3478 3726 95 36 Wool,
3593 3726 126 33 Butter,
3733 3727 56 34 &c,
3803 3727 56 34 Ac,
3878 3725 153 40 purchased
4044 3726 43 30 for

2789 3776 82 28 Cash.

3671 3804 33 26 R.
3725 3803 130 33 M'NEE,
3876 3803 141 35 Manager.

2824 3849 172 32 Murchison,
3010 3848 64 29 15th
3088 3846 84 34 June,
3189 3847 76 27 1885.

3367 4054 128 40 TRY

2789 4194 37 80 %
2868 4194 1130 74 KIHKPATHICK'S

3009 4368 296 52 3>Je-w
3353 4365 504 51 Seasons

3257 4511 40 49 1
3368 4511 46 49 !k

3237 4566 42 36 si
3300 4566 22 36 4
3343 4566 85 36 t&£»
3474 4566 35 32 til
3514 4574 57 24 J-J
3620 4584 23 14 v

3059 4804 73 38 IT
3208 4802 73 40 IS
3358 4799 152 40 THE
3586 4799 233 39 BEST,

2869 5038 186 38 GEORGE
3087 5037 41 36 E.
3152 5032 194 45 LEVIEN,

2792 5103 124 29 Member
2926 5103 28 28 of
2961 5101 45 28 the
3015 5096 235 33 Pharmaceutical
3258 5096 105 35 Society
3370 5094 55 30 ami

2878 5139 237 29 Pharmaceutical
3133 5137 166 27 Conference
3312 5135 30 27 of

2998 5179 84 28 Great
3102 5176 115 33 Britain,

2796 5235 203 65 SURGEON
3036 5232 176 30 DENTIST,
3242 5229 182 34 CHEMIST,

2954 5273 78 28 AND
3053 5268 204 35 DRUGGIST,

3007 5319 205 33 (REGISTERED.)

2792 5411 54 28 For
2859 5411 34 27 20
2905 5418 79 28 years
3002 5406 150 38 practising
3173 5406 28 27 in
3222 5402 205 37 Marlborough,

2793 5449 54 29 and
2860 5449 54 28 late
2928 5447 31 29 of
2978 5447 103 28 Nelson
3101 5446 129 32 districts,
3244 5445 23 26 is
3287 5454 61 18 now
3369 5453 43 27 pre-

2891 5487 82 39 pared
2987 5493 27 22 to
3029 5486 94 28 attend
3138 5485 128 37 patients,
3280 5484 54 28 and

2829 5545 71 29 CAN
2932 5545 51 28 BE
3014 5541 225 30 CONSULTED
3276 5540 117 27 DAILY

2796 5662 98 27 Rooms
2917 5668 30 19 in
2972 5658 186 28 Commercial
3188 5654 111 32 Hotel,
3324 5653 103 27 Lyell.

2831 5756 100 29 Advice
2951 5755 92 27 Gratis
3061 5752 71 28 from
3151 5752 16 27 9
3187 5754 27 24 to
3235 5751 31 26 11
3285 5758 76 24 a.m.,
3375 5748 53 28 and

2795 5797 70 27 from
2879 5797 16 24 3
2908 5799 26 23 to
2949 5795 14 26 5
2983 5801 65 28 p.m.

3010 5844 31 28 G,
3063 5843 32 27 E.
3116 5841 155 31 LEVIEN,
3293 5839 101 29 M.P.S.

3458 5035 317 39 BELFAST
3827 5033 259 46 HOTEL,

3648 5106 112 27 GIBB?
3780 5105 120 28 TOWN.

3631 5157 101 29 Eight-
3738 5156 76 30 Mils
3834 5157 87 28 Road.

3460 5234 108 43 rpilE
3577 5235 184 35 undersigned
3770 5235 104 35 having
3881 5232 129 29 removed
4020 5233 70 27 from

3550 5288 65 28 Zala
3629 5288 83 29 Town
3728 5287 54 30 and
3795 5286 107 29 erected
3921 5295 60 19 new
4000 5294 71 28 prem-

3460 5336 52 27 ises
3532 5346 30 17 as
3582 5336 96 30 above,
3697 5336 23 28 is
3744 5345 62 19 now
3825 5334 132 37 prepared
3977 5339 28 23 to
4025 5334 66 27 offer

3460 5384 134 29 excellent
3636 5383 239 30 accommodation
3905 5386 28 25 to
3972 5382 119 31 visitors,

3460 5433 137 33 boarders,
3611 5433 55 28 and
3680 5433 46 28 the
3739 5432 91 38 public
3843 5430 151 38 generally.

3462 5531 73 26 Ales
3556 5529 100 28 Wines
3676 5537 54 20 and
3750 5529 111 27 Spirits
3886 5535 33 18 of
3944 5535 57 19 the
4023 5534 68 19 best

3610 5578 153 29 Qualities
3777 5584 69 19 only
3862 5583 79 19 kf.pt.

3584 5672 154 43 Charges
3766 5670 190 38 Moderate.

3679 5708 19 15 o

3636 5793 123 28 PETER
3780 5790 243 30 ARMSTRONG,

3895 5839 164 33 Proprietor.
