4201 5984
201 198 178 32 ENGLISH
404 198 229 32 EXTRACTS.

141 293 59 32 The
221 291 110 32 French
357 291 107 41 budget
479 288 95 33 shows
596 300 14 18 a
635 286 97 33 deficit

103 340 27 28 c»t
152 337 151 36 1,000,000
315 334 104 32 frarcs.

144 381 25 29 A
186 380 93 31 Toron
297 388 16 20 o
327 378 165 40 clergyman
511 375 127 31 recently
658 385 53 21 mar-

103 425 60 33 ried
209 423 43 31 his
296 420 113 34 inotbtr
459 427 28 24 to
534 418 50 32 her
627 417 105 34 peeond

104 472 15 28 h
126 470 107 30 11-band

145 514 25 29 A
196 509 185 34 contrivance
407 510 34 39 by
460 519 97 19 means
583 507 31 31 of
642 506 90 32 which

104 560 51 26 the
180 554 76 33 blind
285 564 51 21 can
366 556 64 38 p!»y
458 552 93 36 whist,
582 552 22 29 is
630 562 14 19 a
671 561 61 19 new

104 597 157 32 invention.

150 641 87 31 There
264 639 56 31 will
346 639 35 31 be
407 649 37 19 no
468 637 115 40 regular
606 636 128 34 through

106 696 42 22 per
155 695 59 22 vice
237 695 35 20 on
296 684 48 31 the
367 682 149 33 Canadian
541 682 104 32 Pacific
665 681 67 31 road

106 728 76 31 until
200 738 68 21 next
283 740 23 25 pj
320 729 62 33 ring

146 772 60 30 The
227 776 94 25 secret
344 782 25 27 pi
384 769 52 31 lice
459 769 79 31 force
553 767 127 33 founded
705 767 27 30 in

107 815 122 35 London
245 815 80 42 eaHy
341 813 28 33 in
388 815 49 31 ihe
451 813 151 42 dynamite
619 822 89 31 ware,
722 822 14 19 a

107 862 53 31 few
177 871 84 31 years
276 870 64 28 ago,
355 861 24 28 is
395 868 29 21 to
441 860 34 29 be
490 858 166 31 disbanded.

148 907 24 29 A
199 903 117 33 Florida
341 914 63 19 man
428 903 23 28 is
473 902 111 41 whortly
612 907 30 24 to
668 901 70 30 have

108 961 55 19 one
178 950 28 29 of
223 949 43 29 his
283 947 82 30 limbs
384 947 168 33 amputated
572 949 121 28 because
709 946 28 30 of

108 1005 15 20 a
140 996 102 27 wound
261 991 130 31 received
408 990 170 39 djringthe
595 1000 64 20 war.

150 1036 232 40 Imp'overrents
410 1034 32 31 of
468 1034 49 31 the
552 1034 126 31 harbour
711 1034 28 29 of

110 1082 73 30 Huei
197 1092 31 18 os
245 1080 93 37 Ayres
357 1090 48 19 are
429 1079 194 38 progressing,
645 1077 91 30 which

110 1126 55 28 wil'
183 1124 113 28 involve
308 1132 36 19 an
358 1122 98 39 outlay
470 1123 26 27 of
511 1121 209 36 £12,000,000.

150 1166 94 31 Three
270 1165 130 31 hundred
430 1170 102 26 tenant
560 1168 122 26 tanners
710 1167 28 27 at

111 1207 179 43 Toungball,
328 1207 116 42 County
476 1207 88 37 fork,
596 1206 70 31 have
694 1207 30 30 de-

111 1255 122 32 manded
250 1264 16 20 a
280 1251 154 32 reduction
449 1251 29 31 of
493 1252 37 31 25
552 1262 50 31 per
618 1255 68 28 cent
710 1250 29 32 in

112 1298 77 30 their
200 1303 89 23 rents.

153 1340 122 33 Cholera
288 1338 49 32 has
351 1342 90 32 swept
453 1349 78 31 away
540 1338 78 31 3000
630 1337 111 31 French

113 1385 122 32 soldiers
250 1384 28 31 in
295 1383 134 42 Tonquio
453 1384 58 29 this
533 1392 138 30 summer,
687 1382 54 29 and

114 1432 240 32 reinforcements
380 1431 67 28 sent
468 1427 57 31 thit
538 1439 41 19 *er
604 1438 48 20 are
674 1425 66 42 only

115 1472 144 32 sufficient
282 1477 30 25 to
329 1471 83 31 make
428 1472 73 39 good
529 1472 49 29 the
599 1472 91 28 losses
707 1471 32 38 by

115 1517 119 31 disease.

157 1560 121 32 Charles
294 1558 108 33 Miller,
420 1570 16 20 a
459 1557 166 34 Cincinnati
640 1556 102 42 youth,

117 1604 24 31 is
156 1605 29 30 in
199 1605 62 35 gaol
278 1603 44 29 for
338 1602 105 40 having
460 1603 114 40 painted
593 1601 68 31 with
680 1601 63 30 acid

117 1649 52 30 the
183 1658 99 21 names
303 1646 33 30 of
348 1657 16 20 a
386 1649 123 29 number
530 1648 27 29 ot
581 1645 70 42 boys
667 1655 78 31 upon

117 1693 78 30 their
207 1701 85 25 arms,
312 1693 17 12 ,l
339 1690 58 40 }ust
412 1695 44 26 tor

165 1735 139 31 Viscount
338 1737 44 27 Ha
386 1737 113 29 warden
526 1733 51 32 lias
602 1733 73 32 been
698 1743 32 30 ap-

119 1780 120 42 pointed
282 1777 76 32 lord
376 1792 12 11 •
406 1777 177 32 Lieutenant
629 1778 31 29 of
699 1777 49 29 the

120 1829 108 34 county
264 1824 29 29 ot
329 1821 168 41 Tipperary,
539 1823 30 30 in
605 1823 82 39 place
720 1820 32 31 of

120 1864 142 34 Viscount
280 1864 139 37 Lisuiore,
435 1869 63 26 who
511 1865 50 30 has
576 1864 142 37 resigned.

160 1910 35 31 In
225 1909 51 30 the
304 1918 86 27 space
418 1910 27 28 ot
473 1908 91 41 thirty
590 1920 85 30 years
700 1907 49 31 the

120 1954 125 33 Lumber
270 1954 27 29 ot
321 1954 27 30 lo
366 1950 67 37 eign
460 1951 163 39 bishoprics
647 1951 85 33 estab-

121 1999 90 31 lished
242 1997 35 40 by
308 1997 50 30 the
382 1996 144 39 Anglican
558 1997 116 32 Church
701 1998 48 29 has

120 2044 28 29 in
152 2042 115 30 creased
286 2039 72 32 from
376 2050 87 19 seven
480 2044 30 26 to
528 2040 201 40 seventy-five.

162 2084 76 32 Nine
274 2083 110 33 million
425 2094 81 21 acres
545 2085 29 30 of
618 2084 67 31 land
721 2084 28 30 in

123 2130 148 40 Geru-iany
295 2138 49 21 are
366 2127 120 31 devoted
506 2133 30 26 to
558 2129 49 31 the
623 2128 112 31 cultiva-

121 2182 61 24 tion
205 2173 33 31 of
251 2173 49 30 the
322 2175 109 36 potato.
473 2171 61 32 Ihe
557 2172 123 41 product
695 2172 56 31 last

120 2229 70 31 year
205 2218 157 29 amounted
379 2221 30 24 to
423 2216 174 37 23,000,000
611 2220 75 26 tons.

161 2262 34 31 L.
220 2260 22 30 K
276 2259 110 39 Myers,
408 2258 50 31 the
480 2260 152 41 champion
649 2258 85 31 ehort-

120 2306 132 30 distar.ee
275 2312 108 21 runner
404 2309 26 23 ot
452 2304 143 36 America,
613 2302 51 31 has
687 2304 47 28 for-

120 2349 89 31 feited
229 2347 42 30 his
286 2354 132 23 amateur
433 2351 96 26 status
545 2347 35 41 by
596 2344 154 41 accepting

123 2394 48 32 the
184 2392 138 41 proceeds
338 2392 31 28 of
381 2401 17 19 a
421 2392 127 38 meeting
564 2390 139 32 tendered
720 2396 31 24 to

121 2437 57 32 him
196 2437 28 31 in
241 2434 74 33 New
331 2433 81 32 York
430 2435 49 29 the
495 2434 87 31 other
595 2436 63 39 day.

162 2483 60 30 The
247 2478 169 33 retirement
432 2476 34 32 of
485 2478 49 32 Mr
551 2479 37 32 Gh
618 2478 24 31 B
677 2478 75 32 Rer*

123 2527 73 36 ferd,
232 2526 55 29 Att
308 2521 216 42 rn*y-General
553 2525 31 29 of
611 2521 141 38 Victoria,

124 2573 74 28 from
224 2568 49 31 the
299 2565 150 41 Ministry,
476 2566 55 31 will
558 2566 36 32 be
621 2565 131 41 officially

124 2610 172 35 announced
313 2611 28 28 in
357 2620 16 20 a
389 2610 53 30 few
457 2609 81 41 days,
552 2622 30 19 as
598 2610 35 32 he
647 2610 55 31 will
719 2610 35 31 be

125 2655 156 44 appointed
299 2659 31 26 to
344 2664 17 21 a
376 2657 104 28 vacaut
500 2652 143 43 Supreme
659 2653 94 33 Court

125 2700 167 40 Judgeship

167 2743 39 32 M.
237 2740 200 34 Meiflsonier's
473 2741 146 32 minature
654 2744 103 28 water*

127 2789 80 33 color
234 2784 171 40 full-length
433 2784 124 43 portrait
579 2791 28 27 ot
635 2784 123 40 himself,

129 2834 29 30 in
174 2833 91 31 which
283 2834 49 26 tne
355 2833 62 27 face
437 2833 25 27 is
482 2841 38 19 no
543 2830 99 39 bigger
659 2830 67 30 than
741 2840 17 19 a

127 2877 94 32 man's
248 2870 161 44 fingernail,
443 2873 23 31 is
501 2873 99 38 priced
637 2873 36 40 by
707 2872 51 32 the

129 2919 181 41 proprietor
334 2920 29 27 ot
390 2917 50 30 the
466 2917 139 30 Hanover
634 2916 121 38 Gallery

129 2968 29 28 at
171 2964 99 38 500gs.

169 3009 24 28 A
212 3014 90 31 paper
322 3002 25 32 is
362 3003 221 31 manufactured
604 3005 75 29 from
694 3013 47 21 sea-

129 3050 78 30 weed
244 3048 28 30 in
301 3047 96 38 Japan
427 3047 64 31 that
518 3046 52 32 has
597 3047 50 30 the
677 3050 61 26 tran-

128 3103 141 31 sparency
296 3093 28 28 of
347 3093 171 36 glass—not
539 3091 115 40 exactly
681 3089 77 32 clear

127 3139 64 29 flint
215 3140 87 35 glass,
327 3134 51 32 but
393 3146 16 20 a
425 3135 73 39 good
516 3140 62 25 sort
593 3137 28 28 of
644 3134 114 32 stained

126 3181 173 39 glass—and
322 3189 53 19 can
394 3178 34 30 be
457 3178 72 31 used
552 3179 205 41 satisfactorily

126 3236 30 20 in
173 3224 144 31 windows.

167 3270 14 29 'J
193 3269 34 30 he
249 3268 34 31 St
315 3266 180 41 Petersburg
511 3266 120 32 medical
654 3278 105 29 papers

127 3316 77 27 state
220 3311 62 31 that
298 3311 26 30 io
341 3321 17 20 a
372 3311 171 30 conversion
565 3314 32 27 at
619 3309 140 38 Lebedin,

127 3356 30 32 in
174 3355 49 33 the
244 3353 140 34 Kharkov
409 3353 211 39 Government,
642 3354 115 39 .Russia,

127 3401 84 30 there
226 3410 49 20 are
289 3408 64 21 now
369 3398 91 40 hvitg
484 3402 57 27 two
563 3408 84 25 nuns,
666 3398 93 32 whose

127 3443 164 40 respective
306 3452 68 28 ages
389 3452 50 19 are
459 3441 113 37 krown,
588 3452 37 19 on
640 3441 119 32 reliable

128 3486 159 41 authoiity,
301 3492 31 24 to
349 3486 34 32 be
398 3485 58 32 100
469 3484 57 32 and
543 3486 65 32 112.

168 3532 36 29 In
230 3531 42 31 St.
299 3530 92 31 Louis
416 3540 37 19 on
469 3540 16 19 a
505 3536 102 25 recent
633 3530 129 40 Sunday,

128 3575 107 37 40,000
269 3572 104 42 people
407 3572 156 32 witnessed
590 3583 17 21 a
641 3574 118 41 cowboy

129 3619 173 35 exhibition,
325 3618 107 34 20,000
462 3618 141 31 attended
632 3618 127 31 baseball

131 3670 107 32 games,
262 3659 57 31 and
333 3659 124 29 another
477 3659 107 35 20,000
609 3664 87 35 spent
713 3659 50 30 the

131 3711 56 34 day
209 3704 28 32 in
263 3702 70 34 beer
347 3701 134 42 gardens.
524 3700 61 34 The
608 3707 157 38 aggregate

131 3747 176 33 attendance
340 3747 31 31 in
408 3746 49 31 the
490 3745 111 33 cbunh
634 3748 24 30 is
692 3747 69 41 only

133 3794 115 32 10,000.

173 3836 141 31 Lobsters
348 3844 50 20 are
432 3833 92 31 found
557 3834 31 31 in
623 3836 143 29 immense

135 3879 139 32 numbers
299 3881 30 28 at
343 3888 16 21 a
375 3878 81 40 place
477 3878 29 31 in
529 3876 236 34 Newfoundland

136 3923 119 39 bearing
270 3921 51 31 the
335 3922 118 30 curious
469 3930 83 21 name
567 3922 32 30 of
639 3921 126 31 Seldom-

137 3968 91 33 Come
320 3966 55 32 and
389 3965 82 33 there
482 3965 25 32 is
518 3977 16 20 a
549 3965 81 41 large
641 3966 126 42 canning

136 4011 233 30 establishment.
411 4011 44 28 As
477 4018 86 31 many
586 4020 31 19 as
637 4013 79 27 4000
738 4011 29 29 of

137 4054 84 31 these
246 4057 151 26 Crustacea
413 4062 63 30 may
494 4052 34 31 be
550 4052 87 31 taken
657 4055 31 28 in
712 4062 55 21 one

138 4095 143 39 morning.

177 4139 60 32 Ihe
259 4138 192 32 substitution
468 4138 30 32 of
519 4139 115 32 natural
658 4151 51 24 pas
723 4138 46 34 for

138 4184 61 32 coal
228 4183 25 31 is
279 4182 174 40 proceeding
477 4182 112 42 rapidly
616 4188 31 27 at
672 4184 81 31 Pitts-

138 4228 85 40 burg,
259 4226 49 31 Pa.
364 4227 39 30 At
439 4236 43 28 pit
490 4231 67 27 sect
591 4238 69 21 over
695 4229 75 31 1500

138 4270 268 42 dwelling-houses,
421 4272 37 29 66
473 4274 76 36 glass
564 4272 146 39 factories,
731 4274 39 30 34

138 4315 108 37 rolling
271 4314 85 38 mills,
371 4316 56 28 and
443 4316 38 29 45
503 4314 86 32 other
613 4316 155 31 industrial

140 4358 234 32 establishments
389 4367 50 20 are
455 4357 85 41 being
554 4359 142 39 supplied,
710 4359 56 32 and

141 4405 73 28 from
232 4402 76 30 8000
333 4407 30 24 to
387 4401 104 38 10,000
512 4407 66 25 tons
594 4403 31 30 of
644 4403 62 31 coal
721 4413 50 21 are

141 4446 76 43 daily
234 4445 157 43 displaced.

181 4491 35 30 In
244 4488 49 33 the
319 4489 176 32 Melbourne
511 4490 140 33 Criminal
677 4491 94 33 Court

141 4535 58 30 last
225 4533 90 37 wetk,
340 4532 134 31 Frelland
498 4532 134 39 Moirell,
646 4544 16 21 a
684 4536 87 30 sailor

142 4588 36 20 on
215 4576 50 30 the
309 4575 64 41 ship
417 4575 69 32 Don
531 4577 148 37 Nicholas,
716 4589 55 20 was

142 4619 158 33 sentenced
325 4627 29 23 to
369 4619 85 31 death
479 4622 44 29 for
538 4624 50 28 the
609 4621 119 31 murder
742 4622 29 30 of

142 4666 79 30 John
248 4667 163 33 Anderson,
434 4666 104 31 second
563 4672 85 25 mate.
691 4666 78 41 They

143 4709 54 31 had
220 4720 14 19 a
251 4709 125 39 dispute,
401 4711 54 28 and
482 4708 132 39 Morrell,
641 4711 130 38 meeting

143 4754 155 28 Anderson
313 4752 110 37 ashore,
439 4753 121 31 stabbed
582 4753 66 38 him,
663 4754 57 31 and
737 4754 35 32 he

140 4795 59 31 dier
199 4796 6 18 1
209 4817 8 9 .

183 4840 37 32 In
262 4839 50 34 the
352 4839 165 43 Philippine
561 4842 118 33 Islands
714 4843 56 33 and

143 4883 135 39 Manilh,
300 4885 146 29 luminous
469 4897 6 25 \
487 4886 62 29 uint
563 4886 24 30 is>
603 4888 59 28 said
683 4892 31 25 to
738 4889 33 29 be

145 4928 70 31 used
232 4933 30 26 to
277 4928 82 40 paint
380 4928 50 31 the
450 4927 92 32 inside
557 4929 28 31 of
603 4930 113 39 houses,
739 4941 31 20 so

143 4972 66 29 that
239 4973 82 30 when
349 4972 84 30 there
465 4973 33 33 is.
523 4984 35 19 an
594 4974 177 41 earthquake

142 5017 91 30 alarm
261 5021 30 25 at
316 5013 84 42 night
426 5014 47 32 the
496 5015 180 33 inhabitants
705 5027 63 32 may

143 5061 108 41 readily
268 5060 57 32 find
342 5061 50 31 the
406 5059 87 32 doors
507 5062 56 30 and
587 5061 85 32 other
693 5062 78 31 exits

143 5114 32 19 so
191 5114 32 19 as
237 5112 31 21 to
282 5114 104 28 escape
400 5104 63 28 into
479 5104 47 29 the
543 5115 74 27 open
633 5106 51 29 air.

185 5146 82 31 Here
289 5146 25 31 is
340 5157 17 20 a
386 5146 130 39 pleasant
543 5147 129 40 amenity
700 5151 31 27 at
756 5159 13 20 a

145 5193 102 28 recent
262 5189 126 40 political
403 5189 128 38 moeting
544 5190 27 29 in
586 5189 49 31 the
648 5190 123 32 Eastern

147 5232 151 42 Counties,
341 5232 143 39 England.
526 5232 61 32 The
621 5234 152 32 candidate

144 5276 108 39 having
286 5276 160 31 concluded
481 5274 44 32 his
559 5277 128 37 address,
721 5279 51 30 the

145 5318 148 32 chairman
328 5318 92 31 called
449 5328 78 27 upon
563 5330 113 30 anyone
710 5321 63 30 who

145 5363 108 30 wished
288 5368 32 26 to
350 5373 82 20 move
465 5373 18 20 a
511 5362 170 32 resolution.
726 5364 47 41 Up

145 5405 117 43 jumped
278 5418 17 19 a
308 5405 95 45 yokel,
420 5405 63 33 who
498 5406 69 38 sa<d,
617 5406 16 32 I
651 5407 68 38 begs
742 5414 29 25 to

147 5460 82 21 move
246 5452 63 29 that
326 5451 63 30 that
406 5452 81 29 there
503 5453 48 28 red
569 5452 107 31 headed
690 5452 83 31 bloke

145 5493 65 32 who
234 5495 91 40 spoke
350 5499 55 26 last
421 5494 34 31 be
476 5493 131 33 chucked
632 5494 63 32 into
723 5495 48 31 the

146 5538 172 41 Wee-pond

187 5584 25 29 A.
249 5582 122 31 London
406 5582 162 40 cablegram
603 5593 168 20 announces

145 5626 66 32 that
235 5638 15 20 a
276 5627 78 34 large
377 5625 147 35 shipment
549 5625 32 31 of
593 5633 109 25 salmon
722 5637 51 20 ova

147 5680 62 29 may
228 5670 34 29 be
276 5670 140 39 expected
435 5669 33 37 by
493 5670 49 29 the
559 5669 91 38 louic,
668 5670 56 31 due
746 5671 27 30 in

145 5713 73 31 New
235 5713 125 32 Zealand
376 5713 88 31 about
483 5713 68 31 19ch
570 5713 113 33 March.

185 5756 59 33 The
259 5757 161 32 celebrated
443 5759 112 30 Hobart
580 5758 99 36 Pasha,
704 5756 69 32 head

145 5802 32 32 of
199 5803 49 31 the
269 5801 124 32 Turkish
420 5813 71 31 navy
519 5803 22 31 is
568 5814 61 21 now
663 5803 66 31 Kail
746 5803 27 30 of

149 5847 51 31 liu.
213 5847 223 38 kinghainshiie.

1291 70 116 39 THE
1463 68 184 40 LYELL
1701 67 183 45 TIMES,
1942 66 304 44 SATURDAY,
2303 64 295 40 FEBRUARY
2651 63 35 45 6.
2745 60 103 41 1886.

3469 5719 110 28 Printed
3594 5722 54 26 and
3662 5722 149 35 published
3829 5724 37 37 by
3882 5725 48 28 the
3944 5726 164 36 proprietor,

3501 5758 106 29 Walter
3619 5760 97 30 Atkin,
3730 5765 28 25 at
3772 5762 48 28 the
3836 5762 162 35 Hegistered
4022 5765 85 27 Oir'ce

3501 5797 79 30 otthe
3911 5805 99 28 Strei-t,
4019 5802 88 37 Lyeli,

3502 5837 110 35 County
3627 5840 29 28 of
3667 5840 103 32 Duller,
3783 5841 107 29 Colour
3906 5842 29 28 of
3944 5841 68 30 N.Z.

833 198 173 39 Westport
1023 198 303 31 Advertisements.

761 248 333 84 gilmYr's

1000 379 155 25 W3STPOP.T,

785 452 144 39 Corner
958 449 41 41 of
1027 448 238 42 Palmerston
1293 445 73 42 and

877 503 212 41 Wakefield
1117 505 158 44 Streets,

765 596 275 59 CONVENIENT
1065 600 26 23 to
1112 595 45 28 the
1171 592 153 38 Telegraph
1338 591 53 29 and

853 635 62 26 Post
931 634 108 30 Offices,
1053 633 54 28 and
1120 633 94 35 nearly
1228 631 123 37 opposite
1364 635 28 22 to

768 674 31 27 he
817 673 72 28 R.M.
905 675 85 26 Court
1004 672 54 29 and
1079 670 79 30 H.M.
1173 671 135 27 Customs.

766 783 178 38 Gilmer's
967 781 173 38 Masonic
1166 779 128 43 Hotel,

1281 840 112 22 NELSON.

767 878 177 38 Gilmer's
972 876 128 45 Hotel,

1216 933 177 23 OTtEYMOUTH.

768 972 177 38 Gilmer's
966 970 121 50 Royal
1107 968 85 39 Oak
1214 967 128 44 Hotel,

1204 1027 189 21 WELLINGTON.

803 1140 77 29 Good
901 1139 236 30 accommodation
1157 1138 41 28 for
1219 1137 179 28 Commercial

769 1179 158 30 Travellers,
942 1178 65 28 with
1022 1177 103 37 sample
1139 1186 91 18 rooms
1244 1174 138 38 provided.

802 1219 24 26 A
851 1218 87 36 Night
962 1217 95 27 Porter
1082 1215 101 36 always
1209 1225 34 17 on
1268 1214 47 28 the
1341 1223 44 27 pre-

769 1258 90 27 mises.

804 1294 126 31 Booking
950 1294 83 28 Office
1053 1293 41 28 for
1107 1292 44 28 the
1166 1292 168 30 Charleston,
1348 1291 35 27 Ad-

770 1333 112 29 dison's.
897 1331 113 29 Reefton
1024 1331 54 28 and
1098 1329 78 38 Lyell
1190 1329 129 28 Coaches.

806 1372 75 28 Good
896 1371 126 34 stabling,
1038 1370 66 27 with
1119 1369 76 36 eight
1214 1369 79 28 horse
1315 1366 86 34 stalls,

772 1411 127 30 attached
911 1414 28 26 to
953 1409 45 30 the
1012 1409 141 38 premises.

977 1468 121 30 JOHN
1118 1466 190 36 GILMEU,

1205 1508 164 36 Proprietor.

962 1593 441 63 gTRUTHERS

917 1692 88 31 HAS
1023 1692 63 31 ON
1107 1690 120 32 SALE-

819 2468 318 40 PALMERSTON
1182 2466 193 47 STREET,

992 2531 213 28 WESTPORT.

1497 194 144 30 Reefton
1669 194 293 30 Advertisements

1535 273 54 40 W.
1631 273 303 48 HINDMARSH,

1455 394 288 34 'HAREBROKER,
1770 394 179 33 MINING,
1974 394 76 26 AND

1511 475 168 39 General
1704 473 260 40 Commission

1671 567 137 50 Agent,

1457 697 287 48 BROADWAY,
1774 695 244 48 REEFTON,

1546 806 139 37 (Opposite
1705 803 136 30 Southern
1856 804 80 28 Cross

1688 863 103 36 Hotel.)

819 2615 288 60 Thomas
1134 2612 246 71 James,

913 2728 264 45 SADDLER,
1207 2725 66 39 &c.
1280 2756 8 16 y

785 2814 219 32 TMFORTER
1023 2823 54 19 and
1103 2811 314 32 MANUFACTURER

1084 2873 33 20 OF

786 2926 59 36 All
878 2924 253 49 descriptions
1149 2922 43 37 of
1218 2921 197 49 Saddlery,

837 2987 182 46 Harness,
1040 2986 112 50 Long
1161 2983 75 41 and
1256 2982 115 41 Short

886 3049 203 51 Leggings,
1160 3047 158 50 Plough,

933 3113 31 40 &
985 3112 106 40 Back
1117 3111 154 48 Chains,

981 3176 158 46 Traces,
1157 3176 66 37 &c.

790 3307 112 38 Repairs
915 3307 102 36 Neatly
1030 3306 55 29 and
1105 3306 145 36 Promptly
1272 3304 149 29 Executed.

788 3422 176 35 Up-country
978 3419 92 29 orders
1087 3418 142 37 promptly
1242 3417 130 29 attended
1386 3421 37 24 to.

790 3536 48 27 ON
860 3534 206 28 SALE—Steel
1097 3532 136 33 Polished,
1265 3532 54 28 and
1350 3532 74 28 Solid

860 3573 88 27 Silver
976 3572 70 29 Bits,
1079 3570 132 36 Stirrups,
1243 3570 54 26 and
1329 3570 95 36 Spurs,

860 3611 102 36 Riding
985 3610 123 34 Saddles,
1131 3608 73 30 Pack
1227 3607 123 35 Saddles,
1372 3607 52 31 and

861 3650 98 31 Whips
972 3650 30 25 of
1016 3649 36 26 all
1065 3648 188 33 descriptions.

1007 3979 209 36 IMPORTER,

1137 4071 128 38 WINE,
1294 4071 125 31 SPIBII

896 4234 196 40 Provision
1113 4232 216 41 Merchant.

837 4433 320 42 PALMERSTON
1198 4433 193 48 STREET,

1009 4532 214 25 WESTPORT.

1428 947 338 62 Dawson's
1832 946 219 61 Hotel,

1522 1053 224 34 BROADWAY,
1775 1051 184 30 EEEFTON.

1438 1212 34 14 -*-
1519 1207 83 27 house
1618 1211 101 22 c<mnot
1733 1206 30 27 be
1777 1205 145 34 surpassed
1943 1204 29 28 in
1994 1204 66 28 New

1429 1245 128 28 Zealand.

1432 1348 174 51 Booking
1641 1348 120 42 Office
1797 1348 56 39 for
1889 1346 173 40 Mitchell

1479 1403 76 40 and
1600 1403 232 54 Campbell's
1891 1402 121 52 Royal

1531 1459 94 41 Mail
1656 1463 97 35 Line
1776 1460 42 38 of
1844 1460 96 49 Grey-

1583 1515 132 40 mouth
1733 1513 187 40 Coaches.

1467 1648 67 29 This
1547 1647 83 29 Hotel
1646 1646 23 28 is
1691 1645 61 29 well
1774 1644 101 28 known
1898 1641 167 36 throughout

1435 1689 66 26 New
1516 1687 118 28 Zealand
1648 1686 41 27 for
1708 1684 35 29 its
1764 1682 234 30 accommodation
2013 1682 53 26 and

1434 1726 180 28 convenience
1627 1724 41 29 for
1686 1724 112 27 tourists
1818 1721 54 28 and
1892 1719 174 31 commercial

1434 1764 148 30 travellers.

1632 1809 125 39 JOHN
1776 1806 213 46 DAY/SON,

1868 1862 164 34 Proprietor.

1597 1945 308 36 STEVENSON'S

1440 2011 366 62 M'Gaffin's
1843 2007 225 73 Hotel,

1541 2115 223 34 BROADWAY,
1786 2112 185 31 REEFTON.

1441 2250 121 60 THIS
1577 2247 179 36 Magnificent
1769 2246 85 29 Hotel
1866 2246 56 27 will
1944 2245 33 28 bo
1989 2244 86 29 found

1529 2287 102 38 replete
1645 2287 67 28 with

1535 2361 91 21 EVERY
1645 2359 127 22 COMFORT
1790 2359 55 20 AKD
1864 2357 117 21 MODERN

1654 2398 206 22 CONVENIENCE.

1476 2510 131 31 Tourists,
1633 2506 175 30 commercial
1838 2504 151 32 travellers,
2022 2503 54 28 and

1442 2549 92 27 others
1544 2548 54 27 will
1614 2547 62 27 here
1690 2546 56 27 find
1761 2554 82 26 every
1857 2543 137 29 attention
2005 2552 53 18 com-

1442 2587 82 29 bined
1537 2586 66 28 with
1619 2585 82 28 home
1714 2583 137 29 comforts.

1442 2700 158 39 Booking
1619 2698 106 34 Office
1737 2698 52 31 for
1801 2697 171 32 Newman
1983 2694 94 33 Bros'

1470 2746 109 38 Royal
1591 2745 87 29 Mail
1690 2744 87 30 Line
1791 2741 38 32 of
1838 2741 132 31 Nelson
1983 2740 70 30 and

1586 2788 175 41 Westport
1774 2785 163 35 Coaches.

1506 2881 160 43 JAMES
1711 2877 306 49 STEVENSON,

1671 2943 181 18 PROPRIETOR.

1480 3098 287 47 BROADWAY,
1800 3096 247 41 REEFTON.

1452 3248 10 12 .
1480 3228 254 33 COMMERCIAL
1754 3227 164 33 Travellers,
1944 3226 139 32 Families,

1455 3280 42 14 w
1539 3271 54 27 and
1614 3270 47 29 the
1682 3269 90 36 public
1791 3266 141 37 generally
1952 3267 57 27 will
2028 3265 55 29 find

1450 3310 54 28 this
1518 3308 174 28 well-known
1713 3307 84 27 Hotel
1817 3306 77 27 fitted
1913 3305 68 28 with
2003 3314 81 27 every

1450 3348 113 28 modern
1577 3347 183 27 convenience
1771 3344 54 28 and
1838 3344 193 36 requirement.

1501 3461 85 39 The
1619 3459 256 52 Proprietress
1906 3458 31 37 is
1962 3458 102 38 deter-

1453 3516 127 41 mined
1607 3522 40 33 to
1666 3528 110 38 spare
1796 3527 47 27 no
1864 3527 164 37 expense
2047 3512 38 41 in

1454 3571 153 50 making
1625 3570 76 38 this
1724 3569 116 37 Hotel
1861 3568 225 52 thoroughly

1454 3627 111 50 equal
1583 3634 40 31 to
1642 3625 49 38 all
1710 3624 287 50 requirements.

1455 3755 91 33 Local,
1566 3755 124 28 Colonial
1715 3754 54 28 and
2033 3753 53 27 and

1575 3793 162 39 periodicals
1750 3792 136 38 regularly
1899 3791 73 30 filed.

1622 3850 151 39 ALICE
1800 3849 237 47 NEVILLE,

1896 3912 190 35 Proprietress.

918 4767 157 37 PETER
1102 4765 212 44 MULVAY,

1077 4854 237 35 TINSMITH,
1344 4854 87 30 AND

822 4907 11 16 ■
971 4894 222 33 GASFITTER,
1206 4894 56 27 and

879 4978 473 45 COPPERWORKER,

832 5097 214 36 Palmerston
1072 5095 122 45 Street,
1214 5094 187 45 Westport,

917 5200 140 37 (Opposite
1072 5199 127 29 Gilmer's
1212 5199 104 35 Hotel.)

807 5349 90 31 Evcrv
913 5349 178 32 depcriotion
1109 5348 31 31 of
1166 5348 176 32 ITolloware,
1358 5346 49 32 Tin-

842 5393 114 31 smiths'
974 5392 35 31 G<
1023 5393 63 39 odp,
1102 5393 55 31 and
1178 5393 214 39 Ironmongery

1000 5438 70 39 kept
1092 5437 29 33 in
1143 5437 94 32 stock.

933 5574 23 27 A
969 5575 87 33 Large
1070 5574 199 34 Consignment
1282 5573 30 27 of

846 5638 186 42 STOVES
1060 5638 100 39 AND
1195 5637 199 42 RANGES

1010 5727 62 21 NOW
1089 5727 33 20 TO
1142 5727 85 20 HAND.

910 5853 123 26 t3sf*All
1052 5852 84 27 Work
1150 5851 181 28 Guaranteed.

2247 192 117 31 Public
2383 191 151 31 Notices.

2212 271 128 41 JOHN
2385 268 188 48 MUNRO,

2136 402 177 28 ENERAL
2346 399 246 29 MERCHANT
2623 398 88 27 AND

2293 478 208 35 IMPORTER,

2181 594 242 38 Palmerston
2458 593 157 44 -Street,

2293 713 217 27 WESTPORT.

2131 811 245 35 JOHNSTON
2404 811 28 31 &
2457 809 215 33 WATKINS

2302 888 107 29 CIVIL
2428 889 78 27 AND

2175 968 72 27 INI
2259 967 23 28 N
2293 968 24 27 G

2276 1051 181 21 AUTHORISED
2479 1051 59 19 AN.I>

2092 1099 279 39 LICENSED
2398 1095 327 41 SURVEYORS

2091 1190 131 37 Working
2247 1190 83 28 Plans
2352 1189 54 28 and
2432 1188 108 29 Details
2565 1187 30 29 of
2619 1186 108 37 Miinng

2124 1230 162 35 Machinery
2301 1227 132 39 prepared
2444 1228 54 27 and
2507 1228 45 27 the
2562 1227 131 27 Erection

2177 1270 107 36 Mining
2300 1268 159 37 Machinery
2472 1265 169 38 supervised.

2091 1348 119 34 Surveys
2222 1345 43 28 for
2276 1345 109 36 Mining
2395 1343 166 37 Companies
2570 1341 158 30 contracted

2092 1387 38 28 for
2145 1386 33 37 by
2192 1386 46 28 the
2251 1394 73 28 year.
2363 1385 120 34 Surveys
2493 1383 81 28 made
2584 1381 88 29 under
2682 1380 46 29 the

2264 1423 81 30 Land
2357 1423 129 28 Transfer
2495 1423 61 27 Act.

2341 1502 119 27 Address
2472 1510 6 18 :

2093 1542 168 33 Broadway,
2282 1539 133 31 Reefton
2427 1549 6 25 ;
2462 1547 55 21 and
2544 1538 186 30 Commercial

2297 1580 110 33 Hotel,
2427 1580 92 28 Lyeli

2128 1655 293 31 N.B.—lnstructions
2434 1656 47 28 left
2496 1658 28 26 at
2537 1655 90 28 Times
2638 1653 92 33 Office,

2096 1705 13 19 I
2119 1697 64 34 yell,
2196 1697 55 27 will
2265 1697 104 27 receive
2378 1696 159 30 immjjiilmtr
2551 1693 146 29 attention.

2226 1779 333 61 Newman
2579 1793 29 44 s

2171 1895 133 29 OYAL

2438 1894 85 28 AIL
2569 1894 39 30 T
2642 1893 89 28 INK

2299 1987 48 29 OF
2366 1984 178 31 COACHES

2133 2083 254 29 Thrice-Weekly
2412 2083 123 28 Service
2558 2081 143 28 Between

2187 2132 105 33 Lyell,
2307 2130 133 29 Reefton
2453 2138 58 20 and
2523 2129 127 28 Nelson.

2102 2228 91 28 Leave
2215 2226 82 36 Lyell
2314 2226 43 28 for
2375 2226 105 27 Nelson
2497 2234 83 27 every
2602 2224 136 36 Tuesday,

2102 2274 147 37 Thursday
2257 2274 55 28 and
2324 2273 148 36 Saturday,
2483 2278 29 23 at
2522 2274 63 27 2.30
2595 2282 77 27 p.m.,
2684 2272 55 28 and

2103 2323 81 36 Lyell
2196 2323 41 27 for
2250 2323 139 35 Westport
2402 2321 56 28 and
2471 2321 128 32 Eeetton,
2618 2330 37 18 on
2669 2319 52 28 Sun-

2103 2370 64 38 day,
2181 2368 174 37 Wednesday
2370 2367 54 30 and
2439 2367 112 38 Friday,
2560 2372 29 24 at
2601 2368 63 28 9.30
2674 2376 65 19 a.m.

2105 2459 165 34 Passengers
2297 2455 101 29 booked
2431 2455 42 28 for
2503 2454 151 37 Hampden
2685 2456 54 26 and

2225 2504 80 29 other
2317 2504 193 28 intermediate
2523 2502 102 37 places.

2277 2582 131 27 Booking
2430 2581 120 27 Offices
2562 2588 5 20 :

2107 2641 139 37 Westport
2509 2638 133 29 Gilmer's
2655 2636 85 30 Hotel

2107 2690 118 28 Ileefton
2468 2686 177 29 Stevenson's
2658 2685 84 28 Hotel

2107 2739 104 27 Nelson
2520 2735 125 28 Masonic
2659 2733 83 30 Hotel

2141 2833 45 29 All
2198 2833 108 37 parcels
2319 2834 75 26 must
2406 2831 33 29 be
2455 2829 123 38 prepaid,
2598 2829 144 30 otherwise

2241 2880 68 36 they
2322 2878 56 29 will
2391 2878 32 29 be
2435 2878 50 28 left
2498 2877 113 29 behind.

2433 2935 38 26 H.
2491 2934 185 31 NEWMAN,

2544 2970 158 35 Proprietor

2173 3065 148 28 LADIES'
2341 3064 50 28 OB
2411 3062 273 30 GENTLEMEN'S

2114 3116 298 66 gADDLE
2481 3113 261 62 JJACKS,

2245 3208 93 37 (Quiet
2350 3208 55 28 and
2418 3207 198 29 Well-broken)

2112 3274 72 28 FOR
2198 3273 97 28 HIRE
2309 3271 50 29 BY
2372 3271 78 28 THE
2465 3268 281 31 UNDERSIGNED

2231 3325 41 27 At
2292 3323 167 29 Inangahda
2477 3322 152 29 Junction.

2145 3427 115 29 Horse's
2273 3429 60 25 sent
2345 3428 37 33 ;to
2396 3424 78 36 Lyell
2488 3427 28 24 at
2536 3433 15 18 a
2565 3424 149 26 moment's

2378 3462 101 29 notice.

2114 3555 197 44 Courtney's
2319 3550 301 39 Accommodation
2630 3550 119 37 House

2114 3612 113 37 Having
2250 3609 85 39 lately
2356 3609 69 30 been
2447 3607 192 38 considerably
2660 3606 89 30 added

2114 3657 27 22 to
2161 3652 56 26 and
2236 3650 153 35 improved,
2403 3650 22 26 is
2445 3659 62 17 now
2521 3658 51 17 one
2586 3647 30 28 of
2631 3648 47 27 the
2690 3647 60 28 best

2114 3687 147 38 appointed
2274 3687 54 26 and
2340 3689 74 23 most
2427 3684 178 28 comfortable
2624 3684 126 27 roadside

2224 3725 110 31 house's
2347 3734 36 20 on
2396 3723 47 31 the
2456 3723 78 30 West
2547 3722 92 30 Coast.

2130 3842 242 35 FR|A;NCIS
2422 3839 313 39 COURTNEY,

2340 3910 193 26 Proprietor.

1788 4035 118 52 THE

1455 4167 328 42 PRINTING
1831 4167 127 39 AND
2009 4160 424 46 PUBLISHING
2485 4159 267 48 OFFICE,

1872 4287 146 30 CLIFF
2055 4286 69 34 ST.,
2161 4285 179 29 LYELL.

1525 4619 37 39 Is
1581 4632 73 26 one
1673 4618 42 39 of
1728 4618 64 40 the
1812 4618 84 38 best
1915 4618 96 39 local
2031 4618 189 40 mediums
2239 4618 56 39 for
2314 4618 247 53 distributing
2579 4632 116 34 news,

1703 4711 340 47 Advertisements,
2066 4711 75 40 and
2161 4710 169 52 subjects
2349 4710 42 38 of
2404 4711 97 39 local

1900 4798 169 47 interest,
2091 4798 233 51 throughout

1689 4892 66 38 the
1792 4892 131 38 Buller
1957 4892 76 38 and
2071 4891 223 51 Inangahua
2330 4892 197 37 Counties.

1509 5111 169 49 Charges
1696 5108 56 37 for
1771 5108 179 49 standing
1968 5108 329 42 advertisements,
2318 5119 92 36 very
2423 5105 236 38 reasonable.

1511 5200 80 47 Job,
1639 5199 121 45 Plain,
1799 5197 75 38 and
1917 5197 49 38 all
2001 5197 111 39 kinds
2151 5195 42 40 of
2224 5195 178 51 printing,
2440 5192 184 40 executed
2668 5190 89 40 with

1460 5268 185 52 despatch
1665 5274 40 32 at
1723 5268 65 37 the
1807 5266 131 38 lowest
1957 5266 136 50 prices.

1509 5353 333 44 Communication
1863 5352 48 54 by
1931 5359 86 46 post
2032 5367 41 25 or
2090 5352 87 40 wire
2197 5350 192 54 promptly
2408 5347 183 41 attended
2611 5353 51 33 to.

1983 5594 228 38 ADDRESS

2001 5812 222 40 LYELL.

2914 185 120 31 Public
3054 186 153 30 Notices.

2827 265 84 31 THE
2933 264 139 31 STAMP
3094 264 88 40 ACT,
3206 265 87 31 1875.

2745 374 472 55 pAUTlON.—Transferors
3230 375 58 32 and
3298 379 90 28 trans

2837 419 45 30 fer
2898 420 63 29 tees
2976 419 29 30 in
3020 419 68 40 pold
3107 419 115 39 mining
3234 419 56 30 and
3303 418 86 31 other

2742 463 171 45 compaties
2940 462 60 34 and
3027 461 144 35 societies
3196 473 52 22 are
3272 461 118 33 warned

2743 512 114 38 .igainst
2881 511 164 36 executing
3070 519 55 29 any
3159 508 186 31 instrument
3362 510 27 27 oi

2744 555 59 30 sale
2818 563 35 20 or
2869 553 132 30 transfer
3018 555 101 28 unless
3132 551 53 32 the
3196 562 88 20 name
3297 554 27 27 ot
3341 550 50 31 the

2747 596 160 41 purchaser
2936 606 34 20 or
3000 595 171 31 transferee
3206 594 26 31 is
3258 593 133 32 iuserted

2747 640 115 31 (herein
2892 644 32 24 at
2955 649 35 20 or
3016 639 103 31 before
3148 638 53 31 the
3232 642 160 26 execution

2748 682 122 38 thereof,
2889 693 18 20 a
2924 682 161 31 maximum
3114 682 123 37 penalty
3254 686 30 26 ot
3308 680 88 31 £IOO

2749 729 90 31 under
2879 727 115 32 section
3033 727 67 37 103,
3136 726 90 41 being
3255 724 137 33 incurred

2749 772 134 37 thereby.
2926 772 69 39 Any
3008 772 74 28 such
3093 771 197 35 instrument,
3303 779 81 19 more

2750 825 80 26 over,
2845 825 32 19 so
2891 814 105 39 signed
3013 813 26 31 is
3065 812 172 39 absolutely
3255 812 67 30 void
3339 810 57 30 and

2763 858 182 44 noperaiive,
2971 858 59 32 and
3054 858 73 32 does
3149 861 55 27 not
3220 856 101 32 divest
3347 853 50 33 the

2741 899 1 37 ,
2766 906 151 28 ransteror
2933 906 28 28 ot
2992 903 45 30 his
3050 903 129 30 interest
3195 901 131 35 therein,
3341 899 56 32 and

2772 959 16 21 e
2804 948 126 32 remains
2947 947 89 31 liable
3053 947 126 29 thereon
3196 955 33 20 as
3246 944 24 30 if
3293 943 35 30 he
3344 942 55 31 bad

2756 1002 86 21 iiever
2858 992 140 40 disposed
3015 994 29 27 ot
3073 990 52 30 the
3141 1000 92 20 same.
3290 987 29 31 If
3348 986 51 31 the

2753 1034 167 33 transferor
2947 1034 35 32 be
2998 1045 17 20 a
3043 1032 132 32 licensed
3198 1030 201 33 sharebroker

2755 1080 43 32 his
2813 1079 111 33 license
2952 1079 26 32 is
3005 1077 144 33 forfeited
3174 1087 39 21 on
3229 1074 170 33 conviction

2754 1126 55 28 and
2826 1124 161 30 thereafter
3012 1124 36 29 he
3062 1123 26 30 is
3112 1121 186 41 disqualified
3324 1121 75 28 from

2755 1168 101 38 actiug
2881 1176 32 21 as
2940 1176 17 21 a
2973 1166 110 31 broker
3097 1175 34 20 or
3156 1166 75 28 from
3263 1161 105 41 having
3385 1171 14 21 a

2741 1209 1 31 I
2757 1210 78 30 fresh
2853 1210 110 30 license
2974 1209 98 31 issued
3090 1214 32 25 to
3134 1209 69 29 him.

2836 1317 255 32 POSTAGE
3133 1316 189 31 KATES.

2949 1439 91 24 TOWN
3065 1436 147 25 LETTERS.

2797 1488 113 33 Posted
2935 1492 33 27 at
2990 1498 58 28 any
3076 1487 72 30 Post
3175 1484 95 33 Office
3299 1484 102 31 within

2758 1541 52 34 the
2824 1541 106 43 colony
2945 1540 46 32 for
3007 1538 131 42 delivery
3151 1542 31 28 at
3196 1547 35 21 or
3240 1536 75 32 from
3329 1535 72 33 such

2761 1596 74 31 Post
2851 1595 94 32 Office
2962 1606 48 19 :

3585 179 121 35 Public
3731 179 157 31 Notices.

3540 259 193 40 SANDER
3754 260 28 36 &
3805 256 127 38 SONS'

3457 596 151 37 (Deutsche
3634 594 75 29 Med.
3733 591 225 30 Wochenschrift
3985 593 77 30 1679)

3423 637 112 32 Hosier,
3550 635 87 28 M.D.,
3651 633 141 27 Professor
3805 637 27 22 at
3845 630 46 28 the
3902 630 164 35 University

3423 672 172 33 Greifswald,
3633 673 151 33 Germany,
3823 674 107 31 reports
3944 676 43 19 :
4006 668 59 27 The

3424 713 146 37 Eucalypti
3591 712 116 27 Extract
3732 708 104 38 proved
3854 705 213 38 magnificently

3424 752 149 29 successful
3604 752 29 27 in
3665 759 66 27 very
3770 757 94 19 severe
3895 745 171 33 contusions,

3424 792 113 29 bruises,
3547 790 119 35 .sprains,
3674 787 124 31 wounds,
3805 785 149 32 sealdings,
3960 785 106 26 broken

3426 828 63 33 ribs,
3498 829 54 27 and
3563 826 92 29 limbs.
3687 826 28 27 It
3725 823 158 35 effectually
3894 826 76 32 stays
3979 821 37 27 all
4025 822 26 27 in-

3426 867 174 30 flammation
3615 865 52 29 and
3683 863 134 35 swelling.
3855 861 76 33 Also,
3951 860 47 29 the
4012 870 40 19 ser-

3427 908 73 26 vices
3514 905 110 30 derived
3636 907 71 26 from
3718 905 20 27 it
3747 905 28 26 in
3790 903 36 28 all
3834 901 138 29 disorders
3983 900 30 29 of
4020 901 47 28 the

3428 945 163 36 respiratory
3603 952 108 27 organs,
3723 951 29 18 as
3761 949 94 27 croup,
3867 939 146 35 diptheria,
4026 940 26 26 in-

3428 983 173 29 flammation
3627 981 31 30 of
3675 981 47 28 the
3745 978 145 31 bronchial
3909 976 79 30 tubes
4012 977 55 29 and

3427 1022 91 35 lungs,
3532 1021 112 28 chronic
3665 1019 122 32 catarrh,
3800 1017 163 31 bronchitis,
3982 1018 85 31 colds,

3428 1061 56 33 &c,
3498 1070 46 19 are
3557 1064 49 24 not
3625 1063 28 24 to
3665 1058 34 29 be
3713 1056 127 38 equalled
3859 1055 36 38 by
3914 1064 55 29 any
3988 1054 79 29 other

3429 1100 196 28 medicament.

3429 1161 134 31 Sander
3581 1159 28 30 &
3624 1159 89 31 Sons
3726 1155 186 39 Eucalypti
3925 1155 145 30 Extract

3464 1210 98 32 Lister,
3583 1208 87 33 M.D.,
3690 1206 150 31 Professor,
3866 1206 56 32 &c,
3942 1204 126 33 London,

3429 1248 47 27 the
3490 1246 126 35 Leading
3634 1255 117 27 surgeon
3765 1245 30 27 of
3806 1245 46 27 the
3866 1248 111 32 present
3990 1244 77 31 time,

3431 1286 89 30 stated
3533 1291 28 24 at
3574 1285 47 29 the
3633 1285 54 28 last
3705 1284 123 33 meeting
3841 1284 30 27 of
3887 1282 45 29 the
3952 1281 118 30 Clinical

3431 1326 117 34 Society,
3556 1324 127 31 London,
3690 1333 30 17 as
3732 1321 145 37 published
3884 1323 28 26 in
3922 1321 146 28 Gaillard's

3432 1362 118 30 Medical
3569 1362 127 28 Journal,
3709 1361 62 28 that
3783 1360 47 28 the
3848 1359 149 35 Eucalypti
4015 1359 36 26 Ex-

3432 1407 70 23 tract
3514 1402 23 27 is
3550 1402 47 27 the
3610 1401 60 28 best
3682 1400 102 28 known
3803 1398 147 37 antiseptic
3965 1400 105 33 (means

3432 1442 29 29 of
3471 1441 164 35 preventing
3647 1439 206 37 putreiaction).

2762 1651 59 34 Not
2834 1652 163 39 exceeding
3011 1651 63 31 half
3088 1660 37 22 an
3142 1660 95 22 ounce

2763 1698 168 39 Exceeding
2946 1697 64 31 half
3021 1707 38 20 an
3074 1706 106 27 ounce,
3206 1696 53 30 but
3275 1700 54 24 not

2799 1742 163 37 exceeding
2977 1750 58 22 one
3050 1749 97 21 ouuce

2763 1785 57 33 For
2834 1795 90 31 every
2941 1784 65 32 half
3016 1794 97 21 ounce
3127 1793 70 22 over
3213 1792 57 21 one
3295 1807 31 7 ...
3372 1782 34 31 Id

2926 1851 149 24 COUNTRY
3090 1850 149 24 LETTERS.

2801 1900 109 33 Posted
2928 1903 32 28 at
2973 1910 58 30 any
3056 1902 69 36 post
3138 1897 85 32 office
3238 1896 103 32 within
3359 1896 50 32 the

2762 1954 106 42 colony
2897 1954 47 31 for
2974 1951 134 41 delivery
3133 1954 33 28 at
3191 1961 34 20 or
3251 1951 75 29 from
3353 1960 55 30 any

2763 2008 87 33 other
2860 2011 68 38 post
2939 2004 84 34 office
3040 2004 103 33 within
3160 2002 52 34 the
3225 2004 106 42 colony
3344 2016 48 19 :

2766 2065 62 31 Not
2842 2064 164 38 exceeding
3021 2062 65 32 half
3098 2073 37 20 an
3152 2072 97 21 ouuce
3298 2087 20 7 ..
3374 2062 35 30 2d

2767 2109 169 41 Exceeding
2951 2107 60 33 half
3026 2117 37 22 an
3079 2117 108 29 ounce,
3201 2106 55 32 but
3281 2109 54 27 not

2803 2154 163 40 exceeding
2979 2162 57 21 one
3050 2162 99 21 ounce
3300 2175 30 8 ...
3375 2150 36 30 4d

2767 2199 58 31 Fop
2853 2208 89 29 every
2966 2196 66 33 ha!f
3056 2206 98 22 ounce
3178 2206 73 21 over
3279 2205 58 21 one

2805 2253 99 20 ounce
2982 2265 31 8 ...
3141 2265 32 7 ...
3300 2264 31 6 ...
3376 2239 30 30 2c

2897 2316 200 24 AUSTRALIAN
3119 2315 167 23 COLONIES.

2770 2369 62 33 Not
2846 2369 164 39 exceeding
3025 2368 65 32 half
3108 2378 37 21 an
3161 2378 97 21 ounce
3302 2393 32 8 ...
3378 2367 38 32 2d

2771 2414 168 40 Exceeding
2953 2413 65 32 half
3040 2423 38 21 an
3093 2423 106 26 ounce,
3217 2412 54 31 but
3286 2415 54 28 not

2808 2460 163 37 exceeding
2986 2468 58 20 one
3058 2467 98 21 ounce
3304 2481 30 7 ...
3379 2455 38 33 4d

2771 2502 58 33 For
2857 2514 87 29 every
2970 2501 64 32 half
3060 2511 97 22 ounce
3185 2510 72 22 over
3283 2511 58 21 one

2808 2558 99 21 ounce
2985 2570 32 8 ...
3145 2569 32 8 ...
3304 2571 31 6 ...
3380 2543 38 32 2d

2791 2622 149 23 ENGLAND
2962 2622 67 22 AND
3048 2620 144 23 FOREIGN
3206 2620 193 22 COUNTRIES.

2949 2670 59 32 Per
3024 2668 80 34 Half
3126 2668 120 32 Ounce.

2773 2714 113 35 United
2907 2714 161 41 Kingdom,
3095 2713 47 33 via
3164 2715 60 30 San
3247 2712 76 33 Fran-

2811 2761 79 29 cisco
2905 2759 59 31 and
2986 2761 77 29 Suez
3305 2778 34 8 ...
3383 2759 36 30 6d

2775 2803 111 33 United
2917 2803 101 31 States
3046 2801 35 33 of
3113 2800 151 40 America,
3298 2801 47 31 via

2811 2849 59 30 San
2888 2848 165 31 Francisco
3307 2872 32 7 ...
3384 2846 35 33 6d

2773 2891 155 32 Sandwich
2944 2890 131 39 Islands,
3098 2889 47 33 via
3173 2889 59 32 San
3248 2889 76 32 Fran-

2812 2938 81 28 cisrco
3144 2959 30 7 ...
3302 2959 32 7 ...
3380 2935 38 29 6d

2774 2976 152 35 Canadian
2963 2975 193 40 Dominions,
3190 2975 49 32 via
3285 2976 59 32 San

2815 3022 165 33 Francisco
3147 3048 31 7 ...
3305 3048 32 7 ...
3383 3022 36 31 8d

2777 3066 111 31 British
2905 3065 161 31 Columbia
3147 3090 31 8 ...
3306 3091 32 7 ...
3392 3066 23 30 Ji

2777 3110 88 32 West
2879 3109 105 31 Indies
3145 3135 31 6 ...
3304 3135 31 6 ...
3391 3111 31 29 1>

2777 3155 128 37 Mexico,
2920 3154 46 31 via
2978 3154 59 31 San
3056 3152 165 34 Francisco
3306 3180 20 7 ..
3392 3155 30 30 Jp

2776 3199 124 31 Central
2919 3199 140 30 America
3307 3224 30 6 ...
3392 3200 28 29 ]►

2776 3241 93 33 South
2886 3240 148 41 America,
3046 3239 47 34 via
3105 3240 59 33 San
3178 3240 162 34 Francisco
3392 3244 30 29 It

2991 3320 18 22 N
3017 3320 194 22 EWSPA.FERS.

2780 3368 106 31 Posted
2915 3377 18 21 a
2972 3377 68 27 any.
3056 3366 85 32 office
3167 3366 104 32 within
3295 3370 52 28 the

2815 3412 104 41 colony
2936 3418 48 26 lor
2997 3410 132 44 delivery
3144 3416 33 27 at
3198 3410 52 33 the
3265 3422 82 22 same

2815 3456 85 31 office
3150 3481 30 6 ...
3307 3477 35 8 ...
3386 3458 33 37 £d

2781 3499 107 33 Posted
2913 3502 32 29 at
2970 3509 59 32 any
3055 3497 85 34 office
3165 3498 106 32 within
3294 3498 53 33 the

2815 3545 106 41 colony
2938 3545 46 30 for
2998 3543 130 41 delivery
3145 3549 32 26 at
3188 3554 57 31 any
3260 3543 89 34 other

2817 3587 83 32 office
2915 3587 101 30 within
3032 3587 52 30 the
3098 3587 109 40 colony
3311 3613 31 7 ...
3387 3590 35 37 |d

2779 3631 173 34 Australian
2966 3631 144 33 Colonies
3314 3660 30 6 ...
3391 3632 24 33 ]<

2780 3676 113 30 United
2910 3676 157 36 Kingdom
3311 3700 31 7 ...
3388 3679 28 27 lc
3416 3678 6 12 1

3435 1503 133 31 Sander
3586 1502 28 29 &
3630 1503 89 29 Sons
3732 1499 188 39 Eucalypti
3931 1499 145 30 Extract

3471 1552 155 36 (American
3642 1550 117 28 Medical
3770 1548 125 34 Journal,
3908 1549 163 31 November,

3436 1593 76 33 1881)
3526 1591 70 27 —In
3610 1590 119 28 diseases
3742 1590 31 28 of
3788 1589 47 29 the
3854 1588 113 37 kidney,
3986 1588 88 29 either

3435 1630 88 28 active
3536 1630 159 33 congestion
3707 1638 31 17 or
3746 1629 177 34 suppression
3938 1628 133 35 (uraemia)

3435 1668 37 28 all
3485 1667 193 32 albuminuria,
3692 1666 111 36 dropsy,
3817 1664 128 34 lithiasis,
3960 1665 114 35 nothing

3436 1707 56 29 will
3504 1708 80 34 equal
3598 1716 29 18 in
3641 1707 35 26 its
3687 1706 89 26 action
3793 1705 149 35 Eucalypti
3953 1705 121 27 Extract.

3438 1746 95 30 Doses,
3560 1745 52 27 five
3637 1748 29 23 to
3690 1743 77 36 eight
3794 1743 83 36 drops
3901 1744 29 26 in
3960 1753 16 18 a
4005 1743 70 28 little

3437 1784 154 28 sweetened
3615 1788 86 23 water
3726 1784 77 27 twice
3832 1792 31 18 or
3887 1781 78 29 three
3996 1782 81 29 time*

3438 1823 86 31 thiiH*.

3440 1884 134 32 Sander
3591 1884 28 30 &
3633 1884 89 30 Sons
3737 1883 188 38 Eucalypti
3936 1884 144 30 Extract

3476 1934 92 34 (From
3582 1933 145 28 American
3739 1932 119 28 Medical
3865 1933 127 33 Journal,
4002 1933 75 33 Jan.,

3442 1971 226 36 1882).—Pitzer,
3698 1971 87 33 M.D.,
3806 1971 140 28 Professor
3970 1971 109 37 Theory

3441 2011 54 30 and
3511 2011 124 30 Practice
3647 2012 29 27 of
3688 2010 144 32 Medicine,
3844 2011 146 28 American
4003 2011 57 28 Med-

3441 2051 53 26 ical
3507 2049 121 35 College,
3643 2060 63 24 says
3718 2051 71 26 :—lt
3803 2049 23 28 is
3836 2050 47 27 the
3896 2050 60 27 best
3967 2051 113 35 reined}-

3442 2088 99 28 known
3562 2087 27 29 in
3612 2086 226 38 typhoinalarial,
3859 2088 115 36 typhoid
3995 2089 84 32 fever,

3442 2127 158 36 erysipelas,
3610 2127 165 36 diphtheria,
3786 2127 96 28 scarlet
3895 2128 80 27 fever,
3986 2128 75 28 small-

3443 2175 62 28 pox,
3519 2166 56 33 &c;
3594 2166 22 28 it
3635 2165 158 36 effectually
3806 2166 105 28 retards
3931 2167 46 27 the
3998 2166 67 29 disin-

3443 2204 136 37 tegration
3610 2206 30 27 of
3661 2205 47 27 the
3734 2206 104 27 animal
3869 2205 89 32 fluids,
3989 2207 91 27 which

3445 2243 89 35 might
3546 2243 86 28 result
3645 2243 27 28 in
3690 2254 15 17 a
3725 2244 108 32 general
3852 2243 182 38 breaking-up
4054 2246 27 27 of

3445 2281 46 27 the
3504 2281 82 27 blood
3600 2281 55 27 and
3668 2283 28 25 in
3711 2281 92 27 death.

3447 2342 132 31 Sander
3597 2342 28 31 &
3640 2342 90 31 Sons
3742 2341 186 39 Eucalypti
3941 2343 146 31 Extract.

2940 3746 54 29 Vu
3010 3740 58 33 San
3092 3740 175 35 Francisco.

2779 3800 114 34 United
2911 3799 101 33 States
3027 3799 30 32 of
3072 3799 142 32 America

2780 3845 155 33 Sandwich
2949 3845 121 31 Islands

2780 3888 152 33 Canadian
2949 3887 181 33 Dominions

2785 3932 110 32 British
2913 3932 160 32 Columbia

2785 3976 84 34 West
2885 3975 106 35 Indies

2782 4022 122 31 Meiico

2782 4064 124 32 Central
2922 4065 138 30 America

2782 4106 96 34 South
2894 4108 158 32 Amerrica

2979 4175 87 23 BOOK
3087 4176 141 23 PICKETS

2787 4224 106 32 Posted
2919 4226 32 29 at
2973 4234 59 32 any
3057 4225 83 31 office
3167 4226 104 29 within
3299 4224 52 31 the

2822 4269 106 42 colony
2944 4267 47 33 for
3005 4267 132 40 delivery
3151 4273 31 27 at
3197 4267 52 33 the
3259 4280 92 28 same,

2824 4314 102 31 within
2956 4313 54 31 the
3037 4313 117 41 colony,
3183 4313 52 31 the
3271 4314 59 30 Aus-

2822 4358 109 31 tralian
2947 4367 15 12 rt
2964 4356 124 39 olonie&,
3101 4368 34 20 or
3159 4356 53 33 the
3236 4356 116 33 United

2825 4401 153 35 Kingdom
3062 4426 31 7 ...
3178 4402 53 29 loz

2864 4445 49 31 Do
3062 4469 31 8 ...
3175 4445 56 30 2oz

2864 4489 49 32 Do
3062 4515 31 7 ...
3178 4488 52 39 ilb

2863 4534 49 31 Do
3063 4558 31 7 ...
3180 4533 51 32 lib

2789 4577 95 40 Every
2912 4575 164 32 additional
3099 4575 113 41 pound,
3224 4586 35 21 or
3274 4575 64 33 frac-

2825 4620 94 32 tional
2932 4624 68 37 part
3015 4621 30 29 of
3059 4631 18 19 a
3093 4619 102 40 pouud

2953 4662 57 33 Via
3025 4663 58 32 San
3101 4661 173 34 Francisco.

2788 4708 112 33 United
2930 4708 111 36 States,
3065 4718 90 30 every
3184 4708 52 36 £lb

2789 4751 153 33 Sandwich
2958 4751 116 32 Islands
3194 4776 17 14 „

2788 4795 151 31 Canadian
2954 4795 179 31 Dominions
3195 4816 19 17 „

2789 4837 111 34 Brit'sh
2918 4836 159 35 Columbia
3196 4862 18 16 „

2789 4884 87 32 West
2890 4883 105 32 Indies

2787 4998 149 61 JOB
2957 4998 463 61 PKINTTNG

2835 5345 120 47 Every
2981 5343 207 53 description
3214 5344 161 39 executed

2792 5641 102 71 %\)t
2912 5641 141 65 troll
3069 5641 46 64 f
3119 5646 114 59 ittws
3261 5644 162 71 ma,

2913 5821 148 44 CLIFF
3097 5823 205 42 STKEET.

3483 2392 94 30 (From
3613 2392 40 28 St.
3692 2392 83 28 Louis
3812 2392 118 29 Electric
3967 2392 118 31 Medical

3447 2431 125 33 Journal,
3604 2431 77 29 Dec,
3714 2432 87 28 li>81).
3854 2432 103 28 Cancer
3980 2434 30 26 of
4037 2433 46 28 the

3448 2471 112 34 Tongue
3563 2470 155 31 —Patient,
3735 2471 65 26 Mrs.
3943 2493 6 11 ,
3963 2472 33 26 85
4005 2481 80 26 years

3448 2509 54 27 old.
3552 2508 140 29 Evidence
3716 2509 32 28 of
3768 2509 151 28 scrofulous
3946 2509 141 30 diathesis.

3449 2548 157 27 Prescribed
3626 2548 62 27 four
3710 2548 82 36 drops
3805 2554 28 22 to
3853 2549 32 28 be
3904 2549 82 28 taken
4009 2550 77 27 three

3448 2587 82 26 times
3553 2586 76 34 daily
3643 2594 7 24 ;
3669 2587 67 32 also,
3760 2592 101 28 tongue
3887 2588 99 27 wetted
4010 2589 77 27 three

3450 2625 81 28 times
3573 2624 68 28 with
3683 2625 47 28 the
3770 2625 150 38 Eucalypti
3963 2627 123 28 Extract.

3450 2662 117 29 Treated
3586 2674 29 18 as
3634 2664 86 28 above
3745 2664 43 28 for
3812 2665 61 28 four
3897 2665 100 34 weeks,
4020 2665 68 29 then

3450 2702 161 35 discharged
3625 2703 93 29 cured.

3487 2752 35 34 (J.
3558 2751 35 27 11.
3625 2751 123 37 Ruttley,
3786 2752 87 28 M.D..
3911 2754 83 33 Prof.,
4031 2755 44 27 &c.
4080 2777 9 10 v

3450 2788 213 39 Philadelphia).
3666 2791 127 31 —Since,
3805 2791 29 27 in
3854 2791 47 28 the
3916 2801 62 18 case
3996 2793 31 26 of
4043 2793 45 26 Mr

3452 2828 113 34 Mercer,
3579 2828 30 29 of
3622 2827 119 39 Kerang,
3756 2829 61 29 who
3831 2829 54 30 had
3893 2829 69 30 been
3975 2831 113 29 advised

3450 2867 37 35 by
3509 2867 45 29 the
3583 2867 118 29 Medical
3721 2869 103 27 officers
3846 2870 30 27 of
3890 2871 47 26 the
3963 2871 127 35 Bendigo

3450 2905 129 37 Hospital
3594 2909 28 24 to
3635 2906 71 27 have
3720 2906 43 27 his
3777 2910 99 32 tongue
3885 2908 203 29 removed.like

3450 2944 126 34 splendid
3589 2945 100 26 results
3702 2944 71 28 have
3780 2946 122 27 attained
3909 2947 120 35 through
4037 2947 52 29 the

3450 2980 168 39 application
3631 2982 30 26 of
3670 2981 47 28 the
3730 2982 150 37 Eucalypti
3894 2984 124 28 Extract.

3452 3043 134 31 Sander
3603 3043 28 31 &
3648 3045 88 31 Sens
3751 3045 184 40 Eucalypti
3948 3047 148 31 Extract

3485 3092 85 29 From
3589 3092 47 28 the
3657 3093 115 28 Clinical
3791 3094 117 33 Record,
3926 3096 30 27 of
3971 3097 118 34 August,

3452 3131 89 34 1881).
3603 3132 124 34 Surgical
3758 3133 89 28 Clinic
3883 3134 31 27 of
3949 3134 145 30 Froiessor

3454 3170 147 37 M'lntyre,
3633 3170 109 38 College
3773 3172 30 28 of
3836 3172 163 38 Physicians
4035 3175 55 28 and

3453 3209 147 35 Surgeons,
3613 3210 40 27 St.
3666 3210 247 30 Louis—Scirrhus
3920 3213 32 27 of
3956 3213 99 28 Breast
4057 3230 33 3 —

3453 3247 131 29 Excision
3596 3256 5 20 :
3617 3248 148 37 Eucalypti
3779 3249 115 29 Extract
3906 3250 147 40 employed
4061 3260 31 20 as

3453 3297 92 26 spray,
3570 3287 55 28 and
3650 3287 133 38 dressing.
3821 3290 86 35 Eight
3929 3283 78 44 days*
4022 3295 70 25 alter

3453 3326 143 35 operation
3612 3327 153 27 Professors
3777 3328 93 28 Bauer
3882 3330 54 26 and
3953 3330 139 36 M'lntyre

3454 3365 80 26 noted
3572 3365 47 27 the
3655 3365 141 33 following
3832 3368 140 27 condition
3987 3377 42 18 :
4049 3370 42 26 No

3454 3401 131 38 swelling,
3600 3403 64 28 heat
3678 3413 30 19 or
3720 3404 202 32 discoloration,
3936 3416 67 19 near
4019 3417 31 19 or
4062 3408 30 28 in

3454 3441 47 28 the
3519 3443 111 31 wound,
3650 3443 89 28 which
3760 3444 50 29 has
3822 3444 203 39 united.fully;
4045 3447 48 28 the

3454 3480 105 35 patient
3571 3481 116 28 allowed
3699 3487 28 22 to
3740 3483 96 27 attend
3845 3488 28 23 to
3883 3483 51 30 her
3939 3484 153 29 household

3454 3518 90 29 duties
3557 3520 92 36 again.

3455 3580 135 30 Sander
3607 3582 27 29 &
3650 3582 289 40 SonslEucalypti
3951 3586 146 31 Extract

3490 3629 127 37 (Clinical
3643 3631 115 33 Record,
3786 3633 75 38 Sept.
3888 3636 207 36 1880).—The

3454 3670 146 26 American
3630 3672 119 27 medical
3779 3675 154 32 profession
3964 3685 71 20 uses,
4068 3678 29 24 in

3454 3706 174 35 gonorrhoea,
3647 3716 30 18 as
3690 3716 36 19 an
3745 3709 143 36 injection,
3903 3720 36 18 an
3958 3712 139 27 emulsion

3455 3744 30 29 of
3506 3754 52 20 one
3577 3755 88 20 ounce
3684 3756 66 28 gum
3772 3748 111 36 Arabic,
3905 3751 29 28 in
3957 3752 35 29 30
4014 3761 31 19 or
4062 3753 36 28 40

3455 3792 101 20 ounces
3568 3786 32 26 of
3609 3791 93 25 water,
3717 3788 109 35 applied
3840 3789 63 28 four
3916 3791 82 27 times
4012 3791 83 38 daily.

3457 3822 83 36 Eight
3559 3824 82 36 drops
3660 3826 82 33 given
3756 3828 146 35 inwardlv,
3922 3839 69 20 once
4012 3829 85 39 daily,

3456 3868 128 28 prevents
3596 3864 157 36 effectually
3767 3869 222 27 contamination
4004 3871 31 26 of
4050 3871 48 27 the

3456 3899 81 29 blood
3551 3901 29 27 in
3593 3901 58 29 foul
3665 3902 116 29 disease.

3627 4013 21 29 C
3667 4014 24 29 A
3712 4015 23 29 U
3756 4016 23 28 T
3798 4017 123 29 lON.

3456 4063 135 30 Sander
3608 4064 28 30 &
3652 4066 90 30 Sons
3754 4067 187 39 Eucalypti
3954 4071 148 30 Extract

3491 4111 51 36 (St.
3562 4111 74 30 Lous
3655 4114 116 28 Clinical
3786 4115 115 32 Record,
3920 4118 65 28 Jan.
4007 4120 89 29 1882).

3455 4151 157 34 —Hazard,
3633 4152 78 28 M.D.
3730 4154 66 28 Prof
3822 4156 32 26 of
3869 4157 153 37 Pathology
4042 4159 55 27 and

3457 4189 127 28 Diseases
3603 4191 30 28 of
3649 4191 46 28 the
3717 4193 88 30 Mind,
3831 4201 102 22 states:
3955 4196 51 28 We
4027 4197 70 28 have

3457 4227 146 29 examined
3621 4228 61 30 half
3696 4239 16 19 a
3725 4231 87 29 dozen
3826 4235 156 34 specimens
3995 4234 30 30 of
4041 4237 37 26 Eu-

3457 4266 103 38 calypti
3568 4267 124 30 Extract.
3717 4269 130 31 Sander's
3855 4281 100 30 prepar
3963 4274 68 28 ttirtn
4042 4285 57 17 was

3458 4306 46 28 the
3540 4306 66 38 only
3641 4318 53 19 one
3725 4309 92 30 which
3853 4314 182 36 corresponds
4070 4318 31 25 to

3457 4345 134 28 scientific
3604 4349 76 25 tests.

3492 4384 58 27 Our
3572 4386 176 34 preparation
3774 4387 22 27 is
3821 4387 47 28 the
3893 4389 68 37 only
3982 4391 107 33 existing

3459 4422 110 27 volatile
3588 4427 116 28 extract,
3723 4425 55 27 free
3792 4426 30 26 of
3837 4427 37 26 all
3894 4429 126 28 resinous
4038 4439 46 27 par-

3459 4460 85 28 ticles.
3588 4460 45 28 All
3664 4462 80 29 other
3774 4466 191 36 preparations
3995 4467 31 29 of
4052 4467 49 29 the

3460 4500 180 37 Eucalyptus,
3662 4511 37 18 no
3720 4509 102 23 matter
3847 4511 91 23 wiiere
3958 4507 124 28 manufac-

3459 4539 89 33 tured,
3568 4549 46 18 are
3627 4540 94 34 crude,
3734 4543 127 28 resinous
3880 4545 62 32 oils,
3961 4546 141 36 irritating

3460 4575 54 29 and
3533 4577 153 36 blistering,
3706 4579 94 28 rather
3813 4584 115 33 causing
3942 4583 140 28 inflamma-

3460 4618 58 23 tion
3537 4614 69 28 than
3625 4616 113 35 staying
3755 4618 31 32 it,
3800 4619 55 28 and
3875 4620 31 27 of
3920 4620 57 28 real
3997 4622 106 33 danger

3459 4652 24 27 if
3498 4654 162 36 errcnously
3679 4655 112 37 applied
3808 4657 30 28 in
3857 4658 94 29 throat
3970 4659 131 33 diseases,

3460 4691 46 29 &c.

3495 4730 44 28 No
3560 4730 101 29 bottles
3680 4733 120 34 genuine
3816 4739 96 34 except
3930 4737 81 29 those
4031 4739 71 28 with

3461 4768 85 29 labels
3567 4769 116 35 bearing
3704 4781 50 19 our
3775 4773 142 35 signature
3944 4777 55 27 and
4023 4778 79 27 trade

3461 4807 89 32 mark,
3574 4808 56 26 and
3649 4810 114 26 secured
3782 4813 108 27 outside
3909 4814 67 27 with
3996 4824 16 18 a
4034 4815 69 36 pink

3464 4853 121 30 wrapper
3614 4846 56 29 and
3699 4857 84 25 green
3819 4848 84 37 band,
3941 4851 47 30 the
4018 4852 85 30 latter

3461 4884 113 36 bearing
3588 4895 50 19 our
3650 4887 117 29 location
3782 4890 55 28 and
3851 4891 151 34 signature.

3495 4923 157 30 Directions
3666 4931 40 22 lor
3718 4935 47 20 use
3778 4928 69 28 with
3861 4931 66 27 each
3941 4931 95 28 bottle.

3480 5015 241 30 SANDER
3763 5020 115 28 AND
3921 5022 147 29 SONS

3625 5055 165 35 Sandhurst,
3805 5058 130 30 Victoria.

3508 5160 244 30 DUNCAN
3808 5160 68 33 M«:

3634 5214 100 37 Agent,
3745 5216 182 37 Greyinouth.

3465 5299 73 47 P,l
3577 5300 73 46 t,o
3674 5301 92 45 -P4.
3803 5313 10 26 i
3813 5313 40 18 ier
3885 5305 34 29 da
3920 5315 20 26 y
3976 5317 46 18 ma
4024 5318 19 25 y
4072 5308 35 28 be

3465 5331 47 26 5J
3516 5331 35 25 J.
3585 5331 65 27 UU
3670 5331 96 29 3j<±
3796 5343 83 28 made
3901 5343 36 37 by
3951 5353 115 28 persons
4079 5355 15 19 0
4095 5346 13 27 f

3464 5373 88 29 either
3564 5384 56 22 sex,
3634 5375 29 30 in
3677 5376 72 29 their
3763 5389 60 19 owu
3838 5381 142 30 localities,
3990 5388 28 24 at
4029 5384 76 28 work

3466 5415 40 26 for
3526 5423 43 17 us.
3607 5416 68 27 New
3702 5417 134 29 business.
3873 5422 45 27 All
3940 5426 74 25 meet
4038 5424 68 27 with

3467 5453 148 28 wonderful
3630 5464 117 20 success.
3785 5458 63 38 Any
3862 5469 52 20 one
3933 5470 52 19 can
4005 5461 34 29 do
4059 5461 47 29 the

3466 5492 83 28 work.
3596 5493 107 37 Capital
3728 5501 49 23 not
3801 5500 135 34 required.
4050 5501 57 27 will

3467 5533 67 25 start
3545 5540 66 26 you.
3649 5533 87 28 Outfit
3751 5536 89 27 worth
3862 5538 37 28 £1
3919 5538 103 28 mailed
4040 5539 66 27 free.

3471 5569 52 29 The
3537 5572 191 36 employment
3748 5573 23 29 is
3790 5576 181 39 particularly
3989 5577 119 39 adapted

3466 5613 27 23 to
3507 5609 47 28 the
3571 5612 95 33 region
3686 5613 30 26 in
3737 5614 92 28 which
3855 5616 57 27 this
3937 5618 169 35 publication

3467 5647 153 29 circulates.
3676 5649 74 32 Boys
3780 5653 55 27 and
3867 5654 65 30 £irls
3963 5665 50 17 ran
4040 5665 67 17 earn
