2540 4029
1238 41 99 32 THE

57 108 519 135 NEW
616 96 882 142 ZEALAND
1607 103 856 158 GAZETTE

1237 263 98 33 AND

57 296 1145 171 WELLINGTON
1317 296 1146 171 SPECTATOR.

588 496 217 39 PUBLISHED
851 496 131 36 EVERY
1026 492 259 40 WEDNESDAY
1329 493 87 37 AND
1462 492 230 38 SATURDAY
1738 482 205 47 MORNJNC.

642 612 129 32 PORT
793 612 284 36 NICHOLSON,
1100 609 258 34 SATURDAY
1381 610 240 38 MORNING,
1642 611 122 32 JUNE
1786 614 30 33 4,
1843 614 88 29 1812.

2258 610 101 40 [Vol.
2379 609 68 31 111.

76 626 62 31 No.
156 623 86 40 147.]

182 717 53 20 For
269 712 106 22 Nelson
403 709 94 23 direct,

220 750 29 19 To
257 748 40 19 sail
304 747 24 18 in
337 752 14 13 a
354 744 46 26 few
409 744 56 24 days,

106 781 54 21 *.«•■
220 782 115 23 MnHAT
358 781 44 21 fine
421 786 47 15 nf-w
491 777 44 22 fast
554 776 79 27 sailing

80 802 110 36 JSW^v
219 821 2 3 ■
231 809 26 24 -12
277 821 3 5 '
294 809 109 21 schooner
412 806 117 23 Elizabeth,
539 806 26 20 60
576 808 54 22 tons,

63 858 5 6 i
80 828 129 40 T^ra£S»<
233 837 83 26 Joseph
358 834 72 23 Smith
466 837 91 21 master,
593 830 40 22 has

64 856 145 33 jJgM^^T
233 862 104 30 splendid
370 859 193 24 accommodation
600 858 34 20 for

52 884 162 37 yjggfflgß
221 897 2 4 ■
233 896 136 25 passengers.
381 906 3 5 .
399 889 52 21 Part
468 887 27 21 of
508 886 42 21 her
569 892 64 19 cargo

78 923 11 9 *
238 918 65 25 being
322 915 90 28 already
430 913 110 28 engaged,-
555 912 78 21 imme-

46 948 58 23 diate
124 946 133 30 application
273 945 35 22 for
324 943 83 27 freight
422 950 25 13 or
459 946 93 23 passage
567 942 21 18 to
607 939 26 20 be

46 975 65 23 made
123 978 21 19 to
454 994 9 10 3
479 993 29 11 -nr

176 1001 122 24 Wallace,
313 998 94 24 White,
423 997 40 19 and
479 995 126 20 Wallace.

73 1036 55 27 May
137 1037 35 23 28,
185 1035 61 21 1842.

273 1083 52 20 For
336 1080 71 25 Sale,

51 1115 164 109 aHP
222 1113 46 22 HE
296 1112 51 22 we'l
377 1111 88 25 known,
492 1110 139 26 fast-sailing,

181 1133 24 29 JL
240 1143 71 19 cutter
329 1139 69 26 Royal
418 1139 99 23 William,
537 1138 28 20 43
584 1141 49 17 tons

216 1167 98 28 register,
333 1167 53 20 with
402 1165 29 22 all
449 1165 40 21 her
505 1169 76 21 stores,
593 1164 40 21 &c.

186 1195 40 21 &c.
244 1195 39 21 &c.
312 1193 71 21 Stows
400 1200 12 14 a
426 1192 59 26 large
502 1197 72 21 cargo,
591 1190 44 21 and

186 1221 77 21 makes
280 1228 29 19 up
324 1219 51 22 four
391 1219 73 21 berths
478 1219 25 20 in
515 1218 37 21 the
563 1217 71 22 cabin.

48 1249 44 22 She
107 1248 40 22 has
156 1247 84 28 proved
252 1247 83 21 herself
347 1253 12 14 a
371 1245 59 28 good
440 1252 37 14 sea
492 1245 59 26 boat,
564 1244 43 21 and
617 1244 18 21 is

47 1275 49 21 well
110 1274 97 28 adapted
222 1275 34 20 for
271 1274 88 26 trading
378 1274 97 20 between
492 1272 38 21 the
548 1271 87 21 various

48 1302 138 22 settlements
196 1308 29 15 on
236 1300 37 22 the
284 1304 62 18 coast
356 1299 25 22 of
393 1299 54 21 New
459 1298 109 22 Zealand.

76 1336 42 21 For
127 1335 87 22 further
223 1334 137 28 particulars,
373 1333 66 27 apply
450 1336 22 18 to
510 1341 3 4 -

262 1369 21 21 J.
294 1369 34 20 M.
339 1367 101 26 Taylor,
452 1366 157 27 Ship-Broker,

376 1401 31 22 Te
419 1401 55 21 Aro.

49 1447 189 27 Agricultural
259 1447 54 20 and
338 1446 122 26 Grazing
483 1445 92 20 I«an<is
595 1445 42 20 for

109 1475 60 20 Sale
185 1474 30 20 in
229 1474 44 20 the
288 1475 51 19 Ore
341 1479 61 14 wen
406 1478 32 15 ua
453 1472 121 21 District.

50 1507 162 50 MESSRS.
228 1506 151 23 BETHUNE
395 1506 19 21 &
428 1502 133 25 HUNTER
579 1504 57 22 have

142 1534 103 21 received
264 1536 131 19 instruction
415 1537 21 17 to
456 1532 40 21 sell
516 1534 28 25 by
563 1531 74 29 public

50 1567 96 20 auction,
162 1566 24 16 at
196 1561 37 20 the
247 1560 131 26 Wellington
391 1559 127 27 Exchange,
530 1566 29 14 on
570 1559 67 21 Mon-

160 1588 43 26 day
214 1588 36 21 the
261 1587 37 22 6th
311 1588 42 25 day
365 1586 25 22 of
398 1586 59 22 June
466 1591 61 21 next,

62 1621 37 21 IN
114 1620 75 22 LOTS
207 1620 38 22 OF
259 1620 75 22 FIVE
355 1620 43 22 OR
412 1619 90 22 MORE
516 1618 106 28 ACRES,

50 1647 60 21 those
121 1651 42 18 two
173 1647 100 22 Sections
283 1648 25 20 of
314 1647 54 21 land
379 1647 96 25 torming
485 1646 53 21 Nos.
549 1647 13 19 5
573 1650 43 17 and
624 1647 13 19 6

104 1681 27 15 on
141 1676 38 19 the
190 1675 111 26 Surveyor
312 1674 118 21 General's
447 1674 54 20 Plan
512 1672 26 22 of
545 1673 37 21 the

50 1708 134 22 FERTILE
205 1708 67 22 AND
292 1706 180 23 BEAUTIFUL
492 1706 145 23 DISTRICT

223 1735 38 22 OF
278 1734 187 26 OREWENUA,

46 1762 135 27 judiciously
192 1762 83 21 chosen
285 1762 31 26 by
325 1762 30 21 R.
365 1761 86 26 Mokes,
462 1760 60 28 Esq.,
535 1760 103 28 adjacent

212 1792 22 17 to
245 1788 35 22 the
292 1788 104 27 splendid
407 1788 68 21 River
579 1803 4 3 -

245 1822 195 22 MANEWATU.

49 1848 22 28 p
77 1849 70 21 These
157 1849 66 21 lands
233 1849 150 27 are.partially
395 1848 90 22 wooded
496 1847 51 23 with
558 1848 79 21 timber

49 1876 25 21 of
82 1875 35 22 the
130 1877 47 21 best
188 1877 138 26 description,
339 1875 45 22 and
399 1883 36 14 are
448 1875 114 28 generally
572 1875 63 25 level,

49 1904 44 20 and
101 1903 88 26 equally
201 1903 94 26 adapted
310 1905 35 19 for
355 1903 133 26 agriculture
499 1909 23 14 or
536 1902 99 27 grazing,

49 1931 37 20 tlie
95 1931 87 26 pursuit
192 1934 24 17 at
230 1936 89 20 present
332 1929 114 27 receiving
455 1936 23 14 so
489 1936 68 14 mucu
568 1932 69 18 atten-

48 1957 46 21 tion
110 1958 24 20 in
150 1959 43 19 this
210 1957 91 26 Colony,
319 1956 45 21 and
380 1955 123 28 possessing
518 1962 69 19 every.
597 1962 40 15 ,Te-

48 1984 79 26 quisite
150 1984 34 20 for
207 1982 76 31 either^
316 1983 42 24 ,No
383 1983 122 27 opj.psit.ipn
530 1983 57 20 need
608 1981 28 22 be

48 2008 157 28 app'relieiided
215 2012 54 17 Iroin
281 2007 38 21 the
327 2009 99 25 natives,-
488 2015 37 13 are
537 2007 109 27 believed,

48 2041 23 16 to
90 2038 25 18 be
130 2042 53 19 very
203 2035 98 21 desirous
316 2035 27 20 of
359 2036 81 25 having
455 2035 87 21 settlers
557 2041 80 20 among

48 2062 60 22 them
120 2066 21 18 to
150 2068 74 16 create
235 2069 12 13 a
257 2062 97 20 demand
361 2061 37 21 for
407 2061 57 21 their
473 2062 85 20 labour.

75 2096 48 21 Tlie
137 2095 124 27 proprietor
276 2101 80 20 waves,
365 2095 25 20 in
399 2094 78 21 favour
486 2096 25 21 of
519 2095 39 21 the
567 2094 70 22 fortu-

47 2129 51 16 nate
115 2123 137 27 purchasers,
264 2122 36 21 the
311 2122 61 26 right
388 2123 24 19 of
426 2122 96 26 forming
539 2129 14 14 a
567 2122 70 22 Town

49 2157 24 14 or
85 2149 104 22 Village
206 2150 23 20 in
246 2156 41 14 one
303 2149 24 21 of
343 2150 36 19 the
395 2152 58 17 most
466 2149 89 26 eligible
570 2154 66 22 parts,

49 2176 45 22 and
108 2178 19 20 is
146 2176 113 21 confident
273 2176 38 21 the
330 2175 70 27 really
417 2176 101 21 vdluable
536 2176 102 27 qualities

49 2204 44 21 and
109 2204 91 25 locality
215 2204 25 20 of
256 2202 62 22 these
334 2202 64 21 lands
416 2202 44 21 will
479 2203 27 21 be
521 2203 116 21 estimated

49 2238 34 20 pai
90 2231 101 26 ticularly
211 2230 28 26 by
254 2230 82 26 paities
352 2230 96 20 desirous
466 2230 26 21 of
508 2230 89 27 settling
615 2234 23 17 at

49 2254 73 30 once^.
131 2264 24 15 as
177 2257 48 21 well
244 2264 24 14 as
285 2260 23 17 to
325 2256 121 27 capitalists
461 2256 94 28 wishing
573 2263 33 15 lor
624 2263 14 14 a

48 2284 59 27 good
113 2284 142 22 investment.

76 2311 60 22 Plan>
147 2311 25 21 of
187 2311 37 20 the
239 2309 88 28 ground
342 2317 53 19 may
403 2310 28 21 be
447 2317 52 14 seen
509 2314 25 17 at
543 2310 37 21 the
592 2310 45 21 Ex-

48 2335 97 30 change?
144 2344 4 6 1
146 2339 5 4 *

75 2373 78 21 Terms
158 2383 28 4 —
195 2371 121 28 purchases
339 2374 41 18 not
401 2371 118 26 exceeding
545 2371 55 27 £10,
624 2372 13 20 3

49 2403 87 23 montii;
153 2399 49 24 £10
220 2402 22 17 to
256 2398 53 27 £20,
326 2399 15 21 3
356 2398 44 21 and
416 2400 14 19 6
445 2400 102 25 months;
568 2400 69 19 above

48 2428 54 24 £20,
112 2428 19 25 3,
144 2428 20 25 6,
176 2425 46 22 and
231 2425 97 21 month's
340 2425 56 21 bills.

77 2460 142 26 Wellington,
234 2460 53 26 May
297 2460 34 25 26,
344 2460 60 21 1842.

83 2506 186 20 Manewatu—
270 2505 97 25 -cheap
383 2505 76 19 Land
473 2504 43 20 for
531 2505 69 19 Sale.

50 2535 51 46 A
117 2531 199 23 GENTLEMAN
338 2531 83 26 having
434 2531 100 22 selected
551 2531 86 21 several

130 2564 97 16 sections
236 2566 23 13 m
276 2566 42 13 one
335 2555 65 24 block
410 2566 23 13 in
453 2559 37 20 the
507 2558 131 22 Manewatu

51 2586 97 26 district;
172 2586 64 20 otters
256 2589 20 17 to
290 2585 49 21 real
352 2585 133 26 cultivators,
504 2592 89 20 persons
615 2585 26 21 of

50 2613 63 21 small
130 2613 89 27 capital,
230 2612 44 21 and
291 2612 37 21 the
347 2612 100 27 working
462 2614 88 25 classes,
563 2618 20 15 to
595 2611 44 22 dis-

50 2647 52 20 pose
110 2639 24 22 of
146 2642 38 19 the
194 2646 67 19 same,
272 2639 22 21 in
305 2639 39 21 the
354 2639 114 26 following
478 2646 94 14 manner
580 2646 4 14 :
586 2650 30 4 —

80 2667 21 21 It
113 2667 17 21 is
144 2670 110 23 proposed
268 2669 22 17 to
306 2667 141 26 appropriate
462 2666 68 21 about
544 2670 94 23 twenty-

53 2693 42 21 five
106 2700 61 14 acres
177 2694 35 20 for
221 2700 14 14 a
246 2697 55 17 town
314 2700 29 14 on
355 2693 35 21 the
406 2693 72 21 banks
489 2695 24 19 of
524 2692 39 22 the
573 2700 64 19 liver,

52 2720 68 27 depth
135 2720 25 21 of
179 2723 38 18 the
234 2726 65 15 water
315 2722 62 19 three
397 2720 45 21 and
459 2728 13 13 a
490 2719 45 22 halt
550 2725 22 16 to
588 2721 51 20 four

51 2747 97 21 fatnouis
164 2747 59 21 close
237 2750 23 17 to
276 2748 38 20 the
329 2747 73 26 shore,
416 2747 26 21 of
454 2746 71 22 which
541 2746 63 22 there
621 2747 18 21 is

52 2773 125 26 something
192 2773 43 21 less
250 2773 54 21 than
315 2780 14 14 a
346 2774 52 21 mile
408 2774 23 20 in
446 2773 90 26 length;
551 2774 39 20 the
605 2780 35 14 le-

54 2801 99 21 niainder
163 2799 26 21 of
201 2801 37 19 the
254 2800 52 20 land
323 2803 23 24 tp
365 2801 26 20 be
408 2800 89 21 divided
513 2801 47 20 into
576 2801 63 20 small

53 2830 75 23 larms,
139 2826 26 21 of
177 2827 43 20 five
230 2833 24 14 or
264 2831 37 16 ten
318 2833 63 15 acres
398 2828 60 25 each,
469 2834 66 19 every
546 2827 94 26 purcha-

53 2861 35 15 ser
98 2854 26 21 of
135 2853 44 21 five
189 2860 61 14 acres
261 2857 21 17 to
292 2853 27 21 be
337 2853 91 21 entitled
478 2860 41 14 one
530 2853 110 21 sixteenth

53 2881 25 21 of
90 2888 13 14 a
113 2885 59 17 town
183 2886 50 14 acre
245 2879 120 27 GRATIS,
379 2880 45 20 and
438 2887 24 13 so
478 2886 28 14 on
517 2881 23 19 in
550 2887 91 20 propor-

54 2909 54 20 tion.

82 2935 82 26 Spaces
177 2933 46 21 will
238 2933 29 21 he
278 2932 45 25 .left
336 2933 38 21 for
390 2933 135 22 ornamental
542 2940 97 21 squares,

52 2964 87 21 market
149 2961 82 27 places,
243 2967 75 20 quays,
329 2959 74 28 places
413 2961 34 20 for
456 2962 73 25 public
540 2961 98 27 worship,

53 2989 75 28 public
139 2987 123 27 buildings,
274 2989 39 19 &c.

81 3016 48 22 The
138 3015 56 21 land
202 3015 20 21 is
231 3015 26 20 of
268 3014 37 21 the
316 3020 54 21 very
380 3013 48 22 first
442 3013 92 28 quality,
546 3014 96 22 watered

53 3043 30 28 by
94 3042 64 22 small
167 3044 99 23 streams,
278 3041 67 26 finely
355 3041 108 21 timbered
473 3048 23 14 m
513 3044 73 23 places
597 3042 45 21 and

54 3075 60 22 parts
124 3069 90 26 already
224 3069 95 25 cleared,
330 3067 47 22 and
392 3067 19 22 is
426 3067 151 28 immediately
588 3076 53 14 con-

55 3097 88 27 tiguous
160 3101 22 16 to
198 3097 38 19 the
253 3095 56 21 lines
325 3095 26 20 of
369 3094 38 22 the
426 3095 46 21 best
485 3095 77 27 public
576 3096 66 21 roads

54 3123 91 28 leading
154 3126 23 18 to
188 3122 54 22 Port
250 3121 134 23 Nicholson.

82 3150 58 22 Cash
150 3153 125 24 payments,
285 3149 53 21 with
347 3149 37 20 the
395 3147 116 28 exception
522 3149 26 21 of
555 3156 14 14 a
578 3148 63 22 small

55 3177 92 28 deposit,
159 3177 44 22 will
212 3177 76 28 not^be
301 3176 113 27 required,
427 3177 37 20 but
478 3178 112 25 approved
605 3183 37 14 ac-

55 3208 117 24 ceptances
182 3203 94 28 payable
285 3207 23 17 at
318 3210 13 14 a
341 3205 54 24 long
404 3201 51 23 date
471 3209 25 15 or
506 3203 63 21 oilier
579 3210 61 14 secu-

54 3232 61 21 rities
125 3237 25 15 or
164 3229 130 23 LABOUR
308 3230 46 21 will
370 3231 27 19 be
407 3229 67 21 taken
489 3236 24 15 as
526 3234 115 23 payment.

55 3258 72 22 There
136 3258 45 21 will
194 3258 26 21 be
231 3264 29 15 no
276 3257 42 22 law
334 3256 93 27 charges
440 3256 35 21 for
491 3257 38 20 the
545 3263 97 21 convey-

56 3292 67 15 ances
139 3285 28 21 of
182 3284 39 22 the
239 3288 112 23 property,
368 3283 130 22 immediate
516 3290 124 21 possession

55 3312 43 21 will
109 3314 26 19 be
144 3312 76 26 given**
228 3315 22 17 to
266 3315 37 17 tlie
316 3310 121 28 purchaser
452 3311 45 20 and
513 3317 80 20 money
604 3312 39 19 ad-

54 3339 85 22 vanced
148 3339 22 21 if
180 3338 110 28 required.

82 3366 48 22 The
141 3366 127 28 Proprietor
276 3364 89 23 intends
381 3368 22 17 to
418 3364 72 22 reside
506 3371 30 14 on
546 3363 37 22 the
593 3371 50 20 pro-

55 3398 70 22 perty,
136 3394 46 20 and
191 3394 91 26 pledges
288 3391 93 22 himself
388 3396 22 17 to
420 3394 95 25 employ,
525 3391 118 22 whenever

53 3419 142 48 {>racticable,
207 3419 50 27 only
269 3418 61 23 those
348 3419 48 22 who
414 3425 37 15 are
466 3418 91 22 located
566 3425 28 14 oil
606 3419 36 20 the

63 3447 48 21 and.

82 3473 142 29 Application
232 3472 44 23 will
290 3473 30 22 be
336 3472 66 22 made
418 3476 22 18 to
456 3472 37 23 the
508 3471 135 28 Legislative

56 3500 92 22 Council
157 3500 34 21 for
202 3507 28 14 an
241 3502 44 19 Act
295 3505 22 16 to
326 3500 101 26 regulate
437 3500 37 21 the
484 3500 118 26 township.

82 3528 34 26 By
127 3527 38 21 the
176 3526 71 21 above
263 3532 156 21 arrangement
429 3527 36 21 the
477 3533 106 21 expenses
594 3526 25 21 of
630 3533 14 14 a

54 3554 74 26 public
137 3553 46 22 sale
192 3552 46 23 .will
249 3554 25 21 be
283 3554 103 26 avoided,
398 3554 44 21 and
453 3554 37 21 the
500 3554 55 21 land
562 3553 43 22 will
617 3553 26 21 be

57 3580 103 23 obtained
169 3583 24 18 at
207 3587 14 14 a
236 3580 66 21 lower
317 3584 48 18 rate
383 3580 51 22 than
450 3582 38 20 the
506 3581 87 26 usually
609 3587 33 14 re-

56 3608 76 22 served
144 3614 59 20 price
213 3611 24 17 at
246 3614 27 14 an
290 3608 98 21 auction.
417 3608 157 27 Applications
585 3614 22 14 to
617 3608 26 20 be
650 3626 2 4 ,

57 3636 63 21 made
146 3639 23 16 to
191 3634 45 22 Mr.
263 3633 21 22 J.
310 3634 35 21 M.
369 3634 88 28 Taylor,
482 3635 31 22 Te
534 3636 54 24 Aro,
616 3635 28 26 by

57 3661 70 24 whom
136 3660 88 23 further
232 3660 131 28 particulars
375 3662 42 20 will
430 3664 24 19 be
464 3661 123 22 furnished.

113 3697 7 16 :
115 3698 66 27 tfc>rv
209 3702 2 6 '
235 3705 82 21 Clerk
330 3706 126 22 Wanted.

55 3739 176 50 WANTED
247 3747 13 14 a
273 3739 69 22 Clerk
356 3742 23 18 at
396 3739 36 22 the
447 3740 76 23 Union
541 3740 66 23 Bank
623 3740 25 22 of

137 3766 121 27 Australia,
271 3766 143 26 Wellington.
450 3768 75 27 Apply
542 3768 29 27 by
580 3768 65 21 letter

55 3795 53 26 only,
125 3794 120 23 addressed
261 3796 22 18 to
298 3793 39 21 the
353 3793 115 28 Manager,
480 3795 85 27 stating'
579 3801 66 22 expe-

55 3820 78 28 rience,
153 3821 131 26 references,
304 3820 42 22 &c.
385 3822 100 26 Security
502 3823 44 20 will
566 3823 25 21 be
610 3829 35 14 re-

54 3848 82 26 quired.

82 3874 48 28 May
130 3874 33 28 4,
176 3876 60 21 1842.

59 3919 120 49 SEEDS,
190 3920 38 22 the
238 3919 98 28 produce
351 3919 27 22 of
445 3919 94 28 Colony,
550 3920 34 22 for
601 3919 44 23 sale

120 3951 22 18 at
152 3947 38 22 the
353 3946 78 22 Office.

2028 699 87 20 Town
2133 699 31 20 of
2176 699 165 21 Manewatu.

1894 731 93 48 THE
2009 731 214 22 PROPRIETORS
2247 732 25 21 of
2297 732 38 22 the
2355 734 60 21 three
2430 733 47 22 first

1981 758 88 21 choices
2085 761 22 18 at
2117 759 38 21 tlie
2173 758 43 22 last
2230 758 105 23 selection
2347 760 24 21 of
2385 765 92 22 country

1893 784 69 27 lands,
1976 784 84 28 having
2079 784 137 23 determined
2230 793 61 19 upon
2307 786 39 21 the
2362 786 39 21 site
2417 786 33 21 for
2465 794 13 14 a

1907 817 94 22 TOWN
2018 818 43 21 ON
2075 818 63 22 THE
2155 819 187 21 MANEWATU
2357 818 105 27 RIVER,

1893 851 55 22 after
1953 853 79 18 several
2040 853 57 19 visits
2108 856 21 17 to
2140 852 37 21 the
2187 852 185 27 neighbouroood,
2384 850 45 24 arid
2434 852 41 22 -the

1891 880 57 19 most
1967 878 84 21 careful
2070 878 44 22 and
2131 878 85 22 minute
2235 879 150 21 examination
2401 879 24 21 of
2433 879 43 24 ,the

1893 909 69 17 entire
1980 905 90 26 district,
2086 905 66 21 aided
2168 905 31 27 by
2208 905 36 22 the
2260 905 214 28 professionakskill,

1893 930 134 28 knowledge,
2049 932 42 21 and
2106 932 131 27 experience
2252 932 25 21 of
2289 932 37 21 the
2343 926 132 27 modPcom-

1893 961 74 23 petent
1974 958 89 27 judges,
2079 965 93 21 propose
2188 962 23 17 to
2227 958 52 22 offer
2293 959 32 20 for
2341 959 101 27 disposal,
2455 963 21 17 at

2043 985 36 21 the
2093 989 88 23 present
2191 986 58 26 time,
2262 985 67 21 about

1892 1017 218 22 TWENTY-FIVE
2145 1018 104 26 ACRES,
2289 1018 35 22 IN
2362 1018 113 22 ALLOT-

1892 1043 113 28 MENTS,
2021 1045 84 21 EACH
2128 1045 40 21 OF
2193 1045 61 21 ONE
2275 1045 148 24 QUARTER
2438 1045 38 22 OF

2107 1071 44 22 AN
2168 1071 89 21 ACRE.
2409 1088 3 6 .

1918 1104 46 21 The
1974 1108 49 24 spot
2034 1105 48 21 thus
2091 1105 98 21 selected
2201 1112 109 20 possesses
2319 1105 38 21 the
2366 1108 57 19 most
2441 1112 37 15 ex-

1891 1131 85 21 tensive
1990 1132 100 26 frontage
2103 1134 25 18 to
2145 1132 56 26 deep
2213 1136 67 17 water
2296 1132 25 21 of
2333 1139 43 19 any
2391 1139 27 14 on
2440 1132 36 21 the

1892 1158 63 21 river.
1987 1158 20 21 It
2024 1158 20 21 is
2063 1158 95 21 situated
2173 1159 47 25 just
2234 1161 22 18 at
2272 1158 48 21 that
2339 1159 62 26 point
2419 1158 57 22 from

1955 1185 71 20 which
2037 1192 14 14 a
2061 1185 51 20 road
2126 1183 71 22 would
2208 1185 80 21 branch
2301 1185 34 21 off
2340 1189 22 16 to
2373 1185 36 21 the

1893 1225 95 14 WOODED
2011 1225 47 14 AND
2079 1225 97 14 FERTILE
2197 1225 115 14 DISTRICTS
2334 1225 75 14 ALONG
2432 1226 45 14 THE

2016 1242 16 11 *'
2064 1252 53 14 BASE
2133 1252 28 13 OF
2175 1251 45 14 THE
2235 1252 74 18 HILLS,

1893 1277 43 22 and
1948 1278 71 21 above
2030 1277 70 22 which
2112 1277 38 22 the
2166 1277 127 27 navigation
2308 1279 33 20 for
2350 1278 81 21 vessels
2440 1277 39 22 he-

1894 1312 73 13 comes
1979 1305 85 24 tedious,
2075 1305 22 25 if
2102 1307 38 17 not
2151 1305 93 25 difficult.
2274 1305 22 20 It
2303 1305 18 21 is
2328 1305 106 21 therefore
2441 1305 36 21 the

2091 1332 64 27 point
2164 1332 71 21 where
2246 1331 36 22 the

1894 1364 88 22 LAND
1998 1365 67 21 AND
2080 1365 114 21 WATER
2208 1365 161 21 CARRIAGE
2385 1364 92 28 MEET,

1894 1398 44 21 and
1948 1399 73 21 where
2030 1406 14 13 a
2053 1399 68 21 Town
2138 1406 61 14 must
2213 1406 28 14 be
2255 1406 91 14 formed
2364 1399 63 21 when
2439 1399 38 20 the

1895 1425 85 21 district
1994 1421 117 37 i^sgttled'T
2138 1426 23 20 It
2170 1433 43 14 was
2223 1426 95 21 selected
2336 1426 28 26 by
2375 1425 36 21 the
2425 1426 52 21 Sur-

1894 1452 80 27 veying
1985 1447 59 26 Stiff
2055 1459 23 14 as
2088 1452 37 21 the
2134 1452 135 21 rendezvous
2278 1452 37 21 for
2329 1452 57 21 their
2400 1452 60 26 body
2470 1460 5 19 ;

1895 1479 41 20 and
1948 1479 39 21 has
1998 1479 55 21 been
2065 1486 47 15 now
2126 1479 77 27 found,
2213 1479 56 21 after
2281 1479 86 21 several
2383 1480 92 20 months'

1894 1505 103 26 location,
2010 1510 20 17 to
2046 1506 26 21 be
2082 1506 35 21 the
2129 1510 57 17 most
2201 1506 164 26 advantageous
2375 1506 100 26 position,

1895 1532 55 21 from
1968 1533 28 20 its
2012 1533 94 26 peculiar
2128 1533 85 26 facility
2228 1533 25 20 of
2264 1532 111 27 approach
2387 1532 52 21 both
2448 1533 29 26 by

1896 1559 51 20 land
1958 1559 44 20 and
2012 1563 73 18 water.

1924 1586 26 20 In
1962 1586 150 21 confirmation
2124 1585 27 22 of
2157 1585 37 22 the
2204 1585 129 27 superiorit}'
2343 1585 26 21 of
2378 1585 42 21 this
2430 1588 48 23 spot

1896 1620 52 13 over
1957 1620 45 19 any
2012 1613 62 21 other
2081 1618 38 22 jet
2129 1613 88 26 known,
2230 1612 35 21 the
2278 1613 89 20 iVJessis.
2376 1612 100 27 Kebbell,

1896 1639 57 21 after
1971 1639 38 21 the
2028 1640 150 21 examination
2235 1639 37 21 the
2290 1639 59 21 river
2365 1639 56 21 from
2441 1639 36 21 the

1898 1666 88 21 Paneiri
1997 1666 47 21 Pah
2054 1671 21 16 to
2084 1666 28 21 its
2122 1666 86 27 mouth,
2218 1665 139 22 determined
2370 1672 29 14 on
2409 1670 69 17 erect-

2133 1694 39 25 ing
2185 1693 57 21 their

1898 1726 64 22 SAW
1978 1726 80 22 MILL
2079 1726 228 22 IMMEDIATELY
2322 1726 156 21 OPPOSITE.

1897 1759 46 22 'Ihe
1962 1760 71 22 works
2052 1760 24 21 of
2091 1760 49 21 that
2159 1760 166 21 establishment
2343 1766 37 14 are
2399 1762 23 18 at
2438 1759 41 22 this

1898 1791 100 17 moment
2016 1788 22 20 in
2053 1787 62 27 rapid
2130 1793 107 21 progress,
2255 1787 43 20 and
2318 1786 37 21 the
2373 1786 106 27 proposed

1897 1814 67 21 Town
1976 1814 44 21 will
2029 1813 132 27 necessarily
2167 1814 91 26 partake
2265 1813 24 21 of
2296 1813 43 21 this
2349 1812 130 27 advantage.

1924 1848 47 22 The
1991 1848 91 22 nucleus
2097 1849 25 20 of
2138 1856 14 13 a
2170 1849 67 21 Town
2253 1848 26 26 is,
2289 1848 24 20 in
2328 1848 50 26 fact,
2390 1847 91 28 already

1898 1875 96 25 created,
2003 1875 29 27 by
2044 1875 35 21 the
2089 1875 164 21 concentration
2270 1875 25 21 of
2310 1874 37 22 the
2358 1874 123 27 Surveying

1898 1901 57 23 Staff
1961 1910 29 13 on
2002 1902 45 21 that
2059 1906 53 23 spot,
2124 1909 24 14 as
2159 1902 36 20 the
2206 1907 73 16 centre
2296 1901 25 21 of
2332 1901 149 21 communica-

1897 1929 44 21 tion
1953 1932 23 18 to
1987 1929 36 21 the
2034 1929 147 26 surrounding
2191 1928 94 27 district;
2303 1928 37 21 the
2350 1928 96 21 erection
2458 1927 26 22 of

1898 1956 89 21 Messrs.
1999 1955 114 22 Kebbell's
2129 1956 49 21 Saw
2195 1955 61 21 Mills
2274 1954 117 28 opposite;,
2401 1955 27 26 by
2442 1954 37 22 the

1897 1987 164 22 arrangena'-'nls
2074 1982 34 21 for
2123 1989 29 14 an
2170 1981 309 28 extensiv^-'GiMr^yHL-Stor.ji.;

1897 2009 44 21 and
1953 2010 27 25 by
1990 2009 35 21 the
2036 2009 43 21 late
2089 2008 131 27 application
2228 2009 33 21 for
2270 2016 12 13 a
2289 2008 108 22 Licensed
2406 2009 73 21 House

1896 2042 28 14 on
1934 2035 36 22 the
1980 2040 50 23 part
2040 2035 25 21 of
2077 2042 25 14 an
2114 2034 122 22 individual
2251 2035 48 21 who
2315 2035 46 26 has,
2373 2035 59 21 since
2443 2035 36 21 the

1897 2063 117 21 formation
2032 2062 26 22 of
2072 2062 36 21 the
2126 2061 91 28 Colony,
2233 2062 96 26 pursued
2345 2068 14 14 a
2377 2062 104 22 lucrative

1897 2089 61 21 trade
1971 2089 50 21 witli
2032 2089 37 21 the
2080 2089 91 26 natives,
2184 2088 44 22 and
2239 2088 72 22 whose
2324 2088 127 27 knowledge
2460 2088 29 22 of

1896 2116 37 21 the
1943 2115 135 27 advantages
2089 2116 24 21 of
2120 2116 38 20 the
2169 2115 98 27 position,
2275 2115 116 27 prompted
2401 2115 46 21 him
2458 2119 23 17 at

1896 2150 54 14 once
1963 2148 21 16 to
1994 2144 75 25 prefer
2079 2142 48 22 that
2138 2143 141 26 application.

1922 2176 47 22 The
1981 2176 93 21 Natives
2089 2176 30 27 by
2129 2176 73 21 whom
2218 2176 43 21 this
2271 2176 55 21 land
2336 2183 44 14 was
2390 2176 93 21 claimed

1894 2211 38 14 are
1943 2204 60 26 quite
2016 2203 106 27 prepared
2131 2209 23 15 to
2163 2204 50 25 give
2220 2210 28 20 up
2257 2204 130 26 possession,
2395 2203 44 21 and
2445 2211 36 14 are

1895 2230 146 27 exceedingly
2051 2231 92 20 anxious
2159 2234 21 17 to
2195 2230 56 21 have
2262 2237 13 14 a
2284 2230 119 27 European
2413 2237 68 20 popu-

1895 2257 66 21 lation
1974 2263 81 20 among
2067 2256 64 26 them,
2145 2256 82 27 having
2244 2256 57 22 been
2310 2264 59 20 upon
2380 2256 37 21 the
2427 2260 56 18 most

1894 2284 98 27 friendly
1999 2284 85 26 footing
2094 2284 51 21 with
2157 2284 37 20 the
2206 2284 123 26 Surveying
2340 2283 58 22 Staff
2404 2283 79 27 during

1893 2311 38 21 the
1941 2310 50 22 four
2001 2317 23 14 or
2034 2310 42 21 five
2086 2310 88 21 months
2183 2310 53 27 they
2256 2310 58 21 have
2331 2310 55 21 been
2398 2310 88 21 located

1893 2339 70 20 there.

1924 2365 33 21 As
1967 2364 37 21 the
2014 2364 136 26 Proprietors
2160 2371 91 19 purpose
2260 2367 22 18 to
2293 2362 87 28 dispose
2390 2364 25 20 of
2422 2364 39 21 but
2469 2371 13 14 a

1896 2392 85 21 limited
1997 2390 86 28 portion
2100 2390 26 22 of
2137 2391 38 20 the
2190 2391 68 21 Town
2275 2394 23 17 at
2315 2394 94 24 present,
2430 2390 52 26 they

1896 2419 78 27 pledge
1985 2418 130 21 themselves
2124 2418 55 25 that,
2191 2421 23 17 at
2223 2424 27 14 no
2270 2416 73 23 future
2352 2416 63 28 sales,
2427 2416 55 23 shall

1898 2446 36 21 the
1945 2445 128 22 allotments
2081 2444 27 21 be
2119 2448 40 23 put
2165 2451 30 20 up
2205 2448 22 17 at
2237 2452 12 13 a
2260 2442 45 23 'ess
2315 2451 48 14 sum
2372 2444 53 21 than
2435 2451 49 14 now

1898 2472 89 22 offered.

1925 2500 22 21 A
1966 2499 130 26 Prospectus
2116 2497 46 22 and
2181 2498 54 21 Plan
2256 2498 26 21 of
2296 2497 38 22 the
2352 2497 68 22 Town
2441 2497 45 21 will

1898 2526 84 26 shortly
1993 2526 26 21 be
2029 2525 66 27 ready
2105 2524 35 22 for
2150 2524 122 26 inspection
2288 2527 22 18 at
2324 2524 37 21 the
2371 2524 82 21 Offices
2463 2524 25 21 of

1900 2554 88 21 Messrs.
2002 2552 67 21 Waitt
2077 2552 45 21 and
2131 2551 77 27 Tyser,
2219 2552 30 21 Te
2260 2552 55 21 Aro.

1928 2583 144 27 Wellington,
2083 2583 63 27 April
2158 2584 33 24 22,
2202 2584 61 20 1842.

2050 2629 38 19 To
2102 2629 34 19 be
2153 2629 50 19 Let
2218 2633 29 15 or
2264 2627 72 21 Sold.

1902 2664 50 47 A
1967 2662 106 22 SMALL
2087 2662 91 21 FARM
2194 2661 25 21 of
2225 2662 25 20 25
2261 2668 62 14 acres
2333 2668 28 14 on
2373 2660 36 22 the
2421 2660 63 26 Hutt,

1981 2689 38 21 the
2027 2688 68 22 whole
2106 2688 96 26 cleared,
2211 2688 109 28 stumped,
2327 2687 105 27 inclosed,
2443 2687 45 21 and

1901 2718 26 20 fit
1937 2717 33 21 for
1981 2716 37 21 the
2032 2716 96 27 plough';
2143 2720 51 22 part
2208 2715 70 21 under
2290 2722 60 18 crop.
2378 2714 111 27 Together

1902 2743 50 21 with
1973 2750 14 14 a
2006 2742 128 22 substantial
2155 2742 44 21 and
2217 2742 145 21 comfortable
2381 2740 105 22 weather-

1903 2769 97 23 boarded
2015 2769 44 22 and
2074 2769 70 21 slated
2162 2769 75 26 house,
2250 2768 122 22 three-stall
2382 2767 107 22 weather-

1903 2797 98 21 boarded
2010 2797 75 25 stable,
2094 2796 43 22 and
2147 2796 64 21 other
2216 2795 167 21 conveniences.
2411 2794 78 22 Torms

1902 2824 85 27 liberal,
2000 2823 65 28 apply
2075 2829 21 15 at
2107 2823 43 21 this
2162 2823 76 21 Office.

1931 2858 54 26 May
1995 2859 32 25 24,
2041 2858 57 20 1842.

2161 2902 74 23 Lost,

1903 2935 106 50 LAST
2028 2934 136 26 SUNDAY,
2184 2933 37 21 the
2240 2933 51 22 29th
2312 2933 62 26 May,
2395 2940 13 14 a
2425 2932 62 27 large

1979 2963 67 20 white
2055 2961 90 27 English
2155 2961 55 21 Sow.
2239 2960 111 21 Whoever
2359 2959 41 22 will
2410 2964 78 17 return

1903 2997 24 14 or
1935 2990 50 26 give
1997 2987 139 23 information
2154 2987 26 21 of
2192 2987 37 21 the
2239 2994 68 17 same,
2320 2986 43 22 will
2378 2987 28 21 be
2413 2985 76 25 .hand-

1903 3016 85 27 somely
1997 3014 111 23 rewarded
2119 3015 28 26 by

2187 3040 28 22 D.
2232 3041 21 21 S.
2268 3040 80 22 Durie
2363 3039 45 22 and
2422 3040 40 22 Co.

1931 3070 56 27 May
1996 3070 33 25 31,
2042 3069 58 21 1842.

2093 3112 94 20 House
2202 3113 30 19 to
2242 3112 58 20 Let.

1903 3149 51 47 A
1977 3145 86 23 GOOD
2082 3144 131 22 substantial
2232 3145 75 26 house,
2329 3144 53 22 with
2399 3144 92 22 kitchen

1983 3173 43 21 and
2038 3172 135 25 out-houses,
2187 3176 21 17 to
2218 3171 30 22 let
2257 3172 24 21 in
2291 3171 194 23 Manners-street

1903 3201 44 21 For
1954 3199 136 28 particulars,
2101 3198 69 28 apply
2183 3203 21 17 to
2218 3199 41 21 Mr.
2271 3199 121 21 Brewer's
2403 3197 86 22 Office..

2053 3244 38 20 To
2105 3244 35 20 be
2156 3243 65 21 Sold
2241 3250 30 14 or
2284 3244 57 20 Let.

1903 3278 9 12 rpWOr
1919 3276 77 31 pWo
2009 3275 100 22 Wooden
2122 3274 95 27 Houses,
2228 3281 28 14 on
2265 3272 225 27 theTinakore-road,

1912 3296 24 28 X
1981 3303 37 21 the
2036 3302 82 22 second
2137 3309 51 14 acre
2207 3302 56 21 from
2283 3301 93 27 Captain
2394 3299 95 26 Smith's,

1948 3330 130 26 containing
2091 3330 50 20 four
2151 3336 74 14 rooms
2235 3328 44 21 and
2294 3335 14 13 a
2321 3333 97 21 passage,
2434 3326 56 21 each

1905 3357 52 21 with
1976 3358 49 20 zinc
2044 3356 66 24 roofs,
2137 3356 46 21 and
2206 3356 22 20 in
2253 3361 66 19 every
2337 3358 86 22 respect
2442 3352 49 21 well

1905 3384 100 21 finished.
2014 3394 4 4 •
2034 3383 77 21 Terms
2115 3383 51 20 —lf
2173 3382 54 27 sold,
2238 3382 60 21 £150
2309 3381 34 20 for
2348 3380 54 21 each
2409 3380 68 21 house
2484 3387 6 19 ;

1904 3411 19 21 if
1934 3412 37 26 let,
1983 3411 32 22 £1
2027 3417 40 21 per
2077 3409 61 23 week
2147 3410 36 21 for
2192 3408 54 23 each
2255 3408 78 21 house.
2360 3406 74 27 Apply
2444 3410 24 17 to

2295 3440 75 22 James
2385 3439 80 21 Watt.

1916 3471 145 27 Wellington,
2070 3471 58 21 Nov.
2138 3470 35 26 27,
2183 3470 58 21 1841.

2104 3514 79 22 Fruit
2204 3514 88 19 Trees.

1908 3552 89 49 FOR
2020 3551 84 26 SALE,
2125 3558 13 13 a
2157 3548 92 23 number
2271 3547 26 21 of
2315 3546 105 22 first-rate
2439 3545 54 21 fruit

1981 3584 65 21 trees,
2063 3577 108 28 imported
2183 3575 68 21 direct
2261 3574 57 21 from
2333 3571 109 28 England,
2454 3572 37 21 the

1907 3606 100 27 superior
2015 3606 54 21 fruit
2077 3609 21 17 ot
2113 3603 74 22 which
2195 3601 80 27 gaiued
2288 3601 39 20 the
2342 3601 71 25 prizes
2422 3603 22 17 at
2456 3599 37 21 the

1908 3637 42 18 two
1965 3632 44 22 last
2025 3629 155 24 horticultural
2199 3628 76 22 shows.
2304 3627 64 26 They
2386 3632 37 15 are
2442 3632 51 15 now

1907 3660 69 26 ready
1995 3660 33 20 for
2048 3655 189 29 transplantation,
2256 3653 45 23 and
2325 3652 168 33 cpmtiris^ithe

1908 3687 49 21 best
1967 3686 46 21 and
2021 3686 66 21 latest
2095 3683 74 22 kinds-
2175 3683 58 21 from
2242 3681 37 21 the
2295 3680 73 27 Royal
2373 3678 122 23 -Horticul-

1910 3713 57 23 tural
1978 3712 108 23 Gardens.
2113 3709 75 28 Apply
2201 3712 21 17 to

2037 3746 106 22 Charles
2159 3743 26 22 E.
2200 3742 51 21 Yon
2267 3742 118 26 Alzdorf,

1904 3768 3 5 '
1915 3779 14 9 ■»
2229 3768 74 22 Breda
2312 3775 29 14 on
2352 3767 37 22 the
2400 3767 68 22 Hutt.

1910 3801 70 34 _Ma
1979 3799 58 35 3^27,
2048 3799 59 21 1842.
2122 3805 4 3 •
2174 3797 6 3 '

1915 3842 178 51 WANTED,
2109 3848 15 15 a
2138 3839 76 28 Dairy-
2220 3839 67 27 maid,
2304 3839 36 21 for
2356 3839 141 27 Cowpasture

2007 3871 73 25 Farm,
2091 3867 83 23 Evans*
2185 3867 55 28 Bay.
2268 3866 77 28 Apply
2358 3870 24 18 at
2398 3866 37 22 the
2455 3866 41 20 Ga-

1910 3900 54 19 zette
1975 3897 78 26 Office,
2066 3904 23 14 or
2099 3899 23 18 to
2133 3895 45 22 Mr.
2191 3893 82 26 Hulke,
2284 3898 24 16 at
2317 3893 39 21 the
2366 3893 74 22 Farm.

1940 3932 142 26 Wellington,
2094 3930 56 26 May
2161 3928 33 26 17,
2206 3929 59 20 1842.

707 723 3 5 ,
718 703 59 21 Sale
791 703 30 21 of
833 704 101 20 Leases
950 702 30 20 of
993 703 86 19 Town
1093 701 98 21 Lands.

666 736 157 50 MESSRS.
839 736 95 26 HORT,
950 734 158 26 MOCATTA,
1118 734 68 22 AND
1200 734 44 22 CO.

754 763 55 21 have
824 762 104 22 received
943 762 141 21 instructions
1098 764 21 18 to
1134 764 40 24 put
1185 759 29 29 iip
1224 764 21 17 to

664 790 74 26 public
750 790 93 24 auction,
855 790 36 21 the
907 789 111 26 following
1033 787 101 22 valuable
1145 786 104 23 leases-of
1252 792 5 10 *

663 817 67 21 Town
747 816 82 27 Lands,
838 817 25 20 in
878 816 125 21 allotments
1019 819 21 16 to
1053 814 44 21 suit
1109 814 135 28 purchasers.

663 844 47 21 The
720 844 45 21 sale
777 844 40 20 will
835 843 50 21 take
901 842 61 28 place
978 845 23 18 at
1015 841 37 22 the
1071 840 126 28 Exchange,
1215 841 30 21 Te

666 871 51 26 Aro,
734 870 23 21 in
777 870 35 21 the
829 877 78 14 course
924 868 26 21 of
965 875 14 14 a
994 868 41 21 few
1054 867 60 27 days,
1134 868 25 21 of
1175 868 70 21 which

663 898 43 21 due
717 896 71 22 notice
798 896 44 22 will
851 896 28 21 be
887 895 75 27 given.
992 895 26 21 A'
1027 894 70 22 lunch
1106 894 44 22 will
1159 894 27 22 be
1196 901 49 21 pro-

918 921 72 22 vided,
1237 924 17 22 i'

860 955 43 22 AT
916 955 39 21 TE
969 955 73 26 ARO,

662 984 53 21 Two
730 983 155 21 Allotments
905 989 27 14 on
953 981 86 22 Section
1058 983 47 25 209,
1125 981 79 23 situate
1223 981 22 22 in

663 1010 116 21 Manners
802 1010 96 24 Street,
917 1009 100 26 frontage
1035 1012 23 17 to
1077 1007 55 23 each
1150 1010 26 20 33
1193 1009 50 26 feet,
1257 1018 9 13 l

663 1036 66 27 depth
739 1037 26 21 80
776 1035 48 24 feet,
834 1035 117 28 adjoining
960 1035 37 21 the
1005 1035 107 27 premises
1122 1035 25 21 of
1154 1035 90 22 Messrs.
1265 1049 1 3 -

663 1063 129 25 Ridgways,
809 1063 107 26 Guyton,
932 1061 44 22 and
991 1062 72 26 Earp,
1077 1061 43 22 and
1137 1062 82 27 having
1233 1069 12 14 a

663 1089 59 28 right
731 1090 26 21 of
769 1096 46 20 way
826 1093 22 17 to
859 1089 37 21 the
913 1088 76 22 beach.
1018 1088 72 22 These
1101 1088 44 22 will
1159 1089 28 21 be
1198 1088 47 22 sold

664 1124 28 14 on
707 1116 36 22 the
760 1115 115 23 condition
885 1115 25 21 of
922 1115 60 22 brick
994 1115 113 26 buildings
1120 1115 52 28 only
1183 1115 62 26 being
1258 1110 3 30 |

664 1143 95 22 erected.
795 1143 74 26 Term,
887 1142 125 22 remainder
1031 1142 27 21 of
1073 1146 17 17 a'
1102 1141 58 23 lease
1178 1143 26 21 of
1221 1143 24 21 14

750 1177 68 20 years,
831 1171 39 24 12$
880 1176 63 21 years
953 1169 66 26 being
1028 1168 130 28 unexpired.

666 1197 40 21 Six
726 1197 156 21 Allotments
899 1203 28 14 on
946 1197 87 21 Section
1054 1197 46 25 120,
1120 1195 125 22 Ingestre-

666 1231 91 19 street,
769 1226 54 18 term
839 1224 27 20 14
876 1230 69 19 years.
983 1223 21 21 A
1013 1227 81 17 stream
1105 1222 24 21 of
1138 1222 108 22 excellent
1263 1243 2 4 ,

764 1254 65 18 water
838 1256 51 15 runs
899 1249 95 26 through
1004 1249 43 21 this
1057 1249 90 21 section.

666 1277 76 22 Eight
758 1277 153 21 Allotments
927 1283 28 14 on
969 1277 88 21 Section
1074 1277 45 24 164,
1132 1276 115 21 Dickson-

655 1303 103 25 isTßEET.
793 1304 75 25 Teim,
884 1303 123 21 remainder
1026 1303 25 20 of
1065 1309 13 15 a
1095 1303 57 21 lease
1171 1303 34 21 for
1222 1304 25 20 10

657 1327 42 26 wk\
793 1337 70 20 years,
877 1331 24 24 8J
913 1336 64 21 years
986 1329 130 28 unexpired.

767 1363 211 22 WELLINGTON
993 1362 153 23 TERRACE.

666 1390 77 22 Eight
762 1391 155 21 Allotments
938 1397 27 14 on
986 1390 87 21 Section
1090 1390 46 22 187.
1173 1390 72 26 Term,

808 1418 27 20 14
842 1424 72 20 years,
925 1418 37 24 12J
973 1416 130 28 unexpired.

666 1444 77 21 Eight
760 1444 156 21 Allotments
935 1451 27 13 on
983 1444 88 21 Section
1089 1444 48 21 455.
1174 1443 71 26 Term,
1257 1442 2 5 '

899 1470 38 21 the
947 1477 67 14 same.

667 1497 76 22 Eight
765 1498 155 21 Allotments
941 1504 27 14 on
985 1497 13 22 S
1007 1497 66 22 -ction
1089 1498 47 20 461.
1174 1497 72 25 Term,
1257 1510 2 3 •

905 1525 27 20 14
939 1531 70 19 years.

666 1550 47 23 The
724 1554 41 19 two
774 1550 42 22 last
828 1550 57 22 have
896 1557 29 14 an
936 1550 109 22 excellent
1055 1553 81 18 stream
1147 1550 25 21 of
1183 1553 67 18 water

812 1578 98 26 running
925 1577 94 27 through
1032 1577 69 22 them.

788 1611 201 22 HAWKSTONE
1004 1611 123 22 STREET.

667 1639 76 21 Eight
758 1639 155 21 Allotments
934 1645 27 14 on
982 1638 88 22 Section
1090 1638 46 26 557,
1153 1637 96 28 opposite

731 1666 36 21 the
777 1665 112 22 residence
901 1665 25 21 of
936 1665 76 26 Henry
1024 1665 30 21 St.
1067 1665 53 26 Hill,
1134 1665 51 26 Esq.

669 1699 156 26 WALLACE,
836 1698 150 25 'WRIGHT,
1005 1705 46 14 and
1071 1697 178 22 HARGRAVE

888 1725 138 26 STREETS,

722 1752 85 22 Section
821 1752 48 26 697,
880 1751 96 27 fronting
991 1752 203 21 Wright-street.

722 1780 86 20 Section
823 1781 50 24 698,-
881 1778 95 27 fronting
989 1778 206 21 Wright-street.
1256 1776 5 4 '

668 1806 88 22 Section
776 1807 44 25 699,
839 1806 53 21 with
908 1806 112 26 frontages
1038 1809 23 17 to
1080 1804 30 22 all
1128 1804 37 21 the
1180 1805 74 21 above,

916 1835 83 18 streets.

718 1859 86 21 Section
812 1859 49 26 714,
873 1858 95 27 fronting
978 1858 220 21 Wallace-street.

715 1887 85 21 Section
812 1886 47 24 722,
870 1886 97 26 fronting
976 1886 124 29 ;v^allace-
1107 1892 91 14 street.

666 1919 48 22 The
725 1919 66 22 above
803 1926 36 14 are
851 1919 33 21 for
899 1920 12 21 7
927 1915 106 32 yeai;s^ss
1045 1918 26 21 of
1082 1917 70 22 which
1164 1926 36 13 are
1209 1921 56 30 un-,'j

668 1946 102 27 expired;
785 1947 35 20 the
831 1950 87 22 greater
929 1948 48 23 pait
988 1946 54 20 have
1052 1945 57 21 been
1120 1943 132 28 cultivated,!
1261 1948 4 21 j

656 1974 5 11 f
666 1973 45 21 and
723 1973 58 21 there
790 1973 25 21 is
825 1980 33 17 ,an
871 1972 199 22 excellencsiream
1082 1972 25 20 of
1120 1977 66 17 water
1201 1966 65 36 t',urij'V.

666 1995 235 30 niifg-ilirbugffahenf.
913 2017 5 4 .
931 1998 47 20 'life
990 1998 76 22 leases,
1073 1996 42 22 will
1128 1999 27 19 be
1165 2002 47 16 sold

667 2025 50 21 half
732 2032 49 14 acre
800 2032 24 14 or
839 2028 91 23 quarter
948 2031 48 14 acre
1016 2023 131 27 allotments,
1169 2028 21 17 to
1207 2025 44 20 suit

666 2051 134 28 purchasers,
809 2053 42 19 and
861 2054 90 24 present
960 2058 28 14 an
995 2049 110 23 excellent
1113 2051 137 27 opportunity

667 2083 22 17 to
707 2078 125 22 mechanics
851 2077 44 22 and
915 2077 110 22 labourers
1044 2077 26 21 of
1089 2080 85 24 getting
1192 2079 57 25 good

904 2105 102 26 gardens.

793 2137 161 22 ORIENTAL
969 2137 163 24 TERRACE..

668 2165 85 22 Section
765 2166 52 24 406;
835 2164 43 21 this
887 2164 64 21 abuts
964 2171 29 14 on
1009 2164 36 21 the
1065 2171 64 14 town
1149 2171 100 15 reserve

666 2192 71 21 under
753 2192 80 21 Mount
851 2191 138 26 Wellington,
1001 2190 43 22 and
1054 2190 73 22 would
1143 2191 64 22 make
1223 2198 27 15 an

668 2219 109 22 excellent
798 2225 97 14 station
920 2225 42 14 for
985 2225 71 14 sheep
1085 2225 45 14 and
1156 2225 93 14 cattle.

864 2245 73 26 Term,
950 2246 26 20 14
989 2251 70 21 years.

817 2279 166 22 ADELAIDE
1003 2279 96 22 ROAD.

668 2307 87 22 Section
765 2308 50 20 1023
823 2314 6 19 ;
845 2306 115 27 adjoining
970 2306 37 21 the
1016 2306 113 22 residence
1140 2306 25 22 of
1174 2307 77 21 James

670 2334 65 27 Watt,
753 2334 59 27 Esq.,
833 2333 124 27 admirably
972 2333 96 27 adapted
1084 2336 32 18 lor
1132 2341 14 13 a
1164 2341 86 14 cattle

787 2368 104 14 station.
929 2360 74 26 Term,
1016 2361 24 21 14
1056 2368 71 19 years.

837 2394 119 22 WADE'S
978 2394 100 22 TOWN.

682 2422 48 22 One
739 2421 49 22 half
794 2428 57 20 acre,
861 2422 79 20 situate
949 2421 22 21 in
984 2428 41 14 one
1032 2422 26 20 of
1064 2421 39 21 the
1112 2421 48 21 best
1169 2424 66 25 parts.

856 2456 101 21 RIVER
971 2456 90 21 HUTT.

668 2484 56 21 Five
738 2484 83 26 Acres,
837 2490 54 14 near
907 2482 36 21 the
953 2482 106 22 Village
1075 2490 27 14 of
1115 2483 135 27 Richmond,

667 2511 23 22 in
707 2510 36 23 the
758 2510 70 27 valley
838 2510 26 21 of
873 2509 35 22 the
922 2509 75 27 Hutt,
1008 2510 52 21 with
1068 2513 68 18 water
1146 2512 104 24 irontage.

696 2545 43 21 For
753 2544 42 22 sale
814 2545 28 26 by
851 2543 85 28 private
951 2547 98 17 contract
1065 2543 34 21 for
1112 2550 45 20 any
1174 2543 24 22 of
1215 2543 37 22 the

731 2572 74 25 above,
817 2571 67 27 apply
894 2573 23 19 to
927 2570 36 22 the
973 2570 144 27 Auctioneer,
1129 2578 24 14 or
1162 2573 23 19 to

737 2605 87 21 Messrs.
840 2605 131 25 Ridgways,
988 2604 106 26 Guyton,
1110 2604 20 21 &
1144 2604 72 26 Earp,
1228 2611 25 14 or

736 2632 36 21 W.
786 2631 28 22 V.
831 2631 107 26 Brewer,
953 2631 54 22 Esq.

696 2677 91 21 House
802 2676 56 21 and
872 2676 77 20 Land
963 2676 28 20 to
1006 2676 33 20 be
1060 2676 59 25 Let,
1136 2681 29 15 or
1179 2676 45 20 the

678 2705 2 9 :
682 2703 22 15 &
829 2703 84 20 Lease
929 2704 28 19 to
971 2703 34 20 be
1021 2703 73 20 Sold.

1176 2723 9 8 *

670 2736 91 49 THE
777 2735 98 22 LEASE
887 2735 20 21 is
920 2735 35 21 for
965 2738 140 24 twenty-one
1114 2742 70 20 years,
1194 2735 58 21 from

744 2763 127 26 Christmas,
890 2763 58 25 1840,
965 2762 26 21 of
1005 2762 77 27 nearly
1092 2762 37 21 the
1145 2761 70 22 whole
1232 2762 24 21 of

670 2790 37 21 the
717 2790 67 21 Town
796 2790 58 20 Acre
864 2789 44 20 No.
918 2789 46 21 576.
993 2789 47 21 The
1051 2796 52 13 acre
1111 2789 41 21 has
1162 2796 12 14 a
1183 2789 71 21 front-

670 2823 40 20 age
729 2816 25 21 of
767 2821 41 16 two
826 2816 76 21 chains
917 2815 41 21 and
974 2815 78 29 afhalf
1068 2818 23 18 to
1108 2815 143 22 Hawkstcne-

671 2846 71 23 street,
755 2843 40 20 and
807 2842 40 21 lies
862 2842 25 21 in
904 2850 13 13 a
925 2841 109 22 sheltered
1045 2846 50 23 part
1104 2843 25 20 of
1140 2843 36 20 the
1186 2847 66 17 town.

670 2870 48 21 The
728 2869 67 21 whole
806 2869 26 21 of
842 2869 20 21 it
878 2869 39 21 has
925 2869 58 21 been
992 2869 81 21 fenced
1081 2868 30 27 in,
1123 2869 45 21 and
1176 2869 18 22 is
1203 2877 49 14 now

671 2896 70 21 under
751 2896 134 26 cultivation,
893 2895 53 22 with
957 2895 36 21 the
1000 2896 98 27 promise
1108 2896 25 21 of
1141 2896 113 22 abundant

671 2930 61 20 crops
743 2923 24 21 of
777 2922 131 27 vegetables.
937 2922 21 21 A
968 2926 80 17 stream
1058 2929 54 14 runs
1124 2923 94 27 through
1228 2924 24 26 it,

670 2949 99 28 yielding
779 2957 26 13 an
816 2949 72 28 ample
899 2949 77 27 supply
987 2949 25 21 of
1027 2949 111 22 excellent
1152 2955 69 17 water
1229 2950 23 21 in

670 2977 38 21 the
718 2977 79 21 hottest
806 2983 98 14 summer
913 2975 102 22 weather.

697 3003 47 22 The
759 3003 112 26 buildings
887 3003 57 26 (now
962 3002 106 28 occupied
1084 3003 29 26 by
1124 3003 43 22 Mr.
1178 3003 76 22 Wick-

671 3030 70 27 steed)
762 3030 83 21 consist
863 3029 25 22 of
905 3037 43 14 one
965 3029 26 22 of
1011 3030 132 26 Manning's
1165 3030 87 26 houses,

670 3056 206 23 weather-boarded
882 3056 43 22 and
932 3056 49 22 well
989 3057 97 27 painted,
1094 3060 158 24 twenty-seven

670 3084 46 22 feet
726 3085 27 25 by
764 3083 109 27 eighteen,
884 3091 14 14 a
907 3083 90 22 kitchen
1007 3083 54 22 with
1075 3083 62 22 brick
1152 3085 102 25 chimney

671 3111 42 22 and
729 3118 61 20 oven,
807 3111 137 26 out-houses,
953 3110 96 28 pigsties,
1064 3110 119 27 cow-shed,
1192 3111 62 22 fowl-

672 3138 73 26 house,
762 3138 39 21 &c.
830 3137 72 22 There
919 3137 19 22 is
955 3138 45 21 also
1012 3145 14 14 a
1039 3137 129 22 substantial
1184 3138 70 21 maori

672 3170 93 21 cottage,
776 3164 48 21 with
831 3171 14 15 a
854 3164 104 28 chimney
964 3164 56 21 built
1030 3164 80 28 mostly
1115 3165 52 21 with
1174 3164 79 22 bricks.

672 3192 22 21 A
713 3191 110 22 verandah
843 3196 104 17 connects
965 3191 38 22 the
1022 3192 109 26 principal
1154 3191 100 27 building

671 3218 54 22 with
734 3218 37 21 the
781 3218 89 21 kitchen
882 3218 43 21 and
936 3217 36 22 the
981 3219 70 20 maori
1063 3222 94 24 cottage.

699 3245 47 22 The
762 3244 69 22 whole
844 3244 74 22 would
934 3244 28 22 be
978 3251 13 14 a
1005 3245 96 22 suitable
1115 3245 76 27 iamily
1202 3244 52 22 resi-

673 3272 77 26 dence,
767 3279 27 19 or,
811 3272 20 20 if
847 3271 66 21 taken
930 3279 28 14 on
978 3272 144 27 speculation,
1143 3272 71 26 might
1229 3272 26 21 be

671 3298 115 28 profitably
795 3298 139 21 subdivided.

675 3340 3 3 -
699 3326 47 21 The
757 3325 55 22 lease
823 3324 43 22 will
884 3325 27 21 be
926 3324 55 27 sold,
992 3332 25 14 or
1028 3324 37 22 the
1079 3332 105 20 property
1192 3325 33 21 let
1234 3328 23 18 at

673 3360 13 14 a
694 3352 128 22 reasonable
833 3351 82 22 annual
925 3358 56 15 rent.
1010 3352 44 21 For
1071 3357 74 21 terms,
1157 3352 65 28 apply
1233 3356 22 17 to

673 3379 88 22 Messrs.
774 3378 64 26 Hort,
851 3378 106 27 Mocatta,
968 3378 46 21 and
1030 3379 45 26 Co.,
1087 3386 25 14 or
1120 3379 45 22 Mr.
1177 3378 79 23 Alfred

674 3405 103 22 Ludlam.

825 3449 78 21 Land
918 3455 36 15 on
968 3450 44 20 the
1028 3450 78 20 Hutt.

675 3484 66 49 TO
757 3483 37 22 BE
809 3483 87 26 SOLD,
909 3490 13 14 a
931 3482 58 22 lease
1000 3483 25 21 of
1031 3483 38 21 the
1079 3483 89 22 Section
1178 3483 45 22 No.
1231 3484 27 20 24

750 3518 27 13 on
786 3510 36 21 the
831 3510 64 25 Hutt,
904 3509 53 22 with
965 3516 15 14 a
989 3510 72 27 newly
1070 3510 87 21 erected
1165 3510 91 21 wooden

674 3542 93 23 cottage,
784 3537 37 21 the
840 3539 88 25 potatoe
944 3544 53 19 crop
1014 3544 28 14 on
1056 3537 39 21 the
1110 3537 92 27 ground,
1214 3537 44 21 and

675 3565 61 21 other
742 3566 178 26 improvements.
950 3563 43 24 For
1000 3567 69 18 terms
1075 3564 26 21 of
1105 3564 52 27 sale,
1164 3565 65 26 apply
1236 3568 22 16 to

902 3597 75 26 Hort,
993 3597 122 26 Mocatta',
1132 3597 44 22 and
1191 3598 39 20 Co.

814 3643 54 20 For
883 3642 68 24 Salej
966 3643 29 19 at
1009 3641 106 21 Karbri.

675 3676 154 50 APIECE
839 3676 40 21 OF
889 3675 94 27 LAND,
995 3676 128 26 containing
1131 3676 14 20 5
1155 3683 68 19 acres,
1235 3675 23 21 in

754 3703 42 22 this
812 3703 96 27 district;
930 3705 49 25 part
993 3703 25 21 of
1030 3702 38 21 the
1085 3702 87 22 Section
1192 3702 67 26 lately

676 3732 44 21 Mr.
739 3730 82 22 Yule's.
856 3730 76 21 Terms
951 3729 84 22 liberal.
1070 3729 44 22 For
1131 3728 129 28 particulars

675 3758 65 28 apply
751 3762 21 17 to
781 3758 26 21 It.
819 3757 66 27 Park,
900 3757 64 33 Esq.,^

677 3802 137 51 HOUSE
843 3801 40 22 OF
910 3801 81 21 CALL
1014 3799 23 22 of
1059 3799 39 21 the
1120 3798 143 22 Benevolent

765 3829 87 27 Society
866 3828 25 21 of
904 3828 131 25 Carpenters
1044 3825 45 23 and
1105 3825 93 27 Joiners,
1209 3825 52 21 held

677 3864 22 15 at
708 3857 45 22 Mr.
764 3855 127 26 Jenkins's,
899 3855 37 20 the
948 3853 54 22 New
1012 3852 131 27 Zealander,
1155 3852 106 27 Welling-

677 3888 45 22 ton,
742 3883 70 22 where
832 3882 128 26 gentlemen
981 3880 44 22 and
1049 3879 97 22 builders
1169 3886 41 14 can
1235 3880 26 20 be

676 3909 101 30 supplied
786 3908 52 23 with
847 3907 59 29 good
914 3907 120 22 workmen.

704 3945 54 27 May
769 3944 31 26 24,
812 3944 61 21 1842.

1277 699 148 26 Township
1441 699 31 21 of
1488 699 36 21 Te
1545 699 96 25 Maire,
1659 704 35 15 on
1709 697 50 21 the'
1772 698 89 20 banks

1305 725 29 21 of
1345 743 3 2 .
1357 725 46 21 the
1426 727 170 23 Manawatu,
1618 727 55 19 two
1696 725 66 26 days
1785 725 77 20 -walk

1303 752 71 20 from
1388 753 66 20 Port
1468 753 162 20 Nicholson.

1277 786 159 49 MESSRS.
1455 785 93 27 HORT,
1567 784 157 27 MOCATTA,
1743 784 43 22 and
1806 784 53 27 CO.,

1352 812 58 21 have
1420 812 102 21 received
1537 812 144 21 instructions
1695 811 55 22 from
1764 811 38 21 the
1811 818 50 20 pro-

1275 839 92 26 prietors
1384 839 104 21 Captain
1505 838 26 21 E.
1547 838 116 26 Daniell,
1680 838 25 21 F.
1721 838 29 21 A.
1767 837 93 22 Moles~

1277 872 87 20 worth,
1376 873 46 13 and
1432 864 23 22 J.
1466 864 80 27 Watt,
1557 864 91 26 Esqrs.,
1660 864 45 21 and
1719 864 44 21 will
1777 864 84 27 shortly

1374 892 54 21 offer
1436 891 36 22 for
1482 891 45 22 sale
1538 892 29 25 by
1576 891 77 27 public
1663 891 94 26 auction,

1275 925 54 21 283
1339 924 210 23 ALLOTMENTS
1566 924 34 21 IN
1614 924 66 21 THE
1694 923 166 22 TOWNSHIP

1458 951 38 21 OF
1512 951 38 21 TE
1566 950 113 22 MAIRE.

1275 978 47 22 The
1331 978 133 27 proprietors
1480 978 117 26 intending
1611 981 23 17 to
1651 976 104 22 establish
1770 985 13 13 a
1793 979 67 19 town-

1262 1012 3 8 '
1275 1004 49 27 ship
1334 1007 23 19 at
1374 1005 129 21 Mdnawatu
1517 1004 56 22 have
1593 1005 54 20 been
1664 1008 22 17 at
1695 1007 62 24 great
1767 1005 62 25 pains
1839 1004 21 21 in

1265 1031 134 28 -personally
1415 1031 130 27 examining
1562 1031 48 21 that
1627 1031 91 26 district,
1741 1031 44 21 and
1804 1038 56 14 were

1275 1059 111 20 fortunate
1397 1058 90 27 enough
1496 1063 23 15 at
1529 1059 37 20 the
1577 1058 44 21 late
1636 1057 103 22 selection
1751 1058 25 20 of
1788 1058 72 20 Coun-

1275 1088 33 24 try
1329 1085 69 27 Land,
1417 1088 23 18 to
1459 1085 75 21 obtain
1554 1084 38 22 the
1609 1092 54 18 very
1680 1084 94 21 sections
1789 1084 71 22 which

1258 1110 3 30 |
1275 1112 110 27 appeared
1395 1116 21 16 to
1426 1112 62 20 them
1497 1111 37 21 the
1551 1115 57 17 most
1624 1110 87 28 eligible
1721 1110 44 22 and
1778 1110 81 22 advan-

1258 1141 3 19 I
1277 1143 90 22 tageous
1382 1138 34 21 for
1432 1138 36 21 the
1484 1145 102 20 purpose.
1622 1138 62 26 They
1696 1138 110 20 entrusted
1823 1138 37 20 the

1407 1164 141 28 preparation
1559 1164 25 21 of
1595 1164 38 21 the
1642 1164 52 27 plan
1706 1168 21 17 to

1319 1198 124 22 ROBERT
1457 1198 94 27 PARK,
1566 1198 64 26 Esq.,
1646 1198 173 26 SURVEYOR,

1263 1243 2 4 .
1276 1225 52 22 And
1338 1226 48 21 that
1402 1225 127 27 gentleman
1546 1225 41 21 has
1604 1225 108 26 surveyed
1729 1225 133 27 andjudci-

1277 1252 62 27 ously
1349 1252 46 21 laid
1404 1257 39 16 out
1459 1252 37 21 the
1512 1251 94 22 sections
1616 1258 24 15 as
1656 1258 13 14 a
1684 1252 115 26 township,
1811 1251 50 22 with

1457 1279 72 27 ample
1538 1285 100 14 reserves
1648 1279 34 20 for

1277 1313 141 26 WHARFS,
1447 1312 111 26 QUAYS,
1583 1312 184 26 EXCHANGE,
1798 1312 65 21 CUS-

1334 1339 70 22 TOM
1419 1339 110 26 HOUSE,
1548 1339 134 21 MARKET
1697 1338 106 25 PLACE,

1279 1366 137 24 CHURCH,
1443 1366 155 26 CEMETRY,
1625 1365 101 21 COURT
1750 1365 111 27 HOUSE,

1349 1393 68 21 AND
1433 1392 182 22 BOTANICAL
1632 1392 155 26 GARDENS,

1256 1437 2 5 ,
1272 1420 50 22 ,and
1339 1423 103 24 amongst
1457 1419 62 21 other
1539 1419 74 27 things
1634 1426 13 14 a
1665 1426 85 14 reserve
1763 1416 11 12 r
1771 1419 36 21 for
1826 1419 36 21 the

1382 1452 194 23 MECHANIC'S
1593 1452 164 22 INSTITUTE

1278 1480 40 22 has
1329 1484 38 18 not
1383 1482 54 19 been
1456 1479 139 22 overlooked.
1625 1480 48 21 The
1687 1479 108 27 township
1812 1487 53 14 con-

1280 1508 49 21 sists
1339 1508 25 21 of
1375 1509 40 20 586
1426 1507 131 26 allotments,
1569 1507 26 20 of
1607 1506 117 21 which.the
1733 1506 131 27 proprietors

1279 1534 69 22 retain
1365 1541 41 14 one
1421 1534 52 21 half
1484 1534 21 21 in
1524 1534 57 20 their
1597 1540 49 14 own
1665 1533 75 25 hands,
1752 1533 45 21 and
1812 1534 53 21 ofler

1350 1561 35 21 for
1394 1560 44 22 sale
1449 1560 37 22 the
1494 1560 135 25 remainder,
1640 1559 120 27 consisting
1771 1560 25 21 of

1332 1595 53 21 283
1402 1593 180 23 HALF-ACRE
1597 1593 217 22 ALLOTMENTS,

1256 1632 3 9 i
1279 1622 46 21 The
1343 1622 125 21 allotments
1484 1621 33 21 for
1534 1620 45 22 sale
1597 1620 44 21 and
1659 1627 84 14 reserve
1760 1627 57 15 were
1828 1621 37 21 de-

1280 1648 64 22 cided
1357 1649 31 26 by
1404 1649 37 26 lot,
1454 1648 44 21 and
1515 1647 65 21 while
1595 1647 38 21 the
1649 1647 132 27 proprietors
1797 1647 68 22 selec-

1279 1676 38 21 ted
1332 1675 57 21 their
1407 1682 55 18 own,
1474 1675 49 21 Mr.
1536 1675 65 20 Park
1611 1673 66 22 chose
1687 1674 61 21 those
1759 1673 106 22 intended

1256 1705 2 5 '
1279 1703 34 21 for
1323 1702 53 27 sale,
1388 1702 71 21 which
1474 1709 36 14 are
1527 1701 116 26 decidedly
1653 1700 71 22 better
1734 1708 28 14 on
1776 1708 29 14 an
1815 1708 51 14 ave-

1279 1736 52 20 rage
1343 1729 52 21 than
1408 1729 62 21 those
1481 1728 72 22 which
1562 1727 35 21 the
1605 1727 131 28 proprietors
1741 1727 58 21 have
1809 1728 56 22 been

1362 1755 93 22 enabled
1466 1759 22 17 to
1499 1762 87 14 reserve
1597 1755 35 20 for
1642 1754 141 22 themselves.

1279 1789 64 22 THE
1357 1788 116 23 WHOLE
1489 1788 38 21 OF
1541 1788 65 21 THE
1621 1787 159 22 PROCEEDS
1792 1788 26 21 of
1829 1788 36 21 the

1533 1814 78 22 SALE

1426 1842 42 21 will
1480 1842 28 21 be
1519 1841 117 27 expended
1647 1848 28 14 on
1685 1840 35 22 the

1330 1875 237 23 IMPROVEMENT
1583 1875 39 21 OF
1637 1875 64 21 THE
1715 1874 99 27 TOWN,

1256 1921 3 8 ,
1523 1902 44 22 and
1583 1901 38 22 the

1256 1925 9 34 1
1280 1936 236 23 CONSTRUCTION
1536 1936 38 21 OF
1597 1936 139 27 WHARFS,
1753 1936 111 26 QUAYS,

1256 1969 28 25 >»*
1360 1961 17 34 ,'
1548 1985 4 3 -
1551 1964 32 21 &c
1586 1979 13 9 -»

1256 1998 9 13 ■a
1280 1991 52 22 A'liJ
1343 1990 43 21 will
1396 1990 27 21 Lb
1433 1990 110 26 uiiuuvgbti
1555 1990 47 21 aiid'
1612 1988 115 27 regulated
1738 1989 34 26 by-
1800 1990 66 20 Com-

1386 2018 74 20 mittee
1472 2018 104 20 of»seven
1587 2015 121 27 consisting
1717 2016 24 20 of
1741 2027 25 3 —

1280 2051 68 21 Cavt.
1369 2050 151 25 DANIELL,
1556 2049 48 22 Mr.
1635 2049 228 27 MOLESWORTH,

1418 2078 47 20 Mr.
1478 2077 93 24 WATT,
1590 2084 45 13 and
1647 2075 82 22 FOUR

1280 2107 21 18 to
1312 2104 27 22 be
1351 2104 85 22 elected
1451 2105 29 26 by
1489 2103 38 21 the
1543 2103 132 28 purchasers
1689 2102 56 22 from
1763 2107 103 23 amongst

1503 2130 141 21 themse'ves.

1279 2158 47 22 The
1340 2158 132 27 proprietors
1488 2165 36 13 are
1545 2157 113 21 coniiJent
1675 2156 47 23 that
1740 2156 58 22 their
1817 2164 48 14 own

1280 2185 101 21 interests
1399 2185 41 21 will
1457 2185 28 20 be
1499 2191 62 14 more
1579 2183 42 21 eile
1635 2183 70 27 tually
1720 2183 98 27 secured,
1836 2184 28 26 by

1279 2212 124 26 sacrificing
1423 2218 42 14 one
1480 2211 51 21 half
1549 2211 25 20 of
1592 2210 56 21 their
1663 2210 95 21 sections
1777 2210 23 21 in
1821 2211 42 20 this

1280 2239 71 26 mode,
1362 2239 65 21 while
1437 2239 38 20 the
1487 2237 129 28 purchaseis
1628 2237 41 21 will
1682 2237 54 21 have
1747 2237 36 21 the
1796 2237 68 21 whole

1279 2266 26 21 of
1317 2266 35 21 the
1361 2265 109 28 purchase
1480 2272 80 19 money
1570 2264 107 22 returned
1687 2268 21 16 to
1718 2264 61 21 them
1790 2264 23 20 in
1823 2266 30 19 hn

1279 2294 93 26 proving
1382 2292 44 22 and
1436 2291 126 26 enhancing
1578 2291 37 21 the
1632 2291 64 21 value
1711 2291 25 21 of
1747 2291 58 21 their
1815 2298 49 14 own

1278 2322 110 25 property.

1306 2347 47 21 The
1364 2345 71 22 whole
1451 2345 26 21 of
1488 2345 36 21 tlie
1540 2344 55 22 land
1608 2345 20 21 is
1642 2344 106 27 perfectly
1763 2344 46 27 flat,
1821 2345 44 21 and

1279 2373 38 21 the
1332 2373 39 22 soil
1390 2373 25 21 of
1433 2372 37 22 the
1485 2372 82 22 richest
1582 2371 140 27 description,
1743 2371 63 21 while
1827 2373 38 20 the

1280 2400 123 27 prevailing
1418 2399 70 21 winds
1504 2406 36 14 are
1558 2406 69 14 never
1641 2406 24 13 so
1682 2399 82 21 violent
1780 2406 24 14 as
1813 2398 52 27 they

1281 2434 36 14 are
1327 2427 22 21 in
1361 2427 38 21 the
1409 2426 163 27 neighbouring
1583 2425 103 21 districts.
1714 2425 90 21 Vessels
1817 2425 25 21 of
1854 2433 12 13 a

1281 2453 60 28 large
1356 2453 96 27 draught
1466 2453 25 21 of
1509 2457 67 17 water
1592 2459 41 14 tan
1648 2452 37 27 lay
1701 2452 112 27 alongside
1830 2453 36 20 the

1282 2481 58 21 bunk
1349 2483 23 19 at
1382 2480 29 22 all
1421 2481 65 21 times
1496 2479 24 22 of
1533 2479 37 21 the
1582 2479 51 26 tide,
1645 2486 24 14 as
1678 2479 61 21 theie
1749 2480 18 20 is
1777 2486 14 14 a
1800 2479 66 28 depth

1282 2507 25 21 of
1320 2507 76 27 nearly
1407 2507 49 21 four
1465 2507 95 21 fathoms
1570 2506 60 21 close
1639 2505 33 22 in.

1281 2541 48 22 The
1336 2541 148 21 Auctioneers
1493 2539 73 22 would
1577 2539 42 22 call
1628 2540 108 21 attention
1746 2542 21 18 to
1776 2539 37 22 the
1825 2539 44 22 fact

1487 2567 25 21 of
1519 2566 62 22 there
1593 2566 66 26 being

1284 2602 20 21 A
1327 2602 107 21 LARGE
1458 2601 67 22 SAW
1545 2600 83 22 MILL
1823 2600 46 22 ES-

1486 2626 181 23 TABLISHED
1788 2624 16 31 -;.

1283 2663 13 14 a
1305 2655 61 22 short
1377 2655 98 21 distance
1490 2655 58 21 from
1566 2654 36 21 the
1617 2653 105 22 intended
1736 2653 42 22 site
1792 2651 27 23 bf
1833 2653 36 22 the

1282 2683 79 27 Town;
1385 2682 49 27 and,
1456 2689 24 14 as
1498 2681 36 21 the
1555 2680 70 22 whole
1644 2681 26 21 of
1687 2681 35 20 the
1743 2680 128 22 allotments

1352 2709 88 22 abound
1450 2709 23 20 in
1483 2716 79 19 groves
1569 2708 27 20 of
1603 2707 103 27 splendid
1716 2707 86 26 timber,

1255 2762 2 5 ,
1284 2743 63 23 THE
1376 2742 164 22 PURCHASE
1573 2741 116 22 MONEY
1719 2740 82 23 WILL*
1832 2741 38 22 BE

1357 2769 170 23 RETURNED
1543 2768 89 22 WITH
1646 2768 153 21 INTEREST

1255 2801 2 3 '
1284 2797 22 21 in
1317 2804 14 14 a
1339 2804 54 20 very
1403 2797 62 21 short
1474 2796 84 27 period,
1569 2802 24 14 as
1604 2802 59 14 sawn
1675 2794 78 22 timber
1763 2794 44 22 will
1817 2794 27 22 be
1859 2801 13 14 a

1284 2824 68 28 staple
1367 2823 77 22 article
1460 2823 27 21 of
1498 2825 79 25 export
1586 2822 58 21 from
1658 2822 130 21 Manawatu
1798 2826 22 17 to
1835 2821 36 22 the

1284 2851 67 27 ready
1360 2851 88 21 market
1458 2850 98 22 afforded
1571 2850 30 26 by
1610 2849 37 21 the
1660 2848 159 28 neighbouring
1829 2851 43 18 set-

1284 2877 109 26 tlements,
1412 2882 21 16 to
1454 2876 73 22 which
1542 2876 131 22 abundance
1694 2876 24 20 of
1734 2876 65 20 small
1818 2875 55 21 craft

1255 2911 2 6 •
1283 2905 44 21 will
1338 2910 22 16 at
1369 2905 29 21 all
1406 2905 63 21 times
1479 2903 70 22 afford
1559 2903 38 21 the
1606 2910 76 14 means
1693 2902 24 22 of
1724 2909 146 20 conveyance.

1285 2933 20 20 A
1320 2936 63 23 great
1395 2931 88 28 portion
1499 2931 25 21 of
1539 2930 37 21 the
1597 2930 52 20 land
1669 2930 148 25 surrounding
1835 2929 37 21 the

1284 2959 68 21 Town
1363 2959 67 26 being
1439 2959 21 20 in
1471 2957 37 22 the
1518 2957 122 26 possession
1653 2956 26 21 of
1689 2957 37 20 the
1737 2956 135 26 Proprietors

1285 2985 25 21 of
1317 2985 37 21 the
1364 2985 127 27 Township,
1501 2984 45 22 will
1561 2984 26 21 be
1600 2983 32 22 let
1641 2986 40 18 out
1689 2983 23 21 in
1724 2983 64 21 small
1804 2982 68 21 farms

1255 3016 2 4 '
1285 3012 24 21 of
1322 3013 56 21 from
1389 3012 42 22 five
1441 3015 22 17 to
1479 3015 37 18 ten
1531 3018 69 19 acres,
1612 3017 28 14 on
1658 3017 51 19 easy
1719 3010 77 20 leases.
1825 3009 47 21 The

1285 3039 84 22 district
1378 3039 18 22 is
1407 3039 35 21 the
1452 3039 51 21 best
1513 3038 47 21 that
1569 3037 40 21 has
1617 3041 39 22 yet
1665 3037 54 21 been
1726 3037 67 25 given
1803 3038 38 19 out
1849 3035 24 22 in

1475 3065 56 22 New
1540 3063 101 23 Zealand
1651 3063 33 21 for

1255 3092 2 34 \
1365 3097 249 24 AGRICULTURAL
1630 3095 162 28 PURPOSES,

1255 3123 2 3 '
1498 3132 24 14 as
1532 3124 49 21 well
1592 3131 23 14 as
1626 3124 35 21 for

1255 3145 2 14 1
1286 3152 146 23 GRAZING
1462 3152 69 21 AND
1564 3149 166 23 BREEDING
1757 3149 113 27 STOCK;

1255 3181 2 22 ;
1425 3179 67 22 AND
1507 3177 104 23 DAIRY
1626 3177 105 21 FARMS

1360 3206 73 28 might
1445 3206 30 21 be
1490 3204 84 23 carried
1590 3211 28 14 on
1634 3203 52 22 with
1701 3210 94 15 success.

1454 3238 73 23 SHIP
1543 3236 160 23 BUILDING

1255 3279 2 7 .
1285 3266 72 27 might
1369 3267 47 21 also
1426 3264 188 27 advantageously
1628 3264 25 20 be
1665 3262 139 26 established,
1816 3262 56 21 from

1287 3294 36 21 the
1342 3293 102 22 facilities
1463 3291 99 23 afforded
1581 3291 29 33 by
1628 3290 44 21 this
1686 3290 69 26 really
1771 3288 101 28 splendid

1256 3328 1 18 t
1286 3321 64 26 river,
1358 3320 46 22 and
1413 3320 37 21 the
1460 3319 84 28 quality
1556 3317 26 22 of
1589 3317 37 21 the
1635 3317 80 21 timber
1720 3324 28 13 on
1757 3316 28 21 its
1795 3316 77 21 banks.

1255 3360 2 12 ,
1315 3347 21 21 It
1344 3354 52 20 mny
1409 3347 26 21 be
1445 3344 124 27 remarked,
1585 3344 50 21 that
1646 3344 37 21 the
1694 3344 85 20 natives
1787 3342 86 22 neither

1255 3378 2 21 [
1286 3374 86 27 dispute
1385 3374 35 21 the
1431 3374 60 21 titles
1499 3378 21 16 to
1534 3372 38 21 the
1587 3371 60 27 land,
1664 3377 41 15 nor
1714 3370 28 21 do
1757 3370 53 26 they
1821 3368 53 22 offer

1287 3408 42 19 any
1340 3407 130 20 annoyance
1482 3404 21 17 to
1514 3399 93 21 settlers.

1314 3427 51 23 Full
1380 3427 130 28 particulars
1524 3433 42 14 can
1584 3425 27 21 be
1620 3422 104 23 obtained
1738 3430 28 14 on
1777 3422 96 27 applica-

1287 3455 45 21 tion
1353 3459 23 17 to
1389 3455 38 20 the
1444 3454 155 24 Auctioneers,
1616 3451 74 21 where
1706 3457 12 14 a
1727 3450 56 21 Plan
1799 3449 26 21 of
1837 3448 36 21 the

1256 3484 2 20 [
1287 3481 119 27 Township
1421 3481 26 21 of
1458 3481 33 21 Te
1507 3479 72 22 Marie
1599 3485 41 14 can
1658 3478 26 20 be
1698 3483 59 15 seen.
1786 3476 52 26 Day
1852 3475 25 21 of

1255 3517 2 13 i
1287 3508 45 22 sale
1341 3508 45 22 will
1404 3508 26 20 be
1440 3506 106 28 specified
1555 3506 23 20 in
1588 3512 15 14 a
1610 3504 75 22 future
1695 3502 178 22 advertisement.

1256 3537 2 21 I
1315 3535 64 27 April
1388 3536 33 23 22,
1433 3535 61 20 lb'42.

1256 3570 2 14 }
1405 3578 134 26 Landing,
1556 3583 36 14 ex

1291 3613 115 50 FIRST
1420 3610 140 26 QUALITY
1576 3608 112 27 FLOUR,
1704 3608 59 22 fresh
1771 3608 58 22 from
1840 3608 37 21 the

1362 3639 92 28 Sydney
1465 3638 68 25 Mills,

1256 3682 2 13 ,
1316 3667 56 22 Rice
1382 3668 23 20 in
1415 3666 62 27 bags,

1256 3709 3 17 f
1317 3696 71 25 Sugar
1397 3693 22 21 in
1432 3693 60 26 bags,

1256 3735 4 14 s
1319 3720 73 22 Cott'ee
1402 3720 30 22 in,
1435 3719 61 26 bags,

1284 3758 3 5 -
1297 3759 2 4 ■
1317 3747 47 22 Tea
1373 3747 24 21 in
1408 3745 79 25 chests,

1317 3774 80 22 Butter
1405 3772 23 22 in
1438 3772 84 26 firkins,

1256 3802 7 17 t
1318 3800 60 22 Pork
1387 3801 24 20 in
1422 3798 90 26 barrels,

1256 3825 5 21 i
1319 3827 59 21 Pork
1387 3826 122 27 in^quarter
1519 3823 71 27 casks,

1319 3854 98 26 Battens,

1256 3886 5 14 3
1318 3881 84 27 Cigars,

1320 3909 96 26 Gunney
1426 3906 63 27 hags.

1611 3932 83 20 Waitt
1710 3932 41 20 and
1766 3932 84 20 Iyser.
