2540 4029
1895 1760 180 24 EXTRACTS
2102 1760 98 24 FROM
2226 1760 74 23 THE
2321 1759 155 24 ENGLISH

2121 1793 142 24 PAPERS.

1922 1840 52 22 T:-*r:
1992 1841 82 21 Sk-uns.
2079 1852 25 3 —
2108 1840 93 26 During'
2210 1840 35 21 the
2261 1840 67 21 whole-
2344 1840 25 21 of
2386 1840 93 27 'Sunday

1895 1874 19 14 ;u
1932 1871 5 16 i
1958 1868 93 26 Muiuljy
2067 1863 73 31 nlgbL
2152 1867 36 21 thu
2275 1866 55 22 blew
2340 1873 11 14 t
2363 1866 113 26 huricanci,

1895 1894 95 27 biovnng
2001 1894 61 20 dov/ii
2073 1894 72 21 stack?
2156 1894 25 20 of
2193 1892 140 28 chiMticy-iin
2346 1892 36 22 the
2392 1901 11 13 3
2406 1896 70 24 erects,

1895 1920 78 23 which,
1988 1928 18 13 i<]
2015 1925 41 17 One
2067 1920 106 24 instance,
2184 1920 78 21 buried
2271 1927 14 14 a
2294 1926 57 15 man.
2366 1919 37 22 hh
2420 1927 20 13 vr
2442 1920 3 12 :
2450 1920 26 24 ?o,

1896 1948 46 20 ni;d
1958 1947 64 25 i:h"'l,
2039 1947 56 25 who,
2115 1947 107 26 however,
2238 1954 55 14 were
2311 1946 88 27 happily
2414 1946 65 22 oxevi-

1895 1974 66 23 I'dfjaJ
1972 1975 15 17 ii
1994 1983 12 7 •<
2015 1977 12 15 '!
2053 1975 23 17 !i>-
2093 1974 69 19 i.£.in3*
2187 1972 38 20 'On
2242 1972 43 19 fko'
2293 1974 54 17 rivar
2363 1973 36 18 ike
2416 1974 74 20 =»ibjji-'

1896 2005 21 14 oi
1931 1996 39 23 tlie
1985 2001 65 18 iitorm
2064 2005 45 14 -was
2128 2004 49 19 rt<ry
2191 1997 89 25 serious,
2300 1995 65 27 ra'uny
2380 1999 14 7 >v

1896 2032 56 14 v-'erc
1968 2024 60 25 sunk,
2048 2024 43 21 and
2109 2031 30 14 no
2154 2024 43 21 Isss
2212 2024 52 21 than
2282 2023 59 21 three
2356 2022 77 21 deaths
2442 2022 36 26 liy

1895 2051 38 22 dm
1940 2052 68 25 -vniug
2017 2058 36 14 are
2067 2050 112 23 recorded.
2201 2050 62 24 'The.
2272 2049 73 26 fiucd?,
2358 2052 42 18 too.
2418 2055 61 15 c^uie

1896 2078 64 21 down
1975 2078 56 21 from
2047 2076 29 23 all
2092 2077 37 21 the
2138 2076 51 22 hills
2203 2076 53 22 with
2266 2075 92 22 unusual
2372 2075 108 22 violence.

1895 2105 48 22 The
1954 2104 94 22 weather
2057 2103 120 22 continued
2184 2103 121 22 boisterous
2316 2102 32 21 till
2357 2102 123 26 Thursday,

1897 2132 63 21 when
1987 2131 101 22 sunshine
2112 2130 46 22 and
2180 2137 67 21 peace
2272 2128 129 24 succeeded.
2446 2128 37 22 On

1896 2158 142 26 Wednesday
2050 2158 36 21 the
2100 2157 45 22 tide
2154 2157 24 22 in
2191 2157 36 21 the
2240 2156 60 23 river
2309 2163 42 14 was
2364 2155 120 27 unusually

1897 2186 62 27 high,
1977 2185 40 21 and
2038 2184 29 22 all
2083 2184 38 21 the
2141 2184 111 22 Bankside
2270 2190 43 15 was
2327 2182 98 23 flooded.
2455 2182 26 21 In

1900 2212 64 28 Hyde
1980 2211 56 22 Park
2051 2211 46 22 and
2112 2212 30 21 St.
2156 2211 85 21 Jame's
2255 2210 59 22 Park
2325 2210 36 21 the
2375 2214 68 17 storm
2460 2209 25 22 of

1898 2239 103 27 Monday
2009 2238 63 28 night
2081 2238 41 21 has
2130 2238 57 21 done
2197 2237 148 22 considerable
2352 2236 82 28 injury.
2464 2238 22 19 A

1897 2267 95 22 number
2006 2266 23 21 of
2041 2266 44 21 fine
2101 2265 60 27 large
2170 2268 58 18 trees
2246 2264 55 21 have
2314 2264 58 21 been
2388 2266 51 19 torn
2455 2270 30 20 up

1897 2294 29 26 by
1939 2293 37 22 the
1986 2296 57 19 roots
2053 2292 45 22 and
2107 2291 95 22 levelled
2213 2291 52 21 with
2275 2292 37 21 the
2325 2290 92 28 ground.

1924 2320 51 22 The
1992 2320 75 22 Niger
2083 2320 151 21 Expedition.
2236 2329 28 4 —
2265 2318 21 22 A
2299 2318 66 21 letter
2377 2318 56 21 from
2449 2316 37 22 the

1898 2348 71 26 Niger
1979 2346 132 28 expedition,
2123 2346 32 21 off
2165 2346 36 21 the
2217 2346 64 25 river,
2293 2345 39 21 has
2341 2351 14 14 a
2368 2343 118 29 postscript

1898 2376 26 20 of
1937 2375 38 21 the
1991 2374 48 22 14th
2050 2374 26 21 of
2086 2374 94 26 August,
2196 2376 24 17 to
2234 2372 38 22 the
2282 2371 112 27 following
2409 2372 65 21 effect
2481 2376 6 13 :

1897 2414 27 3 —
1949 2402 42 21 We
2002 2409 35 13 are
2050 2401 24 21 in
2091 2400 37 21 the
2142 2400 58 21 river
2212 2407 46 14 now
2265 2407 6 19 ;
2293 2398 87 22 crossed
2395 2398 38 21 the
2448 2398 40 21 bar

1897 2428 117 29 yesterday
2021 2436 4 18 ;
2043 2427 30 22 all
2082 2426 57 26 well,
2149 2426 45 22 and
2204 2426 22 21 in
2235 2426 58 28 good
2302 2425 80 27 spirits.
2412 2425 11 21 I
2431 2428 59 19 went

1899 2464 13 14 a
1921 2456 57 22 little
1989 2463 28 20 up
2027 2455 38 21 the
2073 2455 59 21 river
2140 2453 117 29 yesterday
2268 2453 22 22 in
2297 2452 36 22 the
2344 2452 92 26 Soudan,
2448 2452 41 21 but

1898 2483 39 21 she
1949 2486 23 18 at
1979 2482 39 22 last
2024 2482 65 21 stuck
2097 2482 22 21 in
2127 2481 36 22 the
2173 2480 65 27 river,
2248 2480 72 23 where
2328 2479 38 22 she
2373 2478 117 23 remained

1898 2509 57 23 until
1966 2509 37 22 the
2013 2509 44 21 tide
2067 2515 56 15 rose.
2152 2508 42 21 We
2205 2508 28 21 all
2243 2515 29 19 go
2281 2514 30 20 up
2323 2513 27 15 on

1926 2537 36 21 On
1974 2536 36 22 the
2018 2535 58 22 22nd
2087 2535 26 21 of
2120 2536 58 26 Sept.
2191 2534 37 22 the
2238 2534 125 28 expedition
2375 2532 113 23 ascended

1899 2563 37 22 the
1947 2563 59 22 river
2015 2567 21 17 to
2046 2563 37 21 the
2097 2562 129 21 confluence
2238 2562 26 21 of
2273 2562 38 21 the
2321 2560 108 22 Tehadda
2439 2560 49 25 .and

1900 2591 89 25 Quorra
2004 2590 45 27 (the
2066 2596 66 14 scene
2150 2589 25 21 of
2187 2596 42 14 one
2248 2588 26 22 of
2292 2588 92 27 Captain
2401 2586 89 23 Allen's

1901 2617 107 23 beautiful
2020 2616 146 27 lithographic
2177 2616 85 26 views),
2278 2614 46 22 and
2337 2617 22 18 at
2371 2614 44 22 this
2428 2613 64 28 point

1900 2643 139 24 determined
2049 2650 60 20 upon
2119 2650 14 14 a
2140 2643 87 27 change,
2238 2643 26 21 of
2276 2642 130 28 operations.
2440 2641 48 22 The

1900 2671 94 29 original
2002 2671 59 28 plan,
2072 2674 22 17 to
2103 2670 30 21 be
2142 2669 90 28 guided,
2252 2669 108 25 however,
2371 2669 30 27 by
2412 2671 78 19 events

1900 2706 45 15 was
1956 2699 47 21 that,
2011 2699 35 20 the
2057 2701 108 18 steamers
2182 2696 80 22 should
2276 2695 96 29 proceed
2387 2697 23 20 in
2427 2702 62 14 com-

1900 2733 61 20 pany
1966 2734 5 18 ;
1979 2725 38 22 but
2024 2725 174 21 circumstances
2204 2723 59 22 have
2272 2722 37 23 led
2316 2727 21 16 to
2347 2730 14 14 a
2370 2722 120 22 resolution

1901 2753 49 21 that
1960 2753 38 21 the
2008 2753 73 19 Prince
2090 2752 82 25 Albert,
2189 2751 92 27 Captain
2299 2750 94 26 Trotter,
2412 2748 80 22 should

1900 2779 85 23 ascend
1995 2779 32 22 the
2039 2779 94 26 Quorra,
2144 2777 43 23 and
2194 2777 38 22 the
2243 2777 141 26 Wilber/orce,
2398 2776 92 27 Captain

1902 2807 36 22 W.
1952 2806 70 24 Allen,
2028 2805 87 23 -should
2125 2805 103 27 navigate
2243 2805 37 21 the
2295 2803 115 23 Tehadda.
2443 2802 49 22 The

1902 2835 94 26 Soudan,
2006 2833 92 28 Captain
2110 2832 53 22 Bird
2175 2832 75 24 Allen,
2259 2831 76 23 hada-e
2338 2830 80 22 turned
2427 2829 65 22 down

1902 2861 36 23 the
1957 2862 58 21 river
2027 2859 54 23 with
2097 2859 102 22 invalids.
2237 2859 48 22 The
2305 2857 98 22 sickness
2419 2856 73 22 which

1901 2887 105 24 attacked
2016 2887 36 22 the
2062 2894 69 14 crews
2140 2885 106 23 attended
2255 2885 38 22 the
2307 2884 82 22 vessels
2407 2882 30 22 all
2453 2883 38 21 the

1904 2923 50 21 way
1971 2923 31 20 up
2019 2919 22 17 to
2059 2913 81 26 Attah,'
2158 2913 69 21 about
2243 2916 43 18 two
2300 2910 104 22 hundred
2420 2910 71 27 miles,

1902 2943 71 21 above
1985 2941 72 23 which
2072 2948 32 14 we
2116 2940 28 21 do
2154 2943 40 18 not
2208 2939 54 21 hear
2271 2939 49 21 that
2329 2938 17 21 it
2356 2937 134 26 continued;

1902 2969 74 22 whilst
1984 2969 35 21 the
2027 2968 82 21 Prince
2123 2968 75 20 Albert
2215 2965 45 22 and
2276 2965 136 25 Wilberforce
2427 2964 65 22 mnde

1901 2996 59 22 their
1968 3003 48 20 way
2025 3003 30 20 up
2065 2994 38 22 the
2112 2993 121 23 additional
2244 2996 91 23 seventy
2346 2992 64 21 miles
2422 2997 21 16 to
2453 2991 39 21 the

1902 3024 42 21 site
1955 3030 32 14 we
2000 3023 54 21 have
2071 3021 113 21 indicated
2193 3028 24 14 as
2237 3019 37 22 the
2291 3019 101 28 junction
2410 3018 25 22 of
2453 3018 39 22 the

1902 3054 43 18 two
1954 3049 68 28 grond
2031 3048 140 22 branches—
2172 3047 51 26 viz.,
2234 3047 38 21 the
2281 3047 92 26 Quorra,
2382 3053 24 14 or
2412 3045 78 28 Niger,

1901 3077 91 26 flowing
2006 3077 56 21 from
2076 3075 77 26 nearly
2168 3075 38 21 the
2223 3074 65 22 north
2304 3080 24 15 or
2338 3073 66 21 north
2414 3072 79 22 north-

1904 3108 59 22 west,
1971 3103 44 22 and
2024 3103 37 21 the
2069 3101 114 27 Tehadda,
2195 3108 25 14 or
2231 3101 68 25 Chad,
2314 3100 58 22 from
2384 3100 37 21 the
2432 3102 58 19 east-

1904 3131 66 22 ward.
2006 3130 45 21 The
2062 3129 92 26 Soudan,
2165 3129 59 21 from
2234 3124 78 30 Attah,
2323 3127 46 22 had
2379 3131 39 23 got
2428 3126 64 22 down

1901 3162 23 18 to
1933 3158 40 21 the
1983 3160 60 19 coast
2059 3157 24 21 in
2100 3156 60 22 three
2175 3155 63 27 days,
2259 3155 45 21 and
2321 3153 172 29 providentially

1902 3184 72 23 found
1982 3184 36 21 the
2033 3184 101 26 Dolphin,
2152 3183 73 21 Lieut.
2243 3181 136 26 Littiehales,
2396 3180 97 27 cruising

1902 3212 33 21 off
1940 3211 38 22 the
1990 3211 72 21 mouth
2079 3211 26 21 of
2124 3210 35 21 the
2172 3209 67 27 river,
2257 3209 45 22 and
2311 3212 39 24 put
2358 3208 36 22 the
2405 3207 47 22 sick
2463 3214 29 14 on

1902 3238 76 26 board,
1991 3242 21 17 to
2022 3238 27 21 be
2060 3237 94 25 carried,
2165 3243 32 15 we
2206 3236 94 26 believe,
2318 3238 21 19 to
2353 3234 39 22 the
2409 3234 43 22 Isle
2467 3234 26 21 of

1903 3265 128 22 Assension.
2060 3265 69 26 Eight
2139 3263 82 22 British
2238 3270 89 15 seamen
2344 3261 43 23 had
2401 3261 52 22 died
2461 3268 31 20 up

1903 3297 22 17 to
1945 3291 49 22 that
2008 3291 56 23 date.
2104 3291 60 22 Such
2182 3290 19 22 is
2218 3290 38 22 the
2270 3290 66 21 latest
2349 3288 143 27 intelligence

1902 3318 110 23 recieved.

1930 3345 123 22 National
2061 3345 142 22 Wealth.—
2206 3344 26 21 ln
2241 3345 60 26 1812,
2309 3343 38 22 Dr.
2359 3341 134 28 Colquhoun

1904 3372 116 23 estimated
2031 3372 36 22 the
2079 3372 98 27 existing
2183 3374 105 25 property
2299 3368 153 24 accumulated
2461 3368 31 27 by

1904 3400 37 21 the
1952 3399 86 22 labours
2048 3398 26 23 of
2082 3400 37 21 the
2128 3398 130 29 population
2269 3398 25 21 of
2306 3397 37 21 the
2354 3395 81 23 British
2446 3402 47 14 em-

1903 3427 55 28 pire,
1970 3426 44 22 and
2024 3426 53 22 with
2086 3433 14 15 a
2113 3426 107 27 probable
2230 3423 177 29 approximation
2413 3433 2 5 ■
2422 3425 23 18 to
2455 3421 38 22 the

1904 3453 68 27 truth,
1985 3458 22 17 at
2016 3461 29 14 no
2051 3453 44 22 less
2106 3460 29 15 an
2144 3455 95 20 amount
2245 3452 52 21 than
2304 3450 188 27 £2,736,640,000.

1903 3481 49 22 The
1963 3481 81 21 annual
2051 3480 91 22 income
2153 3482 21 20 of
2183 3480 39 21 the
2232 3483 93 22 country
2332 3477 27 21 he
2368 3475 126 23 calculated

1904 3511 22 19 at
1936 3508 101 27 upwards
2048 3507 26 22 of
2079 3508 52 21 four
2140 3506 102 23 hundred
2259 3505 44 22 and
2316 3503 68 26 thirty
2394 3502 99 22 millions

1904 3536 99 26 sterling.
2029 3534 50 23 The
2092 3534 130 28 population
2238 3531 114 23 increased
2366 3529 58 23 from
2439 3531 53 20 1811

1904 3566 22 19 to
1944 3563 61 23 1831,
2020 3561 77 28 nearly
2108 3561 50 22 four
2172 3560 99 23 millions
2279 3566 6 19 ;
2304 3557 49 27 and,
2371 3564 25 14 as
2406 3557 38 21 the
2459 3555 35 23 in-

1904 3597 76 15 crease
1987 3589 25 21 of
2017 3588 132 29 production
2159 3590 60 20 must
2229 3586 56 21 have
2295 3592 59 14 some
2364 3583 95 23 relation
2466 3588 26 17 to

1904 3617 37 22 the
1948 3617 98 21 increase
2053 3616 27 21 of
2085 3616 111 25 numbers,
2205 3614 37 22 the
2248 3611 80 23 wealth
2333 3611 26 22 of
2366 3611 37 21 the
2410 3609 84 23 British

1905 3643 84 28 empire
2001 3648 59 17 must
2069 3649 51 15 now
2131 3643 27 20 be
2168 3640 133 28 prodigious.

1931 3670 50 23 The
1996 3670 59 22 Paris
2072 3676 79 21 papers
2164 3668 60 23 have
2238 3665 121 25 discussed^
2365 3665 38 21 the
2417 3666 77 20 recent

1905 3701 77 19 events
1991 3698 22 21 in
2024 3696 125 23 London—
2149 3696 47 21 The
2205 3694 79 22 Tower
2294 3692 93 25 fire^and
2398 3691 38 22 the
2445 3691 48 21 'Ex-

1904 3725 100 27 chequer
2013 3724 41 22 Bill
2065 3722 73 23 fraud.
2166 3721 49 23 The
2229 3722 75 19 Presse
2313 3718 46 22 and
2368 3719 37 21 the
2414 3719 80 20 JDebats

1904 3752 77 22 rather
1988 3750 91 23 chuckle
2086 3757 54 15 over
2146 3748 53 23 such
2208 3747 89 22 inroads
2304 3753 27 14 on
2337 3745 37 22 the
2379 3752 114 15 resources

1905 3780 25 21 of
1937 3778 109 28 England.
2075 3776 48 23 The
2140 3776 103 21 National
2250 3774 20 21 is
2285 3780 61 15 more
2357 3772 136 28 forbearing.

1904 3806 49 23 The
1975 3805 108 21 Charivari
2102 3803 43 22 will
2162 3806 41 19 not
2222 3802 26 21 be
2269 3799 80 24 denied
2366 3799 29 22 its
2414 3799 81 28 gibe—

1926 3832 76 23 When
2015 3831 115 23 Ministers
2144 3828 104 24 received
2262 3826 139 28 intelligence
2417 3826 26 23 of
2455 3827 38 22 the

1904 3860 40 22 fire
1954 3860 23 21 in
1985 3860 35 20 the
2029 3859 80 21 Tower
2118 3857 26 21 of
2150 3855 95 24 London
2255 3855 44 22 and
2309 3854 36 21 the
2355 3853 138 23 destruction

1904 3888 26 20 of
1945 3887 89 25 200,000
2053 3884 106 27 muskets,
2235 3882 84 23 Guixot
2340 3881 155 27 immediately

1905 3917 69 19 wrote
1985 3917 21 17 to
2015 3913 36 21 the
2063 3911 82 23 British
2158 3911 153 22 Government
2326 3912 23 17 to
2359 3915 39 20 say
2408 3908 49 21 that
2465 3906 29 24 he

1904 3940 75 22 would
1989 3940 54 22 burn
2052 3940 92 25 400,000
2158 3938 23 22 in
2193 3937 64 22 ordei-
2261 3962 4 9 (
2274 3940 22 18 to
2305 3934 141 23 re-establish
2455 3934 38 23 the

1905 3968 93 22 balance
2006 3965 21 23 of
2035 3973 76 21 power
2121 3966 21 21 in

1313 3621 113 21 Seamen's
1441 3619 123 23 Wages.—
1564 3618 49 22 Tne
1625 3615 202 23 undermentioned
1838 3624 37 14 are

1286 3647 37 22 the
1347 3650 158 24 engagements
1512 3651 5 3 '
1528 3644 66 22 made
1618 3646 23 19 at
1659 3643 22 22 J.
1703 3643 24 21 C.
1752 3642 124 28 Raphael's

1286 3675 111 21 Seamen's
1408 3673 108 28 Shipping
1525 3672 46 21 and
1580 3670 104 28 Registry
1699 3669 78 27 Office,
1797 3670 80 22 Lower

1286 3701 173 27 George-street,
1480 3699 45 22 for.
1531 3699 38 21 the
1585 3697 78 22 month
1678 3696 93 27 ending-
1776 3697 37 22 the
1824 3698 52 22 30th

1285 3727 63 29 April
1357 3736 35 14 :—
1392 3729 33 21 To
1437 3733 89 15 seamen
1536 3726 24 21 in
1578 3724 39 22 the
1630 3724 134 26 Arkwright,
1783 3726 92 27 Whitby,

1284 3756 121 25 Himalaya,
1415 3755 76 25 Agnes,
1502 3754 64 25 Mary
1575 3752 56 24 Ann,
1643 3752 80 24 Nabob,
1737 3753 63 20 Flora
1809 3753 64 26 Kerr,

1286 3783 83 25 Sultan,
1390 3781 45 23 and
1458 3781 87 24 Conrad,
1570 3783 23 17 to
1613 3779 66 22 India
1699 3779 45 22 and
1764 3779 112 29 England,

1285 3810 34 23 £3
1328 3811 31 21 ss.
1373 3816 40 21 per
1423 3809 85 21 month.
1538 3807 28 23 In
1575 3807 76 26 Agnes,
1661 3809 25 19 to
1697 3806 56 22 New
1764 3807 109 28 Zealand,

1286 3837 71 21 India,
1374 3835 47 23 and
1437 3834 115 28 England;
1573 3833 47 23 and
1637 3834 147 21 Abercrombie
1784 3848 5 13 t
1808 3839 60 18 coast

1286 3863 57 28 wise,
1361 3863 33 25 £3
1410 3870 41 20 per
1468 3861 84 23 monih.
1589 3862 99 24 Renown,
1706 3862 105 24 Ewretta,
1832 3862 45 22 and

1284 3892 60 26 Jane,
1354 3894 22 18 to
1388 3889 102 27 London,
1502 3889 33 24 £3
1545 3890 44 21 15s.
1605 3896 39 20 per
1657 3888 88 23 month.
1780 3889 86 26 Carpen

1285 3922 51 24 ters,
1347 3917 58 23 from
1415 3917 33 23 £5
1460 3918 42 20 10s.
1519 3919 23 19 to
1563 3916 32 23 £6
1609 3923 39 20 per
1663 3915 87 23 month.
1789 3916 87 22 Second

1286 3950 70 18 mates
1366 3945 34 22 £4
1409 3946 37 21 10s
1455 3951 39 22 per
1502 3943 87 23 month.
1622 3942 109 23 Stewards
1741 3941 46 23 and
1797 3943 79 27 Cooks,

1286 3974 57 21 from
1352 3972 33 23 j£3
1396 3973 44 21 30s.
1454 3976 22 17 to
1486 3971 33 24 £3
1529 3971 43 21 15s.
1580 3977 40 20 per
1625 3971 84 21 month.
1740 3970 137 22 Boatswains

560 43 101 46 Wst
684 43 120 43 WTtto
823 42 215 42 SBtalmb
1063 42 169 47 Ußmttt
1232 47 22 36 t
1279 42 91 40 antr
1393 41 301 47 V&tlitnqtmx
1717 38 254 51 Ssptttatov.

1896 128 47 22 and
1951 128 195 28 sailmakerß,2£3'l
2151 128 33 23 Os.'
2189 136 40 21 per
2234 128 88 23 month.'
2329 129 51 23 A-To
2389 126 91 27 seat&en

1896 155 23 21 in
1931 155 38 21 the
1981 156 85 21 various
2076 159 102 23 coasters,
2190 156 34 22 £2
2234 157 45 21 Ids.
2288 163 42 21 per
2334 157 84 26 month,
2430 156 50 23 'and

1898 184 23 19 to
1932 181 67 22 India
2003 182 58 22 from
2069 182 35 22 £3
2114 186 23 18 to
2145 183 34 21 £3
2189 184 31 20 ss.
2234 190 40 19 per
2284 183 85 22 month.'
2369 195 27 4 —
2397 185 84 24 Sydney

1897 209 90 21 Herald.

1923 235 88 22 Water
2027 236 86 21 Police
2127 236 86 21 Court.
2213 246 28 5 —
2241 235 123 29 Thursday.
2372 237 64 27 April
2445 238 34 20 28.

1897 261 69 28 Eight
1977 269 94 19 seamen,
2089 262 121 27 belonging
2229 265 23 19 to
2271 262 36 22 the
2314 269 4 4 '
2326 262 84 29 barque
2425 264 56 20 John

1895 290 93 26 Brewer,
1998 296 56 14 were
2062 288 95 27 charged
2166 290 29 26 by
2203 289 91 27 Captain
2302 284 177 33 Itobert^Brown,

1897 316 25 21 of
1933 316 38 21 the
1990 315 46 22 said
2054 314 84 32 barque
2141 312 5 10 1
2227 316 89 26 having,
2380 315 42 23 the'
2430 317 51 21 l6th

1896 342 48 28 day.
1950 343 28 22 of.
1986 342 69 28 April,
2065 342 73 22 whilst
2147 342 37 21 the
2194 342 50 28 ship
2257 349 43 15 was
2311 342 61 28 lying
2380 343 25 21 in
2415 343 66 22 Sulli-

1897 369 64 21 van's
1980 369 63 27 Cove,
2066 368 87 22 Hobart
2172 368 78 28 Town,
2270 368 46 22 and
2337 369 70 27 being
2415 369 67 23 'then

1895 395 75 31 ready,
1977 396 31 21 for
2025 402 44 20 sea,
2090 396 116 26 conspired
2221 399 22 18 to
2260 395 98 27 disobey,
2359 396 38 22 the
2406 396 75 22 lawful

1897 422 75 21 orders
1984 422 29 21 -of
2034 422 59 21 their
2111 422 156 22 commander!
2279 422 60 26 .that
2356 422 18 22 is
2394 427 35 17 to.
2434 430 46 20 say,

1894 448 91 22 refused
1998 452 22 18 to
2034 452 38 23 get
2086 448 38 22 the
2140 448 48 28 ship
2204 448 72 23 under
2293 448 84 28 weigh.-
2390 460 6 4 •
2406 449 22 22 It
2443 456 38 21 ap-

1895 475 89 26 peared,
1993 475 30 32 by
2031 476 39 20 the
2081 475 104 22 evidence
2195 476 26 21 of
2231 476 38 21 the
2279 476 87 26 captain
2383 475 45 22 and
2436 478 44 22 ,the

1896 501 62 22 chief
1983 501 81 26 officer,
2086 501 50 22 that
2159 502 37 21 the
2219 504 110 26 prisoners
2348 505 29 18 at-
2385 502 46 24 the.
2441 502 42 22 bar

1895 527 103 27 alledged
2010 535 29 14 no
2049 528 64 21 other
2122 535 77 15 reason
2210 529 34 22 for
2253 529 98 27 refusing
2365 532 70 24 tojget
2445 529 36 22 the

1895 554 50 28 ship
1956 554 69 22 under
2035 554 72 27 weigh
2117 555 53 22 than
2179 554 37 23 the
2227 556 49 26 ship
2290 559 40 18 not
2344 556 91 26 having,
2442 556 40 21 her

1895 581 40 22 full
1947 581 139 27 compliment
2097 580 26 22 of
2133 581 73 22 hands
2216 589 28 14 on
2260 582 75 22 board.
2372 582 50 22 The*
2426 589 45 21 .cap
2479 591 4 5 •

1896 608 46 21 tain
1953 608 76 26 stated,
2041 608 49 21 that
2098 608 68 27 being
2176 615 13 14 a
2199 609 89 22 convict
2297 609 48 27 ship
2354 609 54 27 they
2425 616 57 15 were

1895 634 89 26 obliged
2007 638 22 18 to
2044 634 49 28 ship
2111 636 26 20 12
2155 638 63 18 extra
2237 636 70 21 hands
2325 636 22 21 in
2366 635 114 28 England,

1896 660 132 28 (thirty-five
2046 662 23 21 in
2088 661 103 26 number)
2212 662 60 26 eight
2291 662 25 22 of
2335 662 73 22 whom
2424 669 57 14 were

1895 688 129 27 discharged
2031 688 25 21 in
2071 687 89 22 Hobart
2170 688 76 26 Town,
2257 688 87 27 leaving
2358 697 20 19 a,
2387 689 96 22 number

1894 715 26 21 of
1933 719 159 23 twenty-seven
2104 722 50 14 men
2165 721 28 15 on
2205 715 74 22 board.
2307 715 72 22 There
2386 723 37 14 are
2431 716 52 21 four

1893 749 53 14 men
1956 741 43 22 and
2006 749 12 14 a
2027 742 44 26 boy
2081 744 23 19 to
2115 741 54 22 each
2179 741 103 22 hundred
2293 745 47 18 tons
2351 742 92 22 allowed
2453 742 30 27 by

1894 768 49 26 law,
1963 768 158 28 consequently
2140 768 51 28 they
2212 768 44 22 had
2274 775 60 15 more
2351 768 55 22 than
2426 769 57 22 their

1893 794 145 27 compliment
2048 798 22 19 at
2082 795 38 21 the
2132 795 52 22 time
2195 794 37 22 the
2243 796 108 26 prisoners
2360 795 90 22 refused
2460 799 22 18 to

1894 821 29 22 do
1933 822 59 21 their
2001 822 60 26 duty.
2097 822 59 21 Two-
2168 822 24 21 of
2205 822 37 21 the
2252 822 110 27 prisoners
2372 822 111 22 hadbeen

1894 848 117 22 sentenced
2031 852 22 17 at
2072 848 88 21 Hobart
2180 852 66 23 town,
2268 848 43 23 and
2333 848 39 21 the
2396 849 87 26 captain

1894 874 90 28 applied
1996 878 20 18 to
2035 874 37 22 the
2093 875 139 27 magistrates
2250 876 36 21 for
2302 882 13 14 a
2329 875 113 22 remission
2460 875 26 22 of

1894 902 59 21 their
1962 904 109 24 sentence,
2089 901 71 22 which
2177 909 43 14 was
2234 902 109 28 complied
2359 902 70 27 with;'
2444 902 39 21 but

1894 928 64 21 when
1973 928 94 27 brought
2086 935 28 14 on
2128 928 71 22 board
2215 928 50 28 they
2285 928 88 22 refused
2383 933 22 17 to
2413 928 69 22 work.

1894 954 73 23 Smith
1982 954 40 22 had
2039 955 103 21 deserted
2157 959 24 18 at
2196 955 88 22 Hobart
2302 956 75 26 Town,
2388 956 94 21 butwas

1893 981 97 27 brought
2007 989 28 14 on
2055 982 70 21 board
2145 982 30 27 by
2194 982 37 21 the
2250 982 71 28 police
2341 983 103 25 previous
2459 985 23 18 to

1893 1008 94 27 sailing;
2005 1008 27 22 he
2048 1008 47 22 also
2110 1008 89 23 refused
2211 1012 20 18 to
2243 1009 58 22 work
2312 1008 63 22 when
2385 1009 98 27 brought

1894 1043 27 14 on
1933 1035 75 27 board,
2019 1034 46 23 and
2075 1035 45 22 this
2128 1043 44 14 was
2184 1035 36 22 the
2239 1036 53 27 only
2308 1035 127 23 intimation
2452 1036 29 21 he

1892 1062 46 21 had
1958 1062 27 21 of
2000 1062 36 22 the
2055 1062 84 22 others,
2147 1062 101 28 refusing
2264 1066 23 18 to
2304 1062 33 22 do'
2347 1062 58 23 their
2414 1062 54 28 duty
2475 1071 6 19 ;

1893 1088 134 27 throughout
2037 1090 37 21 the
2084 1089 71 22 whole
2162 1096 86 20 voyage
2253 1089 54 28 they
2315 1091 61 20 were'
2382 1089 100 27 careless,

1893 1116 54 21 and-
1955 1123 55 14 were
2026 1116 83 26 always
2127 1116 166 27 endeavouring
2312 1119 21 18 to
2352 1123 75 20 annoy
2445 1116 38 22 the

1893 1142 97 28 captain.
2017 1143 29 22 In
2057 1150 153 20 consequence
2222 1143 24 22 of
2260 1143 56 22 their
2326 1143 157 22 disobedience

1893 1169 54 27 they
1957 1171 60 20 were'
2022 1170 99 27 brought
2130 1172 22 19 in
2161 1170 61 21 irons
2238 1170 48 21 into
2302 1169 42 22 this
2358 1174 58 24 port,
2437 1170 46 22 and

1888 1196 43 23 ,the
1942 1196 90 27 officers,
2043 1197 63 27 boys,
2119 1196 43 22 and
2169 1196 77 28 guard,
2257 1196 96 27 brought
2363 1197 37 21 the
2412 1197 71 22 vessel

1892 1223 63 22 here.
1992 1223 46 22 The
2058 1224 87 27 captain
2163 1223 137 26 considered,
2318 1223 47 21 that
2374 1224 23 21 in
2408 1231 75 14 conse-

1894 1257 88 20 quence
2000 1250 24 21 of
2043 1250 38 21 the
2099 1250 60 27 eight
2174 1257 53 14 men
2243 1250 65 27 being
2326 1250 49 21 able
2385 1257 96 20 seamen,

1893 1277 101 26 refusing
2003 1279 21 18 to
2034 1277 66 26 work,
2113 1276 36 23 the
2159 1276 50 27 ship
2220 1284 43 14 was
2271 1281 41 23 put
2321 1277 22 20 in
2359 1284 14 14 a
2387 1276 96 28 perilous

1893 1303 113 26 situation,
2017 1303 45 22 and
2071 1304 20 20 if
2104 1303 52 31 they
2170 1303 45 22 had
2232 1307 39 18 not
2286 1303 97 28 actually
2399 1303 84 22 endan-

1893 1330 68 26 gered
1972 1330 36 21 the
2018 1330 54 21 lives
2083 1330 45 21 and
2143 1329 44 22 loss
2206 1330 25 21 of
2248 1330 49 27 ship
2314 1330 52 27 they
2385 1330 53 22 had.
2445 1338 39 14 en-

1895 1356 112 27 dangered
2016 1357 37 21 the
2068 1356 44 23 loss
2127 1358 24 21 of
2169 1364 68 20 spars,
2253 1357 44 22 and
2307 1357 58 27 sails,
2377 1357 72 22 which
2460 1358 24 21 in

1894 1384 88 21 sudden
1992 1384 44 21 and
2050 1384 75 27 heavy
2139 1384 90 27 squalls,
2246 1391 23 14 so
2285 1384 102 27 frequent
2402 1391 27 15 on
2440 1384 44 22 this

1894 1413 68 24 coast,
1987 1410 75 28 might,
2081 1411 35 21 for
2134 1413 59 20 want
2213 1411 25 21 of
2257 1417 80 21 proper,
2354 1412 127 26 assistance,

1894 1437 65 22 when
1970 1437 76 27 taking
2060 1437 25 22 in
2102 1438 47 26 sail,
2168 1438 57 21 have
2246 1438 56 21 been
2318 1437 42 22 lost
2374 1438 46 22 and
2434 1438 50 21 des-

1894 1464 84 28 troyed.
2024 1464 48 23 The
2094 1465 109 27 prisoners
2216 1472 67 16 .were
2305 1465 122 22 remanded
2450 1465 34 22 till

1893 1491 125 27 yesterday,
2036 1491 64 22 when
2116 1491 36 22 the
2172 1492 84 21 second
2279 1491 73 22 officer
2377 1492 44 21 and
2445 1491 38 22 the

1895 1518 119 22 boatswain
2039 1525 57 15 were
2116 1518 124 26 examined,
2264 1518 36 21 the
2321 1518 65 21 latter
2408 1517 77 29 giving

1894 1544 106 22 evidence
2015 1545 23 22 in
2065 1545 79 22 favour
2161 1545 26 22 of
2199 1542 126 30 'prisoners,
2351 1544 29 28 by
2399 1545 84 27 stating

1893 1571 50 22 that
1952 1571 28 22 he
1990 1572 42 21 had
2047 1572 71 21 heard
2132 1572 38 21 the
2188 1572 88 27 captain
2286 1572 14 21 d
2300 1582 25 4 —
2327 1579 14 19 g
2352 1572 60 21 them
2423 1577 22 16 to
2454 1579 29 20 go

1894 1598 72 22 below
1975 1607 5 18 ;
1996 1599 45 21 that
2057 1598 29 22 he
2104 1598 131 22 considered
2250 1598 36 22 the
2303 1598 48 28 ship
2362 1606 44 14 was
2415 1598 67 28 badly

1895 1626 110 26 officered,
2029 1626 63 21 those
2116 1633 28 14 on
2167 1625 70 22 board
2257 1625 83 27 having
2363 1625 58 22 been
2445 1633 36 15 ac-

1895 1653 113 21 customed
2017 1656 21 18 to
2052 1652 62 27 lai'ge
2130 1652 66 27 ships.
2234 1652 48 22 The
2298 1652 110 28 prisoners
2425 1659 56 15 were

1894 1679 119 22 sentenced
2031 1678 56 22 each
2102 1681 23 19 to
2140 1679 75 21 forfeit
2228 1678 129 28 twenty-six
2364 1679 62 27 days'
2436 1687 43 19 pay

1950 1709 22 18 to
1984 1706 26 21 be
2023 1706 107 21 returned
2140 1706 110 21 onboard.
2252 1718 27 3 —
2279 1707 54 20 Ibid-.

668 131 61 24 ward
738 140 5 20 ;
764 132 43 23 and
819 139 30 16 on
856 131 113 32 Tuesday,
973 131 104 30 evening,
1086 130 39 24 the
1135 131 59 23 24th
1202 131 52 29 ult.,

668 166 92 30 George
773 165 84 26 White;
870 164 68 32 Esq.,
959 164 64 29 J.P.,
1043 163 113 24 delivered
1168 171 14 16 a
1194 163 60 24 Lec-

668 203 49 19 ture
729 206 30 15 on
777 197 105 24 Political
893 197 127 30 Economy.
1057 197 24 23 It
1092 196 46 24 will
1154 197 99 30 scarcely

667 232 29 23 be
707 239 120 23 necessary
839 235 22 18 to
874 238 48 23 say,
935 230 49 23 that
996 230 48 23 Mr.
1058 229 99 24 White's
1168 230 85 23 lecture

668 272 45 16 was
726 264 118 28 excellent,
857 271 25 15 so
899 263 66 23 much
983 270 25 16 so
1023 262 91 29 indeed,
1126 263 50 23 that
1184 264 17 22 it
1212 270 41 24 ap-

667 297 83 31 peared
769 302 23 18 to
813 304 26 15 us
858 296 35 23 his
912 297 108 22 audience
1039 303 57 16 were
1114 303 55 23 very
1186 296 67 23 much

667 330 99 24 inclined
777 335 23 17 to
811 330 56 22 have
879 329 69 23 heard
966 337 15 14 a
998 333 65 27 great
1079 328 51 24 deal
1150 337 58 16 more
1221 337 30 15 on

668 363 38 24 the
715 363 97 31 subject.
832 373 9 13 •,
848 362 54 23 And
914 370 33 15 we
957 369 68 22 were,
1039 363 168 30 consequently,
1215 362 38 23 the

667 404 63 16 more
747 394 92 33 pleased
856 399 22 19 to
896 395 56 25 hear
969 395 61 23 from
1048 396 48 22 Mr.
1109 395 41 23 W.
1162 396 48 23 that
1223 399 30 24 he

667 429 74 24 would
753 432 60 20 most
825 427 110 32 willingly
947 429 107 23 continue
1065 428 37 23 his
1116 428 95 24 lectures
1223 440 30 16 on

667 464 38 22 the
729 469 61 16 same
814 461 94 31 subject,
928 462 20 22 if
969 461 38 23 the
1029 462 121 23 Directors
1169 462 25 23 of
1213 465 39 24 the

668 495 141 24 Mechanic's
830 494 108 23 Institute
950 495 106 30 required
1075 494 48 23 him
1143 499 21 18 to
1180 495 25 24 do
1218 506 33 17 so.

667 528 43 24 We
722 536 39 15 are
772 535 54 23 very
838 535 51 16 sure
902 528 48 23 that
962 532 40 19 not
1020 528 54 30 only
1085 527 39 24 the
1136 527 117 27 Directors

667 561 44 24 and
729 561 116 23 Members
857 561 25 23 of
898 561 37 23 the
948 561 117 28 Institute,
1078 561 41 23 but
1131 561 38 23 the
1180 570 72 26 popu-

665 595 71 22 lation
749 594 26 23 of
785 593 139 31 Wellington
935 594 44 23 feel
991 601 29 16 an
1037 594 96 23 anxious
1147 594 71 26 desire
1230 603 23 18 to

667 627 54 23 hear
733 634 24 16 so
771 627 49 23 able
839 635 14 15 a
870 632 84 18 master
966 627 106 31 expound
1087 627 39 23 the
1145 629 108 25 scientific

667 661 74 31 object
757 660 45 23 and
818 664 79 19 nature
909 660 24 23 of
945 660 108 24 Political
1065 660 126 31 Economy,
1208 665 45 23 and

667 702 33 15 we
712 698 59 19 trust
788 693 49 24 that
849 701 28 15 an
889 694 61 31 early
963 693 45 32 day
1019 694 45 23 will
1076 694 28 24 be
1120 695 63 23 fixed
1193 696 34 24 for
1239 705 14 16 a

667 727 85 22 second
760 726 94 23 lecture.

704 1798 22 23 It
748 1798 45 23 will
815 1798 28 23 he
866 1798 109 24 observed
997 1799 24 23 in,
1048 1807 41 15 our
1112 1800 139 31 advertising

670 1831 109 25 columns,
799 1833 47 22 that
868 1831 30 23 th-
900 1841 5 6 j
907 1854 5 2 .
923 1831 87 25 school,
1022 1833 165 23 iuiiiumpdiate
1199 1841 52 15 con-

701 760 49 24 Mr.
763 760 154 24 Woodward's
929 760 84 24 second
1033 760 86 24 lecture
1130 768 46 16 was
1188 763 64 24 illus-

667 794 73 23 trated
752 794 54 23 with
818 802 13 15 a
842 794 85 30 variety
940 794 26 23 of
975 794 113 30 diagrams
1096 803 7 19 ;
1123 794 45 24 and
1185 796 68 31 being

667 835 29 15 an
703 827 104 23 off-hand
815 827 84 23 lecture
902 839 30 4 —
934 826 112 24 delivered
1055 827 94 23 without
1156 834 62 18 notes
1220 843 33 3 —

667 868 46 15 was
725 860 146 31 particularly
884 859 125 24 calculated
1020 864 24 19 to
1060 860 58 23 rivet
1129 861 39 23 the
1180 867 72 19 atten-

667 894 47 23 tion
728 893 24 23 of
766 893 35 23 his
819 893 98 28 hearers,
931 892 43 24 and
988 897 23 19 at
1029 901 55 15 once
1095 894 99 24 instruct
1208 897 44 22 and

667 926 120 24 entertain.
830 926 47 23 Mr.
900 926 155 23 Woodward's
1075 926 61 24 third
1158 928 91 30 lecture,

667 967 30 15 on
709 959 199 28 Self-Education,
920 966 46 16 was
978 959 115 24 delivered
1105 968 30 15 on
1147 961 104 32 Tuesday

667 992 45 24 last
723 991 67 31 (31st
807 991 61 32 ult.),
882 992 43 23 and
938 1000 33 15 we
982 998 77 25 regret
1069 994 50 22 that
1135 994 37 23 the
1182 996 70 23 incle-

666 1033 83 22 mency
761 1025 26 23 of
797 1025 36 23 the
842 1025 98 23 weather
947 1033 45 15 was
1005 1026 64 29 such,
1082 1034 25 16 as
1119 1031 24 19 to
1156 1027 46 25 thin
1214 1029 38 23 the

667 1059 142 23 attendance.
856 1058 24 23 It
903 1059 112 31 appeared
1044 1064 21 19 to
1095 1067 27 16 us
1147 1065 21 19 to
1189 1062 26 23 be
1238 1071 15 14 a

667 1092 109 31 masterly
799 1092 115 31 summing
932 1100 32 24 up
983 1093 25 23 of
1028 1093 32 23 all
1079 1092 38 24 the
1137 1094 115 32 improved

667 1126 78 23 modes
769 1125 25 24 of
813 1125 198 30 self-instruction,
1035 1131 24 18 at
1085 1126 46 23 this
1154 1135 99 17 moment

668 1159 113 30 engaging
804 1158 38 24 the
865 1160 111 22 attention
999 1159 25 23 of
1044 1159 38 24 the
1105 1161 84 30 patriot
1208 1162 44 23 and

667 1192 176 32 philanthropist
851 1201 6 19 ;
877 1192 44 23 and
938 1200 33 16 we
992 1193 73 23 would
1083 1194 103 31 strongly
1197 1203 55 23 urge

668 1234 30 14 on
708 1225 39 23 the
765 1226 118 23 Directors
896 1226 25 22 of
931 1226 38 23 the
982 1226 134 24 Institution
1129 1232 23 18 to
1163 1234 90 25 request

668 1259 47 24 Mr.
729 1259 39 23 W.
781 1264 23 18 to
816 1263 76 27 repeat
904 1259 37 23 the
952 1259 95 24 lecture.
1084 1259 24 24 It
1126 1260 80 25 should
1224 1262 27 23 be

668 1292 69 23 borne
760 1293 22 22 in
804 1292 69 29 mind,
893 1292 49 23 that
960 1292 63 24 these
1041 1293 98 23 lectures
1161 1294 26 24 of
1203 1295 46 24 Mr.

667 1325 164 29 Woodword's,
849 1333 62 16 more
930 1326 121 31 especially
1072 1326 50 23 that
1139 1335 29 16 on
1191 1328 60 24 Self-

668 1358 137 29 Education,
820 1366 36 16 are
868 1358 121 24 addressed
1010 1364 21 18 to
1051 1360 38 23 the
1107 1368 84 24 young,
1208 1361 43 23 and

668 1400 33 15 we
712 1400 38 15 are
763 1393 95 22 anxious
870 1396 21 19 to
905 1400 37 15 see
954 1401 14 14 a
985 1392 76 32 larger
1079 1394 131 25 attendance
1230 1395 24 23 of

668 1433 40 15 our
719 1425 76 23 fellow
811 1426 113 27 colonists,
945 1426 101 23 between
1058 1427 37 23 the
1115 1435 53 23 ages
1181 1429 24 22 of
1222 1430 27 22 15

668 1459 44 22 and
724 1460 40 27 20,
781 1459 56 22 than
856 1466 33 15 we
908 1459 58 23 have
985 1459 99 24 hitherto
1103 1460 108 25 observed
1229 1466 24 19 at

668 1492 70 25 those,
750 1498 60 17 most
825 1493 132 22 instructive
975 1492 107 25 lectures.
1119 1495 132 23 Merchants

668 1526 43 22 and
731 1525 75 24 others
818 1525 81 24 should
917 1530 22 19 at
952 1526 59 23 least
1023 1527 79 23 enable
1121 1528 38 23 the
1176 1536 76 23 young

667 1558 80 32 people
760 1560 22 22 in
802 1559 57 23 their
877 1559 90 31 employ
983 1564 23 18 to
1022 1560 28 23 be
1070 1566 92 25 present
1181 1567 22 18 at
1213 1561 38 23 the

668 1593 97 23 lectures
775 1601 5 20 ;
808 1592 51 28 and,
878 1592 88 30 indeed,
986 1601 32 15 we
1042 1593 80 31 hoped,
1148 1603 37 15 ere
1207 1595 45 23 this

668 1626 61 28 time,
747 1631 22 17 to
787 1626 56 23 have
862 1633 53 15 seen
934 1634 62 15 some
1015 1626 66 24 effort
1091 1627 66 24 made
1173 1629 30 30 by
1214 1628 38 24 the

667 1667 77 23 young
764 1667 54 15 men
837 1659 144 29 themselves,
997 1660 72 23 under
1088 1660 37 24 the

669 1693 76 23 Men's
950 1700 26 16 or
988 1701 63 15 some
1069 1694 57 23 such
1143 1695 57 29 title,
1216 1695 35 23 for

669 1726 80 30 taking
766 1734 115 15 measures
899 1730 22 19 to
934 1727 60 22 wind
1012 1734 31 24 up
1055 1727 37 24 the
1110 1728 104 24 business
1230 1728 25 23 of

670 1760 37 22 the
719 1759 43 30 day
773 1765 23 18 at
809 1762 13 23 7
835 1759 86 23 o'clock
933 1767 57 23 p.m.
1005 1768 27 15 on
1044 1761 126 30 Tuesdays.

54 136 66 24 takes
132 135 64 31 place
207 142 25 17 so
247 133 131 31 uniformly,
384 150 4 3 -
396 133 51 24 that
454 140 37 18 .we
494 136 92 23 ..cannot
595 133 46 23 im-

54 170 66 29 agine
132 168 37 23 the
181 168 114 24 desertion,
308 167 25 23 of
342 167 37 23 the
391 174 61 22 men,
465 174 43 16 can
515 168 58 22 arise
581 166 59 24 from

53 210 46 22 any
107 201 123 23 behaviour
241 200 26 23 of
279 200 38 23 the
328 199 90 24 Master
429 207 27 16 or
474 199 66 24 other
552 199 87 24 officers

53 243 31 15 on
95 234 77 24 board.
209 232 49 25 The
271 233 101 24 Masters
381 232 25 24 of
415 232 88 24 vessels
515 241 38 15 are
564 232 76 24 bound

54 268 65 23 down
146 267 71 23 under
241 266 39 24 the
307 267 99 22 strictest
434 265 139 32 regulations
595 265 45 24 and

54 307 77 17 severe
143 300 118 31 penalties,
280 299 45 23 and
337 298 71 24 which
426 303 63 20 must
503 298 137 32 necessarily

53 333 58 23 from
123 333 38 23 the
171 333 99 31 position
278 332 25 23 of
312 331 38 24 the
362 332 84 31 parties
458 332 27 24 be
498 331 141 25 recoverable

54 371 25 18 at
90 373 43 23 any
142 366 63 23 time.
240 364 112 24 Whereas
366 364 38 24 the
416 370 86 19 master
517 373 23 15 oi
553 372 87 16 owners

54 399 27 23 of
89 407 13 15 a
108 399 82 29 vessel,
202 399 57 23 have
268 406 29 15 no
310 397 56 24 such
373 397 87 32 facility
468 398 25 24 of
502 397 137 32 compelling

54 432 38 23 the
104 439 93 16 seaman
216 436 22 19 to
250 431 111 31 complete
372 430 35 25 his
421 436 138 26 agreement.
595 430 44 24 We

54 465 114 24 ourselves
178 465 68 23 know
258 464 26 23 of
298 464 88 24 several
397 472 64 16 cases
474 464 73 23 where
559 468 43 19 two
615 472 24 15 or

54 498 63 23 three
129 498 25 23 of
169 505 13 16 a
195 505 64 21 crew,
272 497 57 23 have
340 498 41 23 left
399 498 59 23 their
470 497 64 31 ships
545 498 24 22 in
583 497 58 24 Port

54 531 126 24 Nicholson
192 535 22 19 to
233 530 37 23 the
282 538 54 23 very
348 536 64 26 great
428 531 176 23 inconvenience
617 530 25 22 of

53 564 38 23 the
103 568 92 19 master.
232 563 75 24 These
319 564 62 31 ships
395 572 57 15 were
465 563 103 24 detained
579 563 35 23 for
625 571 14 14 a

51 597 78 31 length
142 597 26 23 of
182 598 55 22 time
249 597 58 23 after
324 598 53 30 they
388 605 58 15 were
465 596 70 30 ready
545 596 34 22 for
591 603 46 21 sea,

54 631 44 22 and
115 629 127 33 ultimately
253 631 46 22 left'
311 631 39 23 the
367 634 52 27 port
436 629 53 23 with
503 637 14 14 a
535 628 104 24 deficient

54 671 63 21 crew,
128 668 41 18 not
180 664 53 31 only
239 664 121 30 regarding
370 662 104 24 numbers
483 662 43 22 but
538 661 84 31 quality
630 662 6 23 !

54 697 50 23 The
117 704 59 22 men,
196 697 51 23 thus
260 696 118 30 .breaking
389 695 58 23 their
459 700 108 23 contract,
581 702 57 16 were

53 734 41 19 not
108 730 113 31 punished
239 730 23 22 in
282 737 44 22 any
337 736 50 22 way
399 728 45 23 and
458 728 58 23 after
534 728 105 31 amusing

54 763 135 23 themselves
208 770 29 16 on
253 762 74 29 shore,
348 761 108 24 returned
466 766 21 18 to
505 761 89 24 Britain
614 762 24 22 in

53 796 94 23 another
164 796 59 31 ship,
243 795 71 23 which
326 796 24 22 in
367 794 47 24 like
426 802 96 16 manner
533 794 44 24 had
588 794 50 24 suf-

53 829 61 23 fered
133 829 29 30 by
174 829 38 23 the
224 827 112 25 desertion
347 828 26 24 of
388 828 39 23 the
439 832 90 26 greater
547 833 51 26 part
617 828 25 23 of

52 862 42 23 her
112 862 131 26 nrew,!..!s*lt
261 861 42 24 has
323 860 107 25 occurred
448 866 23 19 to
487 869 30 15 us
536 862 48 23 that
602 862 37 23 the

51 892 207 31 number^oMnen,
272 893 45 33 (we
335 902 67 16 mean
420 895 50 23 able
488 893 104 32 seamen)
610 902 28 16 on

52 928 70 24 board
134 928 157 31 okEmigrant
308 928 63 31 ships
383 936 28 15 on
423 928 98 30 .leaving
531 927 108 31 England

53 962 21 22 is
87 966 35 19 too
134 961 75 30 small,
230 962 162 30 necessitating
402 962 24 22 in
446 965 61 19 most
524 961 114 23 instances

54 994 39 24 the
103 995 153 30 employment
268 994 24 24 of
308 995 39 23 the
359 995 123 30 emigrants
500 994 24 23 in
537 994 102 30 working

54 1027 39 24 the
110 1027 61 32 ship.
206 1027 68 23 Were
294 1027 45 23 this
359 1035 13 15 a
382 1032 52 26 part
449 1027 26 23 of
493 1027 38 23 the
553 1027 86 30 orginal

54 1065 100 19 contract
154 1073 32 4 —
187 1068 59 15 were
256 1061 19 22 it
287 1060 84 30 clearly
381 1059 139 24 understood
531 1060 30 31 by
571 1060 31 23 all
609 1067 30 16 on

53 1093 70 24 board
123 1106 34 4 —
157 1093 38 23 the
215 1098 86 26 system
319 1093 74 31 might
404 1093 63 23 work
484 1093 59 29 well,
564 1093 42 24 but
616 1099 23 18 at

54 1131 91 27 present
156 1128 25 21 if
185 1127 21 23 is
218 1132 39 18 not
268 1134 33 21 so,
320 1126 44 24 and
376 1134 32 16 we
420 1127 45 23 feel
483 1127 95 23 assured
590 1126 49 24 that

52 1160 20 23 it
82 1168 56 15 were
157 1168 54 23 easy
227 1165 22 18 to
267 1168 70 23 prove
356 1159 38 24 the
411 1160 73 23 result
501 1161 136 30 pernicious,

54 1193 45 23 and
106 1201 13 15 a
130 1201 80 15 source
218 1193 24 24 of
251 1194 67 23 much
328 1194 142 30 disquietude
479 1198 22 18 to
509 1193 30 23 all
546 1194 91 30 parties,

56 1232 39 18 out
114 1226 82 31 chiefly
214 1231 23 19 to
255 1227 37 23 the
313 1227 103 30 Surgeon
437 1227 200 30 Superintendant.

88 1259 50 24 Our
150 1260 90 23 readers
253 1260 52 23 will.
308 1260 48 23 find
367 1261 25 22 in
401 1267 41 16 our
453 1260 104 23 columns
569 1260 25 23 of
604 1265 33 18 to-

55 1292 50 30 day,
117 1300 29 15 an
157 1297 85 19 extract
252 1293 23 23 of
286 1301 12 15 a
305 1294 87 30 private
402 1293 66 23 letter
474 1293 164 30 fromJLondon

54 1326 24 23 in
91 1325 71 24 which
180 1326 97 23 allusion
297 1327 20 22 is
333 1326 66 23 made
415 1330 24 19 to
451 1326 38 23 the
501 1326 136 32 aborigines,

56 1366 66 16 seven
133 1360 23 22 in
164 1360 102 27 number,
275 1360 51 22 who
333 1360 41 23 left
382 1360 45 22 this
434 1360 65 31 place
509 1360 24 22 in
543 1360 37 23 the
588 1360 50 31 ship

52 1391 94 24 London
155 1393 163 23 Shuttleworth
326 1393 34 24 for
370 1393 98 23 London
475 1393 45 23 via.
528 1393 109 31 Bombay,

55 1425 58 24 Dec.
129 1427 38 28 12,
180 1427 72 23 1840.
289 1426 24 24 It
324 1426 75 24 would
416 1434 84 23 appear
517 1426 64 26 then,
591 1426 48 24 that

55 1459 64 23 these
129 1466 52 16 men
188 1459 45 24 had
240 1459 64 24 acted
312 1467 28 16 on
353 1459 37 24 the
398 1467 86 23 voyage
496 1464 23 18 to
533 1459 106 32 England

54 1499 26 15 as
93 1500 102 16 common
206 1500 98 16 seamen.
329 1493 48 23 Did
385 1493 52 30 they
446 1493 63 23 leave
518 1493 56 23 Port
581 1493 58 24 Nic-

55 1524 88 29 holson,
153 1526 54 23 with
216 1534 13 15 a
237 1526 58 23 clear
303 1527 179 30 understanding
489 1526 26 23 of
520 1526 59 25 this'?
616 1527 23 23 It

54 1559 20 22 is
87 1558 107 24 admitted
202 1560 30 30 by
245 1560 66 30 Capt.
326 1560 96 23 Atwood
434 1560 26 22 of
470 1559 37 23 the
517 1568 61 15 same
588 1560 50 31 ship

54 1599 50 15 now
122 1592 25 22 in
158 1592 150 31 Wellington,
328 1593 50 23 that
396 1593 52 31 they
460 1593 57 23 have
535 1594 63 23 acted
616 1594 22 23 in

54 1624 40 24 the
105 1626 101 29 capacity
220 1626 24 23 of
253 1634 92 16 seamen
357 1634 28 15 on
398 1626 37 23 the
449 1634 85 23 voyage
547 1627 57 23 back
617 1632 22 18 to

55 1658 57 23 New
122 1658 110 25 Zealand.
268 1659 76 24 These
357 1659 56 24 New
423 1660 138 23 Zealanders
573 1669 24 15 so
607 1660 32 23 far

54 1699 25 15 as
93 1699 31 15 we
143 1692 58 23 have
219 1693 91 23 learned
322 1693 28 23 do
363 1697 40 19 not
413 1693 114 31 complain
541 1694 23 22 of
581 1694 59 23 their

54 1729 127 25 treatment,
198 1726 41 23 bnt
251 1734 31 15 we
300 1734 54 23 may
366 1726 43 23 add
420 1727 50 22 that
482 1731 43 18 two
537 1727 25 22 of
578 1727 61 23 them

54 1758 56 23 have
122 1758 53 23 died
184 1767 29 15 on
222 1759 37 23 the
268 1767 96 23 passage
373 1764 22 18 to
406 1760 56 23 New
475 1760 108 29 Zealand,
596 1761 43 23 and

54 1791 64 24 those
126 1800 33 14 we
166 1792 57 24 have
233 1793 122 23 conversed
366 1793 54 23 with
427 1793 62 24 show
498 1793 38 24 the
543 1799 97 25 greatest

52 1833 145 22 repugnance
216 1831 22 19 to
249 1826 120 31 revisiting
385 1826 122 24 Eudamli
545 1827 53 28 Bur.,
618 1833 22 17 to

54 1864 85 23 return,
158 1860 22 22 it
193 1860 21 22 is
234 1859 90 23 evident
340 1861 49 22 that
403 1860 34 23 the
453 1860 120 30 deiichjee?
588 1861 52 23 thus

54 1892 82 22 caused
155 1900 28 15 on
204 1893 68 23 board
291 1893 38 23 the
341 1892 101 26 London,
464 1897 61 20 pjust
541 1893 27 23 be
579 1894 61 23 ii!!«<l

53 1933 31 23 up
97 1930 22 18 at
131 1925 38 24 the
181 1934 99 23 expence
293 1926 24 23 of
330 1934 62 16 some
404 1926 61 23 othc-i
489 1927 72 30 rj'ip's
574 1935 64 18 era-..,

54 1966 26 15 or
89 1959 57 22 what
157 1960 20 21 is
184 1960 48 22 still
244 1967 62 14 more
316 1965 23 17 to
347 1960 28 22 be
387 1960 112 29 regretted
510 1960 130 29 ky-iJtrso.R-*

53 1991 138 28 unqualified
201 1996 25 18 'Co
233 1996 37 18 act
281 1999 25 15 as
319 1999 90 15 seamen

88 2023 42 23 We
142 2031 50 23 may
207 2028 56 19 state
281 2024 24 23 in
321 2024 91 23 conclus
427 2031 25 16 :.n
471 2024 44 23 nnd
528 2032 33 15 wr
575 2025 22 23 i\>
610 2024 21 24 >il

52 2056 95 24 without
170 2057 46 23 fear
240 2057 24 23 of
284 2057 171 29 coutradictiuii,
487 2056 49 24 thai
557 2059 23 22 in.
604 2059 37 22 ti.e

53 2097 123 16 numerous
193 2098 63 15 cases
276 2090 25 24 of
317 2099 14 15 a
348 2090 87 23 similar
451 2095 81 19 nature
548 2099 24 15 as
593 2091 48 24 that

53 2123 89 31 quoted,
157 2123 73 24 which
242 2132 63 15 come
317 2124 77 24 before
406 2132 40 15 our
459 2124 79 24 Police
550 2125 90 31 Magis-

53 2162 56 18 trate
122 2158 22 21 in
157 2156 149 32 Wellington,
326 2158 38 23 the
374 2157 112 24 decisions
498 2158 28 23 do
540 2163 38 18 not
590 2159 50 30 give

53 2190 139 24 satisfaction
206 2195 22 19 to
241 2190 52 24 both
298 2190 100 32 parties,
417 2191 45 23 and
475 2191 49 23 that
542 2192 19 22 it
572 2193 19 22 is
602 2191 39 24 the

53 2229 83 18 master
148 2224 44 23 and
205 2224 151 31 ship-owners
369 2224 74 23 whose
456 2224 135 31 complaints
603 2233 38 16 are

53 2257 95 24 loudest.
185 2257 24 23 It
221 2265 57 15 were
296 2263 59 18 most
367 2257 112 25 desirable
494 2259 51 22 that
557 2267 12 15 a
581 2259 60 23 clear

53 2290 44 23 and
108 2290 84 32 perfect
200 2290 180 32 understanding
388 2291 82 24 should
481 2292 60 23 exist
548 2292 91 31 regard-

54 2325 39 30 ing
112 2329 94 19 matters
225 2323 25 24 of
264 2325 55 23 such
338 2325 148 30 importance,
507 2325 74 23 where
601 2330 40 19 not

54 2357 52 31 only
117 2362 108 27 property
236 2362 22 19 to
278 2367 13 14 a
302 2363 52 18 vast
373 2363 94 19 amount
485 2358 20 23 is
526 2363 24 18 at
566 2358 73 30 stake,

53 2390 41 24 but
105 2391 55 23 lives
173 2391 60 23 often
245 2396 41 26 put
297 2393 25 22 iv
338 2391 120 32 jeopardy,
479 2391 30 31 by
522 2400 14 14 a
548 2398 59 18 want
619 2393 23 23 of

52 2424 126 31 unanimity
194 2425 102 23 between
316 2430 85 18 master
421 2425 46 23 and
487 2431 84 18 crew.<«
598 2426 41 23 We

54 2458 97 30 imagine
164 2458 49 24 that
225 2466 62 15 cases
299 2463 63 19 must
372 2458 128 31 frequently
509 2466 67 16 occur
587 2459 52 23 here

54 2491 72 23 where
139 2491 39 24 the
189 2492 177 23 circumstances
378 2499 52 24 may
443 2497 91 26 present
547 2493 92 30 entirely

53 2532 48 15 new
113 2525 108 28 features,
234 2524 45 24 and
290 2525 161 31 consequently
460 2526 139 30 unprovided
606 2526 33 23 for

54 2557 30 31 by
96 2558 37 23 the
145 2558 54 23 laws
218 2558 128 31 regulating
359 2558 55 24 such
434 2563 95 19 matters
541 2560 23 23 in
576 2560 64 24 other

53 2591 106 24 colonies.
190 2591 51 24 The
249 2591 145 31 jurisdiction
403 2592 25 24 of
437 2600 13 16 a
460 2592 80 24 Police
550 2593 89 31 Magis-

53 2629 57 19 trate
122 2632 33 16 we
167 2625 56 29 fear,
244 2625 52 23 does
308 2630 40 19 not
360 2626 83 23 extend
461 2631 23 18 to
497 2634 64 16 cases
573 2627 26 23 of
614 2635 24 15 so

53 2657 102 32 complex
167 2666 14 15 a
192 2664 87 23 nature,
293 2659 43 23 and
348 2659 53 23 thus
412 2659 39 24 the
465 2659 172 30 misdemeanor,

51 2699 29 14 on
94 2691 110 24 whatever
216 2692 47 23 side
275 2693 18 22 it
304 2701 53 22 may
366 2697 52 22 rest,
432 2694 19 23 is
465 2697 40 19 not
514 2694 81 23 visited
608 2694 30 31 by

51 2732 14 15 a
76 2725 147 30 punishment
235 2725 73 24 suited
320 2731 23 18 to
356 2727 29 22 its
395 2726 96 24 deserts.

86 2783 57 22 Tea
160 2783 127 24 Meeting
301 2782 106 32 (SoireeJ
409 2797 31 4 —
442 2784 46 23 We
501 2792 60 15 were
572 2786 66 23 much

52 2815 90 31 pleased
154 2821 23 17 to
189 2816 93 24 observe
307 2817 49 23 that
367 2817 18 23 it
404 2825 45 15 was
471 2817 38 23 the
528 2819 110 23 intention

52 2849 26 22 of
93 2857 13 15 a
116 2856 123 17 numerous
251 2854 66 26 party
329 2850 25 23 of
369 2858 42 15 our
427 2850 74 24 iellow
524 2851 114 30 colonists,

52 2887 22 18 to
87 2882 66 32 enjoy
166 2890 43 16 one
221 2883 24 23 of
260 2884 64 22 those
337 2883 119 31 delightful
475 2885 162 31 assemblages,

52 2919 23 19 to
87 2916 81 28 which,
181 2924 33 15 we
226 2917 89 22 confess
327 2917 123 28 ourselves,
468 2922 23 19 to
510 2918 57 24 have
583 2920 55 23 been

52 2950 124 30 extremely
188 2950 90 31 partial.
315 2950 115 31 Upwards
442 2951 26 23 of
484 2953 49 22 100
547 2960 91 23 persons

52 2983 131 23 assembled
199 2991 30 15 on
240 2982 38 24 the
290 2984 104 23 occasion
407 2984 25 23 of
447 2984 37 23 the
491 2984 59 30 first
562 2986 76 23 Soiree

52 3016 23 22 in
87 3016 149 31 Wellington.
284 3016 51 24 The
351 3016 60 24 Rev.
424 3017 49 24 Mr.
493 3017 94 32 Aldred,
602 3019 36 24 the

52 3049 60 24 Rev.
129 3046 51 32 jSjf.
188 3049 113 29 Ironside,
326 3051 58 22 from
407 3051 89 30 Cloudy
520 3051 58 33 Bay,
603 3052 35 24 the

52 3082 59 25 Rev.
134 3083 32 24 J.
183 3083 86 29 Miller,
293 3083 58 24 from
369 3084 100 31 Sydney,
489 3085 44 23 and
555 3086 83 24 several

52 3116 74 24 others
155 3117 123 24 addressed
306 3117 38 23 the
371 3118 102 30 meeting
498 3118 83 32 during
603 3119 35 24 the

53 3151 102 30 evening,
178 3151 45 23 and
240 3150 105 31 upwards
365 3151 25 23 of
414 3151 63 23 three
495 3151 71 24 hours
583 3160 55 16 were

53 3184 79 29 passed
145 3184 28 31 by
184 3184 38 23 the
236 3184 118 31 Company
366 3184 24 23 in
401 3184 38 23 the
451 3189 61 19 most
524 3186 114 30 agreeable

52 3223 99 18 manner.
187 3218 45 24 We
245 3226 37 15 are
293 3218 114 24 informed
414 3218 56 29 that,
484 3218 38 23 the
535 3223 36 19 tea
582 3219 55 30 &c,

53 3256 55 18 were
118 3250 119 25 furnished
248 3251 31 32 by
298 3259 13 16 a
329 3251 44 24 few
389 3251 95 32 spirited
504 3252 134 24 individuals

53 3282 22 24 in
86 3284 37 24 the
136 3284 97 32 Colony,
247 3285 42 23 and
302 3285 39 23 the
352 3285 110 32 proceeds
475 3285 25 23 of
521 3285 39 24 the
572 3294 66 16 even-

53 3316 46 32 ing,
114 3318 73 23 which
199 3327 47 16 was
262 3318 163 30 considerable,
444 3318 98 32 entirely
559 3327 79 24 appro-

52 3351 84 28 priated
148 3357 24 18 to
185 3352 38 24 the
237 3352 57 24 fund
308 3352 37 24 for
363 3352 104 32 building
517 3352 121 33 Wesleyan

53 3383 83 33 Chapel
146 3386 24 23 in
184 3385 149 32 Wellington.

84 3440 78 31 Table,
176 3442 103 32 shewing
289 3443 38 24 the
340 3444 97 23 number
449 3444 27 24 of
488 3444 94 28 vessels,
597 3444 41 24 and

53 3472 55 26 their
126 3480 106 27 tonnage,
251 3477 74 23 which
348 3477 59 24 have
425 3477 91 24 arrived
538 3483 24 18 at
582 3477 56 24 Port

53 3506 123 26 Nicholson
188 3510 83 31 during
289 3510 38 24 the
347 3511 80 23 month
440 3511 27 23 of
476 3512 65 30 May,
556 3512 33 22 for
602 3511 36 24 the

53 3547 62 23 years
135 3545 73 27 1840,
225 3545 71 27 1841,
310 3544 45 24 and
376 3546 73 28 1842,
461 3553 26 15 as
500 3545 70 23 taken
580 3546 58 23 from

53 3573 35 24 the
100 3574 127 33 Exchange
239 3576 115 33 Shipping
366 3577 60 25 List.

174 3614 53 18 Date.
266 3622 5 3 -
334 3615 88 18 Number.
487 3616 56 17 Tons.

133 3636 66 32 May,
218 3639 64 22 1840
385 3640 15 22 6
504 3640 50 23 663

217 3672 63 23 1841
370 3673 30 22 10
488 3674 66 23 1221

216 3705 66 24 1842
368 3706 32 25 27
487 3708 67 23 3328

258 3741 11 10 J.
333 3742 22 12 o

81 3768 203 24 EDUCATION
302 3768 45 24 OF
366 3768 73 25 THE
460 3769 145 26 PEOPLE.

85 3829 162 24 Mechanic's
271 3829 149 25 Institute.
422 3844 34 3 —
458 3830 50 24 The
530 3839 106 24 progress

53 3859 23 23 of
86 3860 42 24 this
141 3861 143 30 Institution,
297 3871 34 16 we
340 3870 40 16 are
392 3863 114 32 delighted
519 3869 23 18 to
555 3866 81 24 inform

53 3900 38 16 our
103 3895 96 30 readers,
218 3896 21 23 is
249 3901 60 19 most
325 3896 152 32 satisfactory.
515 3898 68 24 Since
595 3907 41 16 our

53 3924 42 26 last
112 3929 80 28 notice,
205 3938 15 14 a
239 3928 86 25 second
338 3930 45 23 and
402 3929 65 25 third
484 3930 152 26 Educational

53 3957 95 28 Lecture
159 3962 58 25 have
227 3964 55 23 been
295 3963 115 24 delivered
421 3964 32 28 by
461 3964 47 24 Mr.
518 3964 23 25 J.
550 3965 86 25 Wood-

670 1871 56 16 :iect;
731 1873 6 8 r
734 1873 25 14 Jii
771 1865 61 27 with,
843 1863 42 24 auo'
899 1865 70 22 under
980 1866 36 21 the
1030 1866 146 24 surveillance
1190 1868 23 21 of
1223 1868 28 21 all

670 1898 37 23 the
719 1899 182 24 irierti!)ers-O6G
915 1899 21 21 in
947 1898 114 31 uuinhet).
1070 1899 45 22 will
1127 1907 124 16 cr/suinoiice

669 1932 31 21 its
722 1936 127 25 opertif-'ons
874 1938 28 15 on
928 1930 108 31 M-juaay,
1059 1933 36 21 the
1121 1932 40 23 t'jth
1184 1932 64 24 Jcac.

670 1964 49 26 Ti)(i
738 1963 102 23 Teacher
857 1972 38 21 jin£
895 1979 17 13 :v
913 1971 59 24 ?s:^>s
985 1965 36 21 the.
1136 1965 115 26 p',ial'£,■"»-

670 2002 66 21 tw.ns
749 1998 20 20 ]•?
788 2001 23 18 ul
830 2005 14 14 a
865 1998 71 27 I"!«i{/.A'
980 2004 11 15 8
1013 1997 33 24 '"'<
1069 1998 126 29 ousiuiiihig
1215 1997 38 23 llic-

670 2029 15 23 li
695 2043 2 5 •
708 2037 52 14 n'jrs
773 2029 21 23 of
808 2035 78 20 rnU'ij*
908 2037 42 23 a,ou
959 2036 33 15 -mf*
1001 2029 68 23 doubt
1082 2035 39 17 n'tf
1131 2030 42 23 will
1185 2038 68 23 prow

670 2064 38 21 iiie
728 2063 107 22 selection
855 2064 23 21 of
895 2061 38 24 the
951 2062 119 23 Directors
1084 2071 22 15 to
1124 2064 56 23 iiave
1199 2064 54 23 been

667 2096 122 31 judicious.
826 2095 49 24 The
892 2096 46 23 fees
950 2104 39 14 are
1002 2095 49 30 low,
1064 2096 41 23 but
1117 2097 18 22 it
1147 2098 19 22 is
1179 2105 40 15 one
1232 2097 25 23 of

670 2130 38 22 the
726 2129 50 23 first
791 2129 122 31 principles
915 2142 31 3 —
947 2129 21 23 if
981 2134 40 18 not
1033 2129 38 24 the
1082 2137 54 24 very
1148 2130 51 23 first
1200 2143 30 4 —
1232 2132 25 21 of

671 2163 37 23 the
718 2162 108 24 Institute
839 2167 22 19 to
872 2163 97 23 instruct
981 2162 60 24 their
1051 2163 75 23 fellow
1138 2164 115 29 colonists,

670 2196 44 23 and
733 2196 61 30 gain,
814 2204 24 15 or
858 2196 37 23 the
912 2196 135 32 acquisition
1059 2197 25 22 of
1100 2197 90 29 wealth,
1202 2197 53 24 does

670 2235 40 18 not
721 2235 63 17 enter
802 2229 59 24 their
877 2230 54 22 code
949 2229 26 24 of
989 2229 64 25 laws.
1090 2230 66 32 They
1167 2231 53 23 look
1232 2236 23 18 to

670 2263 38 23 the
726 2263 96 31 wealthy
833 2269 51 25 part
895 2264 25 22 of
929 2264 37 23 the
980 2264 139 30 population,
1139 2264 44 24 and
1195 2272 60 16 more

670 2296 121 31 especially
815 2297 36 23 the
874 2302 64 25 great
959 2297 154 29 landholders,
1136 2297 35 24 for
1197 2298 58 24 their

670 2331 124 30 unceasing
813 2335 100 26 support,
927 2335 21 18 to
971 2330 80 23 enable
1070 2332 61 22 them
1153 2336 22 19 to
1193 2339 63 24 carry

670 2369 40 17 out
727 2368 23 18 to
769 2364 39 22 the
827 2363 79 24 fullest
924 2368 78 19 extent
1020 2364 59 24 their
1094 2365 62 31 truly
1166 2365 90 31 philan-

670 2398 87 30 thropic
776 2398 132 23 intentions.
945 2397 51 24 The
1019 2397 110 24 Institute
1150 2400 19 22 is
1187 2398 69 24 based

668 2438 61 24 upon
742 2431 38 23 the
792 2436 59 18 most
864 2439 57 23 open
937 2430 45 24 and
993 2432 96 30 popular
1098 2433 124 31 principles
1223 2445 33 4 —

670 2464 38 24 the
717 2466 139 30 community
872 2465 25 23 of
907 2464 141 32 Wellington
1063 2466 66 28 form,
1143 2474 25 15 or
1178 2466 79 23 should

661 2497 75 32 f.rm,
750 2498 30 23 its
798 2498 112 23 members
919 2498 5 24 !
962 2497 43 25 We
1024 2503 67 25 trust,
1103 2507 39 15 ere
1160 2499 58 31 long,
1234 2504 22 19 to

668 2539 39 16 see
722 2531 39 24 the
776 2532 112 23 members
901 2532 25 23 of
942 2532 38 23 the
993 2532 109 23 Institute
1122 2534 135 31 connecting

670 2565 52 23 with
735 2565 59 23 their
813 2565 135 23 Institution
966 2573 16 15 a
1001 2565 77 24 school
1090 2566 36 23 for
1137 2566 120 32 educating

668 2598 39 24 the
724 2598 138 32 Aboriginal
880 2599 57 23 New
957 2599 139 24 Zealanders
1115 2600 24 23 in
1159 2600 37 24 the
1209 2600 48 24 first

668 2632 44 23 and
724 2633 84 22 second
818 2633 137 30 elementary
966 2633 111 23 branches
1086 2633 25 23 of
1121 2633 117 24 education
1248 2643 5 20 ;

668 2665 51 30 and,
733 2666 89 29 indeed,
835 2673 32 16 we
879 2666 82 23 should
978 2671 96 26 suggest
1092 2667 38 23 the
1142 2668 114 31 propriety

669 2699 34 28 of,
709 2699 128 31 admitting,
849 2699 23 23 in
892 2699 38 24 the
947 2701 130 28 meantime,
1091 2699 50 24 half
1159 2709 13 15 a
1186 2701 69 24 dozen

669 2732 99 24 selected
791 2733 103 24 Mauries
917 2741 25 16 as
971 2741 30 16 an
1028 2734 143 31 experiment
1193 2743 29 15 on
1244 2743 13 15 a

669 2766 67 24 small
759 2766 68 29 scale,
841 2771 23 19 to
886 2766 28 24 be
926 2767 87 23 carried
1034 2772 40 19 out
1092 2772 23 19 to
1132 2768 32 23 its
1180 2768 77 23 fullest

669 2803 85 25 extent,
769 2807 25 16 so
809 2808 56 15 soon
880 2807 25 16 as
921 2800 69 24 funds
1003 2809 38 15 are
1053 2806 41 26 put
1105 2805 24 19 at
1140 2802 59 23 their
1211 2802 46 23 dis-

669 2833 72 31 posal.
779 2833 42 23 We
840 2833 45 23 feel
902 2833 95 24 assured
1015 2834 50 24 that
1082 2834 39 24 the
1138 2835 68 24 funds
1222 2835 35 24 for

669 2866 57 23 such
748 2874 111 23 purposes
883 2867 45 23 will
950 2868 29 22 be
1002 2867 156 32 forthcoming
1180 2875 22 17 at
1227 2877 29 16 no

669 2899 85 25 distant
766 2900 85 30 period.
886 2900 25 24 A
922 2900 119 32 Debating
1058 2901 66 24 Class
1143 2902 41 23 has
1200 2903 57 24 been

669 2933 95 28 formed,
782 2941 60 23 upon
854 2933 38 24 the
906 2939 60 18 most
984 2934 81 24 liberal
1084 2936 131 31 principles,
1227 2936 30 32 by

670 2967 118 23 Members
800 2967 26 23 of
841 2966 37 24 the
896 2967 133 24 Institution
1041 2977 7 20 ;
1069 2968 53 32 they
1134 2969 55 24 hold
1200 2970 57 23 their

670 3002 111 29 meetings
794 3008 29 15 on
835 3000 37 24 the
888 3000 86 32 Friday
986 3003 121 30 evenings.-
1140 3003 51 23 The
1203 3004 53 23 sub-

667 3033 59 31 jects
739 3041 38 15 are
789 3034 78 29 select,
879 3034 45 23 and
936 3035 75 23 suited
1023 3035 35 24 for
1071 3036 38 23 the
1121 3037 87 24 refined
1219 3045 38 16 ear

670 3067 26 22 of
707 3067 36 22 the
755 3067 43 22 fair
809 3075 47 14 sex.

705 3099 50 25 The
768 3101 82 23 Public
862 3101 98 33 Library
971 3110 46 15 was
1031 3103 88 31 opened
1138 3111 29 16 on
1187 3104 69 24 Wed-

670 3134 84 31 nesday
765 3134 52 29 last,
833 3137 36 21 Ist
879 3135 67 29 June,
959 3136 123 31 according
1093 3141 23 19 to
1128 3145 128 16 announce-

671 3172 70 19 ment.
778 3167 24 24 It
812 3168 41 23 has
867 3169 56 23 been
935 3170 115 28 enriched,
1062 3178 34 15 we
1110 3171 146 29 understand,

670 3200 31 31 by
712 3200 54 31 gifts
779 3201 25 23 of
817 3209 28 16 an
864 3202 81 24 almost
956 3203 103 32 princely
1072 3204 123 29 character,
1214 3205 43 24 and

671 3238 83 20 cannot
760 3242 49 16 now
820 3235 40 23 fail
869 3240 22 19 to
898 3244 68 23 prove
975 3244 14 15 a
996 3245 79 16 source
1083 3237 25 24 of
1114 3242 52 19 vast
1173 3240 83 22 advan-

670 3272 51 25 tage
735 3272 22 19 to
769 3268 39 23 the
820 3268 137 26 settlement.

705 3306 24 23 It
744 3306 21 23 is
783 3314 42 15 our
842 3315 106 23 purpose,
961 3308 59 23 from
1037 3309 56 23 time
1111 3313 24 19 to
1154 3310 61 29 time,
1234 3314 23 20 to

670 3339 66 23 mark
746 3339 58 29 well,
818 3340 44 23 and
872 3341 78 23 record
960 3341 39 24 the
1007 3342 81 32 doings
1096 3343 45 23 and
1151 3352 105 23 progress

670 3372 26 23 of
712 3372 37 23 the
762 3372 59 24 Port
841 3373 124 25 Nicholson
985 3374 141 25 Mechanic's
1139 3376 116 30 Institute,

670 3405 84 25 Public
766 3406 91 29 School,
871 3407 44 24 and
931 3407 101 33 Library
1040 3418 6 20 ;
1065 3409 42 24 but
1118 3418 34 15 we
1164 3416 93 26 suggest

670 3439 56 30 that,
740 3447 25 16 as
776 3440 40 23 the
827 3448 75 15 rooms
914 3449 37 16 are
961 3449 59 23 open
1031 3442 70 31 daily,
1112 3443 39 24 the
1164 3444 91 29 friends,

669 3473 46 23 and
734 3480 34 16 we
780 3478 59 19 trust
851 3474 63 24 there
931 3482 38 16 are
988 3482 60 17 none
1068 3475 76 25 others
1157 3479 22 22 in
1193 3478 63 23 Wel-

668 3506 98 32 lington,
778 3507 47 24 will
842 3506 28 25 do
889 3508 50 23 well
957 3513 23 19 to
992 3510 54 22 visit
1064 3510 38 22 the
1122 3510 133 24 Institution

670 3540 158 32 occasionally,
839 3541 43 23 and
893 3542 53 23 read
959 3542 38 23 the
1010 3542 102 30 Notices,
1126 3545 74 23 which
1213 3545 44 23 will

669 3574 28 23 be
710 3574 113 32 regularly
834 3575 81 31 posted
926 3576 25 23 of
966 3575 38 24 the
1015 3576 119 31 Lectures,
1146 3578 109 29 Debates,

670 3607 92 25 Classes
775 3608 25 24 of
810 3608 91 24 Mutual
914 3609 148 29 Instruction,
1077 3611 35 23 &c
1112 3614 4 5 J
1114 3628 6 6 .

1284 125 124 30 adjudicate
1418 135 59 21 upon
1487 129 36 21 the
1538 128 62 22 titles
1616 129 28 21 of
1654 128 37 22 the
1702 129 56 21 New
1770 128 99 22 Zealand

1284 155 118 30 Company,
1414 154 46 22 and
1469 154 36 22 the
1513 155 85 22 several
1607 156 82 27 parties
1699 155 107 28 claiming
1815 155 54 22 land

1283 181 74 22 within
1368 182 59 21 their
1435 182 125 26 territories,
1579 182 20 27 I,
1609 182 53 22 with
1672 182 38 22 the
1724 181 61 28 body
1794 182 27 21 of
1832 182 37 22 the

1283 207 84 22 settlers
1376 208 42 21 felt
1432 208 91 21 assured
1533 208 48 22 that
1596 208 148 28 proceedings
1758 208 73 22 would
1840 208 28 22 be

1283 234 93 28 adopted
1385 237 23 19 to
1415 234 62 23 settle
1488 235 99 27 speedily
1592 235 44 22 this
1641 235 52 27 long
1700 234 47 23 and
1754 235 115 22 vexatious

1283 260 108 28 question.
1401 272 2 4 ■
1422 274 5 3 -

1309 287 51 22 Two
1378 294 66 21 years
1460 287 56 22 have
1535 288 92 27 already
1646 288 98 27 elapsed,
1761 288 45 21 and
1826 287 43 22 this

1283 313 99 25 question
1396 314 73 22 which
1482 315 39 21 has
1536 315 64 27 hung
1615 321 54 15 over
1682 321 45 15 our
1738 314 70 22 heads
1824 314 53 21 like'

1283 336 36 25 the
1328 340 71 22 sword
1408 341 27 21 of
1444 340 126 28 Damocles,
1582 341 86 27 casting
1682 340 74 28 gloom
1769 341 46 22 and
1825 340 44 22 dis-

1281 373 50 21 may
1342 373 58 21 upon
1410 374 40 15 our
1460 369 128 32 prosperity,
1598 368 64 21 bears
1679 374 23 15 as
1711 367 57 22 little
1778 374 91 25 appear-

1283 399 58 16 ance'
1352 394 26 21 of
1389 394 68 27 being
1471 394 128 28 eventually
1608 394 85 26 settled,
1704 401 30 14 .as
1744 394 19 21 it
1775 394 40 21 did
1831 394 37 22 the

1281 420 46 22 first
1335 419 44 28 day
1389 420 48 23 that
1453 420 17 22 it
1486 429 45 14 was
1547 420 73 23 raised
1629 420 31 28 by
1670 420 38 22 the
1726 420 84 23 British
1822 420 45 22 Go-

1282 450 124 19 vernment.

1272 474 2 31 j
1307 472 46 23 The
1364 473 69 22 Court
1441 473 25 22 of
1477 474 89 26 Claims,
1577 472 47 23 and
1637 474 30 21 its
1682 473 65 22 mode
1758 474 26 21 of
1794 474 73 21 inves-

1280 500 98 27 tigation,
1393 507 81 21 appear
1490 504 22 19 to
1519 502 2 5 '
1529 508 36 15 me
1581 503 23 18 to
1617 500 59 21 have
1691 507 13 14 a
1717 500 112 27 tendency
1846 504 21 18 to

1281 526 91 22 embroil
1382 534 26 15 us
1419 527 78 28 deeply
1503 528 53 21 with
1566 526 38 22 the
1612 527 93 22 natives,
1716 526 47 22 and
1768 527 26 22 of
1800 534 67 15 even-

1282 553 68 27 tually
1360 553 105 27 bringing
1473 561 29 15 on
1518 554 49 22 that
1577 552 98 23 collision
1690 552 50 23 that
1752 553 40 23 has
1809 554 58 21 been

1283 580 48 21 with
1350 579 110 29 difficulty
1476 580 124 28 prevented
1617 580 31 26 by
1666 580 38 21 the
1723 580 143 22 forbearance

1281 606 45 22 and
1334 606 60 27 good
1404 607 96 22 conduct
1509 608 25 21 of
1543 608 39 21 the
1593 607 93 22 settlers.

1308 633 35 22 On
1358 641 13 14 a
1386 634 83 21 careful
1485 634 88 27 perusal
1589 633 24 22 of
1632 634 37 21 the
1686 636 129 24 agreement
1828 641 39 14 en-

1281 659 60 23 tered
1349 660 45 22 into
1401 660 101 23 between
1512 661 37 22 the
1557 660 117 28 Company
1679 660 45 23 and
1731 660 37 22 the
1780 661 84 26 Crown,

1280 687 17 22 it
1305 686 19 22 is
1333 686 59 22 clear
1408 688 50 21 that
1473 688 29 26 by
1512 688 38 22 the
1566 687 153 27 appointment
1734 687 27 22 of
1771 695 14 14 a
1801 688 66 21 Com-

1281 713 119 27 missioner,
1413 714 17 21 it
1441 722 41 14 was
1491 718 41 18 not
1541 714 37 22 the
1589 714 109 22 intention
1708 721 25 14 or
1742 714 38 21 the
1791 714 74 27 policy

1281 740 29 22 of'
1316 740 39 21 her
1365 740 116 28 Majesty's
1497 742 111 21 ministers
1618 745 21 17 to
1650 741 70 22 throw
1731 748 45 19 any
1787 741 79 22 doubts

1281 773 58 21 upon
1350 766 38 23 the
1398 768 60 21 titles
1471 768 26 21 of
1508 768 37 21 the
1563 767 122 27 Company,
1696 768 108 26 provided
1815 767 51 28 they

1281 793 43 22 had
1338 793 57 22 been
1414 794 65 28 fairly
1500 794 43 22 and
1563 794 113 28 equitably
1686 794 105 28 acquired
1797 802 6 19 ;
1822 794 43 22 and

1281 820 45 22 that
1335 820 71 22 under
1415 821 57 22 their
1479 820 175 28 agreementitis
1662 820 111 23 sufficient
1784 821 34 21 for
1828 821 37 22 the

1280 847 112 27 Company
1403 850 23 19 to
1436 855 67 21 prove
1515 848 48 21 that
1578 847 37 22 the
1626 848 69 21 chiefs
1711 848 26 21 of
1748 847 38 22 the
1799 847 67 22 tribes

1280 874 25 21 of
1317 873 70 22 whom
1402 874 54 28 they
1464 874 45 22 had
1524 874 123 28 purchased
1663 874 57 21 their
1734 874 65 22 lands
1814 874 52 21 ack-

1279 900 115 27 nowledge
1405 901 38 22 the
1459 901 90 27 validity
1559 900 26 23 of
1595 900 58 23 their
1665 900 126 28 purchases,
1803 900 63 23 with-

1280 931 37 18 out
1328 928 106 26 'entering
1448 928 46 22 into
1512 928 37 22 the
1565 927 107 22 evidence
1690 928 25 21 of
1728 935 66 21 every
1802 932 64 24 petty

1279 954 103 22 chieftain
1391 955 45 21 and
1444 954 96 23 freeman
1550 954 50 23 who
1611 955 159 27 subsequently
1786 958 79 19 choose

1280 985 20 18 to
1310 980 83 23 dissent
1402 981 57 22 from
1474 982 38 22 the
1529 982 58 21 sales
1602 982 64 21 made
1683 982 30 26 by
1724 982 63 22 those
1797 982 69 22 chiefs

1281 1008 68 21 whom
1359 1008 53 27 they
1422 1008 45 22 had
1476 1008 98 28 deputed
1584 1012 22 17 to
1615 1012 116 24 represent
1739 1010 57 21 their
1803 1017 63 14 seve-

1279 1034 31 22 ral
1324 1034 109 23 interests.
1463 1035 100 27 Nothing
1578 1043 42 14 can
1637 1036 27 21 be
1682 1043 60 14 more
1757 1036 108 28 impolitic

1279 1061 52 22 than
1349 1061 34 22 the
1399 1062 66 21 latter
1483 1070 83 14 course.
1601 1062 21 22 A
1641 1062 63 28 spirit
1721 1062 26 22 of
1768 1063 95 27 avarice,

1280 1088 70 21 which
1359 1089 19 21 is
1387 1088 38 22 the
1436 1089 153 27 predominant
1599 1089 50 21 trait
1660 1090 24 21 in
1698 1089 39 22 the
1751 1090 116 22 character

1279 1115 25 22 of
1304 1142 5 4 a
1315 1115 36 22 the
1360 1116 86 21 natives
1456 1116 24 21 of
1491 1116 54 21 New
1559 1115 108 27 Zealand,
1678 1116 18 21 is
1707 1116 92 28 thereby
1811 1117 55 27 fully

1277 1142 80 27 raised,
1369 1142 44 22 and
1423 1150 14 14 a
1453 1142 56 28 hope
1524 1143 26 21 of
1561 1142 151 26 repossessing
1728 1143 63 22 those
1801 1144 64 21 lands

1280 1168 69 22 which
1359 1168 57 23 have
1424 1170 58 21 been
1492 1168 116 29 improved
1617 1169 73 22 whilst
1698 1170 25 20 in
1733 1170 37 21 the
1782 1177 84 19 posses-

1278 1196 49 21 sion
1344 1196 27 21 of
1391 1196 37 21 the
1447 1196 91 26 settlers,
1556 1203 26 14 or
1601 1196 25 21 of
1646 1196 117 28 obtaining
1779 1197 87 22 further

1279 1222 125 23 exorbitant
1418 1226 122 24 payments,
1556 1222 45 23 will
1615 1226 89 24 prompt
1723 1231 66 19 every
1804 1227 63 24 petty

1279 1249 103 22 chieftain
1392 1250 44 22 and
1446 1251 96 21 freeman
1550 1249 62 27 (with
1619 1250 39 21 but
1665 1250 42 21 few
1716 1250 148 27 exceptions,)

1279 1280 21 17 to
1310 1276 57 27 deny
1378 1277 57 22 their
1444 1277 80 22 former
1532 1280 110 19 contracts
1652 1276 102 22 however
1764 1278 102 26 formally

1278 1303 44 22 and
1340 1303 110 29 solemnly
1470 1304 53 26 they
1542 1311 54 19 may
1614 1303 135 22 have--been
1773 1304 94 22 entered

1277 1330 54 21 into.

1305 1357 22 22 It
1335 1356 18 23 is
1363 1364 53 20 very
1432 1365 51 19 easy
1493 1358 33 21 for
1542 1364 52 15 men
1608 1357 69 27 lately
1687 1357 88 22 arrived
1789 1358 23 21 in
1822 1358 44 21 this

1280 1384 90 27 Colony,
1387 1384 45 22 and
1448 1384 40 22 but
1506 1384 138 27 imperfectly
1661 1384 133 28 acquainted
1813 1385 53 21 with

1279 1410 35 22 the
1324 1410 114 23 character
1453 1410 44 22 and
1512 1418 80 20 usages
1608 1411 25 21 of
1643 1411 39 22 the
1698 1411 133 27 aborigines,
1843 1414 22 19 to

1279 1441 59 23 prate
1349 1438 43 21 and
1402 1438 53 22 hold
1468 1438 59 21 forth
1543 1438 49 21 that
1606 1445 103 14 common
1723 1439 82 26 justice
1820 1438 45 22 and

1279 1465 114 27 humanity
1403 1464 86 29 require
1500 1465 52 22 such
1564 1472 28 14 an
1603 1465 161 27 investigation.
1794 1465 72 22 These

1279 1499 35 14 are
1327 1499 58 14 mere
1394 1492 46 22 idle
1451 1492 75 26 words,
1540 1492 36 21 the
1586 1491 81 27 fallacy
1677 1492 25 22 of
1714 1492 79 27 which,
1804 1492 62 22 these

1279 1525 52 20 very
1345 1518 82 27 parties
1444 1518 42 21 will
1507 1518 158 28 acknowledge
1683 1518 56 22 after
1757 1527 13 13 a
1790 1520 76 26 longer

1278 1544 113 23 residence
1407 1546 23 21 in
1449 1545 55 22 New
1519 1545 106 26 Zealand,
1644 1546 46 22 and
1705 1553 14 14 a
1730 1553 62 14 more
1802 1553 64 20 prac-

1275 1568 54 25 tical
1340 1572 134 21 intercourse
1483 1572 52 21 with
1545 1573 29 20 its
1585 1573 92 20 natives.

1275 1620 2 6 ,
1307 1600 10 20 I
1329 1600 55 20 have
1401 1600 57 21 been
1474 1600 89 20 assured
1580 1600 48 20 that
1642 1600 38 21 the
1695 1600 172 22 Commissioner

1275 1626 48 21 liad
1332 1626 71 21 stated
1415 1626 23 22 in
1449 1633 56 20 open
1516 1629 63 19 court
1596 1626 47 21 that
1659 1626 37 22 the
1714 1626 59 22 titles
1791 1627 26 21 of
1829 1627 36 21 the

1278 1653 56 21 New
1349 1652 99 22 Zealand
1463 1653 115 27 Company
1596 1653 74 21 would
1689 1654 27 20 be
1737 1654 127 22 confirmed.

1278 1680 62 21 Then
1351 1680 49 27 why
1411 1680 43 21 this
1469 1687 148 20 unnecessary
1626 1680 44 21 and
1686 1680 44 21 idle
1747 1681 120 27 investiga-

1280 1706 53 26 tion,
1345 1706 71 22 which
1425 1707 41 21 has
1483 1707 57 21 done
1557 1706 89 28 already
1658 1707 66 21 much
1739 1707 71 27 harm,
1823 1708 44 21 and

1279 1733 113 22 answered
1401 1741 29 14 no
1446 1733 61 22 other
1521 1741 96 20 purpose
1634 1734 53 21 than
1702 1737 22 18 to
1739 1735 57 21 raise
1813 1735 53 21 false

1279 1760 68 27 hopes
1356 1767 83 20 among
1447 1760 36 22 the
1500 1761 101 24 maories,
1613 1760 44 22 and
1674 1768 81 19 expose
1770 1765 22 17 to
1809 1761 58 21 their

1279 1787 94 22 derision
1383 1787 37 21 the
1430 1787 134 22 institutions
1574 1787 26 22 of
1611 1788 35 22 the
1660 1787 94 28 pakeha.

1276 1819 32 4 '"
1468 1814 6 5 *
1503 1848 73 8 _____^
1659 1822 21 21 A
1695 1821 142 23 SETTLER.

1294 1883 3 4 •
1314 1873 96 21 ExtCa.'ji
1428 1873 25 20 oi'
1473 1878 13 14 a.
1510 1873 63 21 letter
1592 1873 58 21 from
1670 1879 14 15 a
1705 1873 82 27 friend,
1801 1873 66 21 dated
1874 1873 2 20 i

1281 1904 102 23 JLou'lotf.
1397 1904 126 23 iH'ccnner
1538 1905 40 26 Si,
1598 1906 53 21 LB'll
1669 1912 5 14 :—:
1677 1916 32 4 —
1874 1914 2 16 ;

1313 1941 36 22 vVf-
1359 1942 56 20 have
1430 1942 55 20 ixvn
1503 1946 47 16 iT'.if
1559 1947 12 13 •:
1583 1949 46 14 -imii
1639 1949 13 14 tr
1664 1941 19 22 3C
1700 1942 61 23 Mau,
1782 1943 38 20 iii-i
1831 1949 36 14 arr>
1874 1941 2 22 !

1281 2000 146 20 mrfijHi33tti:«;.
1465 1996 42 28 My-
1521 1997 50 18 wife
1590 2000 21 14 fu
1620 2003 12 11 .'.
1655 1998 38 17 her
1806 2000 58 15 mv^o

1282 2024 81 17 vuitiu'i
1383 2028 28 14 on.
1444 2028 75 13 '.:.")iu"'f
1549 2021 12 20 i'
1578 2021 21 19 ')'
1632 2019 118 22 "^-havioi'i'
1766 2027 21 13 n*
1810 2019 56 22 their
1874 2022 2 18 i

1280 2047 13 21 h
1303 2046 71 22 vrhfr.
1385 2047 38 21 }ju:
1441 2052 28 16 Uu
1470 2055 6 6 j
1478 2047 17 17 i«'
1505 2054 30 14 dii
1538 2055 4 7 !
1552 2054 40 14 son
1605 2054 4 3 '
1624 2047 171 21 circumßtaU'je.-;
1814 2054 51 13 run-
1874 2045 2 24 |

1282 2073 79 22 nected
1372 2073 51 22 with
1434 2073 56 27 the.ii*
1500 2073 50 22 visit
1562 2072 70 23 winch
1647 2081 46 20 you
1702 2073 80 21 slrould
1794 2073 71 22 know.
1874 2071 2 5 '

1281 2101 57 21 Soon
1350 2101 56 21 after
1416 2101 37 22 the
1464 2100 66 27 ship's
1542 2100 120 27 discharge,
1672 2101 11 21 I
1690 2104 58 18 went
1758 2108 28 14 on
1798 2099 70 23 board

1281 2127 54 21 with
1345 2135 38 19 my
1392 2128 51 21 wife
1453 2127 45 22 and
1512 2135 38 20 my
1564 2127 71 22 father
1644 2132 22 16 to
1681 2134 35 15 see
1728 2127 17 21 E
1757 2127 63 26 Mau,
1835 2134 32 14 we

1281 2153 60 22 there
1347 2154 72 21 found
1427 2155 52 26 him,
1491 2154 50 21 with
1547 2156 35 19 six
1590 2154 62 21 other
1660 2155 56 21 New
1725 2154 141 26 Zealanders,

1281 2181 29 21 all
1318 2181 22 21 in
1353 2181 36 21 the
1405 2186 60 17 most
1473 2181 123 27 disgusting
1613 2181 61 27 Slthy
1684 2184 58 19 state
1749 2189 5 19 ;
1771 2181 12 21 I
1801 2181 66 21 could

1282 2212 38 17 not
1339 2208 51 21 then
1411 2208 108 22 ascertain
1537 2209 49 22 that
1606 2208 26 21 he
1650 2208 45 22 had
1719 2215 45 20 any
1787 2208 81 21 decent

1283 2235 102 27 clothing,
1405 2236 56 25 (nor,
1479 2235 10 22 I
1506 2235 93 27 believe,
1611 2235 42 22 had
1669 2235 27 22 Ke
1707 2238 23 17 at
1744 2235 37 21 the
1796 2235 71 26 time,)

1283 2262 43 21 and
1340 2267 21 16 to
1376 2262 39 22 ask
1434 2262 54 27 him,
1507 2269 23 15 as
1547 2262 28 22 he
1593 2269 44 14 was
1651 2269 61 14 move
1728 2262 82 27 ragged
1825 2262 44 21 and

1283 2289 57 28 dirty,
1349 2289 53 22 than
1412 2297 29 14 an
1453 2289 54 22 Irish
1517 2290 90 27 beggar,
1618 2293 22 17 to
1658 2289 52 22 dine
1721 2289 52 21 with
1782 2296 26 15 us
1825 2296 44 15 was

1283 2313 36 24 oiit
1329 2316 25 21 of
1361 2316 36 22 the
1407 2316 107 28 question.
1544 2318 22 20 A
1576 2316 61 21 short
1645 2316 53 21 time
1709 2315 136 26 afterwards,
1858 2316 11 21 I

1283 2346 56 19 went
1349 2350 27 14 on
1387 2343 71 22 board
1469 2344 70 27 again,
1548 2342 42 23 and
1603 2343 52 22 then
1664 2344 10 20 1
1686 2343 91 22 learned
1785 2343 47 22 that
1841 2342 28 22 he

1283 2369 41 22 had
1343 2370 56 21 been
1421 2370 105 28 provided
1551 2370 53 22 with
1628 2377 14 14 a
1665 2370 80 21 decent
1767 2377 103 14 common

1283 2393 81 32 jailor's
1375 2397 68 22 dress.
1473 2397 10 22 I
1493 2398 52 21 then
1557 2397 140 22 determined
1702 2400 23 18 to
1736 2401 39 23 get
1784 2397 47 22 him
1841 2405 29 19 up

1284 2426 19 19 to
1314 2431 40 14 our
1366 2424 77 28 house,
1455 2424 43 21 and
1514 2424 61 22 show
1590 2423 47 22 him
1653 2431 61 15 some
1729 2424 46 21 fine
1792 2424 77 27 sights.

1284 2452 19 21 A
1314 2451 42 27 day
1366 2459 25 14 or
1400 2455 44 18 two
1455 2451 132 27 afterwards,
1599 2451 94 27 Captain
1712 2451 157 22 Shuttleworth

1284 2474 62 26 Sined
1364 2478 51 22 with
1430 2486 33 18 us,
1474 2478 43 22 and
1534 2478 13 23 I
1561 2478 92 22 learned
1669 2478 38 22 the
1719 2478 45 21 fact
1780 2478 49 21 that
1843 2478 27 21 he

1283 2504 42 23 had
1340 2505 92 28 shipped
1452 2505 60 22 them
1531 2511 21 16 to
1568 2506 78 27 supply
1657 2505 37 22 the
1710 2504 65 28 place
1792 2505 26 22 of
1834 2504 37 22 the

1284 2539 53 14 crew
1347 2532 49 22 that
1404 2532 45 22 had
1462 2532 38 21 left
1510 2532 45 22 him
1565 2540 6 19 ;
1587 2532 45 21 and
1642 2536 45 24 yet,
1694 2531 86 28 though
1790 2532 28 21 he
1826 2531 46 22 had

1284 2558 48 23 thus
1347 2559 93 29 shipped
1455 2559 61 22 them
1531 2563 23 18 at
1570 2567 13 14 a
1598 2559 41 22 low
1652 2563 47 18 rate
1714 2559 26 21 of
1752 2566 80 20 wages,
1842 2558 29 22 he

1284 2586 86 22 seemed
1389 2591 22 18 to
1431 2589 79 24 expect
1528 2587 50 21 that
1596 2586 37 22 the
1653 2586 117 27 Company
1789 2586 81 21 should

1284 2613 69 22 clothe
1362 2613 68 26 them,
1443 2613 40 22 and
1494 2621 44 19 pay
1547 2614 47 21 him
1610 2613 34 22 for
1660 2612 59 23 their
1733 2613 58 28 keep
1806 2612 66 23 while

1284 2640 58 23 here.
1374 2641 23 21 If
1403 2641 20 22 E
1434 2642 52 20 Mau
1495 2640 45 23 had
1556 2641 57 21 been
1622 2640 73 27 alone,
1707 2640 60 21 lam
1775 2647 49 14 sure
1835 2640 37 21 the

1284 2668 112 27 Company
1405 2667 72 23 would
1485 2668 58 21 have
1553 2667 68 22 taken
1632 2667 47 22 him
1686 2670 40 19 out
1733 2666 25 22 of
1766 2667 37 22 the
1813 2666 57 28 ship,

1285 2695 41 21 and
1337 2695 72 22 would
1426 2695 56 21 have
1491 2694 110 28 provided
1617 2694 46 22 him
1679 2694 54 21 with
1749 2701 13 14 a
1771 2694 99 27 lodging,

1285 2722 38 22 &c.
1352 2722 12 22 I
1374 2722 87 26 should,
1472 2722 22 21 in
1505 2722 47 21 that
1567 2728 57 20 case,
1636 2721 57 22 have
1701 2721 111 27 proposed
1821 2728 49 20 my-

1285 2749 43 21 self
1340 2756 23 14 as
1383 2749 34 21 his
1436 2748 114 28 guardian,
1566 2748 45 21 and
1625 2748 80 21 should
1721 2747 57 22 have
1796 2748 78 26 taught

1285 2776 45 22 him
1340 2783 13 14 a
1362 2776 58 27 good
1431 2775 49 23 deal
1490 2776 25 21 of
1521 2775 73 22 useful
1605 2774 137 27 knowledge,
1752 2774 120 28 including

1285 2802 97 28 English,
1395 2803 44 21 and
1455 2802 78 22 should
1548 2803 58 21 have
1617 2801 90 23 learned
1719 2802 81 21 Mauri.
1829 2802 45 21 But

1286 2830 35 21 the
1339 2830 114 27 Company
1473 2830 64 22 could
1554 2832 40 19 not
1613 2829 57 28 keep
1694 2828 179 23 Shuttleworth's

1284 2864 55 14 seven
1357 2857 89 27 sailors;
1462 2857 16 21 it
1490 2857 71 21 would
1578 2856 56 22 have
1650 2856 141 27 encouraged
1805 2863 67 21 every

1286 2884 129 28 shipmaster
1424 2884 50 22 who
1488 2887 59 19 went
1559 2887 23 18 to
1600 2883 56 22 New
1673 2882 100 22 Zealand
1791 2886 22 19 to
1824 2883 49 27 ship

1286 2912 73 22 Mauri
1368 2911 77 22 sailors
1455 2913 22 19 at
1490 2911 50 21 half
1552 2918 80 19 wages,
1646 2910 46 22 and
1705 2910 56 22 then
1771 2913 21 19 to
1807 2910 66 22 make

1286 2946 14 14 a
1308 2939 63 21 claim
1383 2941 22 19 to
1420 2938 57 22 have
1492 2938 60 22 them
1571 2937 54 28 kept
1641 2937 66 22 while
1723 2937 38 21 the
1776 2937 49 28 ship
1839 2944 35 14 re-

1286 2965 85 22 mained
1389 2965 60 22 here.
1479 2965 11 21 I
1504 2965 64 28 hope,
1587 2964 116 27 therefore,
1714 2971 46 20 you
1771 2964 44 22 will
1830 2964 44 22 dis-

1286 3000 91 20 courage
1396 2993 44 21 this
1458 2992 96 27 practice
1575 2991 26 21 of
1622 2991 102 28 shipping
1745 2994 51 24 part
1818 2990 55 22 New

1286 3019 97 22 Zealand
1416 3026 68 16 crews
1516 3022 23 18 at
1571 3018 143 27 Wellington,
1744 3017 38 23 the
1811 3024 62 15 more

1286 3047 116 27 especially
1416 3054 25 14 as
1460 3046 52 27 they
1528 3045 67 23 suffer
1614 3045 126 26 dreadfully
1757 3045 58 21 from
1836 3045 36 21 the

1286 3074 54 21 cold.
1369 3073 105 28 Imagine
1484 3073 60 22 these
1553 3080 57 21 poor
1624 3072 84 22 fellows
1717 3071 95 22 without
1822 3071 53 21 ade-

1285 3105 64 23 quate
1360 3101 107 27 clothing,
1478 3100 96 27 exposed
1584 3099 23 22 in
1619 3099 36 22 the
1665 3098 117 22 forecastle
1799 3098 26 22 of
1836 3098 38 22 the

1285 3128 90 26 London,
1387 3127 93 23 without
1493 3127 47 27 fire,
1559 3126 54 22 with
1627 3126 38 22 the
1681 3125 59 27 glass
1754 3125 72 22 below
1837 3125 37 22 the

1285 3155 97 28 freezing
1390 3155 73 28 point,
1474 3154 49 27 and,
1530 3153 66 23 when
1604 3156 39 19 not
1651 3160 24 14 so
1686 3152 58 27 cold,
1752 3152 68 32 damp
1829 3152 45 22 and

1286 3182 92 27 raining.
1407 3182 125 25 Moreover,
1552 3181 53 26 they
1624 3187 37 15 are
1681 3183 40 19 not
1740 3179 135 28 sufficiently

1286 3209 36 22 fed
1323 3221 26 4 —
1350 3209 52 28 only
1418 3209 83 22 eternal
1520 3211 67 23 meat,
1604 3206 75 27 bread,
1702 3206 45 22 and
1766 3209 106 24 potatoes,

1285 3236 90 22 without
1394 3243 44 20 any
1458 3235 94 22 comfort
1570 3235 24 21 in
1613 3233 37 23 the
1669 3233 69 28 shape
1757 3233 25 22 of
1797 3238 36 17 tea
1851 3241 24 14 or

1286 3263 73 22 coffee.
1387 3263 49 22 The
1455 3268 151 21 consequence
1622 3261 24 25 is,
1665 3261 49 21 that
1723 3260 30 22 all
1770 3260 25 22 of
1811 3259 61 23 them

1285 3290 57 22 have
1350 3297 74 15 severe
1432 3290 68 26 cough
1509 3297 7 19 ;
1531 3289 51 25 and,
1592 3288 22 22 if
1619 3287 53 29 kept
1683 3287 53 22 here
1745 3287 61 27 long,
1815 3294 59 14 some

1285 3318 25 21 of
1317 3317 60 22 them
1385 3316 77 23 would
1471 3317 55 21 have
1535 3315 46 23 had
1589 3314 135 29 pulmonary
1733 3314 104 22 diseases.

1312 3345 19 21 E
1342 3344 55 22 Mau
1406 3351 45 14 -was
1462 3346 22 19 at
1497 3343 43 22 last
1550 3342 91 22 dressed
1655 3341 46 23 like
1710 3348 15 15 a
1733 3341 139 28 gentleman.

1288 3371 35 22 He
1338 3371 64 21 dined
1418 3370 55 23 with
1486 3378 26 14 us
1528 3370 69 25 twice,
1613 3369 44 22 and
1676 3372 24 18 at
1716 3368 159 25 Notthigham-

1284 3398 62 28 place
1356 3405 27 14 on
1394 3397 122 23 Christmas
1525 3397 58 28 Day,
1591 3396 45 22 and
1646 3395 28 23 he
1682 3393 129 29 comported
1818 3393 57 23 him-

1285 3425 45 22 self
1345 3432 23 14 as
1386 3425 20 21 if
1422 3425 28 22 he
1470 3424 46 22 had
1532 3424 57 21 been
1610 3421 142 24 accustomed
1772 3425 22 18 to
1813 3421 59 27 good

1284 3452 82 28 society
1374 3452 30 21 all
1410 3452 34 21 his
1451 3451 46 22 life.
1526 3451 42 21 We
1577 3450 50 22 took
1634 3449 48 23 him
1688 3453 21 18 to
1717 3449 37 21 the
1763 3447 111 23 Adelaide

1286 3479 98 27 Gallery,
1402 3479 46 22 and
1463 3478 37 21 did
1519 3485 40 14 our
1578 3477 49 21 best
1643 3480 22 18 to
1680 3475 84 28 gratify
1778 3475 60 21 him:
1862 3474 12 22 I

1284 3506 71 27 think,
1366 3512 122 20 moreover,
1500 3512 31 14 we
1542 3503 132 23 succeeded.

1342 3564 209 24 COLONIAL
1582 3560 235 26 EXTRACTS.

703 3675 136 25 Married.
841 3689 33 3 —
877 3676 38 24 On
926 3676 153 32 Wednesday,
1093 3678 39 25 the
1138 3680 42 23 Ist
1189 3679 65 29 June,

668 3708 48 25 Mr.
729 3708 30 24 B.
772 3708 66 32 Levy
849 3713 23 20 to
883 3710 61 24 Miss
956 3710 32 24 E.
1002 3710 119 25 Solomon.

671 3778 28 17 To
708 3778 35 17 the
752 3778 78 19 Editor
839 3778 27 24 of
878 3778 35 19 the
949 3778 54 19 New
1013 3778 94 20 Zealand
1118 3778 87 21 Gazette
1215 3778 37 20 and

825 3804 124 21 Wellington

694 3835 47 25 Sib,
743 3846 29 5 —
772 3835 49 23 The
840 3836 173 22 Commissioner
1030 3836 127 28 appointed'
1169 3837 30 28 by
1216 3836 38 22 her

668 3862 117 27 Majesty's
795 3863 156 21 Government
966 3863 38 21 in.
1009 3863 101 27 England
1126 3866 26 19 to.
1166 3865 88 26 enquire

668 3889 46 21 into
731 3889 47 21 and
795 3889 131 27 investigate
940 3889 40 22 the
995 3890 61 21 titles
1070 3890 26 22 of
1116 3889 39 23 the
1173 3891 81 21 several

668 3915 115 22 claimants
803 3919 22 19 to
843 3915 54 22 land
919 3915 24 23 in
966 3916 57 22 New
1046 3916 108 28 Zealand,
1175 3917 79 28 having

668 3941 87 23 arrived
769 3942 26 22 in
810 3941 144 30 Wellington,
971 3943 54 23 with
1041 3943 144 24 instructions
1199 3945 55 22 from

668 3969 91 27 Captain
777 3969 95 23 Hobson
887 3974 21 18 to
919 3970 99 26 proceed
1031 3973 24 20 to
1070 3971 134 25 investigate
1215 3972 39 22 and
