2569 4079
102 60 2411 110 THE

102 170 381 109 NEW
610 170 888 109 ZEALAND
1625 170 888 109 GAZETTE

102 279 2411 109 AND

102 388 1148 109 WELLINGTON
1365 388 1148 109 SPECTATOR.

617 506 216 37 PUBLISHED
879 506 132 38 EVERY
1056 506 257 37 WEDNESDAY
1355 506 88 37 AND
1488 506 227 38 SATURDAY
1761 506 205 38 MORNING.

627 621 111 31 PORT
759 622 256 37 NICHOLSON,
1039 618 265 34 WEDNESDAY
1327 620 210 37 HORNING,
1559 621 199 33 JANUARY
1779 626 32 33 3,
1837 627 87 27 1844.

2283 623 93 41 [Vol.
2398 623 53 31 IV.

130 626 60 30 No.
212 621 87 38 312.]

264 715 54 21 For
331 714 127 25 London,

108 755 40 23 For
157 751 55 28 light
220 749 82 27 freight
311 748 45 21 and
362 753 134 23 passengers
506 747 60 28 only,
577 746 41 23 has
627 747 28 22 all

82 784 36 22 her
133 781 53 21 dead
201 775 81 28 weight
298 775 111 27 engaged,
418 774 46 22 and
480 774 44 21 will
538 774 116 28 positively

83 817 25 15 oe
117 803 124 30 dispatched
251 810 29 14 on

188 838 51 20 sth
263 833 191 26 JANUARY,
480 833 61 26 1844,

121 875 37 12 --■»
231 869 44 19 fTI
291 867 23 22 H
329 867 21 22 E
437 866 45 21 fine
571 865 83 28 barque

238 885 28 32 X
337 893 256 25 INDEMNITY,

99 913 120 38 J3&£B§L
243 923 41 21 312
302 924 49 19 tons
352 936 6 11 >
369 921 28 21 R-
412 919 115 28 Sedgwick
543 926 111 15 comrnan-

261 956 22 14 er
283 964 6 11 »
306 955 40 14 nas
365 954 42 15 one
422 951 61 17 stern
498 953 12 15 c
511 953 13 14 a
525 946 39 21 bin
581 946 73 21 disen-

83 969 143 37 W^^^SSM
243 974 79 28 gaged,
331 974 45 22 and
386 973 104 28 splendid
503 972 151 23 accommoda-

243 1001 100 22 tionsfor
352 1000 158 23 intermediate
518 1005 135 22 passengers,

82 1038 47 23 with
147 1045 13 14 a
177 1035 75 22 liberal
268 1034 93 27 dietary.
391 1033 42 23 For
449 1037 68 18 terms
534 1032 26 22 of
574 1031 78 28 which,

82 1065 59 28 apply
151 1067 20 18 to

287 1087 132 26 RIDGWAYS,
431 1087 107 26 GUYTON,
554 1086 21 22 &
589 1085 37 23 Co.

108 1117 137 26 Wellington,
257 1115 125 21 December
393 1116 31 25 19,
437 1115 62 21 1843.

106 1165 50 21 For
174 1162 123 23 London,
312 1160 46 21 via
378 1159 164 25 Newcastle,
560 1159 69 21 New

260 1188 86 20 South
364 1187 100 20 Wales.

120 1223 27 21 To
156 1222 39 20 sail
203 1227 26 14 on
240 1226 24 14 or
273 1220 63 20 about
346 1219 35 21 the
391 1219 32 20 Ist
434 1219 105 25 January,
551 1219 62 19 1844.

118 1253 70 31 jjtfS^
239 1256 90 23 fIIHE
356 1256 46 22 fine
430 1256 42 21 fast
500 1254 80 28 sailing
607 1255 47 27 brig

109 1277 97 40 jggjs^.
245 1277 27 29 _L
369 1284 202 23 GANNETT,

104 1304 124 39 *T^r^g'
249 1311 40 23 has
298 1318 61 15 room
371 1311 34 21 for
414 1310 70 22 about
494 1317 42 14 one
552 1308 102 23 hundred

84 1359 150 34 5a25359
249 1368 59 19 meet
327 1364 52 22 with
399 1364 128 22 immediate
547 1362 105 28 dispatch,

245 1391 67 28 being
321 1391 73 22 under
405 1393 148 25 engagement
566 1393 22 18 to
604 1389 50 22 load

81 1420 50 22 wool
141 1424 22 17 at
173 1419 130 23 Newcastle.

105 1454 41 23 For
154 1453 80 27 freight
244 1460 24 15 or
282 1459 99 21 passage,
400 1451 64 29 apply
474 1454 24 18 to
514 1451 45 22 Mr.
571 1450 82 23 Nichol

81 1489 26 14 on
117 1480 72 27 board,
201 1487 25 15 or
235 1484 23 17 to

385 1505 83 23 Waitt
484 1503 45 24 and
543 1504 84 23 Tyser.

106 1539 139 26 Wellington,
257 1538 55 22 Dec.
324 1538 33 26 15,
369 1539 61 21 1843.

80 1586 49 21 For
142 1585 110 24 Nelson,
264 1582 173 28 Valparaiso,
449 1581 56 22 and
519 1581 135 27 England.

228 1616 90 28 rpHE
332 1616 46 23 fine
388 1616 42 22 fast
440 1615 80 27 sailing
530 1616 28 21 A.
572 1616 18 21 1.
607 1614 47 29 ship

117 1636 87 41 a»sgL
234 1636 30 30 X
355 1644 217 24 MANDARIN,

104 1664 122 43 liW^g^
240 1671 92 28 Captain
342 1671 77 27 Smith,
426 1673 41 20 650
477 1675 56 22 tons,
545 1670 44 22 will
597 1673 57 19 meet

268 1735 42 22 For
319 1734 83 28 freight
411 1742 23 15 or
447 1741 98 21 passage,
557 1734 66 27 apply
633 1738 21 17 to

241 1762 37 21 the
289 1763 93 27 Captain
392 1769 28 14 on
430 1762 78 26 board,
517 1769 25 14 or
552 1764 23 19 to

353 1796 35 22 W.
404 1796 24 22 B.
445 1795 96 23 Rhodes
555 1795 21 21 &
590 1795 38 22 Co.

103 1823 123 23 December
235 1825 33 25 12,
280 1825 60 21 1843.

223 1876 62 26 Ship

99 1904 63 30 72a
190 1909 221 24 /CONSIGNEES
424 1908 30 28 by
462 1908 37 23 the
509 1908 70 22 above
585 1913 69 16 vessel

226 1941 4 4 *
259 1943 37 15 are
306 1936 118 28 requested
434 1939 24 18 to
475 1935 56 22 send
546 1935 36 22 for
599 1934 56 23 their

77 1957 108 38 JTOihw^
202 1963 75 22 Goods
296 1963 92 22 without
404 1962 70 28 delay,
492 1970 24 14 as
531 1962 38 22 the
585 1962 69 22 vessel

201 1990 44 22 will
259 1990 28 22 be
303 1997 28 15 on
346 1990 131 26 demurrage
491 1990 57 22 after
562 1989 37 22 the
609 1990 46 21 21st

204 2018 90 22 instant,

69 2056 8 7 *
103 2051 83 22 Parties
195 2050 78 22 known
285 2055 22 17 to
317 2050 38 23 the
372 2051 87 26 Agents
470 2051 42 21 will
525 2051 28 21 be
565 2050 89 22 allowed

77 2081 22 18 to
110 2077 49 23 take
168 2077 57 23 their
240 2077 75 23 Goods
332 2085 28 15 on
378 2078 88 27 signing
481 2077 69 22 biank
565 2077 55 23 Bills
633 2078 24 22 of

78 2105 84 26 Lading
170 2105 33 21 for
214 2105 36 21 the
261 2112 66 14 same.

351 2131 35 22 W.
402 2132 25 22 B.
444 2132 95 22 Rhodes
554 2132 20 21 &
589 2132 38 21 Co.

103 2163 123 22 December
237 2164 32 25 15,
285 2164 61 21 1843.

224 2209 137 21 Schooner

295 2242 142 23 NOTICE.

96 2275 70 36 jjjgii
205 2277 75 23 ALL
310 2277 132 23 PARTIES
468 2277 85 27 having
576 2277 81 22 Claims

91 2299 147 31 mESm&xjL
268 2304 89 27 against
376 2305 36 21 the
437 2304 70 22 above
531 2304 80 27 vessel,
633 2312 24 15 or

79 2341 109 24 g»@Hl
203 2331 88 28 against
307 2331 38 22 the
361 2331 94 22 Owners
463 2331 92 27 thereof,
568 2332 26 21 of
599 2331 58 23 what

202 2362 79 18 nature
299 2365 85 20 soever,
402 2366 36 14 are
454 2359 118 28 requested
582 2361 22 19 to
614 2359 43 22 for-

200 2385 61 22 ward
270 2385 61 22 them
343 2392 22 14 to

302 2417 44 22 Mr.
363 2418 108 21 Richard
488 2417 88 25 Eaoar,

435 2444 111 23 Lambton
557 2444 72 28 Quay,

279 2472 95 21 Without
388 2472 67 26 delay.

104 2505 124 22 December
240 2507 32 25 19,
284 2507 62 21 1843.

79 2551 112 50 SPARS
206 2551 62 22 FOR
282 2551 85 27 SALE,
378 2552 26 21 of
407 2552 101 21 different
514 2551 140 22 dimensions,

140 2578 62 27 lying
217 2582 24 17 at
259 2578 45 22 Kai
323 2578 86 22 Warra.
447 2579 71 27 Large
536 2578 120 28 quantities

77 2611 40 15 can
127 2604 27 22 be
169 2604 113 23 furnished
299 2609 21 18 to
338 2605 72 27 order,
426 2606 35 21 for
477 2605 141 28 exportation
633 2613 24 14 or

77 2630 64 23 home
151 2639 46 15 use.

331 2667 64 19 ALSO,

103 2691 45 23 The
160 2693 73 22 Lease
244 2693 24 22 of
275 2693 68 22 about
352 2694 27 21 50
390 2701 61 14 acres
461 2694 26 21 of
494 2693 52 22 land
559 2696 24 19 at
597 2694 59 21 Orua

77 2719 86 23 Motera
174 2721 23 25 (a
205 2720 46 22 fine
266 2720 42 28 bay
320 2720 85 22 district
419 2721 70 21 about
499 2722 12 21 6
527 2720 63 23 miles
598 2721 56 21 from

77 2746 151 28 Wellington),
245 2747 52 22 with
313 2747 39 22 the
369 2747 69 22 house
455 2755 29 15 on
502 2748 37 21 the
553 2747 87 28 ground
649 2755 5 20 ;

77 2772 60 23 there
147 2782 36 13 are
193 2775 66 22 about
269 2778 37 18 ten
321 2782 63 14 acies
399 2775 95 26 cleared,
513 2775 44 22 and
574 2775 51 21 four
633 2775 22 22 in

77 2800 135 23 cultivation.
241 2801 43 22 For
293 2801 87 22 further
389 2802 138 27 particulars,
538 2801 67 29 apply
616 2806 21 17 to

263 2835 118 23 Kenneth
397 2835 151 27 Mathieson,

183 2867 52 28 Ship
252 2867 105 28 Building
371 2867 45 22 and
426 2868 120 28 Repairing
558 2868 70 27 Yard,

349 2900 44 22 Kai
407 2899 87 23 Warra.

103 2932 127 23 November
238 2935 21 24 6,
271 2934 61 21 1843.

75 2983 66 18 TXT
143 2983 114 27 ANTED,
277 2983 30 27 by
324 2982 38 22 the
381 2983 157 28 undersigned,
558 2985 98 22 Tenders

88 3008 16 24 V
111 3006 16 26 V
169 3010 34 22 for
221 3010 40 22 the.
273 3010 98 27 delivery
390 3011 26 21 of
430 3011 58 23 Flax
506 3011 48 22 leaf
572 3015 24 18 at
614 3012 43 22 Kai

75 3036 78 22 Warra
160 3045 5 18 ;
181 3037 17 21 it
208 3041 60 18 must
275 3037 29 21 be
315 3037 22 21 in
347 3038 135 22 convenient
488 3037 62 23 sized
557 3038 98 27 bundles,

75 3063 37 22 the
128 3063 75 22 leaves
219 3063 79 27 sound,
317 3063 43 22 and
376 3064 76 22 within
467 3065 63 22 three
543 3065 79 23 inches
635 3066 22 22 of

75 3091 64 27 equal
155 3090 88 27 lengths
257 3091 21 21 in
297 3091 55 21 each
367 3091 91 22 bundle.
485 3091 100 23 Tenders
600 3096 57 18 must

75 3117 85 27 specify
169 3116 37 22 the
216 3117 102 28 quantity
331 3124 41 21 per
386 3117 61 22 week
463 3117 48 23 that
526 3117 39 23 the
578 3119 79 28 parties

75 3151 41 15 can
127 3143 92 24 deliver.

346 3171 119 23 Kenneth
480 3172 151 22 Mathieson.

103 3197 43 23 Kai
157 3197 85 28 Warra,
255 3198 55 22 Dec.
322 3199 34 26 12,
367 3199 61 22 1843.

94 3244 154 26 Important
262 3244 55 21 and
331 3244 118 27 Eligible
464 3245 178 22 Investment.

77 3277 67 47 TO
155 3277 38 22 BE
204 3277 78 22 SOLD
292 3284 29 16 by
335 3277 140 23 PRIVATE
487 3278 169 28 CONTRACT,

137 3303 24 21 in
176 3310 152 23 consequence
346 3305 26 21 of
383 3305 37 22 the
437 3309 90 24 present
536 3305 121 28 proprietor

310 3331 94 28 retiring
411 3340 5 19 ;

144 3363 44 15 THE
198 3364 117 16 VALUABLE
328 3366 134 15 LEASEHOLD
477 3367 112 15 PREMISES

104 3381 55 23 held
167 3386 24 18 at
200 3390 13 14 a
227 3383 42 23 low
278 3386 87 25 ground
381 3390 56 23 rent,
448 3387 136 28 comprising
593 3387 40 23 the

269 3418 72 22 SHIP
356 3418 106 25 HOTEL

77 3449 23 15 in
122 3442 189 29 Mannersrstreet,
329 3445 142 29 Wellington,
489 3447 48 23 well
553 3448 101 28 situated,

77 3469 47 22 and
131 3476 24 15 m
165 3476 66 20 every
240 3474 84 24 respect
338 3472 93 23 suitable
445 3474 36 22 for
498 3475 158 29 commanding

77 3504 13 14 a
96 3495 108 23 'first-rate
214 3494 112 30 business;
343 3498 37 22 the
395 3500 114 29 adjoining
517 3502 106 28 premises
632 3504 22 21 in

77 3523 39 22 the
124 3523 128 27 occupation
263 3524 25 21 of
298 3524 44 23 Mr.
353 3525 81 24 Murch
449 3528 45 22 and
504 3529 44 21 Mr.
560 3530 94 27 Minifie,

77 3550 78 23 sublet
162 3553 27 18 to-
200 3550 61 22 them
275 3554 24 17 at
311 3552 88 24 ground
412 3557 73 24 rents;
501 3559 43 18 two
559 3560 96 24 cottages

130 3577 112 26 attached,
252 3577 44 22 and
304 3577 38 22 the
352 3580 100 26 spacious
463 3582 43 21 and
516 3582 89 28 elegant

288 3611 155 30 THEATRE,

75 3638 101 27 recently
186 3637 88 23 erected
283 3641 23 19 at
315 3642 63 23 great
390 3647 98 20 expence
498 3642 21 22 in
531 3642 37 23 the
576 3650 51 16 rear
635 3646 22 21 of

75 3665 38 23 the
124 3664 76 22 Hotel.

103 3692 38 22 An
152 3691 149 28 enterprizmg
316 3692 111 32 capitalist
440 3694 75 23 would
523 3695 49 22 find
581 3696 24 22 in
614 3697 43 23 this

73 3722 106 25 property
188 3725 29 15 an
234 3723 143 28 opportunity
386 3720 34 22 for
435 3720 136 24 investment
585 3724 71 28 rarely

74 3751 24 18 to
106 3746 29 22 be
144 3749 46 19 met
199 3745 61 27 with,
271 3745 43 23 and
330 3746 74 23 which
414 3751 58 19 must
480 3755 68 20 prove
558 3756 15 15 a
581 3757 75 16 source

74 3773 27 23 of
111 3772 81 24 wealth
202 3777 24 18 to
236 3771 37 23 the
286 3773 130 27 purchaser.

101 3799 97 23 Further
211 3800 133 27 particulars
359 3808 52 21 may
420 3801 27 21 be
464 3802 107 23 obtained
579 3811 29 14 on
619 3812 37 21 ap-

71 3827 108 26 plication
190 3831 24 18 to
224 3827 45 23 Mr.
278 3827 84 27 Fuller,
374 3835 29 15 on
417 3827 39 23 the
470 3829 113 28 premises,
593 3838 25 15 or
633 3837 22 18 to

73 3855 92 22 Messrs.
177 3853 105 29 Holroyd
292 3854 47 22 and
348 3855 65 27 Hart,
424 3855 115 28 solicitors,
550 3857 32 22 Te
591 3858 54 23 Aro.

99 3888 126 23 December
233 3889 35 25 30,
278 3889 63 21 1843.

72 3934 92 49 JUST
177 3928 134 29 OPENED^
318 3934 44 22 and
372 3942 30 15 on
412 3935 51 23 Sale
471 3938 26 20 at
505 3936 39 22 the
553 3937 70 23 Office
633 3939 24 22 of

134 3961 44 23 this
187 3961 79 30 Paper,
276 3962 39 22 hue
325 3961 80 24 stand?
412 3966 22 19 ot
443 3969 90 17 various
542 3969 62 18 sizes.

743 715 99 22 Messrs.
869 715 156 22 HOLROYD
1049 722 46 14 and
1122 714 96 27 HART,

850 748 131 22 Notaries
1004 748 108 26 Public,

778 788 38 14 TE
844 787 72 19 ARO,
945 786 242 15 WELLINGTON.

716 812 128 26 September
853 813 23 25 4,
887 812 61 21 1843.

873 861 35 22 W.
926 861 33 22 M.
974 861 108 26 SMITH,

687 907 58 15 LATE
756 905 237 17 SURVEYOR-GENERAL
1004 905 28 15 TO
1044 904 45 16 THE
1105 905 49 15 NEW
1170 904 103 16 ZEALAND

924 931 115 20 COMPANY,

715 964 141 26 Surveyor,
872 963 212 27 Draughtsman,
1099 962 54 21 and
1167 961 78 22 Land

932 991 101 26 Agent.

685 1026 179 27 Tinakori-road,
876 1026 100 28 January
988 1028 22 26 4,
1022 1028 62 20 1843.

832 1077 34 22 H.
896 1077 234 26 HARDEMAN,

710 1113 94 21 Tailor
818 1113 55 21 and
887 1113 112 25 Draper,
1014 1113 84 19 Lamb
1102 1113 144 24 ton-quay.

849 1165 115 28 Superfine
975 1167 73 26 Coats,
1061 1166 55 21 from
1131 1165 35 25 £3
1180 1167 13 20 0
1208 1167 13 19 0

686 1198 115 28 Superfine
813 1198 101 22 Doeskin
926 1198 118 26 Trowsers,
1060 1198 56 21 from
1131 1198 61 23 £15
1207 1198 14 20 0

713 1238 63 15 MADE
788 1238 27 15 TO
825 1239 107 14 MEASURE
934 1242 27 5 —
962 1239 43 14 FOR
1014 1238 57 15 CASH
1082 1238 30 14 ON
1123 1237 124 15 DELIVERY.

795 1283 38 20 To
850 1283 114 20 Landed
983 1282 182 27 Proprietors.

686 1315 160 50 MESSRS.
875 1315 190 26 BARNICOAT,
1091 1315 88 25 FELL,
1205 1314 69 22 AND

764 1342 158 27 SEYMOUR,
932 1342 86 27 having
1033 1341 105 22 received
1153 1341 38 22 the
1201 1341 73 22 whole

685 1369 27 21 of
725 1368 37 22 the
777 1376 86 20 powers
881 1369 25 21 of
917 1372 102 23 attorney
1029 1367 109 23 intrusted
1156 1371 23 17 to
1196 1367 77 28 Harry

687 1395 135 28 liughlings,
834 1395 102 28 Esquire,
947 1395 26 21 of
985 1395 101 26 Halifax,
1099 1394 44 22 will
1159 1393 69 23 select
1237 1394 38 22 the

685 1423 60 21 rural
755 1422 94 22 sections
859 1423 23 20 in
893 1422 38 21 the
946 1421 87 22 Nelson
1044 1421 129 22 settlement
1181 1421 94 28 belong-

685 1450 39 25 ing
732 1452 24 18 to
766 1449 48 21 that
823 1448 127 28 gentleman
960 1448 45 22 and
1014 1448 36 22 his
1059 1448 91 27 friends,
1160 1447 47 22 and
1216 1447 56 23 have

687 1476 138 22 undertaken
842 1475 37 21 the
895 1475 91 27 general
1002 1482 89 20 agency
1106 1475 27 21 of
1150 1474 60 23 their
1225 1482 50 20 pro-

685 1506 66 25 perty
760 1503 61 21 here.
848 1501 65 28 They
923 1501 42 23 will
981 1501 48 23 also
1047 1502 26 21 be
1089 1501 53 28 glad
1157 1505 24 18 to
1196 1505 79 24 accept

686 1529 39 22 the
743 1536 83 21 agency
836 1529 25 21 of
873 1536 46 20 any
927 1529 83 28 parties
1024 1529 84 27 having
1121 1527 56 23 land
1195 1528 79 22 orders

687 1556 125 22 connected
821 1555 54 23 with
886 1555 43 22 this
939 1555 135 23 settlement.

715 1583 92 27 Nelson,
818 1583 128 27 Clmstma3,
958 1584 61 21 1843.

803 1628 39 21 On
858 1628 71 24 Sale,
943 1633 36 16 ex

694 1666 63 21 SA
781 1666 101 23 BOXES
907 1665 96 23 assorted
1019 1665 143 23 TOBACCO
1178 1665 96 27 PIPES,

687 1693 69 22 *J\J
786 1695 40 21 100
840 1694 80 21 tierces
929 1692 123 23 American
1063 1692 59 27 beef,

786 1722 28 21 20
828 1720 55 23 coils
892 1720 99 23 assorted
1001 1720 88 30 Europe
1099 1727 61 20 rope.

1004 1762 84 21 Waitt
1103 1761 44 22 and
1161 1762 84 21 Tyser.

715 1794 146 27 Wellington,
873 1794 51 21 Oct.
936 1796 32 24 10,
980 1795 62 21 1843.

809 1846 53 20 For
877 1845 69 25 Sale,
962 1850 37 16 ex

690 1878 255 35 TJUTHERFORD,
986 1878 118 27 DRURY,
1146 1878 21 21 &
1202 1877 71 24 CO.'S

688 1900 53 27 XV
767 1905 99 32 superior
876 1906 75 26 wines,
962 1905 37 22 viz
1007 1913 6 15 :
1016 1917 28 4 —

716 1933 58 26 Port,
785 1932 83 28 sherry,
880 1933 45 21 and
941 1933 103 22 Madeira
1053 1932 22 22 in
1086 1931 78 28 bottle,

716 1959 53 22 Pale
779 1959 44 22 and
833 1960 77 21 brown
920 1960 77 29 sherry
1007 1960 23 22 in
1042 1959 71 27 wood,

716 1986 53 22 Port
778 1986 24 22 in
812 1987 63 21 wood
878 2004 6 10 r

715 2013 104 22 Madeira
827 2014 23 21 in
862 2013 72 27 wood,

716 2039 139 27 Henneasy's
865 2047 85 19 cognac
959 2040 24 21 in
993 2039 71 27 wood,

716 2066 44 22 Old
771 2066 48 27 pale
831 2066 69 22 bottle
911 2067 95 27 brandy.

1004 2100 83 23 Waitt
1101 2101 45 21 and
1160 2101 86 22 Tyser.

694 2133 153 27 Wellington,
861 2133 136 27 September
1009 2133 33 26 19,
1054 2134 61 21 1843.

888 2189 44 20 Ex

690 2222 72 49 ON
778 2222 78 22 SALE
870 2222 31 27 by
915 2221 37 22 the
966 2221 181 28 undersigned-

769 2249 82 22 Hunt's
861 2249 99 27 superior
970 2249 37 21 old
1016 2252 52 24 port
1077 2249 64 28 wine,
1156 2249 86 22 bottled
1251 2250 24 22 in

690 2276 94 27 Oporto,

718 2303 103 27 Hosiery,
831 2303 56 26 lace,
899 2303 45 22 and
953 2303 95 27 netting,

717 2329 165 27 Earthenware,
893 2330 50 22 well
953 2331 108 25 assorted.

717 2357 123 28 Champion
850 2357 22 22 &
882 2357 59 22 Co.'s
951 2357 93 27 vinegar
1053 2357 24 22 in
1086 2356 51 24 half
1143 2357 132 28 hogsheads.

1068 2391 89 23 Willis
1173 2393 20 21 &
1209 2392 38 22 Co.

717 2425 144 28 Wellington,
873 2425 89 27 August
972 2426 34 25 14,
1018 2426 60 21 1843.

939 2479 93 21 Seeds.

689 2514 52 48 A
756 2513 83 22 VERY
856 2512 157 22 SUPERIOR
1028 2512 43 22 and
1082 2512 103 23 valuable
1195 2517 80 19 assort-

768 2543 63 19 ment
846 2540 27 21 of
888 2540 60 22 fresh
965 2540 70 22 Seeds
1049 2540 47 27 just
1110 2541 112 26 received,
1238 2541 37 21 the

687 2567 50 21 first
753 2568 26 20 of
795 2574 13 14 a
822 2566 90 28 regular
927 2567 86 27 supply,
1023 2574 49 14 now
1089 2574 29 15 on
1136 2568 46 22 sale
1197 2572 24 17 at
1237 2568 38 22 the

689 2594 71 22 Office
779 2594 26 21 of
821 2594 43 22 this
884 2594 70 27 Paper
973 2594 29 27 by
1019 2594 39 22 the
1075 2594 160 27 undersigned,
1251 2595 24 21 in

688 2620 121 28 quantities
819 2625 21 17 to
849 2620 45 22 suit
903 2621 133 27 purchasers
1044 2629 5 15 :
1051 2632 27 5 —

716 2655 55 22 Fine
782 2655 51 22 seed
841 2662 62 22 peas,
914 2662 66 15 seven
990 2655 111 28 varieties,

717 2681 43 23 Do.
789 2682 36 22 do.
853 2682 71 21 broad
934 2682 76 27 beans,
1022 2682 61 23 three
1093 2682 114 27 varieties,

717 2709 42 22 Do.
789 2709 35 22 do.
852 2708 67 23 horse
927 2709 78 27 beans,

716 2736 44 22 Do.
789 2736 34 23 do.
851 2736 81 22 scarlet
939 2743 96 15 runners
1044 2736 47 23 and
1100 2736 88 23 French
1197 2736 76 27 beans,

717 2763 42 22 Do.
788 2763 36 22 do.
852 2763 76 29 spring
938 2763 81 27 wheat,
1031 2768 65 22 tares,
1107 2764 46 22 and
1165 2768 55 22 oats,

716 2790 84 23 Round
809 2790 45 22 and
863 2790 86 28 prickly
957 2790 99 28 spinach,

717 2817 64 27 Long
790 2817 80 22 scarlet
879 2817 45 23 and
932 2818 75 27 turnip
1016 2817 83 28 radish,

716 2844 114 27 Rhubard,
841 2844 67 23 white
925 2844 45 23 and
985 2844 43 23 red
1043 2845 53 22 beet
1109 2844 45 24 and
1169 2845 106 27 mangold

687 2879 42 14 wui
736 2872 51 26 tzel,

717 2898 122 28 Carraway,
851 2898 49 23 Dill
908 2899 45 22 and
963 2899 96 27 Burnet,

717 2926 43 21 Sea
769 2926 54 26 cale,
834 2933 130 20 asparagus,
972 2929 82 24 carrot,
1065 2926 45 22 and
1122 2926 98 29 parsnip,

717 2952 93 28 English
820 2952 51 23 leek
880 2953 47 22 and
936 2953 75 25 onion,
1023 2953 95 29 Spanish
1131 2954 35 22 do.

717 2979 122 28 Vegetable
856 2987 94 15 marrow
966 2980 45 22 and
1019 2980 56 27 long
1087 2981 88 28 prickly
1185 2987 90 15 cucum-

688 3007 47 26 ber,

717 3033 144 26 Cauliflower,
872 3033 91 27 endive,,
970 3034 48 21 and
1030 3033 81 29 celery,

717 3060 117 28 Vivginnia
850 3060 100 27 tobacco,
965 3061 153 27 mignionette,
1138 3062 46 22 and
1209 3064 66 19 sweet

689 3094 60 20 peas,

718 3113 39 22 All
766 3118 56 18 sorts
832 3114 26 21 of
864 3113 85 27 garden
960 3113 46 22 and
1009 3114 59 22 -field
1077 3114 106 28 cabbage,

718 3140 44 22 Do.
872 3140 36 23 do.
991 3140 37 23 do.
1084 3142 82 27 turnip,

718 3166 39 23 All
766 3169 54 20 sorts
829 3167 26 22 of
861 3167 90 27 lettuce,
962 3167 71 27 salad,
1044 3167 51 27 and,
1101 3168 91 28 brocoli,

718 3194 39 22 All
765 3197 58 19 sorts
831 3194 26 22 of
863 3194 75 28 lupins
947 3194 46 22 and
1000 3195 152 27 nasturtiums,

718 3220 38 23 All
767 3224 56 19 sorts
832 3221 27 22 of
865 3224 68 19 sweet
943 3221 75 26 herbs,

718 3248 50 22 One
777 3248 103 22 hundred
890 3248 77 22 choice
976 3248 90 22 varities
1079 3248 27 22 of
1117 3248 79 24 flower
1204 3250 71 27 seeds,

718 3276 21 21 A
750 3283 54 19 very
818 3275 103 22 valuable
937 3279 131 18 assortment
1084 3276 26 21 of
1121 3276 62 23 fresh
1199 3277 76 23 choice

689 3309 85 21 grasses
784 3303 34 21 for
826 3302 148 28 gentlemen's
987 3302 72 22 lawns
1074 3302 44 22 and
1133 3303 142 28 agricultural

689 3336 113 21 purposes,

718 3356 110 27 Cabbage,
844 3362 3 4 '
857 3356 92 27 brocoli,
978 3356 108 27 rhubard;
1099 3361 2 4 '
1113 3357 75 28 onion,
1217 3357 58 28 leek,

688 3383 84 23 lettuce
790 3383 80 28 plants-,
889 3383 49 27 &c.,
958 3390 51 16 now
1028 3384 71 28 ready
1117 3387 23 19 to
1157 3385 29 21 be
1204 3387 71 21 trans-

687 3410 101 29 planted,
799 3410 74 23 raised
880 3410 58 24 from
947 3410 97 29 samples
1055 3411 26 22 of
1089 3411 64 22 these
1162 3411 71 23 seeds.

1103 3446 35 23 W.
1153 3446 95 23 Moody.

717 3473 99 22 October
825 3474 12 20 6k6
839 3489 8 11 k
858 3474 63 21 1843.

715 3524 45 21 Ex
814 3524 145 21 Mandarin
1014 3524 54 21 and
1126 3524 122 23 William

689 3585 73 50 ON
777 3585 85 27 SALE,
878 3585 100 27 superior
987 3592 87 21 cognac
1089 3585 23 23 in
1124 3585 72 23 dozen
1206 3593 67 20 cases,

767 3612 84 24 Choice
859 3612 91 28 liquers,

717 3640 60 22 Neat
786 3640 42 22 and
839 3639 91 28 elegant
939 3639 103 23 Parisian
1054 3639 83 27 clocks,

717 3667 77 27 Fancy
804 3667 60 27 cigar
877 3674 68 19 cases,

717 3693 85 27 Jockey
812 3694 46 22 and
868 3693 64 23 other
941 3699 59 22 caps,

717 3720 101 27 Pruning
827 3720 45 23 and
882 3720 84 22 sailor's
975 3719 89 30 knives,

716 3747 100 28 Fencing
825 3747 45 23 and
881 3747 64 24 other
954 3747 65 27 nails,

715 3774 80 28 Locks,
806 3775 95 26 various,

716 3801 79 23 Gents,
806 3801 73 28 riding
888 3801 77 30 whips,

715 3828 52 22 And
788 3829 46 22 also
852 3836 31 15 on
901 3828 68 27 show,
989 3828 81 28 during
1089 3829 38 22 the
1151 3829 123 23 Christmas

685 3855 110 28 holidays,
815 3863 13 14 a
845 3855 67 28 large
928 3856 43 22 and
990 3856 89 22 various
1099 3860 134 19 assortment
1251 3857 24 22 of

685 3882 79 28 Fancy
774 3882 83 27 Goods,
868 3883 95 22 suitable
978 3883 36 22 for
1025 3883 122 24 Christmas
1157 3883 46 23 and
1217 3884 58 23 New

685 3909 62 22 Year
756 3912 109 25 presents.

1041 3937 26 22 B«
1083 3937 163 24 M.i.Eerbira.

713 3968 258 36 Lambton-quay,pec.
983 3972 35 27 19,
1030 3972 60 26 1843.

1303 709 44 22 Ex
1368 711 45 20 the
1721 713 54 20 and
1916 715 2 10 '

1489 737 66 21 liam

1362 764 28 20 To
1395 765 187 25 privattfamiliet
1597 765 43 20 and
1649 765 82 21 Tavern
1740 765 94 26 keeper**

1304 797 151 48 WINES,
1461 804 47 15 and
1529 797 117 23 SPIRITS
1662 798 26 22 of
1705 798 98 23 choicest
1818 798 70 27 quali-

1387 823 40 22 ties
1437 824 25 21 in
1472 824 70 21 bottle
1550 831 25 14 or
1583 824 25 23 in
1616 824 39 21 the
1663 824 72 27 wood,
1743 828 26 18 at
1777 831 55 20 very
1840 831 47 15 mo-

1304 848 76 23 derate
1389 850 80 27 prices,
1481 851 121 26 consisting
1612 850 51 21 of—

1332 875 79 28 Claret,
1423 876 91 27 Lafitte,
1524 877 32 21 St.
1566 876 112 26 Emelion,
1690 875 90 28 Medue,
1792 876 46 22 and
1856 877 31 21 St.

1300 901 101 28 .George,

1332 927 106 22 Sauterne
1448 928 44 21 and
1502 929 93 25 Graves,

1333 954 102 28 Superior
1461 954 60 27 Port,
1547 954 109 27 Madeira,
1681 954 59 28 light
1762 954 46 22 and
1833 953 53 24 dark

1305 981 88 27 Sherry.

1550 1009 94 31 SPIRITS.

1332 1035 56 21 Fme
1399 1035 120 28 overproof
1529 1036 95 26 Cogniac
1655 1035 70 23 either
1736 1036 54 27 duty
1799 1036 54 27 paid
1863 1043 25 15 or

1332 1063 43 21 Do.
1387 1062 102 22 Jamaica
1497 1069 58 20 rum,
1636 1066 11 18 V
1675 1063 24 22 in
1712 1063 68 27 bond,
1789 1063 24 22 in
1828 1063 37 22 the
1916 1075 2 3 ■

1332 1089 42 22 Do.
1387 1089 102 28 Geneva,
1629 1085 11 32 J
1653 1091 63 21 wood
1724 1090 44 22 and
1777 1091 24 21 in
1811 1091 76 21 bottle.
1916 1094 2 11 ;

1305 1121 62 22 With
1377 1129 13 14 a
1401 1122 61 26 large
1473 1125 133 20 assortment
1615 1124 26 21 of
1651 1122 99 28 Dantzig
1765 1123 44 22 and
1825 1122 63 23 other

1304 1152 67 19 sweat
1379 1148 100 28 liqueurs
1496 1150 28 25 of.
1533 1149 29 22 all
1573 1149 70 28 kinds,
1656 1150 117 27 including
1788 1150 101 28 superior

1305 1174 82 29 cherry-
1392 1176 95 27 brandy.
1517 1177 30 21 At
1557 1176 37 22 the
1604 1180 58 19 store
1677 1177 24 21 of

1589 1205 119 21 Abraham
1718 1204 76 26 Hort,
1804 1210 56 20 sen.,

1304 1258 77 6 __^
1737 1231 77 21 Kumu
1825 1230 63 22 Toto.

1305 1275 40 21 To
1370 1275 168 26 Merchants,
1565 1275 134 26 Whalers,
1724 1276 54 21 and
1798 1275 90 21 Store-
1916 1280 2 15 :

1535 1303 121 26 keepers.

1304 1328 198 49 WHALING
1522 1329 46 22 and
1582 1329 64 23 lance
1663 1329 57 22 lines
1735 1329 25 21 of
1771 1336 68 20 every
1849 1328 39 22 de-

1387 1356 113 27 scription,

1332 1382 127 28 Harpoons,
1475 1383 83 27 lances,
1573 1382 47 24 and
1637 1383 87 27 spades,
1742 1383 26 21 of
1786 1381 38 24 the
1839 1383 49 21 best

1304 1409 114 25 tempered
1426 1410 58 27 iron.

1333 1435 132 23 Warranted
1471 1437 95 21 London
1573 1436 71 27 made,
1655 1435 102 28 together
1762 1436 54 22 with
1823 1443 66 20 every

1282 1465 4 20 \
1305 1462 63 22 other
1378 1463 137 27 description
1524 1463 26 22 of
1557 1463 96 26 whaling
1663 1463 149 26 implements,
1823 1463 66 26 slops,

1305 1490 170 22 manufactured
1490 1490 76 27 goods,
1579 1490 109 22 Hambro'
1699 1489 62 27 pork,
1771 1489 117 27 groceries,

1305 1515 106 23 Florence
1421 1517 39 27 oil,
1470 1517 47 22 and
1525 1524 121 14 numerous
1662 1516 63 22 other
1735 1516 96 22 articles.
1859 1517 32 21 At

1304 1543 37 22 the
1350 1547 59 18 store
1419 1543 27 21 of

1680 1571 29 20 A.
1720 1569 77 27 Hort,
1807 1576 56 19 sen.,

1739 1596 78 22 Kumu
1826 1597 63 21 Toto.

1329 1643 118 29 Eligible
1460 1643 135 22 Freehold
1609 1642 133 28 Building
1756 1642 122 22 Ground.

1306 1678 67 49 TO
1404 1677 40 23 BE
1472 1677 81 23 SOLD
1584 1676 41 23 BY
1649 1676 140 23 PRIVATE
1819 1676 73 22 CON-

1366 1705 110 22 TRACT.
1487 1715 29 4 —
1524 1704 54 22 Two
1602 1704 129 22 allotments
1756 1704 25 22 of
1801 1706 51 25 part
1869 1703 27 22 of

1305 1731 69 23 Town
1384 1732 60 22 Acre
1456 1733 46 26 128,
1515 1731 54 22 each
1584 1731 86 27 having
1684 1733 29 20 30
1727 1731 46 22 feet
1782 1731 108 26 frontage,

1304 1759 44 22 and
1358 1758 123 28 extending
1496 1760 28 21 60
1538 1759 45 21 feet
1600 1759 23 21 in
1641 1757 75 29 depth,
1727 1758 98 22 situated
1841 1757 22 22 in
1878 1764 15 15 a

1304 1789 67 18 street
1378 1785 90 29 leading
1478 1786 58 21 from
1547 1785 195 28 Ingestrie-street.

1333 1813 74 32 Apply
1425 1817 24 17 to
1474 1813 89 22 Messrs.
1582 1813 89 21 Brewer
1693 1812 46 22 and
1757 1811 133 35 Blathwayt,

1307 1840 158 26 Willis-street,
1476 1847 24 14 or
1511 1840 90 21 Messrs.
1614 1839 102 28 Holroyd
1724 1839 47 22 and
1782 1839 65 27 Hart,
1862 1839 29 22 fe

1306 1868 53 21 Aro.

1331 1893 127 24 December
1466 1895 34 25 30,
1512 1895 59 20 1843.

1305 1941 67 48 TO
1387 1940 66 27 LET,
1469 1947 13 15 a
1492 1940 152 22 commodious
1662 1940 78 22 House
1757 1947 28 15 on
1800 1940 33 22 Te
1844 1940 46 22 Aro

1378 1967 57 27 Flat,
1448 1967 53 22 with
1510 1967 85 26 garden
1605 1967 90 27 ground
1704 1967 112 27 attached,
1822 1966 69 28 lately

1303 1994 108 29 occupied
1420 1995 29 26 by
1462 1995 46 23 Mr.
1517 1994 107 22 Wallace.

1332 2022 43 21 For
1385 2021 139 28 particulars,
1536 2021 68 27 apply
1614 2024 24 18 at
1646 2021 38 22 the
1698 2022 85 19 Gazette
1791 2021 72 21 office.

1333 2048 125 22 December
1468 2049 34 25 12,
1514 2049 61 20 1843.

1395 2093 91 22 Snuffs
1493 2093 5 21 !
1527 2093 89 21 Snuffs
1625 2092 5 22 !
1635 2093 6 21 !
1672 2093 89 21 Snuffs
1769 2094 5 21 !
1782 2093 5 21 !
1794 2093 5 21 !

1305 2120 212 49 HJERVIS,
1537 2127 105 14 GENERAL
1662 2128 96 19 DEALER,
1778 2120 113 22 L.AMBTON

1369 2159 10 10 •
1411 2148 75 25 Quay,
1497 2148 40 20 has
1548 2154 28 14 on
1587 2147 46 22 sale
1641 2154 29 15 an
1681 2150 135 19 assortment
1823 2147 26 22 of
1855 2147 37 22 the

1306 2175 97 22 choicest
1417 2174 84 26 Dutch,
1522 2173 95 27 French,
1635 2174 46 21 and
1698 2174 82 21 British
1797 2175 94 26 Snuffs,

1305 2202 56 21 from
1373 2201 82 22 Barton
1467 2201 45 21 and
1522 2201 46 26 Co.,
1580 2204 23 19 at
1613 2201 95 27 English
1717 2201 79 27 prices.

1333 2228 126 22 December
1469 2229 33 25 15,
1516 2229 59 21 1843.

1531 2275 54 20 For
1597 2274 68 21 Sale.

1306 2307 69 19 HA
1402 2307 81 22 TUNS
1498 2307 26 21 of
1535 2307 37 22 the
1582 2307 50 22 best
1641 2313 50 15 new
1703 2306 37 22 Oil
1749 2307 71 22 Butts.

1307 2328 68 27 *d\J
1514 2335 75 27 Apply
1599 2338 21 17 to

1622 2361 83 22 Waitt
1722 2368 46 15 and
1778 2361 85 22 Tyser.

1333 2388 143 28 Wellington,
1492 2388 126 22 December
1629 2389 33 26 15,
1675 2389 60 21 1843.

1395 2435 54 20 For
1465 2434 69 25 Sale,
1549 2440 36 15 ex

1307 2468 172 50 BOTTLED
1502 2468 63 22 ALE
1589 2468 68 22 AND
1679 2467 130 27 PORTER,

1382 2495 62 27 Very
1455 2495 100 27 superior
1563 2495 86 28 brandy
1659 2495 24 22 in
1700 2495 130 27 hogsheads,
1848 2495 46 22 and

1306 2523 77 27 sherry
1391 2523 24 21 in
1427 2526 97 23 octaves,

1333 2550 36 22 An
1380 2554 137 18 assortment
1526 2550 26 21 of
1559 2550 64 27 slops,

1334 2578 71 21 Gents
1414 2576 66 23 shoes
1491 2577 45 22 and
1545 2584 87 20 pumps,

1333 2604 86 23 Pickles
1429 2604 46 22 and
1484 2604 108 22 mustard.

1334 2632 25 21 17
1373 2635 50 18 tons
1435 2631 113 22 Gordon's
1558 2638 49 15 new
1617 2630 31 23 oil
1658 2631 73 22 casks.

1583 2658 37 22 W.
1638 2658 27 22 B.
1681 2659 96 21 Rhodes
1792 2659 21 21 &
1828 2658 37 22 Co.

1333 2686 128 22 December
1471 2687 33 25 12,
1518 2686 60 21 1843.

1413 2732 84 22 Flour
1508 2731 6 21 !
1529 2731 84 22 Flour
1621 2731 5 22 !
1635 2731 6 21 !
1656 2732 84 20 Flour
1747 2731 5 21 !
1761 2731 7 21 !
1775 2730 6 22 !

1308 2759 70 50 ON
1389 2759 51 21 Sale
1451 2762 23 18 at
1482 2758 39 22 the
1531 2763 71 17 stores
1613 2759 24 21 of
1644 2759 30 21 R.
1685 2759 115 26 Beamish,
1808 2757 85 23 Lamb-

1376 2789 111 25 ton-quay
1488 2797 28 4 —
1517 2786 49 22 best
1573 2785 92 28 Sydney
1672 2785 58 22 flour
1738 2785 55 21 from
1804 2785 91 23 Grose's

1307 2813 68 27 Mills,
1387 2816 22 19 at
1418 2815 50 22 £14
1477 2820 40 22 per
1527 2817 46 23 ton,
1585 2813 60 26 cash,
1657 2820 30 14 ex
1697 2813 59 26 Lady
1766 2813 75 26 Leigh.

1334 2840 125 23 December
1468 2843 34 25 26,
1515 2841 60 21 1843.

1408 2888 40 19 To
1478 2888 86 19 Cover
1594 2886 54 21 this
1678 2887 112 23 Season,

1509 2916 32 19 At
1554 2915 135 25 Wellington,

1307 2941 91 49 THE
1451 2941 280 23 THOROUGHBRED
1787 2940 106 24 HORSE

1511 2970 229 24 WANDERER,

1306 2995 37 23 the
1352 3000 106 24 property
1468 2996 27 22 of
1500 2996 86 23 Robert
1597 2996 105 22 Jenkins.

1333 3027 123 23 Wanderer
1465 3036 45 14 was
1519 3032 39 24 got
1566 3029 31 27 by
1606 3027 84 29 Young
1700 3028 131 28 Wanderer,
1838 3029 55 22 bred

1306 3054 29 27 by
1351 3055 60 22 Lord
1431 3055 129 28 Egremont,
1581 3055 45 22 and
1644 3055 112 28 imported
1774 3056 47 21 into
1841 3056 51 22 Van

1306 3081 108 23 Diemens
1441 3083 67 22 Land
1526 3083 30 26 by
1578 3082 66 22 Thos.
1671 3082 86 28 Henty,
1783 3082 61 28 Esq.,
1855 3087 39 23 got

1306 3109 29 28 by
1345 3109 44 23 Old
1400 3109 122 23 Wanderer
1531 3113 39 18 out
1579 3110 26 21 of
1616 3110 90 27 Ogress.

1333 3136 59 23 Dam
1408 3136 130 28 Thalestris,
1551 3137 31 27 by
1599 3137 117 27 Octavius,
1734 3136 93 28 Orville,
1843 3137 48 28 &c,

1306 3163 40 22 &c.

1334 3190 58 23 Dam
1404 3198 13 15 a
1430 3190 68 23 blood
1514 3198 61 15 mare
1591 3190 31 28 by
1632 3191 68 23 Peter
1714 3190 66 28 Finn,
1792 3195 40 18 out
1841 3191 26 22 of
1879 3199 14 14 a

1305 3217 67 24 blood
1381 3225 61 16 mare
1453 3218 31 28 by
1495 3218 105 23 Bollivar.

1333 3245 101 23 Bollivar
1448 3252 45 15 was
1502 3245 111 28 imported
1630 3245 32 27 by
1671 3244 39 23 the
1720 3244 51 23 Van
1785 3245 109 23 Diemens

1307 3272 66 23 Land.
1389 3274 125 26 Company,
1534 3273 46 22 and
1597 3272 19 23 is
1635 3272 39 23 the
1693 3273 42 22 sire
1754 3272 26 23 of
1800 3272 92 24 Donald

1307 3300 72 27 Caird,
1395 3300 53 22 Yon
1465 3300 92 28 Trump,
1572 3300 44 23 and
1627 3299 65 23 other
1709 3300 96 27 winning
1817 3300 76 23 horses

1307 3333 30 16 on
1345 3327 36 22 the
1392 3327 52 22 Van
1456 3327 107 22 Diemens
1573 3326 68 23 Land
1649 3328 53 21 turf.

1333 3354 46 23 The
1388 3354 127 29 proprietor
1524 3354 75 22 deems
1615 3355 18 21 it
1641 3361 149 21 unnecessary
1800 3357 24 20 to
1839 3354 54 23 offer

1306 3386 119 22 comment,
1436 3389 27 15 as
1475 3381 83 29 judges
1566 3380 28 24 of
1606 3381 79 23 horses
1699 3380 44 24 will
1757 3386 23 18 at
1865 3382 28 22 be

1306 3409 123 22 convinced
1449 3409 50 22 that
1517 3404 35 27 Sis
1569 3408 76 27 blood,
1665 3409 65 27 bone,
1747 3409 45 22 and
1809 3409 87 28 beauty

1305 3436 94 22 reaches-
1404 3443 82 15 nearer
1494 3436 126 27 perfection'
1628 3436 56 22 than
1693 3436 49 22 that
1748 3436 27 22 of
1780 3443 46 21 any
1830 3436 64 23 other

1305 3461 65 24 horse
1379 3464 24 22 in
1413 3463 45 23 this
1469 3463 97 28 Colony..

1332 3490 84 28 Terms,
1428 3498 14 15 a
1451 3490 71 28 single
1531 3498 63 14 mars
1604 3491 35 25 £4
1657 3492 43 26 45.,
1709 3491 95 28 payable
1815 3499 30 15 on
1856 3491 37 23 the
1914 3495 2 12 <

1307 3517 33 21 Ist
1348 3517 124 28 February,
1484 3518 61 22 1844.

1333 3544 130 24 November
1472 3545 33 26 10,
1517 3545 61 22 1843.

1508 3588 40 25 £S
1561 3592 127 21 Reward.
1914 3601 2 21 I

1304 3624 50 50 A
1369 3624 138 24 REWARD
1523 3624 30 23 of
1564 3625 35 25 £5
1618 3625 45 23 will
1682 3626 31 22 be
1729 3626 67 27 given
1811 3626 36 22 for
1856 3624 38 24 the
1913 3624 3 16 '

1383 3652 119 28 discovery
1510 3653 26 21 of
1547 3652 37 22 the
1600 3658 94 22 persons
1703 3653 51 22 who
1769 3660 38 15 are
1818 3653 24 22 in
1856 3653 37 21 the
1914 3657 1 11 '

1303 3677 64 23 habit
1383 3679 26 22 of
1421 3679 98 28 stealing
1528 3680 57 22 from
1601 3680 38 22 the
1655 3680 57 22 back
1723 3681 26 21 of
1762 3680 37 24 the
1809 3679 88 28 garden,
1913 3690 2 10 i

1305 3705 25 21 of
1341 3705 40 23 the
1387 3707 158 28 undersigned,
1557 3707 22 22 in
1595 3707 103 28 Murphy/
1705 3708 82 22 Street,

1630 3735 26 21 T.
1674 3735 33 21 M.
1721 3735 144 21 Partridge.
1913 3733 3 32 j

1331 3759 130 24 November
1471 3762 34 25 15,
1517 3762 62 22 1843.
1696 3761 3 4 '
1913 3759 3 36 j

1495 3808 85 21 Fresh
1595 3808 107 24 Butter,

1304 3841 163 49 ALWAYS
1484 3849 29 15 on
1528 3841 50 23 Saile
1594 3845 25 19 at
1634 3841 41 23 the
1682 3841 67 23 Meat
1759 3839 139 28 Com-pany'si
1914 3837 1 25 !

1382 3868 118 28 premises.

1308 3925 169 3 ____^___
1577 3895 36 23 W.
1628 3895 33 24 ?l
1663 3902 70 19 '.'per,
1748 3895 117 27 Manager.
1914 3901 1 8 '

1305 3941 73 52 ON
1391 3941 87 26 SALE,
1493 3945 25 18 at
1526 3941 45 23 this
1582 3940 80 26 officer
1665 3940 70 22 blank
1746 3940 59 23 Bill
1816 3940 77 24 Books

1381 3968 140 25 "/Gazette/'
1536 3968 71 30 oflScii,
1618 3967 57 23 Dee
1684 3968 22 22 4.
1742 3982 4 5 .

1920 715 39 20 To
1975 715 161 21 Gentlemen
2150 716 147 27 intending
2310 718 28 19 to
2352 718 77 19 enter
2441 716 62 20 into

1945 741 45 21 the
2018 741 143 26 profitable
2189 743 109 25 pursuit
2325 743 30 20 of
2381 743 124 25 Grazing

1929 765 4 4 '
1946 767 56 21 and
2021 768 136 27 Breeding
2175 769 93 24 Stock,
2289 769 42 21 for
2349 769 89 21 which
2458 769 46 21 the

1947 793 88 22 fertile
2055 794 109 21 Islands
2185 795 30 21 of
2232 795 70 21 New
2318 795 121 22 Zealand
2458 800 46 17 are

1946 825 32 15 so
1993 820 150 26 peculiarly
2157 821 126 26 adapted.

1921 844 92 49 THE
2023 846 151 26 undersigned
2183 847 44 26 beg
2236 851 22 18 to
2266 847 81 23 inform
2356 847 59 23 their
2419 847 86 23 friend*

1991 872 46 21 and
2052 872 40 22 the
2105 873 73 26 public
2194 874 122 27 generally,
2331 874 49 21 that
2396 874 54 28 they
2460 874 47 22 will

1921 901 100 18 contract
2045 898 36 21 for
2098 902 37 18 the
2159 898 99 29 delivery
2284 900 26 21 of
2329 900 38 21 the
2390 900 117 27 following

1921 922 134 29 description
2070 924 25 22 of
2101 925 157 27 Stockjia.any
2269 925 53 22 Pert
2330 925 26 22 of
2368 925 38 22 the
2415 926 94 22 Islands

1922 950 25 20 of
1954 948 56 24 New
2020 950 101 22 Zealand
2128 958 5 14 :
2135 962 28 4 —

1948 976 96 22 Horned
2060 977 67 21 cattle
2144 977 125 27 (improved
2282 977 87 27 breeds)
2386 978 25 22 of
2423 978 32 22 all
2469 978 39 30 dej-

1922 1003 125 27 scriptions,

1948 1030 93 27 Horses,
2063 1030 58 22 from
2141 1030 37 22 the
2201 1031 50 21 best
2271 1031 93 27 English
2383 1031 45 22 and
2445 1029 63 25 Arab

1921 1057 69 27 studs,
2008 1057 94 23 suitable
2118 1057 34 22 for
2170 1058 85 27 racing,
2271 1058 82 27 saddle,
2364 1065 25 15 or
2401 1057 92 23 harness
2500 1066 7 19 ;

1921 1084 45 22 and
1975 1085 109 26 breeding
2093 1092 78 19 mares,

1948 1111 58 22 Pure
2016 1112 77 21 Saxon
2102 1111 45 22 and
2156 1112 87 22 merino
2253 1118 64 21 ewes,
2347 1130 2 3 .
2364 1128 2 4 .

1947 1138 123 22 Half-bred
2086 1138 111 23 Leicester
2211 1139 45 21 and
2273 1138 85 22 merino
2377 1144 64 21 ewes,
2457 1146 52 20 par-

1921 1165 102 28 ticularly
2034 1165 95 28 adapted
2142 1165 34 23 for
2187 1165 43 23 this
2239 1169 102 24 country,
2352 1172 23 15 as
2384 1165 54 28 they
2444 1167 65 21 unite

1921 1192 81 27 weight
2012 1192 27 22 of
2044 1199 87 15 carcass
2142 1192 50 22 with
2202 1193 98 21 fineness
2311 1192 24 22 of
2342 1193 62 21 wool.

1947 1219 48 22 The
2018 1218 150 29 undersigned
2191 1226 43 15 can
2262 1219 166 23 accommodate
2456 1226 52 21 pur-

1921 1246 89 22 chasers
2025 1246 26 22 of
2065 1245 57 23 their
2131 1246 67 22 Stock
2215 1245 55 23 with
2286 1247 114 21 extensive
2413 1247 96 26 grazing

1920 1280 61 20 runs,
1992 1272 78 23 within
2081 1275 40 20 100
2129 1273 64 22 miles
2203 1273 27 22 of
2236 1273 43 21 this
2289 1273 59 22 Port.

2181 1306 35 22 W.
2233 1306 26 22 B.
2274 1306 95 23 Rhodes
2383 1306 44 22 and
2441 1306 40 21 Co.

2133 1352 165 21 Almanack.

1922 1385 73 49 AN
2008 1385 187 27 JALMANACK
2215 1385 33 22 for
2267 1385 134 27 Wellington
2418 1385 20 23 is
2457 1391 52 16 now-

1992 1412 129 28 publishing
2131 1416 23 18 at
2162 1412 44 21 this
2216 1412 80 23 Office.

2152 1452 76 19 price,
2244 1446 31 20 Is.

2102 1471 75 27 Office,
2189 1471 126 22 December
2324 1472 19 26 7,
2356 1473 60 21 1843.

1925 1517 72 48 ON
2013 1517 80 21 SALE
2107 1520 23 18 at
2148 1517 39 21 the
2206 1516 71 23 Office
2297 1517 24 21 of
2337 1517 45 21 this
2399 1524 112 21 paper:—

2004 1543 63 27 Keys
2077 1543 25 21 of
2110 1543 36 21 the
2156 1543 69 22 Town
2236 1543 27 22 of
2269 1543 55 22 New
2333 1543 127 28 Plymouth,

1952 1570 68 22 Plans
2030 1570 26 22 of
2063 1571 99 26 Country
2172 1570 67 22 Laud
2247 1570 73 22 round
2331 1570 143 28 Wellington,
2484 1570 26 23 in

1925 1604 58 19 case,

1951 1625 69 21 Plans
2031 1623 27 22 of
2064 1623 92 27 Nelson,
2166 1624 23 22 in
2201 1630 58 21 case,

1952 1652 80 27 Copies
2048 1651 27 21 of
2088 1651 37 22 the
2142 1651 54 22 New
2216 1651 100 22 Zealand
2330 1651 100 27 Journal,
2448 1652 61 27 1842,

1925 1678 117 27 complete,
2053 1677 83 28 bound,

1952 1705 136 27 Chapman's
2097 1705 114 27 Portfolio,
2221 1704 86 28 bound,

1952 1732 75 21 Prints
2034 1732 26 21 of
2064 1731 93 28 Nelson,

1953 1759 75 22 Prints
2037 1759 28 21 of
2068 1758 141 28 Wellington,

1952 1785 68 22 Plans
2030 1786 27 21 of
2063 1785 84 22 Nelson
2157 1786 24 21 in
2190 1785 86 27 Sheets,

1953 1812 68 23 Plans
2031 1812 27 22 of
2063 1813 99 27 Country
2172 1812 66 23 Land
2248 1816 24 19 at
2284 1812 143 28 Wellington,

1952 1840 68 23 Plans
2029 1840 26 21 of
2062 1839 38 22 the
2109 1840 68 21 Town
2188 1840 25 22 of
2220 1840 57 22 New
2288 1839 125 29 Plymouth.

1950 1873 133 28 September
2093 1875 32 26 19,
2136 1875 61 21 1843.

2154 1927 41 21 On
2209 1926 72 26 Sate,

1925 1960 92 49 THE
2048 1959 72 22 NEW
2143 1960 153 22 ZEALAND
2324 1960 187 27 PORTFOLIO,

1999 1986 127 23 conducted
2143 1987 29 27 by
2185 2009 5 8 t
2192 1986 32 23 H.
2241 1987 22 22 S.
2281 1988 121 26 Chapman,
2423 1988 37 26 (of
2472 1987 40 23 the

1925 2013 88 22 Middle
2018 2013 112 27 Temp!©,)
2141 2014 213 21 Barrister~-at»La-w.

1950 2040 46 22 No.
2009 2039 18 22 I.
2029 2051 29 3 —
2058 2040 23 21 A
2096 2039 76 22 Letter
2187 2043 23 18 to
2229 2039 38 22 the
2284 2039 69 28 Right
2369 2040 63 23 Hon.
2451 2040 62 23 Lord

1925 2066 98 28 Stanley,
2043 2066 117 28 Secretary
2179 2066 27 22 of
2222 2067 60 22 State
2302 2066 34 22 for
2354 2066 37 23 the
2410 2067 107 24 Colonial

1925 2094 157 27 Department,
2115 2093 34 22 On
2157 2093 38 22 the
2201 2093 188 22 Administration
2395 2094 25 22 of
2424 2094 89 23 Justice

1925 2121 22 22 in
1957 2119 58 24 New

1952 2148 45 21 No.
2011 2147 64 22 ll.—
2075 2148 77 21 Letter
2165 2151 24 18 to
2204 2147 63 22 John-
2280 2147 59 22 Abel
2354 2147 79 27 Smith,
2450 2148 62 28 Esq.,

1926 2174 69 27 M.P.,
2029 2175 36 21 On
2075 2174 38 22 the
2119 2174 146 27 Advantages
2271 2174 72 22 which
2349 2174 74 23 would
2432 2182 82 16 accrue

1925 2205 22 18 to
1957 2201 96 27 English
2064 2201 125 27 Capitalists
2197 2201 59 22 from
2266 2201 39 22 the
2314 2201 169 23 establishment
2490 2202 27 22 of

1925 2237 15 14 a
1947 2230 61 19 Loan
2018 2230 104 24 Company
2131 2228 33 22 for
2173 2229 54 20 New
2236 2229 99 27 Zealand,
2346 2228 84 23 similar
2441 2232 24 19 to
2475 2229 39 22 the

1926 2256 129 22 Australian
2065 2256 66 21 Trust

1952 2284 45 21 No.
2109 2284 36 21 An
2157 2283 98 22 Address
2266 2287 23 18 to
2299 2282 37 23 the
2346 2283 57 22 New
2411 2282 104 23 Zealand

1926 2310 66 23 Land
2002 2310 138 28 Proprietors
2149 2310 99 23 resident
2261 2310 24 22 in
2295 2310 36 22 the
2342 2310 84 23 United
2441 2310 75 28 King-

1926 2338 59 26 dom,
1997 2345 30 15 on
2042 2337 86 22 several
2142 2340 92 19 matters
2244 2338 26 21 of
2277 2338 136 27 importance
2423 2341 23 18 to
2457 2338 59 22 their

1952 2392 45 22 No.
2015 2392 41 22 IV.
2058 2403 29 4 —
2114 2392 35 21 On
2168 2391 38 22 the
2227 2391 116 23 Financial
2361 2392 115 22 condition
2491 2388 26 25 oi

1926 2419 57 22 New
2126 2419 31 28 by
2166 2418 92 23 Charles
2267 2419 76 27 Terry,
2355 2418 59 29 Esq.,
2424 2419 90 26 F.R.S.,

1926 2446 81 22 F.S.A.

1954 2474 43 22 No.
2013 2474 29 20 V.
2044 2484 29 5 —
2074 2475 20 20 1.
2145 2473 160 22 Observations
2328 2480 30 14 on
2382 2472 134 28 facilitating

1927 2501 141 27 Emigration
2093 2503 22 19 to
2138 2500 56 22 New
2219 2500 107 28 Zealand,
2345 2500 31 28 by
2395 2507 79 15 means
2493 2500 24 21 of

1927 2528 117 22 Moderate
2065 2528 98 27 Charges
2177 2528 36 21 for
2232 2528 68 21 Chief
2316 2527 43 23 and
2375 2527 142 22 Fore-Cabin

2090 2555 27 21 In
2126 2562 14 14 a
2151 2555 76 21 Letter
2237 2558 24 18 to
2271 2554 83 29 Joseph
2365 2555 88 26 Somes,
2462 2554 53 28 Esoj;

1926 2583 41 21 &c.
1978 2583 40 21 &c.
2049 2582 35 27 By
2095 2582 30 22 H.
2137 2583 22 21 S.
2169 2581 124 28 Chapman.

1954 2611 20 21 2.
2016 2610 21 20 A
2049 2610 76 20 Letter
2133 2616 29 14 on
2173 2609 106 27 Banking
2288 2609 26 21 in
2323 2608 55 22 New

1927 2637 34 26 By
1972 2635 87 23 Arthur
2069 2636 25 22 T.
2107 2635 107 28 Holroyd,
2227 2636 52 27 Esq.

1954 2663 45 22 No.
2015 2663 41 22 VI.
2058 2674 29 5 —
2110 2663 159 22 Observations
2283 2670 29 15 on
2321 2662 36 22 the
2369 2663 147 27 Advantages

1927 2690 25 22 of
1965 2698 14 13 a
1996 2690 185 27 Representative
2196 2689 121 28 Assembly
2331 2690 35 22 for
2385 2690 57 22 New
2458 2690 58 22 Zea-

1954 2744 101 22 General
2065 2745 49 22 title
2124 2744 44 22 and
2177 2743 152 23 introduction
2340 2748 23 18 to
2372 2744 37 22 the
2420 2744 83 23 Series.

2119 2780 68 14 PRICE
2205 2779 119 15 SIXPENCE.

1957 2807 87 20 Gazette
2055 2806 79 27 Office,
2146 2807 69 27 Sept.,
2227 2808 62 20 1843.

2091 2861 77 21 Meat
2200 2860 151 27 Company.

2162 2894 124 23 BUTTER

1927 2927 163 49 ALWAYS
2103 2934 30 15 on
2143 2926 69 28 hand,
2229 2927 44 22 and
2289 2929 23 19 to
2326 2926 28 22 be
2369 2926 53 28 had,
2432 2925 85 23 whole-

2007 2955 46 21 sale
2073 2954 42 22 and
2135 2954 71 27 retail,
2227 2957 22 18 at
2270 2954 39 22 the
2331 2954 79 22 lowest
2428 2953 89 23 market

1926 2982 68 27 price,
2009 2989 14 15 a
2042 2982 61 26 large
2123 2981 78 28 supply
2217 2981 27 22 of
2258 2981 39 22 the
2310 2981 128 22 celebrated
2455 2981 62 22 Cow-

1926 3013 90 23 pasture
2026 3009 47 21 and
2081 3009 118 22 Terawitte
2214 3008 72 28 Dairy
2295 3008 85 22 Butter.

2200 3042 37 23 W.
2250 3042 106 27 Flyger,
2372 3042 118 27 Manager.

1954 3076 99 22 October
2062 3077 34 26 27,
2108 3077 61 21 1843.

2098 3128 77 20 Meat
2196 3127 149 26 Company.

1927 3159 92 50 THE
2040 3160 237 27 UNDERSIGNED,
2296 3159 85 28 having
2397 3160 59 22 been
2477 3165 40 24 ap^

2001 3187 92 29 pointed
2107 3188 109 27 Manager
2227 3187 25 22 of
2266 3187 38 22 the
2316 3187 64 22 Meat
2389 3187 125 28 Company,

1926 3213 54 29 begs
1989 3218 23 19 to
2022 3222 118 15 announce
2150 3215 49 22 that
2213 3222 14 14 a
2236 3213 88 28 regular
2333 3213 77 29 supply
2419 3215 27 21 of
2455 3215 61 27 beef,

1926 3244 94 25 mutton,
2042 3243 46 21 and
2103 3241 57 29 pork
2176 3249 53 20 may
2248 3236 82 32 always
2348 3241 27 22 be
2396 3241 121 28 depended

1926 3276 61 20 upon
1998 3273 23 18 at
2030 3269 46 22 this
2086 3269 173 22 establishment.

1953 3297 34 21 As
2010 3296 46 22 this
2079 3296 114 28 Company
2212 3302 108 26 purposes
2338 3295 79 27 selling
2436 3298 25 19 at
2478 3296 39 23 thd

1925 3323 79 23 lowest
2011 3324 74 28 prices
2095 3328 22 17 at
2131 3323 73 22 which
2213 3326 19 18 it
2245 3322 20 22 is
2273 3322 71 22 found
2353 3322 37 22 the
2400 3326 62 19 meat
2475 3331 42 16 can

1925 3350 30 22 be
1964 3350 109 28 afforded,
2084 3350 38 23 the
2130 3349 151 27 undersigned
2289 3349 20 22 is
2323 3349 52 28 only
2385 3349 131 26 authorized

1926 3381 22 19 to
1959 3378 51 27 give
2016 3385 56 19 very
2077 3377 85 23 limited
2171 3377 78 26 credit,
2256 3376 47 23 and
2310 3376 39 22 has
2355 3377 57 22 been
2421 3378 96 23 ordered

1926 3408 25 19 to
1966 3409 49 24 stop
2029 3405 31 22 all
2075 3408 104 19 accounts
2192 3403 74 22 which
2281 3410 37 15 are
2333 3408 42 17 not
2389 3404 52 28 paid
2456 3411 61 22 upon

1926 3432 103 23 demand.

1952 3459 49 22 The
2011 3458 101 23 business
2122 3457 25 23 of
2155 3457 37 22 the
2203 3457 115 28 Company
2327 3457 19 22 is
2356 3458 86 23 carried
2453 3467 29 15 on
2492 3460 25 23 in

1927 3486 58 23 their
1999 3491 50 17 new
2064 3484 107 28 building,
2184 3484 89 23 erected
2291 3484 100 23 between
2410 3484 107 26 France's

1926 3512 69 23 Hotel
2015 3512 44 23 and
2079 3512 37 21 the
2134 3511 58 22 head
2209 3512 28 21 of
2249 3511 39 22 the
2305 3512 55 28 Bay,
2378 3513 47 23 and
2438 3514 79 28 nearly

1927 3540 99 28 opposite
2036 3543 24 18 to
2071 3539 44 22 Mr.
2126 3538 83 28 Lyori's
2219 3538 71 23 Store.

2199 3565 37 22 W.
2250 3566 102 28 Feyger,
2369 3568 120 28 Manager.
2510 3578 4 4 •

1953 3593 133 23 November
2094 3594 34 25 23,
2140 3594 61 21 1842.
2369 3613 5 3 .

2098 3639 77 21 Meat
2191 3640 150 27 Company.

2055 3665 336 26 VEGETABLES.

1929 3692 175 51 SHIPPING
2119 3693 45 22 and
2179 3694 107 23 Families
2303 3702 40 15 can
2357 3696 29 22 he
2401 3696 116 28 regularly

1982 3719 104 28 supplied
2095 3720 53 22 with
2156 3721 30 22 all
2193 3721 152 29 descriptions,
2349 3723 26 22 of
2381 3724 135 27 vegetables.

2208 3756 36 22 W.
2255 3757 102 27 Flyger,
2369 3757 119 27 Manager.

1953 3781 133 29 September
2095 3783 33 26 29,
2140 3781 61 24 1843:
2420 3782 3 6 '

2098 3829 78 21 Meat
2190 3829 151 27 Company,

1926 3862 75 51 AN
2029 3860 201 26 APPRENTICE
2258 3866 24 16 to
2309 3863 37 25 the
2369 3864 107 24 business
2498 3866 19 22 h

2115 3908 3 4 .
2131 3890 44 23 For
2192 3890 140 29 particulars,
2348 3892 67 29 appjy
2432 3900 30 15 on
2477 3893 39 26 the;

1926 3923 116 22 premises.

2200 3942 156 31 W/FiYGER,
2371 3942 120 33 Manager.
2511 3949 5 5 '

1953 3971 134 30 September
2096 3971 34 28 29,
2143 3973 61 21 1843.
