2569 4079
126 2129 171 24 SHIPPING
317 2131 278 26 INTELLIGENCE.

288 2191 143 21 ARRIVED.

95 2215 116 23 December
230 2218 27 20 30
276 2221 68 18 cutter
364 2220 111 20 Catherine
493 2221 111 25 Johnston,
622 2222 35 23 10,

55 2240 94 30 'Taylor,
159 2245 56 21 from
226 2246 126 26 Wanganui.

94 2271 104 22 Decmber
222 2274 36 22 31,
279 2275 105 20 schooner
406 2275 66 21 Three
493 2277 108 24 Brothers,
623 2278 34 25 32,

64 2298 100 26 Jackson,
176 2301 57 21 from
245 2301 74 22 Queen
330 2302 130 22 Charlotte's
471 2304 82 21 Sound.

307 2352 119 22 SAILED.

95 2376 115 23 December
225 2380 35 22 30,
276 2380 47 26 brig
332 2381 50 25 Bee,
403 2381 39 21 134
455 2386 57 20 tons,
531 2382 32 21 Le
576 2382 81 27 Grand,

65 2404 35 22 for
110 2406 92 27 Sydney.

95 2432 117 23 December
222 2435 34 22 31,
268 2435 105 23 schooner
380 2437 91 24 Falcon,
481 2437 35 21 for
526 2437 92 28 Sydney.

95 2460 60 21 Same
175 2462 47 26 day,
244 2462 120 27 brigantine
392 2465 127 24 Wanderer,
538 2466 41 20 130
602 2469 55 23 tons,

65 2487 79 25 Barns,
155 2489 34 21 for
199 2490 92 26 Sydney.

94 2515 61 21 Same
172 2517 48 26 day,
237 2517 46 26 brig
305 2519 97 21 William
423 2520 95 25 Stoveld,
541 2521 41 21 186
601 2524 56 24 tons,

65 2542 117 28 Davidson,
193 2545 35 19 for
238 2545 92 26 Sydney.

59 2600 95 63 New
185 2600 221 63 Zealand
437 2600 220 63 Gazette

106 2663 69 23 AND
183 2664 223 25 WELLINGTON
426 2668 191 24 SPECTATOR.

162 2719 160 26 Wednesday,
338 2721 112 24 January
463 2725 20 25 3,
501 2725 60 22 1844.

1338 1722 44 24 Our
1394 1722 87 24 friends
1492 1724 23 23 in
1537 1723 110 32 England
1666 1724 58 24 have
1745 1725 61 27 often
1827 1734 63 16 com-

1305 1756 82 32 plained
1399 1756 25 23 of
1441 1756 38 24 the
1491 1756 52 25 lack
1556 1758 26 22 of
1597 1758 148 24 information
1761 1760 131 32 respecting

1305 1792 162 29 theprospects
1479 1790 26 23 of
1521 1790 37 24 the
1576 1791 84 23 farmer
1672 1792 25 23 in
1709 1792 57 24 New
1779 1792 111 31 Zealand,

1306 1823 38 23 aud
1356 1831 31 15 we
1406 1823 58 24 have
1483 1824 122 24 reiterated
1623 1825 38 23 the
1681 1826 144 32 complaints,
1850 1827 41 24 but

1305 1857 87 23 without
1420 1857 70 23 much
1514 1865 101 17 success.
1664 1859 68 24 None
1755 1860 133 31 practically

1305 1891 94 30 engaged
1412 1898 63 16 seem
1487 1891 100 24 inclined
1600 1897 23 19 to
1635 1892 73 25 afford
1726 1893 44 24 this
1790 1893 58 24 kind
1869 1894 23 23 of

1305 1923 146 29 information,
1462 1924 87 32 though
1561 1932 33 16 we
1612 1926 59 23 have
1691 1926 157 25 endeavoured
1867 1932 23 19 to

1305 1957 55 24 show
1382 1957 55 31 they
1456 1966 39 16 are
1516 1959 71 31 really
1607 1960 124 23 interested
1742 1961 24 23 in
1778 1961 30 23 its
1820 1961 70 31 being

1305 1991 74 31 spread
1392 1992 34 23 far
1438 1992 46 23 and
1499 1992 65 24 wide.

1338 2020 37 28 IVe
1436 2025 54 29 glad
1503 2030 23 19 to
1537 2026 56 23 hear
1606 2026 49 24 that
1662 2026 89 31 nearly,
1762 2027 19 24 if
1796 2033 44 18 not
1850 2028 37 25 the

1306 2053 123 33 the'whole,
1444 2058 25 22 of
1479 2058 37 23 the
1529 2058 84 24 Lower
1626 2059 63 24 Hutt
1700 2061 20 22 is
1739 2067 48 16 now
1807 2061 24 22 in
1851 2061 38 23 the

1305 2089 65 25 hands
1381 2091 26 23 of
1422 2092 85 29 parties
1519 2093 105 30 engaged
1636 2093 23 23 in
1676 2093 108 30 bringing
1803 2094 18 23 it
1840 2095 47 22 into

1306 2124 122 24 cultivation
1440 2133 8 20 ;
1467 2125 44 23 and
1524 2125 49 23 that
1586 2126 37 23 the
1635 2127 74 22 sound
1722 2127 25 23 of
1762 2127 38 23 the
1812 2127 76 24 wood-

1305 2158 67 23 man's
1395 2165 43 16 axe
1462 2159 111 23 resounds
1597 2159 140 31 throughout
1760 2160 37 23 the
1818 2161 72 24 forest

1306 2191 63 24 there.
1405 2191 52 26 The
1471 2192 81 24 Lower
1566 2192 62 24 Hutt
1636 2195 103 21 contains
1748 2193 68 24 about
1826 2195 62 24 three

1306 2225 105 23 thousand
1434 2233 73 21 acres,
1532 2226 43 23 and
1600 2226 57 24 such
1680 2227 20 23 is
1730 2227 38 24 the
1796 2228 93 31 general

1307 2258 85 31 fertility
1403 2258 29 26 ,of
1448 2259 37 23 the
1497 2259 44 24 soil
1556 2260 24 23 in
1594 2260 49 24 that
1663 2260 108 25 favoured
1792 2262 96 29 district,

1307 2292 40 24 that
1359 2300 33 16 we
1403 2292 88 24 believe
1504 2293 38 24 the
1554 2293 99 31 produce
1666 2294 51 24 that
1728 2294 45 24 will
1788 2295 29 23 be
1837 2302 51 17 sent

1305 2326 51 24 from
1368 2326 66 24 those
1445 2326 42 23 few
1499 2334 65 16 acres
1575 2327 47 23 will
1633 2336 64 16 more
1709 2328 54 23 than
1780 2328 52 24 feed
1851 2329 37 23 the

1305 2364 84 26 present
1401 2359 132 31 population
1546 2360 26 24 of
1587 2360 46 24 this
1645 2362 139 23 settlement.

1339 2395 18 21 It
1368 2395 20 21 is
1401 2395 120 22 estimated
1533 2395 50 22 that
1594 2395 65 23 three
1671 2395 102 25 hundred
1791 2400 52 20 tons
1864 2397 23 23 of

1306 2426 51 24 flour
1377 2426 45 23 will
1441 2426 29 24 be
1491 2427 115 31 produced
1627 2428 23 23 in
1671 2429 45 24 this
1735 2429 90 24 district
1843 2430 44 23 this

1305 2467 81 21 season,
1406 2459 46 24 and
1472 2460 51 24 that
1541 2461 40 24 the
1599 2463 105 30 quantity
1726 2463 44 23 will
1789 2463 29 23 be
1830 2472 57 22 aug-

1305 2493 84 24 mented
1412 2498 24 19 to
1455 2502 70 16 seven
1546 2494 104 25 hundred
1672 2501 52 20 tons
1747 2501 55 19 next
1823 2505 63 23 year.

1306 2526 88 26 Besides
1405 2527 126 32 supplying
1543 2528 38 24 the
1594 2534 72 20 wants
1691 2530 25 24 of
1731 2530 37 24 the
1788 2530 97 31 district,

1306 2568 13 15 a
1330 2561 149 23 considerable
1491 2563 105 30 quantity
1609 2563 25 22 of
1653 2563 60 24 flour
1725 2564 20 23 is
1756 2564 86 24 needed
1853 2565 34 24 for

1305 2594 37 24 the
1348 2599 64 19 coast
1424 2594 63 24 trade
1497 2595 45 23 and
1549 2595 100 32 whaling
1656 2598 105 23 stations.
1786 2597 101 32 Though

1306 2627 36 24 the
1349 2627 133 24 cultivation
1494 2628 27 23 of
1536 2628 50 25 that
1596 2629 75 24 which
1690 2630 20 23 is
1728 2630 106 31 required
1853 2632 34 23 for

1307 2661 35 23 the
1348 2661 50 23 first
1410 2661 132 24 mentioned
1552 2670 101 24 purpose
1671 2668 63 19 must
1753 2663 52 25 take
1824 2665 63 31 place

1305 2694 70 24 before
1395 2694 41 26 .the
1454 2694 84 32 .colony
1562 2704 43 15 can
1628 2696 28 24 be
1680 2698 132 23 considered
1832 2699 23 23 in
1875 2707 12 15 a

1306 2728 137 31 satisfactory
1462 2734 67 24 state,
1552 2729 51 24 that
1622 2730 74 24 which
1717 2731 19 23 is
1756 2731 85 24 needed
1853 2733 34 23 for

1306 2761 110 24 theiatter
1427 2769 112 26 purposes
1550 2770 55 24 may
1616 2763 27 23 be
1659 2764 113 31 imported
1793 2765 94 24 without

1296 2795 124 24 -detriment
1429 2800 24 19 to
1465 2804 41 16 our
1515 2796 71 32 being
1598 2797 132 24 considered
1739 2799 23 22 in
1773 2808 13 14 a
1794 2799 93 31 healthy

1307 2828 115 25 condition.
1469 2829 55 24 And
1543 2838 54 16 sure
1608 2838 33 16 we
1653 2839 47 20 are,
1714 2832 49 23 that
1772 2833 21 23 if
1807 2832 80 24 know-

1307 2862 58 32 ledge
1375 2870 59 16 were
1446 2863 117 32 generally
1575 2865 122 30 possessed
1718 2865 26 24 of
1765 2866 38 23 the
1824 2867 62 30 agri-

1306 2896 89 24 cultural
1408 2896 142 32 capabilities
1563 2898 25 24 of
1603 2898 38 24 the
1654 2899 97 28 district,
1773 2904 40 19 not
1834 2901 53 30 only

1305 2929 74 25 should
1395 2938 33 15 we
1448 2938 52 24 very
1522 2938 56 17 soon
1596 2939 64 16 cease
1680 2936 22 19 to
1724 2933 83 31 import
1817 2933 70 25 bread

1305 2964 54 28 stuff,
1372 2963 43 24 but
1422 2964 54 25 .that
1487 2972 34 17 we
1541 2964 83 25 should
1643 2973 56 16 soon
1719 2966 29 24 be
1766 2967 63 31 large
1846 2976 41 16 ex-

1305 3002 80 26 porters
1398 2997 26 25 of
1440 2997 81 30 wheat,
1533 2998 88 32 barley,
1634 2999 45 24 and
1692 3004 57 21 oats.

1337 3030 37 25 We
1392 3039 40 16 are
1453 3031 76 32 happy
1541 3033 24 22 in
1587 3032 70 31 being
1678 3033 50 24 able
1749 3039 23 18 to
1792 3035 95 25 confirm

1304 3063 41 25 this
1364 3065 92 31 opinion
1476 3065 30 31 by
1534 3065 39 25 the
1598 3067 119 30 subjoined
1745 3072 142 26 statements,

1304 3097 64 25 which
1380 3098 58 24 have
1451 3099 56 23 been
1520 3099 119 25 furnished
1652 3101 30 30 by
1692 3109 29 15 an
1733 3103 154 31 enterprizing

1303 3131 122 31 gentleman
1437 3140 27 16 as
1476 3133 38 23 the
1524 3133 74 24 result
1610 3134 25 23 of
1651 3134 37 25 his
1708 3142 50 17 own
1777 3135 110 26 observa-

1303 3165 60 24 tions.
1408 3164 52 25 The
1478 3165 118 32 following
1613 3175 39 15 are
1671 3168 40 24 the
1731 3176 114 24 expences
1865 3171 22 23 of

1302 3198 93 32 clearing
1415 3199 55 24 land
1492 3200 46 24 and
1558 3200 125 32 rendering
1700 3202 48 23 into
1765 3202 61 25 flour
1848 3204 39 23 the

1300 3232 46 24 first
1356 3240 52 23 crop
1421 3233 26 23 of
1457 3232 81 31 wheat,
1550 3234 76 24 which
1635 3235 19 23 it
1666 3236 20 23 is
1696 3235 71 25 found
1779 3242 107 19 amounts

1301 3269 23 20 to
1335 3265 111 28 forty-five
1458 3267 94 26 bushels
1565 3272 23 19 to
1602 3268 38 24 the
1653 3276 61 17 acre.

1329 3803 85 23 Twelve
1438 3803 91 30 pounds
1544 3806 131 20 'seventeen
1704 3803 107 32 shillings
1835 3804 45 25 aud

1296 3835 100 33 sixpence
1406 3836 22 23 is
1450 3835 111 24 therefore
1578 3836 39 24 the
1636 3840 51 19 cost
1704 3836 26 24 of
1744 3838 134 32 producing,

1296 3868 37 24 the
1349 3869 49 24 first
1419 3876 61 23 year,
1499 3869 120 31 forty-five
1641 3869 95 25 bushels
1758 3871 23 24 of
1796 3872 83 30 wheat,

1296 3902 66 26 which
1371 3902 46 24 will
1427 3902 61 31 yield
1499 3902 71 24 about
1579 3910 45 17 one
1635 3907 41 20 ton
1686 3904 44 24 aud
1745 3912 41 16 one
1798 3906 81 31 eighth

1296 3935 24 25 of
1333 3936 69 25 flour.-

1328 3969 66 32 Many
1405 3969 27 25 of
1440 3969 39 26 the
1491 3970 71 24 above
1574 3970 97 32 charges
1680 3978 39 18 are
1732 3979 53 25 very
1794 3972 84 34 heavy,

1296 4003 41 24 and
1349 4003 47 24 will
1414 4003 30 25 be
1471 4003 99 26 reduced
1590 4004 129 32 materially
1736 4011 57 20 next
1813 4015 63 22 year.

99 2769 23 24 It
133 2771 20 23 is
166 2776 129 26 customary
307 2773 35 23 for
355 2773 98 26 colonial
473 2783 93 25 papers,
590 2785 67 24 espe-

66 2802 65 32 cially
143 2804 36 23 for
191 2804 57 24 such
260 2813 25 16 as
297 2806 109 25 circulate
423 2809 26 23 in
470 2809 75 32 newly
565 2811 91 24 formed

66 2838 164 29 communities,
244 2839 24 23 in
281 2841 107 31 entering
399 2849 61 24 upon
472 2851 14 15 a
496 2851 50 16 new
566 2852 55 23 year
633 2850 23 18 to

65 2870 81 24 review
159 2871 38 24 the
209 2877 79 19 events
300 2874 26 22 of
335 2874 38 24 the
385 2882 54 23 year
448 2876 52 31 just
512 2879 145 29 terminated,

67 2903 44 24 and
122 2904 39 24 the
179 2912 119 24 prospects
319 2907 34 24 for
372 2907 50 24 that
439 2909 74 24 which
535 2910 41 24 has
594 2919 63 16 com-

66 2936 95 24 menced
169 2946 7 20 ;
196 2938 46 23 and
262 2947 33 15 we
313 2940 44 24 will
377 2942 129 24 endeavour
519 2948 23 19 to
554 2945 103 24 conform

68 2975 23 17 to
103 2969 38 24 the
151 2975 97 19 custom.

100 3002 44 24 We
168 3004 125 25 remember
314 3006 50 24 well
385 3013 24 18 at
429 3008 38 24 the
488 3009 125 33 beginning
634 3012 25 23 of

68 3035 105 32 eighteen
194 3037 103 25 hundred
315 3046 44 17 and
380 3041 146 31 forty-three,
551 3043 50 24 that
618 3044 38 25 the

68 3069 130 25 difficulties
218 3073 132 30 presenting
368 3074 138 26 themselves
528 3077 37 23 led
588 3085 26 16 us
634 3084 22 18 to

68 3103 96 29 believe,
178 3103 49 25 that
240 3105 38 24 the
289 3106 110 25 colonists
411 3109 73 23 would
505 3109 57 24 have
573 3119 83 16 reason

68 3142 23 17 to
110 3136 28 24 be
159 3138 101 23 satisfied
279 3139 19 23 if
314 3139 38 24 the
372 3140 81 32 colony
472 3143 139 25 maintained
624 3145 32 23 its

67 3171 98 30 position
178 3170 85 33 during
274 3173 38 23 the
325 3173 79 24 twelve
421 3175 100 25 months.
558 3177 62 25 That
631 3178 24 24 in

66 3203 55 30 fact,
133 3204 21 26 if
177 3204 39 24 the
235 3205 129 25 settlement
387 3216 46 16 was
452 3210 116 32 generally
587 3212 23 23 in
629 3220 26 16 as

66 3237 58 31 good
134 3246 13 15 a
158 3238 114 25 condition
284 3245 23 18 at
320 3240 38 24 the
369 3243 148 24 lermination
528 3251 26 16 as
573 3250 24 19 at
615 3244 40 25 the

66 3270 126 33 beginning
203 3273 26 23 of
244 3273 37 25 the
292 3282 62 22 year,
371 3275 64 24 there
455 3277 74 24 would
547 3277 28 25 be
596 3278 59 26 little

66 3311 80 18 reason
159 3310 32 20 to.
194 3307 122 31 complain.
363 3308 45 24 We
427 3309 28 24 do
476 3315 40 20 not
526 3319 66 16 mean
605 3312 50 24 that

67 3338 55 24 such
135 3339 73 24 would
221 3341 116 32 generally
349 3342 27 23 be
390 3343 151 33 satisfactory,
552 3345 42 25 but
604 3346 51 24 that

67 3371 71 25 under
149 3380 40 17 our
201 3375 104 29 peculiar,
314 3376 99 30 position
426 3378 18 23 it
455 3378 75 25 .would
542 3379 28 24 be
582 3387 26 18 so
619 3380 36 23 for

65 3404 40 25 the
116 3407 93 31 expired
221 3415 61 23 year.
321 3409 35 25 Oi
366 3417 80 17 course
455 3411 108 28 cojpnists
571 3413 84 24 should

67 3439 133 32 reasonably
213 3447 81 26 expect
305 3447 23 19 to
339 3443 49 24 find
397 3444 77 32 things
488 3451 39 18 not
537 3446 53 31 only
599 3455 54 24 pro-

65 3474 106 30 gressing
182 3474 59 24 from
259 3483 55 23 year
326 3482 22 18 to
366 3485 63 24 year,
441 3478 42 24 but
498 3487 56 25 very
565 3481 88 31 rabidly

67 3509 23 19 t
102 3506 37 24 the
152 3507 62 31 early
225 3513 64 27 stage
301 3510 26 23 of
336 3511 97 24 colonial
445 3513 123 24 existence.

100 3538 92 33 During
203 3540 39 24 the
254 3548 51 25 past
316 3552 61 23 year,
391 3552 68 25 every
468 3547 91 31 pursuit
569 3548 25 23 in
614 3547 39 25 the

67 3572 130 25 settlement
209 3574 42 23 has
263 3575 57 25 been
332 3578 96 32 steadily
444 3581 114 23 extended
579 3586 24 20 to
613 3582 39 26 the

67 3610 78 20 extent
157 3606 26 25 of
192 3606 38 25 the
249 3616 79 17 means
347 3617 24 18 at
390 3612 38 24 the
446 3613 102 32 disposal
567 3616 27 23 of
614 3616 39 23 the

66 3640 91 24 settlers
167 3649 7 20 ;
193 3640 46 24 and
250 3641 45 24 had
307 3643 36 24 the
357 3645 61 24 titles
430 3650 23 20 to
473 3647 55 24 land
548 3650 103 30 question

65 3673 58 25 been
144 3674 91 30 settled,
256 3676 44 22 and
319 3684 14 16 a
343 3677 65 25 -fund
427 3679 36 25 for
473 3681 98 33 making
585 3683 68 24 roads

65 3707 97 29 existed,
175 3707 38 25 the
225 3716 108 24 progress
343 3711 75 24 would
430 3712 58 25 have
499 3715 58 24 been
577 3717 73 31 rapid.

65 3740 49 26 But
125 3741 95 31 lacking
232 3741 64 25 these
306 3745 106 23 material
427 3753 80 17 causes
525 3749 26 23 of
566 3750 85 25 advan-

59 3780 102 24 xement,
173 3775 48 24 still
232 3775 31 31 by
274 3775 173 27 determination
460 3782 67 23 much
541 3782 41 24 bas
594 3784 56 24 been

62 3809 67 24 dose.

95 3841 81 26 Roads
188 3842 58 25 have
257 3843 57 24 been
328 3844 87 32 opened
429 3845 31 32 by
470 3846 40 25 the
523 3848 126 34 Company,

63 3875 53 25 with
128 3876 83 33 partial
234 3878 167 24 contributions
411 3878 58 25 from
483 3880 38 24 the
533 3869 116 45 colonists)

62 3910 48 24 into
122 3911 39 24 the
173 3910 94 30 Karori,
281 3911 105 30 Porirua,
400 3912 43 24 and
458 3912 63 25 Hutt
532 3914 102 28 districts
642 3927 6 20 ;

62 3942 44 25 and
118 3943 39 25 the
168 3945 141 32 Importance
328 3946 27 24 of
369 3945 65 25 these
445 3947 78 24 works
534 3949 20 22 is
565 3952 84 29 proved

59 3977 32 29 Jjv
104 3977 36 26 tie
153 3976 116 27 regress
281 3980 53 27 ji'iti
348 3980 72 26 which
431 3981 86 31 partiee
527 3981 57 25 have
595 3991 53 24 pro-

1953 1797 44 24 We
2008 1797 45 23 call
2064 1799 110 22 attention
2187 1804 23 18 to
2222 1800 36 23 the
2268 1800 144 32 proceedings
2428 1803 24 22 of
2461 1804 32 22 the

1920 1831 138 23 Committee
2071 1836 22 18 to
2105 1837 92 25 present
2210 1833 37 23 the
2268 1833 119 25 Memorial
2405 1840 29 24 to,
2454 1837 39 22 and

1919 1865 77 23 confer
2008 1864 54 23 with
2074 1865 35 22 his
2121 1865 142 33 Excellency
2283 1868 94 31 Captain
2400 1868 93 32 Fitzroy,

1920 1898 75 29 R.N.,
2018 1906 29 14 on
2073 1898 35 24 his
2129 1899 83 24 arrival
2234 1901 23 22 in
2281 1901 56 24 Port
2367 1901 125 26 Nicholson.

1918 1931 66 29 Also,
1996 1936 22 19 to
2029 1931 38 23 the
2078 1932 176 25 advertisement
2264 1935 23 22 in
2309 1935 98 31 to-day's
2424 1944 69 24 papur,

1918 1964 84 32 calling
2013 1972 13 15 a
2034 1965 77 32 public
2123 1967 100 31 meeting
2231 1973 24 17 at
2273 1968 37 24 the
2328 1969 119 31 Exhange,
2468 1978 25 15 on

1919 1998 122 30 Thursday
2054 2004 60 24 next,
2124 2005 23 17 at
2161 2002 30 21 12
2201 2000 87 25 o'clock
2300 2002 22 23 in
2335 2002 37 23 the
2382 2003 51 30 day.

1950 2032 44 23 We
2006 2032 88 23 abstain
2107 2033 58 23 from
2176 2033 97 32 making
2284 2043 43 22 any
2339 2037 112 28 remarks^
2461 2045 31 16 re-

1907 2079 2 15 ;
1917 2065 105 31 specting
2040 2065 39 23 the
2098 2066 149 30 proceedings
2270 2068 25 23 of
2321 2068 84 23 certain
2428 2076 65 17 mem-

1918 2098 50 23 bers
1981 2099 25 23 of
2022 2097 38 24 the
2078 2098 136 25 Committee
2225 2101 23 22 in
2262 2107 153 26 consequence
2428 2101 24 24 of
2459 2110 34 15 our

1918 2132 66 30 being
1998 2139 60 24 upon
2071 2131 36 24 the
2119 2140 71 16 same.

2203 2169 19 12 *

1918 2195 211 21 COMMITTEE
2159 2195 46 23 TO
2240 2195 159 25 PRESENT
2428 2195 65 25 THE

1950 2225 194 26 MEMORIAL
2170 2227 54 29 TO,
2259 2229 72 24 AND
2361 2228 132 25 CONFER

1907 2256 2 27 I
1949 2259 97 24 WITH
2066 2260 58 24 HIS
2144 2260 233 27 EXCELLENCY
2403 2263 89 24 CAPT.

1907 2283 2 43 I
1951 2293 162 29 FITZROY,
2132 2294 67 25 R.N.

1949 2333 52 24 The
2015 2333 135 24 Committee
2161 2334 54 24 held
2227 2343 13 15 a
2252 2337 97 29 meeting
2361 2336 23 23 in
2398 2336 36 24 the
2446 2336 46 24 Ex-

1917 2367 95 31 change,
2025 2371 24 19 at
2069 2368 30 23 12
2120 2367 97 30 o'clock,
2231 2376 28 17 on
2271 2369 113 31 Tuesday,
2403 2370 37 24 the
2452 2369 41 25 2nd

1917 2400 25 24 of
1956 2400 111 31 January.

1984 2434 99 24 Present
2092 2442 7 16 :
2118 2434 98 25 Messrs.
2231 2436 37 24 W.
2283 2437 99 31 Guyton,

2231 2470 33 24 R.
2278 2470 90 30 Stokes,

2230 2505 32 23 A.
2276 2504 30 24 T.
2322 2504 111 32 Holroyd,

2230 2536 24 25 J.
2268 2538 81 29 Smith,

2231 2571 32 24 A.
2278 2572 68 29 Hort,

2232 2603 33 25 R.
2281 2605 68 29 Hart,

2231 2638 27 23 C.
2273 2638 35 24 M.
2323 2639 88 30 Penny,

2230 2671 39 23 W.
2283 2672 73 31 Lyon,

2231 2705 31 23 G.
2277 2705 69 30 Scott,

2231 2739 28 23 C.
2274 2739 101 29 Clifford,

2231 2772 26 23 S.
2271 2773 100 26 Revans,

2230 2805 65 25 Hon.
2309 2807 33 24 H.
2356 2806 77 29 Petre,

2228 2839 45 24 Dr.
2285 2840 88 24 Evans.

1950 2872 48 24 Mr.
2013 2871 94 31 Guyton
2120 2872 22 24 in
2155 2872 39 24 the
2208 2872 79 26 Chair.

1949 2905 118 32 Proposed
2090 2905 30 31 by
2144 2905 43 24 Dr.
2211 2906 79 25 Evans
2313 2908 43 23 and
2380 2907 113 24 carried

1940 2939 62 24 That
2020 2938 99 24 Messrs.
2133 2939 32 24 R.
2186 2940 32 24 D.
2243 2941 96 24 Hanson
2356 2942 44 23 and
2419 2942 28 23 T.
2461 2940 31 24 M.

1916 2972 121 30 Partridge
2047 2973 27 22 be
2085 2973 72 24 added
2170 2978 24 19 to
2207 2974 38 24 the

1947 3006 70 24 After
2035 3014 15 15 a
2060 3006 137 31 lengthened
2214 3008 133 29 discussion,
2361 3008 44 24 ani
2417 3008 76 29 during

1916 3039 37 24 the
1965 3040 97 24 absence
2074 3040 26 23 of
2114 3040 49 25 Mr.
2177 3041 71 30 Hort,
2262 3042 37 25 the
2311 3042 113 30 following
2436 3049 57 16 reso-

1914 3073 73 25 lution
2007 3080 48 16 was
2075 3074 124 24 submitted
2217 3075 30 31 by
2266 3075 48 25 Mr.
2328 3075 105 31 Holroyd
2452 3074 41 24 and

1915 3107 112 24 seconded
2040 3107 29 31 by
2082 3106 48 25 Mr.
2146 3108 95 24 Clifford
2252 3118 5 15 ::

1975 3141 63 23 That
2050 3141 45 23 this
2106 3141 137 25 Committee
2254 3143 20 23 is
2287 3143 25 23 of
2326 3142 91 31 opinion
2428 3141 47 24 that
2481 3148 12 16 a

1915 3175 64 23 short
1991 3174 184 32 congratulatory
2187 3175 93 24 address
2296 3176 27 23 be
2334 3175 120 32 presented
2473 3179 20 18 to

1916 3208 96 31 Captain
2032 3207 95 32 Fitzroy
2146 3216 28 15 on
2195 3208 37 24 his
2250 3209 89 28 arrival,
2351 3208 45 23 and
2416 3213 24 19 at
2459 3208 34 24 the

1914 3249 63 16 same
1987 3243 57 22 time
2055 3241 28 24 he
2094 3241 26 23 be
2132 3241 71 24 asked
2212 3246 22 19 to
2244 3243 86 22 receive
2341 3249 13 15 a
2366 3240 127 32 deputation

1914 3275 25 23 of
1954 3274 39 24 the
2005 3274 108 24 colonists
2132 3274 60 24 with-
2198 3283 14 15 a
2223 3274 122 29 memorial,
2359 3274 87 31 stating
2457 3274 36 24 the

1914 3307 110 33 principal
2044 3308 131 30 grievances
2203 3307 57 25 from
2286 3307 75 24 which
2382 3307 55 31 they
2457 3316 36 16 are

1946 3374 87 25 Moved
2052 3374 24 23 in
2095 3373 145 24 amendment
2250 3374 31 31 by
2294 3374 46 24 Mr.
2360 3373 76 33 Lyon,
2457 3383 35 16 se-

1913 3408 85 23 conded
2009 3407 31 30 by
2052 3406 47 24 Mr.
2113 3407 68 23 Scott

1970 3441 63 23 That
2044 3441 23 22 in
2080 3439 38 24 the
2128 3439 63 32 place
2202 3441 27 24 of
2236 3441 39 24 the
2286 3442 65 23 letter
2361 3449 14 14 n
2388 3441 38 24 the
2435 3441 55 25 word

1911 3473 37 24 the
1958 3474 29 24 be
1998 3472 80 33 placed
2088 3473 77 24 before
2177 3474 40 24 the
2228 3476 62 23 word

1943 3506 48 25 For
2003 3505 39 25 the
2053 3507 146 24 amendment
2213 3508 98 25 Messrs.
2326 3509 74 31 Lyon,
2422 3510 68 27 Scott,

1911 3540 89 31 Penny,
2012 3540 94 29 Stokes,
2116 3540 78 30 Petre,
2208 3543 45 23 and
2266 3543 100 25 Revaus.

1942 3573 101 32 Against
2054 3575 18 22 it
2086 3574 45 24 Dr.
2151 3574 89 31 Evans,
2264 3577 96 24 Messrs.
2381 3575 107 31 Holroyd,

1911 3606 68 31 Hart,
1990 3608 84 29 Smith,
2084 3608 105 30 Clifford,
2198 3610 108 29 Hanson,
2313 3610 44 24 and
2365 3610 122 31 Partridge.

1942 3641 52 24 The
2006 3642 145 23 amendment
2162 3650 47 17 was
2220 3644 46 23 lost
2277 3644 30 31 by
2318 3652 42 16 one
2372 3649 59 20 vote.

1936 3674 58 25 The
2005 3676 87 23 motion
2102 3683 47 16 was
2161 3682 42 26 put
2214 3677 46 25 and
2272 3677 93 25 carried.

1942 3708 101 25 Messrs.
2056 3709 76 31 Lyon,
2146 3710 73 30 Scott,
2233 3711 88 31 Penny,
2337 3710 91 29 Stokes,
2447 3708 40 27 and

1909 3742 94 25 Revans
2015 3742 55 25 then
2081 3743 91 29 retired,
2187 3744 143 32 considering
2337 3744 37 25 the
2384 3744 103 31 majority

1909 3777 23 23 of
1947 3775 40 25 the
2000 3775 137 26 Committee
2149 3783 92 25 present
2257 3783 23 19 to
2300 3778 56 25 have
2371 3775 116 26 dismissed

1909 3810 144 29 themselves,
2078 3810 29 32 by
2125 3812 96 31 passing
2238 3820 14 15 a
2274 3812 122 24 resolution
2417 3809 70 25 which

1909 3843 73 24 would
2002 3843 65 33 place
2087 3844 19 23 it
2116 3844 26 24 in
2160 3844 40 25 the
2219 3853 76 24 power
2317 3846 24 24 of
2362 3844 38 25 the
2421 3844 64 25 Com-

1908 3878 77 23 mittee
2006 3882 23 19 to
2049 3877 89 25 furnish
2160 3879 97 24 another
2274 3878 124 29 memorial,
2424 3876 62 24 while

1908 3911 57 24 their
1977 3911 76 24 duties
2071 3919 27 16 as
2117 3911 105 26 declared
2243 3913 30 31 by
2285 3912 82 25 Public
2387 3911 99 28 Meeting

1908 3952 56 16 were
1975 3949 42 20 not
2028 3949 24 19 to
2063 3951 92 26 present
2173 3954 16 15 a
2206 3946 124 29 memorial,
2341 3945 41 24 but
2393 3944 38 24 the
2440 3949 45 18 me-

1908 3978 79 25 morial
1999 3977 74 25 which
2084 3978 42 25 has
2146 3979 113 33 appeared
2270 3980 25 24 in
2306 3987 39 16 our
2355 3985 77 26 paper,
2444 3974 41 26 anl

1908 4017 20 19 to
1940 4012 79 25 confer
2030 4011 55 25 with
2097 4012 38 24 his
2153 4011 143 30 Excellency
2307 4013 64 28 Capt.
2385 4010 98 30 Fitzroy.

724 1010 51 23 The
794 1010 104 31 inability
923 1011 24 24 of
963 1012 118 31 obtaining
1100 1013 63 30 quiet
1182 1020 93 24 posses-

690 1043 48 23 sion
762 1043 26 23 of
812 1043 53 23 land
886 1044 43 23 has
947 1044 58 24 been
1025 1053 14 15 a
1056 1050 65 25 great
1137 1045 120 24 drawback
1269 1054 5 20 ;

689 1076 162 28 nevertheless,
864 1077 18 22 it
893 1084 105 23 appears,
1017 1078 19 22 it
1053 1078 19 22 is
1092 1078 114 32 supposed
1227 1078 48 23 that

689 1108 38 23 the
738 1108 73 24 wheat
822 1117 54 23 crop
888 1110 47 22 will
947 1110 56 24 have
1014 1111 57 23 been
1084 1110 96 25 doubled
1191 1111 84 32 during

690 1141 38 23 the
740 1141 45 23 last
797 1150 89 15 season.

693 144 115 30 ceeded'to
821 148 38 24 the
876 149 102 24 workof
992 149 129 25 settlement
1133 151 25 24 in
1170 151 31 24 all
1213 151 66 28 these

692 181 108 24 districts.
836 181 77 27 There
925 189 39 17 are
982 189 49 18 now
1043 191 14 15 a
1068 182 63 33 large
1144 184 95 24 number
1252 185 28 23 of

691 214 171 27 small-farmers
874 215 23 23 in
910 215 38 24 the
967 214 84 25 Karori
1062 215 43 25 and
1116 216 101 25 Porirua
1230 217 50 24 dis-

692 248 73 23 tricts.
808 247 50 24 The
880 247 64 24 Hutt
963 249 21 23 is
1003 248 40 24 the
1060 248 112 25 favourite
1191 250 89 25 district

691 280 54 23 with
757 281 86 30 parties
855 280 76 24 whose
951 281 130 31 operations
1101 290 39 16 are
1152 282 25 24 of
1192 291 14 15 a
1217 290 62 18 more

692 313 112 24 extended
819 318 90 20 nature.
946 314 43 24 We
1007 322 38 16 are
1064 315 95 24 assured
1180 316 50 24 that
1247 316 32 25 all

692 345 39 24 the
742 346 106 29 sections,
864 348 142 31 amounting,
1018 355 33 17 we
1060 347 95 30 believe,
1174 353 23 19 to
1209 349 70 24 about

692 378 78 31 thirty,
783 379 131 31 containing
933 388 65 17 more
1017 380 55 25 than
1091 381 63 23 three
1165 381 114 25 thousand

692 419 71 21 acres,
777 419 37 16 are
832 419 49 16 now
900 413 26 23 in
945 413 38 23 the
1001 412 72 27 hands
1093 414 26 22 of
1134 415 84 30 parties
1239 415 37 23 in-

691 443 139 32 dustriously
850 445 104 31 engaged
975 447 24 22 in
1023 446 38 23 the
1086 447 73 23 useful
1178 447 54 26 task
1253 448 26 23 of

691 476 116 32 subduing
825 477 39 24 the
885 478 81 24 forest.
1012 478 105 32 Possibly
1139 488 63 15 more
1225 480 53 24 land

692 509 74 25 would
777 510 57 24 have
845 511 57 24 been
914 512 108 31 occupied
1031 513 22 23 iv
1062 513 37 26 the
1111 513 62 26 Hutjt
1180 513 96 29 district,

691 548 25 19 at
725 542 38 25 the
775 549 107 23 moment,
894 544 47 25 had
952 545 38 24 the
1003 546 53 23 road
1067 546 58 23 been
1135 547 24 23 in
1177 555 14 15 a
1210 547 65 23 suffi-

691 577 85 30 ciently
795 577 95 25 forward
912 583 66 20 state.
1025 579 51 23 The
1095 579 71 24 whole
1189 579 26 24 of
1239 580 39 24 the

691 609 83 24 Lower
786 610 62 23 Hutt
870 612 20 22 is
910 612 115 31 occupied,
1047 612 44 24 and
1109 620 33 16 we
1161 613 54 23 hear
1228 621 49 19 now

691 643 26 23 of
732 643 83 31 parties
827 645 124 31 preparing
962 650 23 18 to
997 645 96 31 proceed
1105 650 23 19 to
1140 645 38 24 the
1196 645 82 32 Upper

693 676 68 28 Hutt,
775 684 24 15 so
811 684 54 16 soon
878 685 26 16 as
916 678 38 23 the
966 678 54 23 road
1030 679 20 22 is
1060 678 105 31 passable
1177 688 6 20 ;
1204 680 74 24 which

691 709 46 24 will
747 709 29 24 be
787 709 38 24 the
837 718 60 21 case,
911 718 33 16 we
954 711 58 24 have
1032 720 81 16 reason
1138 717 22 19 to
1181 713 95 30 believe,

690 743 24 22 in
733 750 13 16 a
763 743 43 23 few
824 743 85 25 weeks.
957 744 52 24 The
1031 744 120 25 beneficial
1169 746 67 24 effect
1255 748 25 22 of

690 783 79 16 means
787 776 26 23 of
836 777 193 25 communication
1049 779 20 23 is
1089 779 93 31 proved,
1197 779 31 31 by
1239 781 39 22 the

691 809 79 24 settler
781 809 115 32 following
907 818 26 16 so
945 810 84 32 closely
1039 819 60 24 upon
1112 812 39 24 the
1171 812 64 25 heels
1253 814 26 23 of

691 842 38 24 the
740 850 52 16 men
804 843 49 24 who
865 851 39 16 are
916 843 97 33 making
1024 845 38 24 the
1073 846 76 24 roads.
1192 846 24 25 It
1229 854 45 17 was

690 876 121 25 estimated
823 876 49 25 that
884 885 44 16 one
940 878 103 24 hundred
1053 879 45 24 and
1112 880 51 31 fifty
1184 885 52 19 tons
1254 880 26 24 of

690 911 67 30 grain
770 917 57 18 were
839 910 38 24 the
890 910 72 25 result
975 913 24 22 of
1015 911 36 25 the
1061 911 45 25 last
1118 913 99 24 harvest.
1253 914 25 23 It

690 944 20 22 is
723 944 118 23 estimated
853 944 49 23 that
914 944 64 25 three
991 945 102 25 hundred
1112 951 53 19 tons
1180 946 46 24 will
1245 947 29 23 be

690 976 98 31 produce
800 977 25 23 of
841 977 37 23 the
890 977 154 32 forthcoming
1057 979 100 24 harvest.

723 1174 52 24 The
794 1176 101 22 increase
917 1176 27 23 of
966 1176 67 24 stock
1053 1177 31 31 by
1105 1177 112 33 breeding
1233 1178 45 24 and

689 1209 143 29 importation
862 1216 47 16 was
939 1210 155 23 considerable
1133 1210 45 25 last
1213 1219 62 23 year.

689 1241 87 32 Owing
787 1246 23 18 to
822 1242 37 23 the
869 1243 94 30 general
976 1243 129 31 depression
1126 1246 75 29 prices
1220 1245 57 23 have

688 1273 102 25 declined
819 1283 56 23 very
902 1276 136 32 materially.
1091 1277 52 26 The
1172 1284 60 18 want
1252 1279 28 27 ,of

688 1309 97 30 grazing
795 1308 60 29 land,
869 1308 45 24 and
929 1309 37 25 the
978 1310 123 31 unusually
1121 1311 42 31 dry
1183 1312 93 24 charac-

690 1346 33 19 ter
735 1342 25 23 of
777 1342 37 23 the
825 1350 111 22 summer,
949 1343 54 24 thus
1014 1344 42 28 far,
1070 1344 57 24 have
1140 1346 136 24 occasioned

688 1376 87 22 serious
787 1375 73 24 losses
872 1381 22 18 ts
907 1376 39 24 the
957 1378 139 29 proprietors
1108 1378 26 24 of
1149 1378 75 25 stock.

723 1408 51 25 The
792 1409 41 24 fire
852 1410 75 23 which
947 1411 106 23 occurred
1074 1413 119 23 sometime
1213 1413 63 24 since

688 1449 47 16 was
747 1451 13 15 a
771 1448 63 25 great
846 1443 122 24 drawback
979 1449 23 18 to
1015 1444 37 24 the
1064 1445 140 25 settlement.
1252 1446 24 24 It

688 1476 21 22 is
719 1476 113 31 supposed
853 1482 24 18 at
894 1477 59 24 least
970 1478 116 28 15,000
1105 1480 23 23 in
1147 1479 65 24 value
1231 1487 45 16 was

688 1508 121 32 destroyed
829 1517 29 16 on
877 1510 51 24 that
946 1512 111 22 occasion.
1104 1511 172 31 Nevertheless,

689 1550 124 17 commerce
830 1543 122 26 continued
973 1548 22 19 to
1017 1545 101 24 increase
1136 1545 84 33 during
1239 1546 37 25 the

688 1576 45 23 last
743 1584 62 22 year.

722 1608 51 25 The
782 1610 45 25 flax
840 1611 64 24 trade
914 1611 42 24 has
972 1611 57 25 been
1048 1612 103 25 followed
1170 1621 31 24 up
1223 1614 53 24 with

687 1644 89 30 vigour,
788 1644 44 24 and
844 1644 88 33 though
946 1645 38 24 the
995 1652 81 26 export
1087 1647 45 26 this
1140 1655 89 19 seaspn-
1234 1647 42 25 has

688 1676 57 25 been
757 1677 65 24 small
834 1678 19 23 it
864 1678 20 23 is
897 1680 114 30 supposed
1024 1679 48 24 that
1084 1680 38 25 the
1142 1681 133 24 foundation

688 1711 26 23 of
728 1718 14 16 a
752 1717 134 24 permanent
898 1713 63 23 trade
973 1712 42 24 has
1027 1713 57 25 been
1095 1713 54 25 laid.

723 1744 43 23 We
788 1745 57 23 have
867 1746 92 31 already
982 1746 88 32 spoken
1093 1748 25 23 of
1142 1753 83 26 export
1253 1749 25 24 of

688 1778 96 31 tanning
795 1778 44 24 and
851 1779 43 30 dye
905 1779 80 29 barks,
998 1780 44 24 and
1053 1781 48 23 also
1123 1782 26 23 of
1164 1783 113 24 furniture

688 1811 71 24 wood.
807 1811 50 25 The
881 1812 50 25 risk
952 1814 106 23 incurred
1078 1815 20 23 is
1114 1816 68 30 proof
1197 1816 27 24 of
1238 1817 38 23 the

688 1844 174 29 determination
881 1851 28 21 ,to
929 1851 45 19 test
994 1846 38 25 the
1046 1849 125 31 .capability
1191 1849 26 24 of
1239 1850 37 24 the

687 1883 103 26 country.

722 1911 51 24 The
785 1912 71 24 result
876 1913 25 23 of
911 1912 38 25 the
963 1913 98 33 whaling
1072 1924 82 16 season
1165 1916 41 25 has
1218 1917 57 24 been

686 1953 56 23 very
760 1946 151 32 satisfactory,
931 1947 44 24 and
997 1949 73 30 prices
1091 1957 37 15 are
1147 1950 81 31 highly
1239 1959 36 15 re-

686 1979 149 26 munerative.

721 2013 51 24 The
785 2012 75 30 Bank,
870 2014 72 24 under
954 2015 322 34 the\embarrassingcircum-

688 2051 89 18 stances
789 2047 23 23 in
824 2047 39 23 the
880 2047 168 32 neighbouring
1060 2050 108 30 colonies,
1180 2051 45 23 and
1238 2051 38 24 the

688 2083 57 19 state
757 2079 26 24 of
800 2079 37 24 the
849 2079 54 24 land
915 2082 105 30 question
1040 2082 60 30 hero,
1113 2084 132 24 considered
1259 2086 17 23 it

686 2112 99 32 prudent
797 2117 21 19 to
832 2119 102 19 contract
946 2115 30 23 its
995 2115 104 25 business
1135 2118 40 23 but
1187 2125 33 17 we
1237 2126 39 16 are

688 2146 75 32 happy
775 2150 22 19 to
810 2152 57 19 state
880 2147 39 24 the
938 2148 105 32 strength
1055 2150 26 23 of
1098 2151 38 23 the
1147 2151 129 25 settlement

688 2179 41 23 has
751 2180 55 23 been
825 2181 88 31 proved
938 2181 30 32 by
986 2183 50 25 that
1053 2191 103 16 measure
1177 2185 26 23 of
1223 2193 53 23 pre-

688 2213 98 24 caution.
822 2213 99 32 Though
931 2223 80 23 money
1020 2217 19 23 is
1050 2225 83 21 scarce,
1146 2225 29 17 no
1184 2218 92 25 failures

688 2246 24 24 of
723 2254 44 24 any
779 2247 140 32 importance
931 2248 57 25 have
1000 2250 94 24 ensued.

721 2280 44 23 We
777 2280 45 25 will
841 2289 49 16 now
910 2282 68 26 make
996 2291 13 16 a
1029 2284 39 23 few
1090 2284 66 32 hasty
1171 2287 107 24 remarks

688 2313 93 24 relative
792 2320 23 19 to
828 2315 37 23 the
878 2321 120 27 prospects
1009 2319 25 22 of
1043 2317 46 24 this
1100 2326 63 24 year.

721 2347 71 29 First,
805 2348 25 23 of
839 2349 141 31 agriculture
991 2358 25 16 as
1029 2350 38 25 the
1074 2357 59 19 most
1145 2353 131 32 important.

688 2380 51 24 The
751 2381 130 25 settlement
892 2383 27 23 of
929 2383 38 24 the
978 2383 53 25 land
1043 2386 104 30 question
1164 2394 52 24 may
1227 2395 51 18 now

688 2414 28 24 be
728 2415 108 31 expected
856 2420 23 19 to
899 2416 29 24 be
940 2421 24 19 at
975 2417 60 24 hand
1046 2427 6 20 ;
1072 2419 44 23 and
1129 2427 25 16 as
1166 2427 14 16 a
1197 2428 80 16 conse-

688 2455 94 24 quence,
795 2456 32 16 we
848 2450 124 32 anticipate
984 2459 14 15 a
1015 2452 103 24 material
1137 2453 102 24 increase
1254 2455 26 24 of

688 2482 66 30 grain
772 2488 55 18 next
844 2490 63 24 year.
944 2482 43 25 We
1006 2484 57 25 have
1079 2485 72 25 heard
1161 2487 19 23 it
1194 2487 82 30 stated*

688 2515 94 23 without
795 2516 81 31 regard
888 2521 23 19 to
930 2516 37 25 the
986 2519 130 24 settlement
1127 2520 26 23 of
1171 2521 50 24 that
1233 2522 43 23 im-

688 2553 92 27 portant
797 2550 112 30 question,
923 2550 50 24 that
991 2559 67 16 seven
1071 2552 104 25 hundred
1191 2559 57 19 tons^
1255 2555 25 24 of

688 2583 66 29 grain
766 2590 52 23 may
830 2581 29 25 be
878 2584 111 32 expected
999 2589 24 19 to
1042 2585 26 24 he
1082 2586 37 23 the
1137 2587 100 31 produce
1250 2589 30 25 ,of

689 2615 39 24 the
739 2623 80 16 season
834 2615 87 34 ending
931 2618 23 23 in
967 2617 109 33 January,
1090 2621 75 23 1845.

722 2648 126 26 Doubtless
868 2651 160 31 importations
1046 2653 25 23 of
1088 2653 66 24 stock
1166 2654 45 25 will
1225 2654 53 25 take

688 2682 64 32 place
771 2682 45 25 this
836 2691 91 17 season.
963 2684 48 25 But
1029 2693 56 17 even
1102 2686 97 26 without
1215 2688 63 25 them

688 2723 43 17 our
755 2717 102 24 increase
882 2717 48 24 will
958 2718 29 24 be
1017 2719 161 26 considerable.
1227 2722 51 25 The

688 2750 100 31 opening
798 2750 27 25 of
834 2750 39 25 the
889 2750 117 34 Wyderop
1018 2753 21 23 is
1050 2761 54 16 near
1116 2759 24 19 at
1152 2754 68 30 hand,
1233 2756 45 24 and

687 2783 19 24 it
714 2783 44 24 will
773 2783 27 25 be
812 2791 29 17 an
853 2785 112 24 immense
974 2785 69 25 relief
1048 2791 23 19 to
1079 2787 38 24 the
1125 2788 90 24 settlers
1228 2790 50 24 who

687 2824 39 17 are
737 2824 50 18 now
806 2817 112 32 suffering
938 2820 101 31 severely
1051 2820 57 24 from
1128 2821 38 24 the
1178 2828 61 19 want
1255 2825 25 23 of

687 2858 68 24 space
767 2855 23 19 to
801 2851 124 31 depasture
937 2852 60 24 their
1006 2853 73 24 flocks
1091 2855 45 23 and
1148 2855 76 25 herds.

721 2883 51 24 The
784 2884 45 23 flax
841 2886 64 22 trade
917 2886 20 22 is
956 2893 50 17 now
1019 2887 145 30 established,
1176 2890 46 24 and
1236 2891 40 23 ad-

686 2918 69 27 vices,
780 2917 73 24 which
875 2926 53 23 may
951 2916 55 27 soon
1031 2920 26 24 be
1083 2922 110 32 expected
1217 2924 57 24 from

686 2950 116 31 England,
815 2951 19 24 if
851 2952 152 31 satisfactory,
1016 2954 44 24 will
1078 2955 53 30 giye
1151 2957 18 22 it
1188 2964 28 16 an
1230 2958 45 24 im-

686 2992 77 16 mense
773 2985 106 30 impetus.
907 2985 89 24 Should
1003 2988 74 30 prices
1086 2989 26 22 be
1122 2990 153 33 satisfactory,

685 3025 33 16 we
730 3017 57 31 fully
799 3022 82 27 expect
891 3018 39 24 the
942 3020 102 24 increase
1064 3022 24 23 in
1104 3022 38 24 the
1159 3030 82 25 export
1252 3026 24 23 of

684 3050 47 24 flax
750 3059 54 16 over
823 3051 45 24 last
888 3060 82 17 season
993 3054 46 24 will
1056 3055 29 24 be
1107 3056 58 24 from
1190 3062 39 20 ten
1252 3063 23 19 to

685 3089 86 26 twenty
784 3084 53 26 fold.

718 3117 52 25 The
785 3126 63 17 same
865 3120 106 23 remarks
989 3121 69 33 apply
1072 3128 23 17 to
1114 3124 97 32 tanning
1229 3126 44 24 and

684 3150 43 31 dye
746 3151 78 30 barks,
845 3152 46 24 and
908 3153 113 25 furniture
1033 3156 71 23 wood.
1142 3156 45 26 Let
1206 3159 67 24 suffi-

683 3185 61 23 cient
756 3191 191 27 encouragement
953 3189 78 23 attend
1041 3194 93 29 present
1143 3190 129 33 shipments

684 3222 22 19 to
730 3218 115 32 England,
868 3220 46 24 and
934 3229 14 14 a
968 3220 63 33 large
1053 3227 83 28 export
1165 3225 26 23 of
1210 3225 63 25 these

683 3251 90 25 articles
785 3253 45 23 will
842 3258 40 19 not
892 3253 41 24 fail
946 3259 23 19 to
980 3255 29 24 be
1020 3255 38 24 the
1071 3264 163 25 consequence.

716 3285 36 25 As
763 3293 33 16 we
814 3286 57 24 have
890 3287 93 32 already
994 3290 141 30 announced,
1156 3294 117 24 extensive

683 3320 154 29 preparations
855 3328 39 16 are
911 3321 97 32 making
1024 3322 35 24 for
1070 3323 39 24 the
1127 3328 146 28 prosecution

683 3352 24 23 of
717 3352 39 24 the
776 3353 70 24 whale
858 3354 105 24 fisheries
973 3363 7 21 ;
999 3355 45 24 and
1054 3364 34 16 we
1100 3358 122 32 anticipate
1234 3360 38 25 the

682 3385 73 25 result
776 3387 25 23 of
817 3387 119 32 improved
957 3395 172 26 arrangements
1149 3392 47 24 will
1212 3393 29 24 be
1257 3403 15 15 a

683 3425 54 24 very
749 3419 62 32 large
822 3425 83 27 export
916 3426 24 20 at
950 3422 40 24 the
1003 3423 43 24 end
1057 3424 27 24 of
1092 3424 45 24 this
1149 3433 62 23 year,

717 3452 51 24 The
777 3453 130 25 settlement
917 3455 28 24 of
957 3455 41 24 the
1010 3456 66 25 Land
1088 3457 123 33 Question,
1232 3461 39 25 the

682 3484 74 26 influx
777 3486 25 24 of
816 3495 97 26 persons
934 3490 123 26 connected
1083 3491 53 24 with
1156 3492 38 24 the
1213 3493 59 26 New

683 3517 97 33 Colony,
792 3520 45 23 and
852 3520 38 24 the
902 3522 94 30 general
1014 3524 102 25 increase
1137 3526 26 23 of
1177 3526 94 34 healthy

682 3552 71 29 trade,
765 3552 74 25 which
851 3561 53 24 may
916 3554 29 25 be
952 3556 146 32 anticipated,
1109 3559 56 29 will,
1173 3567 33 17 we
1213 3561 58 24 have

681 3593 30 16 no
723 3585 78 30 doubt,
820 3586 68 25 make
912 3588 39 24 the
971 3589 70 25 Bank
1058 3591 44 24 feel
1119 3591 105 33 justified
1245 3596 25 23 in

681 3619 127 32 materially
819 3620 126 35 extending
956 3622 39 24 the
1005 3629 93 19 amount
1107 3625 26 24 of
1141 3634 128 19 accommo-

681 3652 76 27 dation
769 3661 49 16 now
830 3653 101 26 afforded
944 3655 30 35 by
985 3656 50 24 that
1050 3658 128 25 institution
1194 3666 23 18 to
1231 3662 39 25 the

680 3686 86 31 ppblic.

715 3720 51 24 The
778 3720 37 25 old
820 3721 71 32 .reign
910 3721 26 25 of
949 3724 127 32 governing
1084 3724 34 25 for
1135 3725 133 32 Auckland,

680 3754 46 24 and
737 3754 35 24 for
784 3755 17 23 it
811 3754 72 29 alone,
897 3755 20 23 is
930 3761 23 18 at
971 3764 29 16 an
1019 3757 52 25 end.
1118 3759 44 25 We
1184 3768 39 17 are
1241 3767 24 21 to

679 3787 58 24 have
750 3788 37 23 the
799 3792 60 20 most
875 3789 124 31 important
1013 3790 96 32 judicial
1125 3792 143 33 department

679 3822 110 23 rendered
800 3822 159 31 permanently
978 3823 66 25 local.
1088 3824 43 26 We
1154 3835 39 16 are
1213 3837 54 19 pro-

679 3855 73 24 mised
762 3864 15 15 a
787 3855 122 26 Resident.
946 3856 62 25 Both
1021 3857 63 25 these
1095 3860 173 31 appointments

679 3888 47 24 will
735 3888 28 24 be
780 3890 105 26 attended
904 3890 56 27 with
978 3891 119 25 increased
1117 3895 150 31 expenditure

679 3929 30 16 on
721 3922 38 25 the
771 3928 51 27 part
833 3923 27 25 of
875 3923 39 25 the
924 3924 159 27 Government
1097 3925 64 27 here.
1205 3928 26 26 It
1245 3930 22 25 is

679 3956 51 26 sajd
741 3964 42 16 oar
794 3956 109 26 Customs
914 3958 91 24 income
1015 3959 23 24 is
1053 3964 23 19 to
1100 3959 28 25 be

678 3988 23 23 in
714 3989 39 24 the
765 3989 95 26 district.
898 3991 94 25 Several
1004 3999 49 18 new
1064 3992 77 33 public
1147 3994 120 35 Jbnjldings

577 58 99 46 Wty
701 58 118 43 Vttto
845 59 212 42 giateua
1082 63 195 46 &wimt
1302 64 417 48 m&imtlUuqton
1744 65 254 50 prctatnt\

1309 157 54 19 must
1373 152 29 24 be
1412 153 89 24 erected
1512 153 64 24 here.
1625 155 23 23 A
1667 163 54 16 man
1733 156 26 23 of
1773 162 46 17 war
1838 163 53 24 may

1305 186 31 23 be
1342 186 107 30 expected
1459 191 22 18 to
1492 187 29 23 be
1540 188 113 23 stationed
1673 188 169 24 henceforward
1862 197 29 16 on

1307 219 40 22 this
1358 220 85 23 station
1452 228 6 20 ;
1469 219 54 24 *and
1542 220 38 23 the
1599 221 98 23 number
1718 222 25 22 of
1758 221 38 24 the
1815 226 76 27 troops

1309 250 45 30 will,
1367 259 32 16 we
1408 257 102 26 suspect,
1521 252 28 24 be
1559 254 147 29 augmented.

1339 283 39 25 We
1388 284 61 24 have
1467 293 30 15 no
1510 293 63 16 room
1585 287 35 22 for
1641 294 63 17 more
1716 287 112 29 remarks,
1850 288 42 23 but

1307 325 31 16 we
1352 325 53 23 may
1422 318 111 24 conclude
1551 318 32 32 by
1595 320 93 31 stating,
1710 328 32 15 we
1761 320 68 24 think
1850 328 42 16 our

1305 349 68 26 fellow
1392 350 98 24 Settlers
1509 351 47 24 will
1575 360 68 22 agree
1661 353 56 23 with
1737 362 35 20 us,
1784 353 52 23 that
1854 354 38 23 the

1307 388 109 27 prospects
1425 383 36 24 for
1471 384 106 30 eighteen
1589 385 104 24 hundrsd
1702 386 45 23 and
1756 386 136 30 forty-four,

1307 423 35 17 are
1355 423 55 24 very
1429 417 69 23 much
1519 425 63 15 more
1603 419 139 29 promissiug
1761 420 56 23 than
1836 420 56 30 they

1307 455 47 18 were
1366 448 36 24 for
1415 448 38 25 the
1465 457 53 23 year
1528 450 73 24 which
1615 451 40 23 has?
1665 451 51 30 just
1728 452 146 24 terminated.

1502 509 185 25 WYDEROP.

1338 565 37 24 We
1387 566 140 25 understand
1546 568 50 23 that
1608 568 38 23 the
1666 569 139 31 Company's
1819 569 72 24 Prin-

1307 598 49 32 cipal
1377 599 116 32 Surveyor
1515 601 41 24 has
1574 601 109 24 returned
1703 602 59 23 from
1776 610 13 14 a
1802 603 46 30 trip
1862 610 30 23 up

1307 632 34 24 the
1349 632 70 30 Hutt,
1431 634 45 23 and
1488 639 89 27 reports
1590 635 49 22 that
1650 643 14 14 a
1685 642 54 23 very
1751 635 141 31 practicable

1307 665 45 24 road
1365 673 40 16 can
1419 666 28 24 be
1458 667 66 23 made
1537 668 49 22 that
1598 675 49 24 way
1657 668 47 22 into
1717 668 39 23 the
1763 668 125 31 Wyderop.

1338 699 37 23 We
1397 700 94 23 omitted
1512 705 22 18 to
1557 706 60 17 state
1639 701 51 23 that
1710 701 38 23 the
1766 701 86 29 Maori,
1870 702 24 23 of

1306 731 66 25 whom
1384 740 34 16 we
1429 734 73 30 spoke
1515 734 24 22 in
1551 742 41 15 our
1605 734 44 23 last
1657 734 104 29 number,
1772 742 46 16 was
1827 743 63 15 com-

1306 765 116 24 missioned
1443 767 31 29 by
1485 775 43 15 one
1547 767 26 24 of
1589 767 39 24 the
1647 767 38 24 old
1706 767 71 24 chiefs
1796 772 23 19 to
1833 774 58 17 state

1307 798 40 24 that
1358 799 28 24 he
1399 798 68 25 could
1488 800 62 23 show
1572 809 15 15 a
1606 801 73 23 maori
1699 801 55 31 path
1773 800 60 24 from
1853 802 39 24 the

1307 831 106 33 Wyderop
1426 837 23 19 to
1462 833 37 24 the
1512 833 85 24 Petoni
1617 834 72 23 beach
1696 843 6 20 ;
1723 834 25 23 of
1763 835 30 22 its
1805 835 86 30 practi-

1307 865 91 31 cability,
1406 873 34 16 we
1453 867 25 23 of
1488 875 80 15 course
1577 873 24 17 at
1610 873 93 25 present
1710 867 67 23 know
1784 868 106 31 nothing.

1306 898 40 24 But
1365 906 33 16 we
1419 907 38 16 are
1479 900 54 30 glad
1556 905 23 19 to
1599 901 55 23 hear
1676 901 50 24 that
1746 909 41 16 one
1806 901 27 24 of
1853 902 39 23 the

1305 932 112 24 Assistant
1432 933 129 32 Surveyors
1574 934 109 31 proceeds
1702 934 153 32 immediately
1869 939 22 19 to

1306 965 66 26 sontjd
1382 966 39 27 tjie
1434 972 70 18 water
1516 974 30 16 on
1565 967 39 23 the
1623 968 41 23 bar
1683 969 26 22 of
1726 968 37 23 the
1775 968 117 32 Wyderop

1306 998 38 23 and
1354 999 23 22 in
1389 999 38 23 the
1439 998 61 30 lake,
1514 1000 45 23 and
1571 1001 21 23 is
1604 1000 54 23 then
1671 1005 23 19 to
1707 1006 77 18 return
1797 1005 23 19 to
1834 1002 58 22 Port

1307 1030 118 24 Nicholson
1438 1032 30 31 by
1477 1033 37 22 the
1526 1034 73 22 maori
1611 1033 55 23 road
1676 1034 26 23 of
1711 1034 73 23 which
1792 1042 34 15 we
1833 1034 59 24 have

1303 1063 43 31 just
1357 1064 98 31 spoken.
1492 1065 59 24 This
1563 1066 21 23 is
1595 1071 24 18 at
1629 1066 19 23 it
1659 1066 82 24 should
1753 1067 34 27 be,
1801 1068 45 22 and
1859 1075 33 16 we

1306 1097 52 23 shall
1369 1105 56 16 soon
1437 1098 28 24 be
1476 1098 23 24 in
1509 1099 132 31 possession
1649 1099 26 23 of
1685 1099 30 24 all
1726 1099 37 24 the
1772 1108 121 23 necessary

1306 1129 126 32 knowledge
1457 1137 21 18 to
1501 1137 100 18 warrant
1624 1133 78 31 acting
1724 1132 54 24 with
1805 1134 88 28 perfect

1306 1164 122 25 Confidence
1440 1165 70 23 about
1529 1166 37 23 the
1581 1165 123 32 Wyderop.
1742 1167 89 23 Should
1844 1168 44 22 this

1306 1197 46 24 road
1368 1205 69 23 prove
1455 1198 114 32 passable,
1583 1207 33 15 we
1635 1200 60 23 shall
1707 1200 54 23 then
1778 1200 58 24 have
1848 1205 44 19 two

1306 1238 70 16 means
1388 1231 26 23 of
1432 1233 194 30 communicating
1637 1233 30 31 by
1680 1233 53 24 land
1751 1234 43 23 and
1806 1242 44 15 one
1862 1235 30 30 by

1306 1269 60 18 water
1377 1265 55 23 with
1446 1265 45 24 this
1499 1266 105 23 valuable
1616 1266 167 32 neighbouring
1792 1268 97 23 district.

1337 1297 38 24 We
1387 1298 75 24 would
1474 1304 96 27 suggest
1582 1300 49 23 that
1642 1301 18 22 it
1672 1301 72 23 would
1756 1301 26 23 be
1796 1302 62 27 wise,
1868 1306 24 19 at

1307 1331 34 23 the
1357 1339 63 16 same
1441 1332 62 30 time,
1526 1338 23 19 to
1568 1334 113 23 ascertain
1703 1334 38 24 the
1760 1334 69 32 depth
1848 1335 45 23 and

1305 1365 112 30 navigable
1428 1365 81 32 length
1522 1367 24 23 of
1565 1367 39 23 the
1624 1369 68 28 river,
1706 1369 45 22 and
1762 1368 38 23 the
1812 1368 80 31 length

1305 1397 39 24 and
1365 1398 116 25 character
1505 1400 25 24 of
1551 1400 39 24 the
1613 1406 94 26 portage
1731 1402 101 23 between
1853 1402 39 24 the

1305 1431 71 25 mouth
1388 1432 25 24 of
1429 1432 40 24 the
1486 1434 61 24 river
1558 1434 45 23 and
1624 1435 47 23 Mr.
1688 1435 91 24 Wade's
1790 1435 101 31 whaling

1305 1466 84 28 station,
1413 1474 26 16 or
1462 1475 45 23 any
1526 1467 65 24 other
1615 1473 51 25 spot
1686 1474 23 18 at
1727 1468 72 24 which
1820 1469 72 31 goods

1305 1499 58 23 could
1375 1499 26 24 be
1413 1499 84 25 landed
1509 1501 43 23 and
1565 1501 125 24 embarked
1709 1503 54 22 with
1782 1503 110 22 conveni-

1305 1539 46 18 ence
1364 1533 22 24 in
1406 1532 100 26 Palliser
1519 1534 58 31 Bay.
1613 1535 60 23 Also
1685 1535 38 24 the
1741 1536 149 30 agricultural

1305 1566 134 31 capabilities
1453 1567 25 23 of
1494 1567 39 24 the
1546 1567 81 25 shores
1640 1569 26 23 of
1682 1569 38 24 the
1732 1569 52 24 lake
1796 1569 46 24 and
1853 1569 39 25 the

1305 1600 63 23 river.

1457 1663 270 26 AGRICULTURE.

1919 156 96 32 Raking
2033 156 20 23 is
2069 156 148 25 overstated.
2259 157 135 36 Thrashing,
2412 165 20 23 if
2445 174 12 22 p
2459 175 20 17 er
2480 184 9 6 .

1920 189 85 24 formed
2017 189 31 31 by
2059 196 14 16 a
2084 189 111 29 machine,
2208 190 67 26 could
2287 192 27 23 be
2330 193 55 24 done
2404 202 22 19 at
2443 208 47 18 one-

1920 222 59 25 third
1993 222 24 24 of
2033 222 38 23 the
2082 222 71 25 abave
2174 228 57 20 co,st.
2268 224 46 25 For
2331 228 110 33 grinding,
2453 238 37 24 two

1920 255 106 32 shillings
2038 263 14 15 a
2062 255 82 23 bushel
2155 262 38 16 are
2202 263 50 17 now
2263 258 60 29 paid.
2358 259 50 26 The
2417 264 73 31 charge

1920 295 28 16 on
1960 288 39 24 the
2012 287 62 24 Hutt
2085 288 47 24 will
2153 294 55 18 next
2220 297 80 16 season
2316 291 26 24 be
2354 301 41 16 one
2407 296 83 32 shilling

1920 321 43 23 and
1975 321 143 31 threepence.
2154 321 30 24 la
2197 322 107 24 America
2314 325 18 22 it
2349 325 20 23 is
2380 334 110 24 one-tenth

1920 354 24 23 of
1960 354 39 23 the
2010 354 99 30 produce
2129 354 71 24 taken
2219 360 22 18 to
2260 356 39 24 the
2316 358 54 28 mill,
2383 360 37 24 the
2437 366 53 28 price

1920 387 87 25 instead
2021 386 25 24 of
2061 387 70 31 being
2141 388 60 23 fixed
2212 391 158 30 consequently
2381 392 109 31 fluctuates

1920 421 53 25 with
1986 421 38 26 the
2036 421 61 29 price
2110 421 25 22 of
2149 422 75 31 grain,
2236 422 45 23 and
2299 422 36 26 the
2354 425 81 26 farmer
2452 433 36 22 and

1920 453 37 23 the
1981 453 86 24 millers
2089 454 104 24 interest
2207 455 20 22 is
2251 455 105 24 rendered
2384 459 104 31 identical.

1921 485 65 24 Thus
2003 486 19 23 if
2038 487 59 29 forty
2109 486 94 24 bushels
2222 489 26 22 of
2263 489 71 23 wheat
2351 490 59 30 yield
2423 502 13 15 a
2456 502 33 21 ton

1920 519 26 23 of
1959 520 67 27 flour,
2048 520 43 22 and
2110 520 18 22 it
2147 520 28 23 be
2195 521 71 23 worth
2284 522 60 29 20,
2358 523 36 24 the
2415 529 75 26 millers

1920 553 131 31 proportion
2063 553 20 23 is
2094 553 46 28 2,
2153 553 20 22 if
2187 554 18 22 it
2224 554 99 24 declines
2342 560 23 19 to
2377 558 58 31 io,
2447 563 15 23 it
2471 565 5 23 j
2479 574 9 14 s

1954 619 51 23 The
2019 618 116 32 following
2155 620 20 23 is
2192 620 39 24 the
2242 621 106 31 probable
2362 630 46 20 co.st
2419 628 23 22 of
2457 629 31 26 the

1987 652 84 23 second
2083 660 53 23 crop
2148 661 5 15 ::

1954 685 117 31 Chipping
2080 686 22 23 in
2114 685 45 24 and
2170 691 51 19 cost
2233 687 25 24 of
2266 688 72 24 wheat

1987 726 40 24 per
2040 727 50 15 acre
2365 724 33 24 i
2420 729 27 21 10
2474 734 13 21 Q

1954 751 109 32 Reaping
2388 760 14 21 0
2419 759 28 25 10
2474 767 13 21 o

1954 785 117 31 Carrying
2388 793 14 21 o
2435 796 12 22 5
2476 800 12 21 0

1953 818 134 31 Thrashing
2097 819 31 30 by
2140 820 104 23 machine
2385 826 16 21 0
2419 828 27 22 12
2475 832 13 22 6

1954 852 116 31 Grinding
2085 852 118 31 forty-five
2222 854 100 29 bushels,
2342 861 24 18 at

1988 892 43 17 one
2050 885 94 32 shilling
2155 887 46 23 and
2219 887 145 32 three-peuce

1986 926 41 24 per
2038 918 82 25 bushel
2386 927 15 22 2
2420 929 27 22 16
2475 933 13 21 0

2367 991 35 24 5
2422 995 26 23 13
2477 998 13 23 6

1953 1024 57 23 Five
2020 1024 89 31 pounds
2122 1024 99 25 thirteen
2233 1026 45 23 and
2286 1028 104 31 sixpence
2401 1031 18 23 is
2429 1032 61 33 likely

1920 1061 21 19 to
1953 1057 29 23 be
1994 1057 38 23 the
2044 1063 49 18 oost
2104 1057 26 24 of
2147 1059 127 31 producing
2291 1069 13 14 a
2316 1066 36 18 ton
2365 1063 25 22 of
2403 1063 53 27 flour
2466 1076 24 16 on

1921 1090 36 23 the
1971 1090 70 28 Hutt,
2054 1090 37 24 the
2111 1092 83 23 second
2211 1100 90 17 season.
2336 1095 41 23 We
2395 1096 53 26 have
2457 1106 34 19 not

1920 1124 130 23 mentioned
2064 1124 36 23 the
2113 1129 76 25 straw,
2202 1134 25 15 as
2240 1134 32 16 we
2285 1127 133 27 understand
2429 1132 16 23 it
2454 1135 38 23 will

1920 1156 27 24 be
1965 1157 87 23 needed
2070 1157 35 24 for
2125 1166 95 16 manure
2237 1160 58 24 after
2313 1162 35 22 the
2369 1164 48 23 first
2437 1173 52 24 crop.

1921 1190 73 31 Many
2006 1190 46 23 will
2065 1191 103 24 consider
2181 1192 45 24 this
2238 1202 29 14 an
2285 1195 160 34 impossibility,
2457 1200 35 24 but

1920 1231 32 16 we
1963 1225 52 29 give
2029 1224 37 23 the
2076 1225 57 23 facts
2146 1233 24 16 as
2183 1226 113 30 obtained,
2306 1228 41 23 and
2358 1229 78 26 should
2448 1233 44 32 they

1921 1257 26 23 be
1960 1266 43 15 one
2015 1257 51 24 half
2081 1263 36 19 too
2130 1259 50 29 low,
2194 1260 47 24 still
2264 1261 37 23 the
2321 1263 61 29 point
2395 1264 18 23 is
2425 1268 65 22 estab-

1920 1291 81 29 lished,
2020 1298 34 16 we
2074 1299 42 16 can
2137 1292 99 32 produce
2257 1294 72 24 wheat
2348 1301 24 18 at
2390 1298 51 24 10
2457 1308 34 23 per

1921 1329 45 24 ton,
1980 1333 14 15 a
2004 1325 63 31 price
2084 1327 105 30 required
2207 1328 24 22 in
2248 1327 74 25 North
2334 1329 109 32 America,
2454 1334 38 24 and

1920 1357 40 24 but
1970 1358 61 24 little
2043 1358 70 24 above
2127 1360 37 23 the
2175 1360 80 24 lowest
2264 1363 60 30 price
2333 1368 22 18 at
2364 1364 69 25 which
2441 1366 51 25 flour

1920 1391 40 23 has
1973 1392 56 24 been
2051 1397 41 25 put
2113 1401 29 15 on
2158 1393 70 25 board
2247 1396 24 22 in
2283 1395 139 33 Valparaiso.
2455 1400 37 25 We

1920 1426 163 31 consequently
2094 1431 40 19 not
2151 1428 54 31 only
2220 1428 58 24 shall
2297 1438 75 16 secure
2393 1439 38 17 our
2448 1442 42 16 own

1920 1458 40 24 but
1982 1466 32 16 we
2032 1467 52 24 may
2096 1460 45 24 feel
2159 1462 121 29 confident,
2294 1471 31 16 we
2342 1471 40 16 can
2401 1473 90 25 compete

1920 1492 52 23 with
1986 1493 38 23 the
2037 1498 58 19 most
2107 1494 87 30 perfect
2205 1503 98 22 success,
2314 1498 52 22 with
2376 1499 61 25 those
2449 1501 43 23 who

1920 1532 48 17 now
1990 1526 84 31 supply
2092 1527 38 23 the
2149 1528 134 24 Australian
2304 1531 108 24 markets.
2455 1534 35 23 We

1920 1559 55 24 wish
1996 1560 191 30 agriculturalists
2207 1562 73 24 would
2297 1564 86 24 furnish
2403 1574 25 15 us
2446 1568 46 23 with

1920 1593 96 24 detailed
2038 1598 141 25 statements,
2191 1604 25 15 as
2229 1604 32 16 we
2273 1605 37 16 are
2322 1605 50 16 sure
2385 1598 55 25 their
2451 1601 40 24 cal-

1920 1626 111 25 culations
2043 1627 74 24 would
2134 1628 27 24 be
2174 1630 106 24 attended
2293 1631 51 24 with
2356 1640 14 15 a
2383 1632 60 32 large
2454 1634 40 24 and

1920 1661 79 31 steady
2021 1660 74 24 influx
2118 1661 26 24 of
2170 1664 139 31 population,
2332 1665 71 24 which
2426 1668 66 24 would

1920 1701 78 17 secure
2016 1693 39 25 the
2075 1703 95 22 grower,
2189 1697 38 23 the
2248 1698 52 24 best
2316 1699 25 23 of
2359 1699 103 31 markets,
2481 1710 13 14 a

1920 1728 65 24 home
1997 1727 90 25 market
2098 1729 36 23 for
2145 1734 73 26 years'
2223 1736 22 19 to
2258 1739 70 17 come.

1335 3302 86 29 Jailing
1432 3302 46 23 and
1490 3302 102 31 burning
1603 3302 83 25 timber
1697 3310 42 26 per

1301 3341 46 17 acre
1746 3338 36 24 5
1818 3340 17 22 0

1335 3366 118 33 Grubbing
1767 3374 15 21 5
1818 3374 17 21 0

1333 3399 90 34 Baking
1731 3420 7 10 ,
1766 3407 16 21 0
1817 3406 15 22 5

1335 3434 111 33 Chipping
1464 3435 23 24 in
1500 3435 45 24 and
1561 3440 51 20 cost
1630 3437 26 23 of
1670 3436 74 24 wheat
1768 3439 11 22 1
1801 3439 32 22 10

1334 3468 102 32 Heaping
1765 3473 16 21 0
1801 3472 32 22 10

1334 3500 107 32 Carrying
1765 3506 16 21 0
1816 3505 15 22 5

1333 3534 126 32 Crashing
1765 3537 66 25 1,17

1333 3567 111 32 Grinding
1764 3571 16 23 4
1799 3571 33 23 10

1870 3341 16 21 0

1869 3374 16 21 0

1869 3407 15 21 0

1868 3440 16 21 0

1867 3473 17 21 0

1867 3506 16 22 0

1866 3538 16 23 6

1866 3572 16 22 0

1724 3636 54 24 18
1798 3637 32 24 17
1865 3638 16 23 6

1331 3667 86 30 J)educt
1437 3667 47 25 sale
1504 3667 27 26 of
1545 3675 44 18 one
1608 3673 39 20 ton
1667 3668 46 25 and
1726 3677 13 16 a

1297 3701 48 27 half
1356 3701 25 24 of
1396 3707 68 18 straw
1476 3706 24 19 at
1514 3702 38 24 4
1575 3718 160 11 ....,...
1763 3704 15 23 6
1813 3706 17 22 0
1864 3707 17 21 0

1723 3770 55 24 12
1798 3771 31 27 17
1865 3773 16 23 6

208 146 127 22 PUBLIC
361 146 175 22 MEETING.
618 140 22 28 ';

75 181 52 50 A
141 179 114 23 PUBLIC
269 179 149 23 MEETING
434 179 28 22 of
474 179 38 21 the
524 178 141 23 Inhabitants

154 205 26 23 of
186 205 56 23 Port
252 205 121 24 Nicholson
383 205 45 23 will
439 206 28 22 be
476 205 55 26 held
541 213 29 15 on
580 206 85 22 Thurs-

75 231 51 28 day,
136 232 39 23 the
190 233 39 22 4th
246 233 89 26 instant,
357 235 25 19 at
398 233 26 21 12
449 232 87 22 o'clock
553 239 70 20 noon,
642 236 23 19 at

75 259 39 22 the
132 259 130 27 Exchange,
278 259 32 22 Te
328 259 55 25 Aro,
401 262 22 18 to
441 259 89 22 receive
548 266 15 15 a
578 259 87 26 Report

74 285 57 23 from
147 286 38 22 the
195 285 131 23 Committee
344 285 122 27 appointed
482 285 30 28 by
530 286 38 21 the
585 285 79 23 Public

75 311 103 27 Meeting
192 311 54 23 held
262 319 29 15 on
310 311 148 28 Wednesday,
476 311 38 23 the
528 313 38 21 6th
577 312 26 22 of
618 313 47 22 De-

74 339 89 23 cember
171 340 50 20 last.

267 463 65 27 Ship
347 462 43 23 for
404 464 68 22 Sale.

75 497 163 50 MESSRS.
260 497 152 25 BETHUNE
432 497 68 23 AND
522 497 140 25 HUNTER,

165 525 24 21 in
200 529 69 17 terms
279 524 26 21 of
310 525 105 26 previous
423 525 184 24 advertisement,
618 525 45 23 will

74 550 39 23 sell
124 551 30 28 by
164 551 79 22 Public
255 551 106 27 Auction,
379 554 24 19 at
418 551 113 23 Lambton
549 551 74 28 Quay,
636 558 27 15 on

75 577 82 28 Friday
171 581 62 24 next,
248 577 38 23 the
299 578 38 21 sth
355 577 26 23 of
395 577 99 28 January
510 583 60 21 next,
583 582 23 18 at
622 586 41 14 one

72 604 94 29 o'clock,
178 605 30 28 by
218 605 65 21 order
294 605 25 21 of
333 604 37 22 the
389 605 116 27 Registrar
514 605 27 22 of
554 605 109 22 Intestate

291 631 97 27 Estates,
406 632 38 21 the

204 663 205 22 SCHOONER
435 664 98 26 ERIN,

73 690 51 21 with
133 690 42 22 her
185 690 74 22 tackle
269 690 44 22 and
322 694 189 24 appurtenances,
522 698 26 15 as
562 690 40 23 she
611 697 52 16 now

70 716 41 23 lies
121 724 29 15 on
161 717 38 22 the
209 717 73 22 beach
293 721 23 18 at
326 718 31 21 Te
371 718 54 21 Aro.

98 748 62 27 Also,
171 749 85 27 sundry
267 749 76 22 effects
353 749 158 28 appertaining
521 753 23 19 to
555 749 107 23 Intestate

72 776 96 22 Estates.

100 806 146 28 Wellington,
256 807 104 28 January
369 809 21 26 2,
404 809 61 21 1844.

70 852 185 51 WANTED,
272 857 22 18 to
303 861 30 19 go
342 857 23 18 to
382 853 135 28 Wanganui,
530 861 13 14 a
552 861 52 17 mac
615 854 47 22 and

167 879 35 22 his
211 880 51 22 wife
274 887 24 14 as
308 880 79 22 House
404 881 119 27 Servants;
540 880 53 28 they
604 885 58 18 must

70 906 29 22 be
109 906 49 23 well
169 907 180 23 recommended.
380 908 75 28 Apply
465 908 76 22 before
551 910 14 20 2
575 908 87 22 o'clock

71 933 86 27 to-day^
166 936 23 20 to
201 934 31 21 H.
244 934 32 26 C,
288 938 23 17 at
321 934 108 22 Barrett's
439 935 80 21 Hotel.

100 965 99 28 January
209 968 21 24 3,
242 967 61 21 1844.

72 1010 92 51 THE
180 1011 90 22 FIRST
286 1012 119 22 SCOTCH
420 1013 139 27 CHURCH,
573 1014 24 21 in
609 1021 53 14 con-

147 1038 89 21 nection
254 1038 51 22 with
321 1038 38 21 the
375 1039 107 22 National
493 1040 59 22 Kirk
561 1041 26 21 of
599 1041 63 21 Scot-

70 1063 61 27 land,
143 1064 44 22 will
197 1064 28 22 be
237 1065 86 26 opened
335 1066 35 21 for
385 1066 85 23 Divine
486 1066 90 22 Service
588 1067 32 26 (d.
629 1068 30 24 v.)
668 1083 2 13 ;

72 1097 29 15 on
112 1091 106 26 Sabbath,
226 1090 37 23 the
274 1092 37 22 7th
323 1092 92 22 instant.
668 1089 2 27 i

97 1124 48 22 The
155 1125 56 21 Rev.
222 1125 23 21 J.
256 1125 149 28 Macfarlane,
416 1127 49 21 first
476 1127 104 22 Minister
590 1127 27 21 of
623 1127 37 22 the

70 1151 80 21 Scotch
166 1151 97 26 Church,
283 1152 55 21 New
355 1153 108 27 Zealand,
481 1153 44 22 will
542 1155 81 26 preach
637 1155 23 21 in

69 1177 38 22 the
117 1178 116 27 forenoon,
244 1183 23 17 at
279 1180 23 20 11
317 1179 95 28 o'clock,
422 1187 48 15 a.m.

98 1204 47 22 The
164 1205 57 21 Rev.
244 1205 44 21 Mr.
307 1205 111 26 Ironside,
437 1207 26 21 of
480 1206 37 23 the
539 1207 121 28 Wesleyan

71 1231 99 26 Mission,
182 1236 22 16 at
215 1234 13 19 3
239 1232 87 22 o'clock
337 1240 47 15 p.m.

96 1258 51 22 And
159 1258 36 22 the
208 1259 55 21 Rev.
277 1260 42 21 Mr.
332 1259 104 28 Duncan,
449 1261 27 22 of
488 1261 38 22 the
536 1261 123 25 Reformed

70 1284 155 29 Presbyterian
237 1286 95 27 Church,
344 1290 23 19 at
376 1290 14 20 6
401 1288 86 22 o'clock
500 1296 49 14 p.m.

98 1317 21 22 It
129 1318 18 21 is
157 1318 108 27 expected
276 1318 53 28 that,
338 1326 28 15 on
374 1320 56 21 each
436 1320 113 27 occasion,
557 1328 13 15 a
581 1320 79 23 liberal

68 1344 119 23 collection
204 1346 44 21 will
261 1346 25 21 be
303 1348 65 20 made
383 1347 97 22 towards
490 1347 118 28 defraying
622 1348 37 22 the

70 1371 52 23 debt
132 1372 90 27 already
233 1373 103 22 incurred
348 1374 22 21 in
382 1374 101 28 erecting
499 1374 37 22 the
547 1374 111 28 building.

96 1405 100 28 January
209 1407 20 26 2,
242 1408 61 21 1844.

69 1452 67 49 TO
152 1451 66 27 LET,
235 1460 13 13 a
263 1456 53 18 neat
332 1452 57 23 built
404 1453 68 23 Brick
491 1454 102 28 Cottage,
605 1461 55 16 con-

157 1480 87 26 taining
262 1480 50 21 four
331 1487 80 20 rooms,
432 1482 98 22 situated
549 1482 23 21 in
597 1482 63 21 Cuba

69 1505 78 27 Street,
159 1506 32 22 Te
201 1506 55 22 Aro.
286 1508 76 27 Apply
373 1511 23 18 to

282 1540 28 22 R.
322 1540 94 25 Brown,
429 1549 29 15 on
465 1541 42 26 the
516 1543 116 26 premises.

95 1571 102 29 January
206 1573 22 26 2,
241 1573 61 21 1844.

69 1617 105 26 Money
197 1619 29 19 to
251 1618 77 22 Lend
357 1625 37 15 on
418 1619 75 28 good
517 1619 141 22 Heritable

296 1645 132 27 Security.

81 1680 38 48 jg
126 1683 63 45 XQ
192 1684 33 26 A
242 1684 164 28 STERLING,
415 1686 35 22 for
460 1688 26 20 12
496 1694 25 15 or
529 1687 27 21 18
563 1687 95 23 months.

420 1740 34 22 W.
470 1742 23 21 S.
509 1741 102 27 Loxley,

489 1768 79 25 Parish
578 1769 80 23 Street.

96 1791 127 23 December
231 1794 34 25 30,
277 1794 60 22 1843.

159 1838 57 21 For
231 1839 70 25 Sale,
312 1839 43 21 Ex

67 1870 199 52 SUPERFINE
282 1873 71 23 broad
368 1873 69 28 cloth,
456 1875 74 27 black,
541 1875 62 27 blue,
613 1875 46 26 and

122 1898 105 22 invisible
244 1906 82 22 green;
349 1901 102 28 superior
467 1902 56 27 pilot
538 1901 79 28 cloths,
636 1908 22 18 at

65 1924 99 23 reduced
187 1926 87 28 prices;
305 1927 91 29 printed
425 1929 83 22 scarlet
536 1929 46 23 and
604 1929 54 24 blue

67 1951 83 28 cloths;
171 1953 61 22 table
255 1962 92 20 covers;
369 1956 72 22 above
457 1959 41 20 600
516 1957 104 22 varieties
636 1959 26 20 of

65 1978 82 28 flower,
165 1980 94 27 garden,
277 1981 43 23 and
336 1989 63 20 grass
415 1984 72 27 seeds,
503 1984 23 23 in
546 1985 113 26 excellent

67 2008 150 25 preservation
227 2016 6 19 ;
249 2007 116 29 shingling
374 2010 65 26 nails,
451 2011 112 28 blankets,
575 2013 50 21 &c-

404 2043 34 22 W.
451 2044 36 21 W.
498 2044 104 27 Taylor,

472 2070 186 24 Herbert-street.
