2569 4079
1882 151 28 19 To
1920 150 35 20 the
1963 148 78 22 Editor
2050 147 27 25 of
2082 148 35 19 the
2130 147 16 11 *'
2154 146 52 20 New
2215 144 92 21 Zealand
2319 144 84 20 Gazette
2415 144 45 23 and;

2032 175 127 24 Wellington

1914 211 52 22 Sia.
1969 221 34 5 —
2004 209 28 24 In
2044 209 39 24 the
2093 207 91 30 leading
2194 205 76 24 article
2283 205 26 23 of
2323 210 57 24 your
2391 210 69 24 paper

1881 243 25 23 of
1914 243 38 23 the
1964 242 58 24 15th
2033 242 55 31 July
2098 240 65 24 there
2179 240 20 23 is
2217 238 38 24 the
2265 237 117 30 following
2393 243 68 24 para-

1882 276 82 31 graph.

1939 309 97 30 Against
2057 307 38 24 the
2106 306 79 24 Police
2206 304 136 30 Magistrate
2354 301 26 24 of
2388 301 74 24 Wan-

1881 342 69 30 ganui
1961 350 14 14 a
1986 341 83 29 charge
2081 347 44 15 was
2138 337 96 32 brought
2253 337 30 30 b.y
2294 344 15 16 a
2319 342 81 25 young;
2406 341 56 20 man
2470 360 7 4 ,

1883 374 76 33 wh^ch'
1966 372 84 24 cannot
2060 373 28 22 be
2100 371 87 24 further
2204 369 172 33 particularised
2382 370 22 27 ';"
2410 367 59 29 and,~

1883 407 24 23 in
1924 413 152 24 consequence
2094 405 25 23 of
2137 405 36 23 his
2180 422 3 3 .
2192 403 129 30 neglecting
2331 402 35 23 for
2386 408 14 15 a
2409 400 58 31 long
2494 420 8 6 .

1884 441 54 21 time
1956 444 22 17 to
1997 438 53 23 take
2070 445 44 23 any
2133 437 77 31 public
2229 440 61 26 steps
2309 440 22 17 to
2350 433 58 24 clear
2427 433 38 23 his

1884 472 122 27 character,
2018 471 46 23 Mr.
2077 470 146 30 Jerningham
2234 466 126 25 Wakefield
2372 465 93 24 refused

1886 510 22 17 to
1919 505 30 22 sit
1961 511 28 16 on
1999 504 38 22 the
2054 503 74 24 bench
2140 502 54 24 with
2205 501 46 24 him
2260 509 7 20 ;
2289 499 52 29 and,
2354 499 38 24 the
2403 498 65 24 other

1886 537 148 30 Magistrates
2046 536 179 29 demonstrating
2236 533 54 24 with
2303 533 165 29 Government,

1885 569 28 23 he
1926 577 43 15 was
1987 574 24 17 at
2030 569 45 22 last
2088 567 120 24 dismissed
2220 567 58 23 from
2296 565 59 23 their
2366 565 102 30 employ-

1921 635 12 23 I
1945 634 44 24 had
1999 633 111 25 refrained
2122 633 58 23 from
2191 632 132 32 publishing
2333 638 44 23 any
2389 630 76 24 vindit

1887 668 72 23 cation
1971 667 25 23 of
2004 675 37 23 my
2051 667 115 23 character
2178 666 23 23 in
2213 669 86 27 respect
2310 670 23 17 to
2347 664 38 23 the
2393 668 75 19 trans-

1887 701 73 23 action
1973 705 22 18 to
2007 699 74 23 which
2101 706 44 23 you
2164 698 73 23 allude
2248 699 25 22 in
2292 697 38 23 the
2342 696 128 33 paragraph

1888 733 81 31 quoted
1988 732 79 28 above,
2088 732 95 23 because
2208 731 12 23 I
2241 738 45 19 was
2307 732 24 21 in
2352 730 68 30 hopes
2444 729 27 24 of

1887 766 107 31 bringing
2014 766 37 22 the
2074 765 69 23 whole
2163 764 87 31 subject
2269 763 95 23 forward
2384 764 24 21 in
2431 762 39 23 the

1888 798 69 31 shape
1969 799 27 22 of
2012 807 13 14 a
2034 797 95 32 judicial
2141 798 100 28 enquiry,
2256 803 25 16 so.
2300 796 49 23 that
2367 795 13 23 I
2397 795 75 31 might

1888 832 52 29 give
1952 836 22 18 to
1986 831 38 23 the
2034 831 117 23 inventors
2163 830 23 22 of
2196 829 37 23 the
2239 833 77 26 report
2328 829 23 22 in
2359 829 112 29 question,

1890 864 38 23 the
1940 864 144 30 opportunity
2096 863 25 22 of
2138 862 134 30 supporting
2290 861 24 22 in
2326 861 38 23 the
2383 860 48 23 face
2448 861 25 22 of

1889 897 39 22 the
1939 895 83 32 public,
2034 896 40 22 the
2086 894 89 23 slander
2187 894 71 23 which
2277 892 53 30 they
2342 892 44 23 had
2398 893 73 22 circu-

1889 929 62 23 lated
1966 930 25 22 in
2008 928 38 22 the
2058 927 66 24 small
2142 926 137 29 community
2292 925 25 23 of
2333 925 139 30 Wanganui.

1891 962 48 23 But
1950 969 37 23 my
2147 959 35 23 for
2194 967 14 14 a
2215 958 102 24 criminal
2329 957 145 24 information

1891 995 68 31 being
1969 993 98 30 refused,
2081 1001 28 15 on
2183 992 87 31 ground
2289 991 49 23 that
2355 991 62 23 there
2428 990 45 23 had

1891 1028 56 24 been
1960 1037 13 14 a
1984 1028 66 30 delay
2059 1028 24 22 in
2093 1026 108 30 bringing
2212 1026 17 22 it
2239 1023 96 24 forward
2344 1023 73 23 which
2425 1030 47 16 was

1891 1067 40 18 not
1942 1061 135 30 sufficreutly
2092 1058 123 24 accounted
2226 1058 33 23 for
2269 1066 6 20 ;
2296 1057 14 23 I
2322 1057 55 23 have
2390 1061 21 18 at
2423 1064 52 23 pre-

1891 1101 51 18 sent
1963 1103 30 15 no
2014 1094 66 23 other
2103 1100 80 16 course
2201 1092 52 23 than
2271 1096 23 18 to
2307 1089 78 32 appeal
2397 1094 22 18 to
2437 1089 39 24 the

1892 1129 77 31 public
1981 1127 100 31 through
2093 1134 56 23 your
2162 1126 100 23 columns
2269 1133 7 20 ;
2290 1124 14 23 I
2316 1128 59 18 trust
2384 1127 22 18 to
2418 1130 58 23 your

1893 1169 66 16 sense
1970 1162 26 23 of
2011 1161 84 31 justice
2107 1164 23 19 to
2147 1160 52 30 give
2211 1159 37 22 the
2260 1165 63 16 same
2331 1156 110 31 publicity
2450 1160 24 19 to

1893 1202 38 24 my
1942 1195 100 27 defence,
2065 1193 48 24 that
2131 1200 46 23 you
2196 1192 55 23 have
2270 1190 91 31 already
2373 1190 68 30 given
2452 1193 24 19 to

1893 1228 38 24 the
1939 1228 81 31 charge
2029 1228 89 30 against
2126 1233 45 17 me.
2209 1225 11 24 I
2232 1225 80 23 should
2323 1224 54 22 have
2387 1224 90 22 written

1893 1261 152 30 immediately
2056 1268 60 24 upon
2123 1261 80 28 seeing
2211 1259 37 23 the
2256 1256 128 34 paragraph
2394 1256 12 24 I
2418 1256 59 23 have

1895 1294 97 24 referred
2013 1300 33 22 to,
2057 1294 43 23 but
2119 1293 49 24 that
2180 1293 61 22 there
2253 1299 58 15 were
2332 1297 62 16 some
2406 1289 71 24 docu-

1894 1334 73 18 ments
1989 1329 22 22 in
2032 1327 38 23 the
2088 1327 129 31 possession
2237 1325 25 23 of
2277 1331 38 24 my
2328 1322 105 24 Solicitor
2453 1327 24 19 to

1895 1361 71 24 which
1978 1365 20 20 it
2008 1368 47 16 was
2065 1367 122 23 necessary
2200 1364 22 18 to
2233 1358 67 23 refer.

1929 1393 158 32 Immediately
2099 1400 62 24 upon
2180 1392 116 29 becoming
2314 1397 71 16 aware
2397 1389 25 23 of
2440 1389 39 23 the

1896 1429 115 23 existence
2020 1427 23 24 of
2054 1427 39 23 the
2103 1431 78 26 report
2191 1425 106 29 affecting
2309 1431 38 23 my
2354 1423 125 28 character,

1897 1461 13 24 I
1923 1461 58 28 took,
1994 1461 38 23 the
2044 1460 53 30 ouly
2109 1466 80 16 course
2206 1457 73 24 which
2297 1455 111 32 appeared
2420 1463 59 23 open

1898 1500 23 19 to
1934 1503 42 15 me.
2012 1493 18 24 I-
2036 1492 100 31 brought
2145 1492 38 23 the
2190 1496 80 18 matter
2277 1489 73 24 under
2361 1488 38 24 the
2405 1488 76 23 notice

1900 1528 26 24 of
1940 1528 38 23 the
1990 1527 65 23 three
2065 1526 101 23 resident
2187 1524 147 30 Magistrates
2347 1521 47 24 Mr.
2407 1520 75 33 King,

1899 1561 47 24 Mr.
1959 1560 99 28 Wilson,
2067 1559 43 24 and
2121 1554 49 28 Mri
2183 1557 85 28 Nixon,
2278 1555 131 32 requesting
2417 1554 64 24 them

1900 1599 21 19 to
1935 1595 134 30 investigate
2081 1594 23 22 in
2113 1600 39 23 ray
2163 1592 101 27 absence,
2277 1590 44 23 and
2333 1593 23 18 to
2364 1588 71 32 judge
2446 1587 37 24 for

1900 1628 136 24 themselves
2049 1626 24 24 of
2088 1627 30 22 its
2130 1625 64 24 truth
2206 1632 23 15 or
2245 1622 125 24 falsehood.
2405 1621 78 24 These

1900 1661 136 31 gentlemen,
2050 1660 57 23 after
2119 1666 63 16 more
2192 1658 52 23 than
2257 1665 13 15 a
2281 1656 65 24 week
2357 1660 67 26 spent
2432 1656 25 23 in
2470 1663 14 14 a

1901 1694 84 24 careful
2004 1694 96 30 enquiry
2116 1693 49 23 into
2185 1691 38 24 the
2241 1689 96 32 subject,
2358 1688 64 24 made
2445 1687 39 24 the

1903 1727 115 31 following
2029 1731 85 27 report.

1961 1762 40 23 On
2011 1760 122 30 Saturday,
2143 1759 39 23 the
2192 1757 57 27 27th
2258 1756 138 28 November,
2410 1757 73 28 1841,

1902 1804 14 14 a
1928 1802 92 16 rumour
2031 1794 80 31 highly
2123 1792 123 32 prejudical
2262 1796 23 18 to
2298 1790 38 24 the
2348 1788 70 25 moral
2430 1789 54 24 cha-

1903 1834 72 18 racter
1987 1828 26 24 of
2023 1827 47 24 Mr.
2085 1827 107 27 Dawson,
2201 1825 37 24 the
2248 1824 79 24 Police
2340 1822 146 31 Magistrate,

1904 1870 60 16 came
1973 1867 22 19 to
2006 1861 37 24 the
2051 1860 133 31 knowledge
2194 1859 25 23 of
2229 1858 36 23 the
2274 1856 70 25 Chief
2354 1856 132 32 Constable,

1904 1895 28 24 he
1943 1894 131 25 considered
2086 1894 17 23 it
2114 1894 36 23 his
2164 1893 54 30 duty
2230 1897 21 18 to
2264 1894 76 28 report
2353 1890 38 23 the
2401 1894 85 18 matter

1905 1934 23 18 to
1940 1936 42 16 one
1994 1929 24 23 of
2027 1928 39 24 the
2077 1927 148 30 Magistrates
2235 1924 44 24 and
2289 1924 102 23 likewise
2402 1927 23 18 to
2437 1922 49 24 Mr.

1905 1962 110 24 Dawson.

1964 1996 39 24 On
2015 1995 39 24 the
2064 1994 118 29 following
2191 1991 115 30 Tuesday,
2316 1991 47 24 Mr.
2377 1989 110 28 Dawson,

1907 2028 92 24 entered
2004 2035 61 24 upon
2070 2027 39 23 the
2116 2026 90 31 subject
2213 2025 76 23 before
2295 2024 38 23 the
2340 2023 150 30 Magistrates

1907 2061 127 25 assembled
2050 2066 24 18 at
2084 2060 77 30 .Petty
2173 2059 100 28 Session,
2286 2056 96 25 detailed
2395 2056 37 23 the
2444 2057 34 22 cir
2479 2069 11 20 :

1908 2101 142 18 cumstances
2068 2102 25 15 as
2105 2093 34 24 far
2163 2101 25 15 as
2209 2092 51 30 they
2281 2098 57 16 were
2363 2090 83 22 known
2465 2095 23 17 to

1907 2129 55 29 him,
1987 2128 45 24 and
2055 2126 120 33 requested
2204 2125 47 24 that
2273 2133 30 14 an
2331 2123 160 31 investigation

1909 2162 81 25 should
2010 2163 27 22 be
2050 2161 95 31 adopted
2164 2168 25 15 as
2201 2159 36 24 the
2250 2158 149 30 Magistrates
2410 2155 83 25 should

1909 2196 66 24 think
1999 2202 119 24 necessary
2140 2194 35 24 for
2197 2192 39 24 the
2253 2191 138 24 vindication
2411 2190 25 26 of
2454 2189 37 24 his

1910 2230 124 23 character.

1969 2263 30 24 In
2016 2263 39 23 the
2066 2262 155 32 performance
2232 2260 25 23 of
2277 2258 47 24 this
2335 2258 62 30 duty,
2409 2265 34 16 we
2454 2256 39 25 the

1909 2296 100 25 resident
2022 2296 148 31 Magistrates
2182 2293 70 24 called
2262 2292 78 24 before
2349 2299 35 20 us,
2395 2290 44 24 and
2450 2298 41 17 ex-

1910 2331 89 23 amined
2011 2330 77 24 James
2107 2328 97 24 Rankin
2215 2327 36 23 the
2270 2326 124 31 originator
2414 2324 25 24 of
2455 2324 39 24 the

1911 2369 84 27 report,
2008 2364 100 23 Andrew
2117 2361 97 25 Rankin
2225 2360 35 23 his
2267 2359 101 28 brother,
2378 2357 38 24 the
2427 2357 71 25 Chief

1912 2397 122 25 Constable
2047 2396 49 24 who
2107 2396 46 24 had
2165 2404 13 14 a
2189 2392 133 31 knowledge
2335 2392 24 23 of
2370 2399 67 23 many
2450 2392 45 23 cir-

1912 2437 142 19 cumstances
2083 2430 98 30 relating
2210 2432 21 19 to
2254 2427 38 24 the
2316 2425 111 32 question,
2451 2425 46 23 and

1912 2464 89 25 several
2013 2464 64 24 other
2097 2470 95 25 persons
2204 2467 23 17 to
2239 2460 73 24 whom
2332 2460 39 22 the
2384 2458 114 24 aforesaid

1912 2500 76 23 James
2009 2497 96 25 Rankin
2124 2496 45 25 had
2188 2495 85 24 related
2291 2494 19 23 it
2321 2503 6 19 ;
2352 2493 44 24 and
2412 2492 93 31 having,

1912 2532 111 34 maturely
2041 2530 104 31 weighed
2164 2528 44 25 and
2225 2526 132 26 considered
2376 2526 39 24 the
2425 2525 74 24 whole

1913 2567 26 23 of
1956 2562 165 31 theVvidence,
2134 2560 107 30 adduced,
2254 2569 37 16 are
2305 2561 25 23 of
2345 2559 91 33 opinion
2448 2559 52 24 that

1913 2601 37 22 the
1962 2599 48 24 said
2023 2599 77 23 James
2112 2597 97 25 Rankin
2227 2594 43 24 and
2281 2594 38 23 his
2333 2593 100 29 brother,
2446 2592 52 23 who

1914 2641 94 24 appears
2029 2637 23 18 to
2063 2631 58 24 have
2138 2631 58 23 been
2214 2629 35 22 his
2261 2628 62 23 chief
2333 2627 85 28 abetor,
2440 2626 58 23 have

1913 2670 41 21 hot
1971 2666 54 30 only
2036 2665 69 24 failed
2124 2669 23 18 to
2166 2662 149 24 substantiate
2329 2660 36 23 the
2387 2660 113 31 injurious

1914 2707 75 25 report
2003 2700 89 30 against
2104 2698 47 23 Mr.
2165 2696 108 28 Dawson,
2285 2695 43 22 but
2338 2694 30 30 by
2380 2693 59 24 their
2450 2693 49 23 dis-

1915 2735 128 30 crepancies
2056 2731 45 25 and
2112 2730 183 26 contradictions,
2304 2728 58 23 have
2369 2726 131 31 manifestly

1915 2766 168 26 demonstrated
2103 2765 50 23 that
2174 2764 38 23 the
2230 2767 77 27 report
2323 2762 20 23 is
2355 2770 13 14 a
2385 2764 59 20 most
2455 2768 46 15 un-

1917 2801 96 24 founded
2031 2800 44 23 and
2093 2798 118 24 malicious
2230 2796 112 30 calumny,
2356 2794 45 24 and
2419 2801 82 18 conse?

1917 2835 91 32 quently
2025 2834 49 23 that
2086 2833 48 24 Mr.
2147 2830 120 26 Dawson's
2276 2829 116 24 character
2401 2828 101 24 remains

1918 2866 158 27 untarnished.

1952 2904 14 12 11
1976 2902 30 24 In
2027 2900 141 28 conclusion,
2189 2906 32 16 we
2232 2895 144 26 recommend
2388 2895 49 24 that
2448 2895 50 24 Mr.

1919 2937 101 25 Dawson
2031 2935 81 24 should
2129 2933 104 25 institute
2254 2930 148 33 proceedings
2413 2930 93 30 against

1919 2971 53 24 both
1982 2970 78 24 James
2072 2968 96 24 Rankin
2181 2966 43 24 and
2234 2965 98 25 Andrew
2342 2963 104 29 Rankin,
2455 2963 52 23 that

1920 3004 58 25 their
1989 3003 116 32 flagitious
2123 3001 98 24 conduct
2239 3006 53 23 may
2305 3003 60 19 meet
2382 2997 29 24 its
2430 2996 75 24 award

1919 3039 59 23 from
1990 3037 40 23 the
2040 3044 83 24 proper

2023 3068 112 34 (Signed)
2237 3067 28 24 P.
2284 3065 115 29 Wilson,
2416 3064 57 24 J.P.

2227 3100 58 23 Jno.
2302 3099 98 27 Nixon,
2417 3097 56 24 J.P.

2227 3134 81 24 Saml.
2323 3131 78 28 King,
2417 3130 57 24 J.P.

1955 3171 138 32 Wanganui,
2106 3168 129 26 December
2248 3169 40 27 14,
2304 3167 73 23 1843.

1955 3216 55 24 You
2021 3215 46 23 will
2078 3214 104 32 perceive
2193 3212 30 31 by
2232 3211 45 23 this
2290 3210 49 23 that
2351 3209 38 24 the
2400 3207 108 32 proceed-

1924 3251 46 30 ing,
1989 3250 74 23 which
2079 3247 38 25 the
2130 3247 148 31 Magistrates
2297 3241 156 26 recommened
2471 3248 39 16 me

1924 3290 22 17 to
1956 3284 61 27 take,
2029 3290 58 16 were
2097 3282 34 23 for
2140 3281 38 24 the
2187 3286 97 25 purpose
2294 3277 25 23 of
2328 3276 73 24 rather
2409 3274 100 37 punish-

1924 3319 39 30 ing
1975 3318 38 23 the
2027 3317 115 23 inventors
2154 3314 45 23 and
2209 3316 136 29 propagator
2357 3309 25 24 of
2391 3309 39 23 the
2446 3308 64 23 slan-

1925 3351 38 24 der
1981 3351 54 24 than
2048 3350 25 23 of
2091 3349 101 29 clearing
2209 3353 36 24 my
2257 3345 116 23 character
2382 3352 7 21 ;
2409 3342 75 24 which
2497 3341 14 25 I

1925 3393 51 24 may
1988 3389 95 19 venture
2096 3387 23 19 to
2130 3386 74 22 assert
2215 3380 56 23 from
2284 3378 38 23 the
2333 3377 115 31 language
2460 3384 50 19 em.-

1926 3418 89 34 ployed,
2028 3417 38 24 did
2077 3421 40 19 not
2135 3417 24 21 in
2178 3414 58 25 their
2246 3411 93 32 opinion
2357 3410 90 31 require
2465 3417 46 23 any

1926 3452 89 24 further
2027 3450 149 29 yindicatiop.

1961 3486 28 30 fn
2004 3485 139 30 compliance
2154 3481 52 29 with,
2221 3479 58 25 their
2296 3477 218 32 recommendation,

1928 3520 111 29 however,
2053 3518 12 22 I
2078 3514 128 26 instructed
2218 3521 37 23 my
2264 3512 107 27 Solicitor
2382 3511 49 25 Mr.
2445 3511 71 24 Han-

1929 3561 40 17 son
1982 3558 22 18 to
2018 3552 51 30 give
2081 3549 75 24 notice
2168 3553 23 19 to
2205 3547 36 23 the
2253 3547 85 32 parties
2352 3545 25 23 of
2386 3554 38 23 my
2436 3545 78 24 inten-

1929 3588 47 22 tion
1986 3591 24 18 to
2018 3584 68 32 apply
2096 3584 34 22 for
2140 3591 14 15 a
2163 3581 99 24 criminal
2270 3579 148 24 information
2426 3580 92 31 against

1931 3620 70 28 them,
2015 3618 74 23 which
2100 3614 149 31 accordingly,
2255 3614 28 24 he
2296 3613 37 24 did
2343 3623 7 20 ;
2371 3613 42 24 but
2424 3614 25 23 in
2460 3620 57 17 con-

1930 3659 111 26 sequence
2052 3651 26 23 of
2095 3650 37 23 his
2258 3647 104 24 received
2382 3655 28 16 no
2424 3654 58 24 copy
2493 3646 28 23 of

1931 3687 36 23 the
1982 3685 150 26 Government
2152 3681 101 30 Gazette,
2264 3681 76 31 fixing
2358 3681 38 24 the
2415 3681 56 23 time
2483 3679 35 24 for

1931 3719 36 25 the
1987 3718 89 30 Sitting
2088 3718 24 22 of
2129 3716 40 23 the
2191 3715 78 29 Court,
2289 3715 49 30 Mr,
2361 3714 99 24 Hanson
2472 3720 46 17 was

1931 3751 82 26 linable
2025 3757 23 22 £o
2065 3750 82 24 inform
2167 3758 37 15 mo
2220 3749 24 24 of
2260 3749 40 24 the
2311 3748 80 32 period
2409 3751 29 25 at,
2445 3746 75 24 which

1933 3794 36 23 my
1982 3792 109 25 presence
2105 3788 24 19 at
2140 3784 59 23 Port
2210 3782 127 25 Nicholson
2349 3781 73 25 would
2441 3780 28 23 be
2482 3787 38 16 re-

1933 3820 90 32 quisite,
2034 3826 43 15 nor
2095 3817 39 31 414
2154 3817 13 24 I
2188 3817 86 24 receive
2293 3824 45 23 any
2356 3814 128 24 intimation
2497 3812 25 24 of

1933 3854 38 24 the
1984 3852 88 31 Sitting
2084 3851 24 24 of
2118 3851 39 24 the
2170 3851 111 32 Supreme
2293 3850 80 27 Court,
2386 3845 59 26 until
2462 3846 60 25 after

1935 3886 36 25 the
1985 3886 70 24 Chief
2064 3885 88 25 Justice
2164 3884 46 24 had
2221 3874 88 42 quittej
2319 3881 152 32 Wellington.

1968 3920 83 24 Under
2063 3919 66 25 these
2137 3919 177 23 circumstances
2320 3916 12 24 I
2344 3915 40 24 felt
2396 3913 126 33 compelled

1936 3960 21 20 to
1969 3954 54 24 wait
2032 3953 61 24 until
2105 3953 38 23 the
2155 3956 56 20 next
2223 3952 87 30 Sitting
2324 3948 26 25 of
2359 3949 38 23 the
2408 3948 114 32 Supremo

1937 3989 71 24 Court
2020 3988 35 25 for
2066 3987 45 25 this
2124 3979 97 31 district,
2234 3984 64 24 when
2310 3991 14 17 a
2335 3981 103 26 criminal
2450 3981 72 26 infor-

102 2333 44 24 Mr,
160 2332 102 24 Churton
270 2332 42 23 left
320 2332 129 30 Wauganui
458 2338 28 16 on
495 2329 154 30 Wednesday,

70 2366 40 23 and
122 2366 87 24 arrired
220 2366 53 24 here
285 2374 28 15 on
327 2366 113 30 Saturday
451 2364 105 30 evening.
602 2362 47 25 Mr.

70 2399 48 24 Bell
129 2399 43 24 had
185 2399 145 24 commenced
342 2399 34 23 his
389 2399 91 24 harvest
487 2399 24 21 in
521 2398 38 22 the
569 2397 80 30 begin-

71 2434 53 29 ning
136 2434 23 22 of
175 2432 37 24 the
225 2432 71 24 week.
339 2432 51 23 The
409 2439 66 23 crops
487 2439 58 16 were
557 2430 93 28 looking

72 2474 52 22 very
145 2467 133 32 promising,
308 2465 146 33 particularly
483 2465 39 23 the
551 2462 99 31 English

73 2500 76 23 wheat.
197 2500 50 23 The
266 2507 81 16 season
367 2499 43 23 had
430 2498 57 24 been
509 2498 68 23 much
591 2497 59 23 drier

75 2533 50 24 than
137 2534 73 28 usual,
223 2533 43 24 and
279 2541 62 16 more
353 2533 82 29 windy.

105 2567 89 23 Several
207 2567 62 23 other
282 2566 89 24 settlers
383 2566 43 23 had
435 2573 62 16 some
508 2572 62 17 acres
581 2563 68 24 under

73 2600 125 28 cnlivatioD,
211 2608 27 15 on
249 2599 134 31 sufferance,
395 2599 58 23 until
464 2599 37 23 the
515 2599 87 23 natives
614 2604 35 16 are

73 2633 49 31 paid
131 2643 5 19 ;
158 2634 40 22 but
219 2633 37 23 the
274 2633 97 31 produce
390 2632 75 24 would
484 2637 38 18 not
538 2632 29 22 be
579 2635 70 27 great,

73 2674 24 16 as
107 2667 81 31 parties
200 2675 37 15 are
249 2672 36 18 too
298 2667 95 23 anxious
404 2671 22 19 to
438 2670 39 26 get
488 2673 15 15 a
512 2672 52 24 crop
575 2665 74 23 before

74 2700 37 23 the
122 2700 85 29 ground
218 2701 20 23 is
249 2700 110 24 rendered
369 2700 33 24 fit.

106 2733 48 24 The
167 2733 99 24 Maories
279 2742 59 15 were
349 2733 107 33 expected
470 2738 22 18 to
504 2732 56 24 have
573 2740 13 14 a
594 2731 59 31 fight

74 2766 65 24 about
150 2775 61 16 some
227 2771 91 27 potatoe
339 2767 108 32 grounds.
496 2766 50 23 The
567 2766 85 31 parties

74 2808 36 15 are
132 2801 96 24 Makatu
251 2801 45 23 and
319 2800 35 25 Te
377 2801 84 24 Mawai
474 2810 7 19 ;
502 2800 37 23 the
569 2799 84 24 former

72 2834 75 23 claims
169 2835 29 30 by
209 2834 61 31 right
289 2835 26 23 of
339 2839 116 26 conquest,
477 2834 38 23 the
537 2833 68 24 latter
628 2840 25 15 as

75 2867 65 30 being
159 2867 38 24 the
199 2888 13 9 w
212 2868 100 30 ,rightful
331 2876 82 15 owner.
461 2867 76 24 There
560 2874 46 15 was
623 2874 31 16 no

76 2900 66 24 doubt
161 2902 49 22 that
218 2902 111 24 'Makatu
351 2901 70 24 would
442 2905 97 27 attempt
557 2905 24 18 to
601 2898 53 25 take

75 2935 133 30 possession,
226 2935 39 24 but
277 2935 18 24 it
306 2942 47 16 was
365 2934 74 24 rather
449 2934 47 24 less
510 2934 84 23 certain
607 2933 47 23 that

76 2967 32 24 Te
120 2968 81 24 Mawai
213 2968 72 24 would
296 2973 96 27 prevent
401 2968 57 24 him.
504 2967 51 24 The
567 2971 87 20 contest

75 3001 70 24 would
155 3008 40 17 not
207 3001 66 24 affect
280 3001 38 24 the
331 3001 97 24 settlers.

106 3035 23 23 A
156 3043 53 16 man
235 3043 47 16 was
305 3034 106 24 drowned
438 3043 28 15 on
494 3034 38 24 the
562 3033 94 31 Sunday

75 3069 115 30 previous;
216 3069 29 24 he
266 3077 46 15 was
330 3069 69 31 going
416 3076 31 23 up
465 3067 40 26 the
521 3068 60 23 river
599 3068 24 22 in
644 3075 12 15 a

76 3102 62 24 small
150 3110 77 20 canoe,
240 3102 45 24 and
296 3103 21 22 is
336 3102 114 31 supposed
468 3107 23 17 to
503 3101 57 23 have
572 3108 44 16 run
628 3108 28 15 on

77 3143 12 13 a
100 3140 74 25 stump
185 3135 44 23 and
242 3135 105 31 capsized
356 3144 8 19 ;
382 3135 28 24 he
424 3142 46 16 was
482 3135 24 23 in
519 3134 37 23 the
568 3133 88 31 employ

76 3168 24 23 of
113 3168 44 24 Dr.
171 3168 71 24 Rees.

109 3203 23 23 A
143 3207 42 18 two
198 3202 52 24 boat
261 3201 101 33 whaling
378 3206 66 28 party
456 3201 20 24 is
494 3200 108 31 forming,
615 3199 43 24 and

76 3241 53 24 very
140 3235 59 31 good
216 3236 70 31 hopes
305 3243 38 19 are
365 3234 139 26 entertained
524 3233 25 25 of
564 3234 30 23 its
606 3241 52 16 suc-

77 3276 56 21 cess,
151 3277 25 16 as
197 3269 82 24 whales
298 3278 39 15 are
357 3277 53 24 very
429 3276 124 17 numerous
574 3267 34 23 off
622 3266 36 25 the

77 3301 76 29 heads,
165 3303 44 23 and
228 3302 38 25 the
286 3303 99 24 weather
404 3304 21 22 is
444 3309 55 24 very
517 3300 46 25 fine
576 3300 82 32 during

77 3335 39 23 the
128 3340 86 25 greater
226 3343 50 23 part
287 3337 25 23 of
326 3337 39 23 the
376 3337 89 23 winter.

116 3501 48 24 Mr.
178 3500 35 25 St.
235 3500 52 25 Hill
305 3502 46 24 had
370 3509 40 17 not
427 3503 58 23 been
506 3503 70 23 heard
596 3502 26 24 of
637 3508 22 18 at

81 3534 140 32 Wanganui,
233 3535 35 23 for
279 3542 62 16 some
353 3536 62 23 time.

252 3377 32 24 up
301 3375 23 19 to
337 3370 130 31 Wanganui
486 3370 20 23 is
518 3368 69 25 much
597 3375 62 17 more

79 3400 143 33 expeditious
236 3410 48 15 now
305 3403 54 24 than
375 3403 116 31 formerly,
510 3410 24 17 as
555 3401 64 25 there
639 3402 20 23 is

78 3434 60 24 little
150 3434 107 31 difficulty
269 3436 23 23 in
303 3436 116 32 obtaining
437 3445 83 16 canoes
531 3441 24 18 at
566 3440 60 20 most
638 3436 23 23 of

80 3467 40 24 the
131 3468 79 23 rivers.

115 3571 59 28 Pigs
185 3571 44 20 and
238 3572 102 27 potatoes
352 3576 36 15 are
399 3571 62 29 quite
473 3577 26 15 as
512 3571 114 23 abundant
637 3578 24 16 as

83 3610 60 21 ever,
155 3601 45 25 and
211 3602 84 31 parties
315 3601 75 24 would
399 3602 28 24 be
446 3602 53 31 glad
512 3607 23 19 to
545 3603 68 25 make
625 3612 36 15 ar-

83 3639 144 28 rangements
237 3635 35 24 for
286 3634 123 32 supplying
419 3636 122 31 quantities
553 3636 26 23 of
593 3636 70 24 either

83 3674 24 18 at
117 3669 61 24 fixed
189 3669 81 31 prices,
282 3676 26 16 so
320 3676 26 16 as
357 3672 22 19 to
397 3669 111 23 establish
526 3676 13 16 a
549 3676 63 16 more
623 3677 43 20 ex-.

83 3703 87 23 tensive
181 3702 63 24 trade
264 3701 56 24 than
339 3702 20 23 is
378 3706 24 19 at
418 3706 95 26 present
530 3702 86 26 carried
636 3710 29 15 on

83 3734 102 26 between
195 3734 142 32 Wellington
348 3735 43 23 and
401 3734 141 32 Wanganui.

117 3768 51 25 The
179 3773 53 20 neat
251 3776 50 17 new
322 3768 132 25 Protestant
475 3768 92 26 Church
588 3767 75 25 would

83 3801 28 25 be
122 3803 87 27 opened
221 3802 37 24 the
266 3801 86 25 middle
364 3801 24 25 of
402 3801 46 25 this
459 3801 89 24 month.

289 3859 78 29 Petre,
378 3857 129 26 December
519 3859 24 27 8,
557 3859 74 23 1843.

117 3899 53 29 Sic,
171 3912 34 6 —
205 3899 66 26 Yonr
282 3906 71 27 paper
369 3899 25 23 of
409 3897 130 26 November
560 3900 40 26 15,
618 3897 46 33 just

85 3939 48 17 now
143 3933 95 30 arrived,
261 3933 106 30 contain*
385 3940 13 16 a
414 3932 64 31 reply
496 3932 59 24 from
567 3931 97 25 Messrs.

85 3965 95 31 Wilson,
202 3967 70 33 King,
293 3966 56 25 and-
358 3965 87 29 Nixon,
466 3970 25 19 to
512 3965 37 24 the
563 3965 67 24 letter
641 3966 23 23 in

85 3999 133 27 vindication
229 4001 26 25 of
266 4008 40 21 my
324 4000 117 24 character
461 3998 74 26 which
556 3998 108 31 appeared

654 165 22 23 in
689 163 39 25 the
748 162 59 28 New
820 162 105 24 Zealand
943 160 94 24 Gazette
1056 159 26 24 of
1096 159 39 24 the
1155 157 43 27 7th
1218 157 24 23 of

659 197 110 23 October.

689 230 42 29 My
743 230 65 23 letter
818 227 87 25 needed
918 235 27 15 no
957 226 71 31 reply,
1042 226 42 26 but
1096 224 65 25 these
1181 231 57 23 gen-

655 263 84 24 tlemen
751 267 56 18 state
820 262 48 23 that
882 260 52 31 they
957 258 90 32 publish
1068 265 43 16 one
1129 258 26 22 in
1174 256 66 24 order

656 302 21 18 to
690 296 81 24 relieve
782 294 137 24 themselves
932 293 56 24 from
1008 299 29 16 an
1054 297 142 25 appearance
1218 289 22 22 of

656 334 64 26 great
730 329 174 28 inconsistency,
918 325 49 24 that
980 324 38 27 the
1038 325 125 26 assertions
1185 329 54 16 con-

657 362 76 23 tained
752 362 24 22 in
792 361 38 23 the
852 358 135 30 concluding
1009 356 129 32 paragraph
1162 355 26 23 of
1204 362 36 22 my

657 395 66 23 letter
798 398 39 18 not
848 400 83 23 appear
943 397 22 17 to
977 391 56 23 have
1044 390 58 24 been
1115 389 38 23 the

658 428 48 25 that
719 427 38 23 the
772 431 76 26 report
859 426 74 22 which
952 424 51 30 they
1015 423 107 29 formerly
1132 421 66 24 made
1212 428 28 15 on

658 466 87 19 mature
757 459 145 24 deliberation
915 458 56 23 after
979 464 30 16 an
1020 455 84 24 official
1114 454 125 30 investiga-

659 494 46 22 tion
718 500 28 15 on
764 492 59 27 oath,
834 492 20 22 is
896 496 23 17 at
931 491 103 22 variance
1046 489 53 22 with
1114 488 57 25 their
1189 494 51 23 pre-

659 532 50 17 sent
866 524 46 23 that
927 524 50 29 they
1143 520 49 23 that
1205 526 35 16 re-

658 565 52 25 port
722 559 56 22 from
791 558 86 23 certain
894 556 117 31 impelling
1021 555 96 22 motives
1129 553 45 23 and
1192 552 48 23 that

686 592 38 23 the
735 592 60 26 force
806 591 24 23 of
839 590 78 31 public
928 589 90 32 opinion
1030 587 64 23 aided
1107 586 29 31 by
1144 592 96 17 uncour-

660 630 64 18 teous
742 625 144 27 demeanour,
898 623 56 22 have
973 620 108 25 rendered
1094 619 59 23 their
1171 619 69 23 inter-

660 666 81 16 course
752 658 54 22 with
816 664 37 16 me
865 656 166 28 embarrassing
1041 653 43 23 and
1091 652 52 23 void
1154 652 25 23 of
1188 658 52 16 con-

694 724 13 24 I
719 727 90 27 request
825 731 46 22 you
884 722 45 28 Sir,
943 727 22 17 to
982 720 93 31 publish
1091 727 38 22 my
1142 718 100 23 vindica-

661 758 55 27 tion,
729 757 57 27 their
802 756 67 23 letter
881 754 73 24 which
971 753 53 23 thus
1042 752 89 23 at'acks
1143 759 44 20 me,
1200 750 43 23 and

660 790 45 22 this
718 798 38 22 my
764 789 99 28 defence,
873 789 23 22 in
908 786 65 24 order
984 786 50 22 that
1045 785 37 23 the
1094 788 82 19 matter
1188 790 51 22 may

659 823 29 22 be
699 823 56 29 fully
767 822 77 23 before
856 821 38 22 the
905 819 89 32 public;
1016 818 44 22 and
1077 818 6 22 I
1099 816 43 24 ask
1163 824 46 22 you
1222 821 22 17 to

660 855 28 23 do
699 855 47 23 this
758 856 22 21 in
794 854 86 30 justice
892 858 21 17 to
926 852 36 23 the
979 850 84 32 public,
1077 855 23 18 to
1112 849 64 23 these
1188 856 55 23 gen-

662 887 92 28 tlemen,
767 887 44 23 and
823 884 92 31 myself.

694 920 52 23 The
759 918 67 24 world
845 919 23 22 in
887 915 91 33 general
997 923 38 16 are
1047 919 40 19 not
1107 922 73 16 aware
1198 913 48 24 that

661 953 37 23 the
712 952 80 31 public
804 952 25 22 of
845 950 138 29 Wangauui,
996 948 38 24 the
1053 948 61 23 force
1126 947 25 23 of
1169 946 77 23 whose

661 986 91 31 opinion
762 986 19 22 is
792 983 101 24 asserted
903 983 30 30 by
946 982 96 23 Messrs.
1051 980 98 29 Wilson,
1161 979 84 30 Nixon,

661 1019 45 23 and
715 1018 71 31 King,
800 1023 22 18 to
835 1017 58 23 have
904 1015 128 24 influenced
1043 1014 62 24 them
1117 1014 22 23 in
1149 1014 98 30 altering

663 1052 59 23 their
745 1059 48 16 own
817 1051 101 31 opinion,
942 1054 104 19 amounts
1066 1047 123 32 excluding
1211 1054 36 23 my

665 1085 80 32 family
757 1085 42 23 and
812 1084 71 24 theirs
896 1089 22 17 to
930 1083 45 23 less
988 1082 53 24 than
1052 1082 31 25 70
1096 1081 58 23 male
1166 1080 81 28 adults,

664 1119 37 22 the
713 1118 126 25 remainder
848 1118 71 30 being
926 1123 84 16 women
1023 1115 44 25 and
1077 1115 115 28 children;
1206 1113 43 24 and

664 1152 11 23 I
695 1158 82 17 cannot
793 1152 48 22 find
861 1159 42 14 one
923 1154 104 25 amongst
1050 1148 64 23 these
1133 1148 51 22 who
1206 1147 41 22 has

663 1185 130 24 authorised
805 1184 56 23 such
874 1191 27 15 an
912 1183 109 23 assertion
1029 1190 6 20 ;
1050 1181 13 23 I
1076 1181 56 23 have
1143 1179 106 32 personal

664 1225 133 17 assurances
810 1218 43 22 and
867 1217 89 22 written
968 1215 132 23 documents
1112 1213 59 24 from
1190 1217 59 22 mpst

665 1251 24 24 of
708 1253 61 22 them
781 1256 23 17 to
823 1257 70 24 prove
905 1249 59 23 what
976 1247 13 24 I
1010 1254 48 23 say,
1072 1246 43 24 and
1127 1246 13 24 I
1154 1245 95 24 forward

665 1285 77 30 copies
751 1284 25 23 of
793 1291 63 15 some
868 1282 26 23 of
907 1282 40 23 thp
966 1281 66 23 latter
1051 1280 117 28 herewith,
1182 1284 22 19 to
1223 1279 26 23 be

665 1317 120 31 published
797 1317 35 22 for
846 1315 57 27 their
922 1313 140 28 satisfaction
1074 1320 25 16 as
1111 1312 51 24 well
1173 1320 26 15 as
1213 1319 36 24 my

666 1359 59 15 own.

699 1384 37 24 To
755 1384 37 23 the
805 1390 73 23 vague
897 1388 90 18 reasons
999 1381 26 23 of
1069 1384 59 19 want
1140 1379 27 24 of
1186 1386 65 17 cour-

666 1423 58 25 tesy,
745 1417 139 30 subsequent
900 1414 161 32 acquaintance
1080 1412 54 24 with
1154 1413 99 24 anterior

666 1456 87 24 events,
767 1450 63 23 other
842 1450 175 22 circumstances
1025 1447 120 30 fortifying
1155 1451 96 26 reports,

746 1491 30 16 an
787 1482 92 33 equally
887 1489 72 23 vague
968 1480 75 25 denial
1054 1481 20 22 is
1084 1480 30 23 all
1124 1480 11 23 1
1149 1487 38 16 am
1199 1487 54 16 ena-

667 1518 53 23 bled
733 1523 22 18 to
766 1518 58 30 give,
833 1517 42 23 but
887 1515 38 23 the
934 1515 120 23 document
1061 1513 81 32 signed
1154 1514 30 30 by
1192 1513 61 24 them

668 1553 23 21 in
703 1552 37 22 the
752 1551 120 23 execution
881 1549 24 23 of
914 1549 58 23 their
984 1548 83 28 duties,
1079 1548 58 23 after
1149 1547 104 23 examin-

668 1586 40 30 ing
720 1585 37 23 the
769 1585 108 29 accusing
887 1583 84 31 parties
982 1590 29 15 on
1019 1581 61 28 oath,
1089 1581 45 23 and
1141 1580 113 31 maturely

670 1618 113 31 weighing
795 1617 43 23 snd
848 1616 142 30 considering
999 1614 38 25 the
1047 1614 107 24 evidence
1163 1622 6 15 :
1183 1613 71 24 which

670 1652 120 25 document
802 1654 71 20 states
885 1649 49 24 that
945 1649 36 23 the
994 1649 116 31 orginator
1121 1647 45 24 and
1178 1647 77 24 abetor

670 1685 26 23 of
712 1685 38 24 the
762 1684 98 28 slander,
873 1684 56 23 have
965 1685 39 20 not
1015 1680 52 32 only
1078 1680 69 25 failed
1166 1686 22 19 to
1201 1680 53 24 sub-

671 1719 107 23 stantiate
796 1718 37 23 the
854 1717 90 30 charge,
957 1716 40 23 but
1015 1715 30 31 by
1058 1715 59 23 their
1128 1714 126 24 contradic-

672 1753 60 23 tions
751 1752 43 23 and
813 1750 165 31 discrepancies
998 1749 58 23 have
1074 1747 131 31 manifestly
1217 1747 37 24 de-

671 1785 140 24 monstrated
821 1784 51 23 that
889 1785 17 22 it
919 1790 44 16 was
974 1790 14 15 a
999 1785 59 21 most
1074 1781 129 30 unfounded
1214 1780 44 24 and

672 1818 120 24 malicious
943 1818 19 22 is
979 1816 60 23 their
1049 1823 50 15 own
1117 1814 88 24 solemn
1218 1814 37 23 de-

673 1853 72 22 cision
755 1861 6 19 ;
783 1853 18 21 it
821 1852 20 22 is
863 1857 38 17 not
920 1858 28 15 an
968 1848 114 31 adoption.
1126 1847 21 29 I,
1166 1856 26 15 as
1211 1847 47 24 that

673 1886 121 23 document
806 1889 70 19 states
889 1883 83 31 merely
985 1881 118 33 requested
1116 1881 39 24 the
1169 1881 88 31 Magis-

673 1924 71 19 trates
757 1923 21 19 to
788 1918 136 30 investigate
935 1917 37 23 the
984 1921 89 23 matter,
1083 1914 44 24 and
1138 1914 53 24 take
1202 1915 56 23 such

673 1958 64 26 steps
751 1960 25 16 as
793 1952 55 29 they
860 1950 97 31 thought
974 1957 129 23 necessary,
1140 1948 45 24 and
1197 1953 23 18 to
1231 1948 27 23 do

673 1994 27 15 so
717 1987 23 22 in
759 1993 36 23 my
942 1983 43 24 and
1004 1983 12 23 I
1037 1983 42 23 left
1094 1981 72 25 them.
1202 1981 23 24 It
1239 1984 19 22 is

674 2024 50 18 true
745 2019 13 23 I
776 2019 38 23 did
833 2022 41 20 not
891 2016 70 25 thank
983 2017 61 23 them
1056 2016 44 23 for.
1112 2015 69 31 doing
1190 2013 70 24 'their

667 2053 71 30 -duty,
748 2052 40 23 but
800 2051 20 24 if
838 2051 54 29 they
903 2055 73 18 assert
994 2049 50 23 that
1054 2048 54 31 they
1119 2055 59 16 were
1214 2048 44 23 im-

674 2086 74 30 pelled
761 2090 22 18 to
795 2084 68 31 adopt
907 2084 45 23 this
964 2084 87 22 written
1064 2081 99 24 decision
1181 2081 30 31 by
1223 2081 37 24 the

675 2120 176 23 circumstances
870 2117 24 23 of
908 2124 39 23 my
959 2117 68 30 being
1071 2124 13 15 a
1102 2114 77 33 public
1196 2115 64 23 func-

873 2150 86 24 Officer
971 2150 23 23 in
1013 2150 38 23 the
1201 2148 60 24 zeal-

675 2195 43 15 ous
740 2187 22 22 in
774 2193 37 23 my
823 2185 137 23 observance
973 2183 25 23 of
1141 2182 53 28 &c,
1207 2182 53 28 &c,

675 2219 46 25 and
730 2219 48 24 that
789 2219 53 30 they
854 2217 47 24 find
912 2218 19 23 it
942 2223 120 23 necessary
1075 2221 23 18 to
1110 2215 92 31 publish
1214 2215 47 23 this

677 2259 23 18 to
719 2253 39 24 the
776 2252 78 28 world,
868 2257 21 17 to
910 2251 80 23 relieve
1009 2248 137 25 themselves
1158 2248 58 24 from
1234 2256 28 16 an

677 2294 140 25 appearance
829 2286 26 23 of
873 2289 66 26 great
957 2284 175 29 inconsistency,
1153 2282 53 31 they
1220 2282 42 23 will

677 2321 49 23 find
746 2321 18 22 it
783 2318 98 25 difficult
903 2326 52 16 ever
978 2322 22 18 to
1023 2317 86 23 believe
1133 2315 59 24 their
1216 2322 46 17 own

678 2354 85 23 words.

713 2388 39 23 On
774 2387 112 29 referring
907 2390 23 21 to
955 2385 35 23 the
1021 2383 150 32 Magistrates
1189 2387 76 28 report

679 2421 90 24 alluded
792 2427 22 17 to
837 2418 103 33 (printed
961 2418 24 24 in
1008 2425 57 23 your
1089 2424 132 24 newspaper
1243 2416 25 23 of

679 2455 101 24 October
792 2453 62 31 7th),
867 2461 45 22 you
924 2451 45 25 will
980 2451 94 24 observe
1086 2451 49 23 that
1146 2451 38 23 the
1195 2450 71 23 result

679 2489 25 23 of
724 2489 36 23 the
773 2488 153 23 examination
948 2484 91 25 entered
1056 2486 49 23 into
1123 2484 31 30 by
1166 2483 62 24 them
1246 2484 19 23 is

679 2523 67 23 dated
763 2521 129 24 December
906 2521 39 27 14,
960 2520 72 27 1841,
1045 2524 39 18 not
1101 2517 129 26 November
1241 2525 25 15 as

679 2556 55 31 they
757 2563 49 15 now
828 2558 75 19 assert
916 2563 7 19 ;
947 2552 43 24 and
1008 2553 24 22 in
1052 2552 38 23 the
1111 2556 55 19 next
1189 2550 78 24 month

679 2588 125 32 (January)
823 2587 49 24 Mr.
895 2587 104 28 Hanson,
1018 2585 38 24 the
1079 2585 82 24 Crown
1181 2584 84 24 Prose-

679 2627 73 24 cutor,
765 2630 55 23 gave
832 2622 74 22 notice
919 2625 22 19 to
953 2620 37 23 the
1004 2620 85 31 parties
1101 2618 25 24 of
1143 2618 36 24 his
1191 2618 75 23 inten-

679 2657 48 23 tion
740 2661 22 18 to
783 2663 64 16 move
866 2655 35 22 for
920 2662 14 15 a
953 2652 103 25 criminal
1075 2651 153 30 information,
1243 2659 25 15 as

679 2690 85 31 proved
781 2690 30 29 by
823 2688 50 24 that
885 2686 149 33 gentleman's
1053 2685 108 29 affidavit,
1174 2684 54 25 filed
1245 2685 23 24 in

680 2724 39 23 the
732 2724 111 31 Supreme
856 2721 72 24 Court
939 2729 5 16 :
964 2720 10 24 I
988 2719 44 24 had
1048 2720 24 23 in
1084 2719 38 23 the
1136 2718 97 24 interval
1246 2723 22 19 to

680 2757 164 24 communicate
856 2760 24 18 to
892 2756 37 22 the
942 2754 118 24 Governor
1072 2752 45 24 and
1136 2752 39 24 the
1187 2752 81 23 autho-

680 2792 64 24 rities
762 2796 23 18 at
796 2789 150 31 Wellington,
958 2787 44 24 and
1014 2787 37 24 the
1072 2787 113 31 Supreme
1198 2786 72 23 Court

680 2832 47 16 was
739 2830 39 17 not
788 2828 24 19 at
823 2823 50 23 that
893 2823 54 22 time
959 2829 55 15 even
1027 2819 139 25 established
1177 2820 29 30 by
1220 2820 48 28 law,

682 2866 26 15 so
720 2857 49 24 that
780 2857 38 24 the
856 2855 65 31 delay
934 2855 25 24 of
967 2854 88 24 several
1180 2853 44 24 and
1234 2853 37 23 the

793 2891 26 23 of
838 2897 62 16 some
920 2897 62 16 more
1104 2887 39 23 did
1161 2892 40 18 not
1220 2886 51 24 take

682 2925 65 32 place
756 2933 6 21 ;
781 2924 45 24 and
839 2923 64 24 when
917 2923 14 24 I
943 2922 89 32 applied
1044 2926 22 18 to
1077 2922 37 23 the
1122 2920 150 32 Magistrates

684 2959 35 23 for
731 2959 37 23 the
780 2957 98 32 orjginal
890 2957 147 31 depositions,
1047 2956 24 22 in
1081 2954 67 24 order
1159 2959 24 19 to
1193 2954 79 24 enable

684 3000 38 23 my
735 2992 100 23 solicitor
847 2996 24 19 to
883 2994 117 28 prosecute
1013 2996 61 16 more
1087 2987 138 31 effectually,
1234 2987 38 24 the

683 3033 88 17 answer
782 3025 13 24 I
808 3024 102 24 received
922 3031 52 20 was,
989 3022 49 24 that
1080 3022 86 31 having
1183 3021 66 24 made
1261 3029 13 15 a

684 3064 78 27 report
778 3058 150 29 exonerating
947 3064 34 15 me
994 3056 57 23 from
1070 3055 39 23 the
1126 3056 147 30 imputation,

686 3093 68 23 much
772 3093 140 30 importance
931 3089 43 24 had
994 3094 39 18 not
1052 3089 58 23 been
1128 3088 105 24 attached
1252 3093 23 18 to

686 3126 60 23 their
756 3125 48 23 safe
814 3124 108 31 keeping;
936 3123 42 25 and
990 3122 54 30 they
1055 3122 45 23 had
1116 3121 58 23 been

720 3164 77 23 There
811 3163 21 22 is
844 3170 43 15 one
900 3168 61 17 more
979 3159 128 35 paragraph
1119 3159 23 23 in
1156 3159 39 23 the
1213 3159 62 32 reply

687 3198 26 23 of
729 3197 98 24 Messrs.
841 3196 74 31 King,
928 3194 86 27 Nixon,
1027 3192 43 25 and
1089 3192 92 25 Wilson
1202 3192 73 25 which

687 3232 101 30 requires
809 3229 144 31 explanation
963 3228 52 27 ;it
1035 3234 55 16 runs
1114 3227 54 23 thus
1170 3239 33 4 —
1231 3225 44 25 had

687 3264 65 24 there
759 3264 56 24 been
825 3263 39 23 the
874 3269 81 25 proper
962 3261 91 30 anxiety
1061 3264 23 19 to
1094 3259 63 24 defer
1166 3265 22 18 to
1200 3260 77 31 public

688 3298 99 31 opinion,
800 3297 44 24 and
857 3301 23 18 to
899 3295 112 24 vindicate
1021 3293 100 29 himself,
1133 3300 35 17 we
1180 3294 98 30 imagine

688 3332 65 24 there
765 3338 45 16 was
821 3330 76 31 ample
909 3330 53 23 time
974 3328 59 24 from
1051 3326 60 25 June
1129 3332 25 18 to
1172 3327 106 31 Septem-

689 3366 48 28 ber,
847 3363 72 31 Why,
932 3362 13 25 I
957 3361 38 24 did
1011 3361 73 24 travel
1101 3360 66 24 down
1179 3365 23 19 to
1215 3360 64 24 Wel-

687 3399 91 32 lington
788 3399 25 23 in
825 3398 61 24 June
898 3398 35 22 for
952 3396 36 24 the
1000 3402 95 25 express
1114 3401 109 24 purpose,
1235 3394 45 23 and

687 3434 67 23 made
765 3440 38 24 my
816 3431 109 24 Solicitor
946 3429 44 25 and
1006 3429 39 24 the
1056 3428 46 24 late
1115 3427 72 25 Chief
1201 3428 79 24 Police

689 3467 137 31 Magistrate
837 3464 57 25 both
905 3464 99 32 promise
1016 3462 51 24 that
1078 3462 53 31 they
1141 3461 76 24 would
1228 3462 52 31 give

689 3509 37 16 me
745 3499 78 32 timely
833 3499 84 28 notice,
930 3497 44 24 and
993 3496 38 25 the
1042 3496 68 24 latter
1130 3496 116 31 promised
1258 3500 23 19 to

689 3534 58 25 send
764 3542 15 16 a
800 3539 133 24 messenger
953 3530 34 24 off
1006 3538 103 23 express,
1130 3533 25 19 at
1173 3537 39 23 my
1232 3537 49 15 own

689 3576 83 24 proper
783 3572 58 24 cost,
854 3572 24 18 to
889 3566 84 24 inform
985 3572 36 16 me
1032 3572 26 15 as
1068 3571 56 16 soon
1136 3571 26 15 as
1173 3563 19 24 it
1201 3562 80 24 should

690 3602 29 23 be
738 3600 143 25 ascertained
898 3599 66 24 when
976 3598 38 24 the
1027 3598 112 31 Supreme
1152 3596 74 24 Court
1236 3603 45 16 was

691 3639 24 20 to
738 3635 30 23 sit
768 3647 32 5 —
801 3634 42 24 but
865 3633 66 24 there
952 3639 46 16 was
1020 3639 30 16 no
1073 3631 109 32 previous
1208 3631 75 22 notice

680 3669 80 30 -givqn
770 3676 6 21 ;
795 3667 38 25 the
847 3667 69 28 Chjef
931 3666 88 24 Justive
1031 3663 90 25 arrived
1133 3668 25 19 at
1168 3663 114 31 Welling-

693 3706 48 23 ton,
752 3700 53 24 held
815 3700 37 24 his
871 3700 80 29 Court,
963 3699 45 24 and
1020 3697 107 33 departed
1149 3697 78 24 before
1246 3697 38 23 the

694 3741 102 23 express,
813 3733 74 28 which,
908 3741 46 17 was
973 3737 123 21 seventeen
1119 3730 55 32 days
1196 3739 29 15 on
1245 3730 39 23 the

694 3766 57 25 road
762 3766 96 27 reached
869 3775 45 16 me.

729 3800 30 24 In
771 3799 74 32 April,
859 3802 74 27 1842,
945 3799 62 26 these
1025 3798 132 32 gentlemen
1169 3795 114 33 (Messrs.

694 3833 98 29 Wilson,
813 3833 87 29 Nixon,
912 3833 44 24 and
975 3832 87 33 King,)
1082 3831 105 26 solicited
1205 3838 36 17 me
1260 3835 24 19 to

695 3867 68 32 apply
776 3871 24 20 to
810 3866 37 24 his
858 3866 140 32 Excellency
1009 3867 38 23 the
1064 3866 46 24 late
1129 3865 121 26 Governor
1262 3869 22 17 to

695 3901 65 31 place
771 3899 61 24 them
844 3899 71 24 under
927 3907 37 23 my
974 3900 112 23 direction
1097 3899 46 24 and
1154 3897 87 26 control
1258 3897 26 24 in

696 3933 84 25 official
790 3933 122 24 situations
924 3933 25 24 of
957 3938 59 19 trust
1023 3942 7 19 ;
1049 3933 25 23 in
1086 3932 111 29 October,
1211 3932 73 27 1842,

696 3967 55 32 they
762 3966 103 25 renewed
875 3966 51 24 that
936 3967 143 32 application,
1094 3965 75 24 which
1181 3972 46 17 was
1239 3972 45 15 un-

696 4000 143 29 successful;
857 3999 53 30 and,
929 3999 153 30 immediately
1100 3998 141 29 afterwards,
1263 3994 21 28 fa

550 75 96 47 mt
669 74 120 42 tfeto
816 71 210 47 %>taimt*
1052 68 192 48 <Bft|*tt*
1269 68 91 40 mh
1383 66 305 47 mclitngtxm
1712 61 257 56 »pictatofr

85 177 20 25 It
115 181 54 17 -was
189 172 53 23 then
260 168 110 34 proposed
390 167 30 31 by
430 166 45 24 Dr.
489 165 87 29 Evans,
588 173 38 16 se-

51 208 80 29 cpnded
143 208 27 29 by
182 205 48 24 Mr.
243 203 32 25 R.
286 203 32 25 D.
332 202 103 26 Hanson,
448 198 44 25 and
506 198 121 24 carried—

106 240 59 25 That
176 246 14 15 a
201 237 82 24 Public
294 235 104 28 Meeting
405 233 26 23 of
440 231 39 25 the
487 231 140 25 inhabitants

52 278 23 25 of
89 275 54 25 Port
154 270 126 26 Nicholson
291 267 46 24 will
348 267 26 22 be
387 264 54 25 held
452 273 30 15 on
494 264 132 32 Thursday,

52 311 34 24 the
97 308 39 23 4th
153 306 64 25 inst.,
230 308 22 17 at
275 303 30 22 12
324 298 87 25 o'clock
432 303 24 19 at
473 306 69 21 noon,
555 303 24 18 at
589 299 39 23 the

54 341 125 28 Exchange,
191 336 35 23 Te
237 335 56 27 Aro,
306 338 25 19 to
350 332 88 24 receive
455 339 14 16 a
480 336 78 27 report
568 331 60 24 from

54 377 35 23 the
116 369 133 26 Committee
277 365 120 33 appointed
428 365 31 31 by
481 365 41 23 the
545 364 83 24 Public

55 405 96 31 Meeting
162 401 50 25 held
225 408 27 16 on
265 398 153 31 Wednesday,
430 399 40 22 the
482 398 44 24 6th
538 397 26 24 of
578 397 50 24 D«-

55 438 82 27 cember
358 438 2 4 '

87 500 40 22 We
136 493 136 27 understand
285 501 33 16 we
331 500 55 17 were
398 494 23 22 in
434 499 64 16 error
510 492 22 23 in
545 491 86 29 stating

56 536 44 23 that
110 531 105 24 Moturoa
226 527 44 23 and
283 526 93 24 Martha
388 531 59 18 went
468 532 31 24 up
512 524 118 24 uninvited

56 574 19 18 to
93 565 45 25 Mr.
159 560 139 25 Halswell's.
336 559 24 24 It
381 567 74 16 seems
476 559 38 22 the
534 557 61 22 chief
611 557 20 22 is

56 596 94 28 offended
169 599 23 19 at
210 593 44 24 this
273 593 106 23 mistake.
414 592 52 24 The
486 590 62 24 truth
567 590 28 28 is,
615 590 18 22 if

56 635 15 24 jt
82 633 25 22 be
118 634 117 23 necessary
248 634 22 16 to
282 631 59 18 state
362 627 24 27 it,
399 624 50 25 that
461 624 21 23 E
496 624 75 27 Tako,
582 623 49 22 who

56 665 47 24 with
116 669 59 16 some
187 661 64 23 other
263 661 90 22 natives
371 666 58 16 were
447 657 86 24 invited
545 661 22 18 to
580 656 52 23 dine

57 698 48 24 with
116 696 35 22 the
164 693 81 31 Judge,
257 692 73 25 asked
341 692 135 32 permission
489 695 24 18 to
522 690 68 30 bring
602 696 30 24 up

58 732 98 24 Moturoa
167 727 45 24 and
224 727 35 23 his
269 726 59 29 wife,
341 724 73 24 which
426 731 46 16 was
484 723 105 30 granted.

254 789 173 25 MARRIED.

1270 155 139 29 November,
1428 157 74 28 1842,
1521 156 54 30 they
1587 160 68 19 wrote
1675 158 23 20 to
1715 154 83 23 inform
1816 153 35 23 his

1268 188 140 30 Excellency
1428 188 40 24 the
1491 189 85 30 Acting
1597 188 120 23 Governor
1738 184 111 33 (Captain

1269 219 97 26 Hobson
1388 221 69 31 being
1479 221 68 32 dead)
1571 222 48 23 that
1642 221 54 29 they
1721 219 131 24 considered

1268 253 134 27 themselves
1415 254 114 30 degraded
1549 254 29 31 by
1589 254 69 30 being
1675 252 90 31 obliged
1783 256 23 19 to
1822 252 30 23 sit

1267 294 28 16 on
1307 286 39 24 the
1357 294 62 18 same
1430 287 81 26 Bench
1523 287 54 23 with
1590 294 44 16 me.

87 844 34 23 On
134 841 37 24 the
194 844 36 21 Ist
241 842 63 26 inst.,
317 839 31 30 by
360 838 35 24 the
408 838 61 23 llev.
482 837 61 23 John
565 836 67 23 Mac-

60 877 82 26 farlane,
164 873 48 25 Mr.
231 873 61 23 John
314 870 144 28 M'Quarrie,
480 868 110 31 formerly
611 869 24 23 of

60 906 181 30 Invernessshire,
252 909 124 26 carpenter,
386 908 22 18 to
421 902 113 32 Marjory,
543 901 89 30 daugh-

60 952 29 16 ter
107 942 24 23 of
162 939 47 25 Mr.
235 938 72 30 Hugh
336 937 118 27 Cameron,
484 934 108 30 formerly
611 934 25 23 of

60 976 107 26 Ardgone,
179 971 157 31 Argyleshire,
351 977 47 15 now
411 968 25 24 of
451 967 151 32 Wellington.

60 1045 23 22 To
92 1044 32 19 the
131 1040 75 22 Editor
214 1039 27 23 of
250 1039 36 19 the
322 1037 52 21 New
388 1035 94 21 Zealand
490 1036 88 20 Gazette
590 1033 42 21 and

205 1066 126 25 Wellington

91 1100 15 23 g
110 1106 32 20 JR>
144 1109 31 4 —
176 1095 85 23 Whilst
272 1094 95 30 passing
376 1092 99 31 through
486 1091 37 24 the
539 1095 94 25 country

62 1134 39 25 last
111 1129 67 29 week,
201 1128 11 24 I
232 1127 70 24 found
322 1134 62 16 some
401 1125 95 32 spirited
510 1124 125 24 individual

62 1167 40 25 had
113 1161 127 27 introduced
260 1169 28 15 an
311 1159 77 24 article
410 1159 25 23 of
456 1163 65 27 great
541 1158 93 27 service,

63 1207 54 17 some
130 1195 107 25 excellent
248 1200 64 17 stone
321 1193 34 23 for
365 1193 60 23 lime.
455 1192 69 30 Upon
536 1191 99 30 inquiry,

63 1234 9 24 I
85 1230 63 26 found
160 1230 47 22 that
218 1229 27 22 he
257 1226 91 24 intends
361 1226 156 28 commencing
536 1224 101 29 burning

63 1266 40 23 this
122 1262 67 28 week,
212 1260 44 24 and
276 1260 49 23 that
346 1259 37 23 the
403 1258 81 30 colony
506 1258 19 22 is
538 1256 98 30 actually

61 1296 97 28 indebted
170 1301 21 16 to
205 1294 44 24 Mr.
263 1293 74 23 Wade
348 1293 34 22 for
393 1292 46 23 this
453 1289 102 24 valuable
568 1290 66 30 aqui-

64 1333 69 23 sition.
174 1328 50 24 The
240 1327 52 23 lime
305 1326 104 24 burner's
419 1332 67 16 name
499 1324 20 22 is
532 1322 104 31 Coleyer,

64 1367 25 23 he
97 1366 18 21 is
127 1369 33 17 too
172 1369 53 24 poor
237 1366 22 18 to
271 1368 44 23 pay
329 1359 37 23 the
379 1359 62 30 price
461 1357 25 23 of
502 1364 29 16 an
555 1356 80 24 adver-

64 1400 104 24 tisement,
191 1395 42 23 and
255 1394 21 24 if
299 1400 54 21 you,
371 1392 40 28 sir,
435 1390 76 24 would
533 1390 27 23 be
582 1389 56 24 kind

65 1430 81 31 enough
156 1434 22 18 to
197 1428 41 23 call
255 1426 77 33 public
353 1425 110 25 attention
483 1425 25 22 in
525 1430 44 23 any
588 1430 50 23 way

65 1472 49 24 your
133 1461 108 25 excellent
265 1460 134 31 judgement
427 1465 53 23 may
501 1457 91 27 dictate,
616 1460 22 18 to

66 1498 72 24 render
158 1495 47 24 him
237 1502 12 16 a
281 1494 93 28 service,
403 1498 46 24 you
477 1490 47 23 will
552 1487 87 33 greatly
646 1497 2 23 j

66 1531 75 30 oblige,

219 1562 46 28 Sir,
278 1560 65 25 Your
355 1559 106 24 obedient
472 1562 99 23 servant,

423 1592 150 20 Observer.

96 1653 40 24 We
155 1653 56 23 have
228 1651 101 30 recently
348 1649 99 25 inserted
468 1647 87 25 several
579 1654 61 17 com-

67 1687 140 24 munications
226 1685 58 24 from
305 1684 137 31 Wanganui.
479 1682 44 23 We
543 1680 59 25 shall
621 1685 22 18 at

67 1720 25 24 all
105 1720 60 23 times
175 1720 27 23 be
212 1719 74 31 happy
298 1722 23 19 to
334 1723 39 25 put
379 1716 62 24 forth
451 1716 39 24 the
502 1716 139 30 grievances,

67 1753 68 23 actual
146 1761 23 15 or
181 1752 120 31 supposed,
313 1752 25 22 of
348 1751 37 23 the
392 1750 91 23 settlers
493 1750 71 23 there.
601 1747 42 23 We

67 1787 50 23 wish
129 1787 36 22 the
181 1785 116 24 Taranaki
316 1785 138 28 community
468 1782 72 24 would
560 1781 53 23 take
632 1789 11 14 a

67 1821 43 23 leaf
119 1825 36 18 out
167 1820 25 22 of
210 1820 36 22 the
259 1818 129 30 Wanganui
400 1816 70 28 book,
483 1816 44 23 and
539 1815 64 23 allow
617 1821 26 16 us

68 1860 20 17 to
109 1858 55 18 state
185 1853 56 23 from
265 1853 53 22 time
339 1856 22 18 to
379 1851 54 25 time
454 1849 61 23 what
535 1849 53 30 they
607 1856 36 15 are

67 1888 65 22 about
132 1899 30 4 —
164 1886 59 23 what
245 1886 53 29 they
317 1884 102 24 consider
440 1883 60 24 their
519 1886 124 28 prospects,

67 1920 54 24 their
132 1921 136 29 grievances,
281 1919 44 25 and
344 1918 55 23 their
419 1924 69 16 news.
526 1915 42 24 We
589 1915 54 23 have

68 1954 54 23 been
133 1952 87 24 blamed
230 1952 31 31 by
273 1952 38 23 the
333 1950 122 32 Plymouth
468 1957 81 24 papers
561 1949 35 23 for
607 1952 36 19 not

67 1987 75 31 giving
164 1985 114 24 Taranaki
300 1992 69 16 news.
405 1983 25 24 It
452 1984 42 22 has
515 1990 54 16 even
589 1981 54 23 been

67 2020 122 30 Intimated,
197 2019 52 29 .that
266 2018 39 24 the
322 2018 123 31 jealousies
465 2016 25 24 of
506 2016 137 30 Wellington

67 2053 46 25 Jead
125 2058 22 17 to
159 2053 38 22 the
208 2053 144 30 suppression
371 2051 25 23 of
405 2049 118 25 Taranaki
541 2055 102 17 commu-

67 2087 114 22 nications.
218 2086 30 22 At
266 2085 45 23 this
330 2091 33 16 we
381 2091 40 16 can
441 2082 72 24 afford
526 2087 22 18 to
567 2081 76 31 laugh.

68 2120 33 22 As
113 2120 4 15 ;t;
121 2124 8 18 t
146 2119 26 26 is,
195 2126 31 16 we
245 2118 69 30 really
333 2118 61 23 learn
416 2124 62 16 more
497 2116 69 23 about
590 2115 53 23 New

67 2152 119 31 Plymouth
205 2152 97 30 through
315 2152 37 23 the
371 2149 104 25 Colonial
494 2149 96 23 Gazette
601 2147 42 24 and

68 2185 54 24 Nev
132 2185 103 23 Zealand
244 2184 106 28 Journal,
363 2183 101 24 received
475 2183 58 23 from
541 2181 102 28 London,

69 2218 49 24 than
132 2220 21 22 in
167 2227 44 18 any
223 2218 62 23 other
298 2225 57 20 way.

254 2279 202 25 WANGANUI.

1301 320 44 30 My
1356 320 111 23 intention
1487 320 23 23 in
1522 320 90 30 writing
1628 326 41 23 my
1684 320 84 21 former
1779 320 74 21 vindU

1268 352 74 23 cation
1353 360 45 16 was
1411 357 22 18 to
1453 351 82 24 defend
1553 360 37 23 my
1601 358 48 17 own
1672 351 122 27 character,
1815 355 39 17 not

1269 390 27 18 to.
1301 385 93 31 impugn
1408 384 48 23 that
1468 385 26 23 of
1512 385 96 23 Messrs.
1622 383 93 28 Nixon,-
1722 383 71 29 King,
1806 383 45 22 and

1269 413 88 28 Wilson
1367 426 6 20 ;
1393 418 44 22 and
1449 417 20 23 if
1484 417 52 30 they
1550 417 64 23 think
1632 416 54 23 with
1702 416 89 29 myself,
1804 414 49 24 that

1270 450 35 24 the
1317 455 81 20 matter
1419 450 101 31 requires
1539 450 86 27 further
1646 449 101 29 clearing
1766 455 38 23 up,
1822 447 33 23 let

1270 483 59 23 them
1341 484 25 26 jn
1377 491 29 15 an
1417 482 88 29 honest,
1514 482 85 31 manly,
1609 481 44 24 and
1660 480 193 29 straightforward

1270 523 91 16 manner
1369 515 51 32 join
1430 515 56 23 with
1496 523 37 16 me
1545 515 43 23 and
1600 515 37 22 the
1649 513 77 31 public
1738 513 24 23 of
1781 512 73 24 Wan-

1268 550 69 29 ganui
1348 550 23 21 in
1391 550 133 29 requesting
1540 547 36 24 his
1595 546 141 30 Excellency
1754 545 36 24 the
1803 544 49 23 Go-

1270 589 80 16 vernor
1361 586 22 18 to
1404 581 93 31 appoint
1508 588 63 16 some
1587 586 83 25 person
1682 586 25 16 or
1726 585 93 24 persons
1833 583 23 18 to

1270 615 132 30 investigate
1415 614 44 23 and
1470 614 40 23 sift
1522 614 17 22 it
1550 613 138 30 throughout
1698 621 7 18 ;
1725 619 25 15 or
1761 611 46 25 else
1824 611 34 29 }et

1271 648 60 22 them
1354 649 85 21 remain
1462 646 73 25 under
1557 646 37 23 the
1614 646 87 30 infamy
1724 644 25 23 of
1770 644 86 31 having

1270 680 165 23 countenanced
1449 680 44 23 and
1505 680 122 23 advocated
1639 678 59 24 what
1714 678 52 29 they
1780 678 75 22 them-

1271 713 72 23 selves
1355 713 56 23 have
1422 712 109 28 certified,
1539 713 23 23 in
1573 712 56 27 their
1637 719 50 16 own
1696 711 158 30 handwriting,

1271 751 22 18 to
1314 746 29 22 be
1392 753 16 16 a
1428 750 61 18 most
1510 745 129 23 unfounded
1662 743 45 26 and
1735 743 120 26 malicious
1865 755 6 16 j

1421 786 3 3 •

1508 810 13 23 I
1535 818 36 15 am
1582 811 47 27 Sir,

1416 843 66 24 Your
1493 850 54 23 very
1557 843 103 23 obedient
1672 846 99 24 servant,

1465 875 119 24 Gilbert
1601 875 114 24 Francis
1733 874 127 24 Dawsqn.

1340 934 89 33 (Copy)
1525 934 137 31 Wanganui,
1675 933 58 24 Dec.
1747 935 24 27 8,
1786 934 74 23 1843.

1307 971 55 27 Sir,
1363 981 33 5 —
1399 969 28 24 Iv
1439 968 64 32 reply
1517 972 23 19 to
1552 975 56 23 your
1619 967 67 23 letter
1698 967 26 23 of
1733 965 127 32 yesterday,

1275 1011 40 21 we,
1337 1002 37 24 the
1392 1001 165 32 undersigned,
1569 1008 38 16 are
1627 1000 118 32 surprised
1762 1005 24 18 at
1804 1007 58 23 your

1276 1036 110 31 thinking
1396 1037 19 22 it
1427 1042 121 23 necessary
1561 1039 22 18 to
1603 1033 42 24 ask
1667 1041 42 16 our
1727 1033 91 31 opinion
1833 1040 30 16 ou

1277 1071 38 23 the
1328 1070 89 31 subject
1427 1070 26 22 of
1469 1069 38 23 the
1518 1067 134 24 scandalous
1664 1072 78 26 report
1756 1067 22 22 in
1790 1066 72 23 circu-

1277 1104 70 22 lation
1360 1103 88 30 against
1460 1110 52 23 you,
1522 1101 44 23 and
1577 1101 43 30 beg
1632 1105 23 18 to
1668 1108 78 15 assure
1758 1108 44 23 you
1815 1099 48 23 that

1280 1144 32 16 we
1325 1144 69 16 never
1406 1135 132 25 authorized
1557 1134 97 24 Messrs.
1668 1133 86 29 Nixon,
1768 1132 94 30 Wilson,

1277 1169 44 24 and
1333 1169 66 31 King
1411 1175 21 17 to
1446 1176 94 24 express
1561 1175 40 15 our
1620 1167 64 23 ideas
1703 1174 28 16 on
1743 1167 39 23 the
1793 1174 69 24 ques-

1278 1204 55 27 tion,
1346 1203 72 23 which
1437 1210 38 16 are
1497 1202 110 28 certainly
1617 1207 45 24 any
1676 1200 65 31 thing
1761 1200 41 23 but
1820 1207 43 16 un-

1277 1236 115 23 favorable
1406 1241 22 18 to
1441 1243 53 23 you.

1380 1269 92 32 George
1484 1269 91 29 Drake,

1380 1302 70 24 Jonas
1464 1302 104 29 Lockitt,

1381 1335 84 31 Henry
1476 1336 102 30 Nathan,

1348 1388 4 4 .
1381 1369 92 31 George
1486 1369 85 28 Smith,

1381 1401 39 25 W.
1432 1402 34 24 D.
1479 1402 85 29 Smith,

1385 1435 36 25 W.
1434 1436 24 23 J.
1473 1435 96 29 Holder,

1498 1468 98 28 Parker,

1383 1502 29 24 C.
1424 1502 100 27 Parkes,

1383 1535 103 25 Thomas
1498 1534 116 25 Thwaites
1627 1533 61 31 Ball,

1383 1569 103 23 William
1498 1568 93 31 Spring,

1376 1602 68 25 .John
1458 1600 118 32 Handley,

1383 1635 78 24 James
1474 1634 109 29 Wallace,

1384 1669 62 24 John
1465 1668 136 31 M'Gregor,

1385 1701 85 32 Joseph
1484 1700 120 30 Branford,

1387 1736 102 24 Thomas
1500 1734 78 30 Jones,

1387 1769 61 24 John
1460 1768 108 29 Lathera,

1486 1801 108 29 Herbert,

1388 1836 102 25 William
1503 1835 74 28 Bond,

1388 1869 39 24 W.
1441 1870 33 23 D.
1489 1869 98 31 Thring,

1376 1927 4 3 .
1389 1903 38 24 St.
1441 1903 94 30 George
1547 1901 115 30 Lowther,

1390 1936 102 24 Thomas
1505 1936 102 27 Crosbie,

1390 1969 97 25 Charles
1500 1969 63 29 Lett,
1822 1962 5 7 '
1888 1964 1 40 j

1370 2018 5 3 •
1381 2028 7 4 ,
1390 2003 101 24 William
1504 2002 137 26 Greeoacre»

1389 2035 103 24 William
1503 2035 73 28 Watt,

1277 2063 3 21 1
1390 2069 24 24 J.
1428 2069 37 24 M.
1485 2068 121 28 Richards,

1391 2102 103 32 Stephen
1507 2101 113 33 Sendaba,

1392 2136 61 23 John
1465 2135 105 29 Walker,

1392 2169 59 25 John
1463 2169 131 30 Skidmore,

1392 2202 103 25 William
1510 2202 124 30 Adamson,

1392 2237 83 30 Henry
1489 2236 95 24 Ctudes
1599 2235 115 27 Hertslet,

1393 2270 35 25 Hi
1441 2270 113 27 Churton,

1397 2305 29 23 C.
1439 2303 96 25 Samuel
1547 2302 95 29 Niblett,

1393 2337 103 24 ■William
1510 2336 109 28 Pearson,

1395 2371 104 25 Richard
1512 2370 83 29 Smith,

1395 2404 102 24 William
1510 2404 110 27 Thomas,

1397 2439 102 23 Christie
1512 2437 87 24 Evans.

1328 2473 37 25 To
1376 2472 32 23 G.
1422 2472 29 23 F.
1465 2472 112 28 Dawson,
1590 2470 60 32 Esq.

1330 2534 97 24 Extract
1444 2533 26 23 of
1492 2540 11 15 a
1526 2532 66 24 letter
1609 2531 60 24 from
1681 2529 22 25 I.
1717 2530 32 24 A.
1763 2529 120 28 Gilfellan,

1295 2568 61 31 Esq.
1366 2576 42 14 :—

1646 2597 59 25 Feb.
1721 2597 38 29 17,
1775 2598 71 24 1843.

1354 2634 78 24 Dear
1450 2634 54 28 Sm,
1506 2645 34 5 —
1542 2632 12 24 I
1568 2640 34 15 am
1615 2631 46 24 told
1675 2632 49 22 that
1736 2639 14 14 a
1758 2637 69 25 paper
1837 2630 44 23 has

1296 2669 58 23 been
1366 2667 79 31 signed
1457 2667 32 31 by
1505 2675 14 15 a
1537 2665 95 25 number
1650 2665 25 23 of
1690 2663 140 32 respectable
1848 2663 37 23 in-

1297 2702 115 24 habitants
1430 2701 25 23 of
1477 2701 46 23 this
1543 2700 71 31 place,
1637 2698 131 32 expressive
1787 2698 24 22 of
1827 2696 59 24 their

1298 2737 70 22 entire
1380 2735 127 23 conviction
1519 2734 26 23 of
1561 2740 57 24 your
1629 2731 74 25 moral
1712 2731 71 23 worth
1792 2740 7 20 ;
1822 2730 12 24 I
1847 2738 37 15 am

1298 2770 72 31 proud
1390 2768 26 24 of
1439 2768 86 31 adding
1543 2775 37 22 my
1599 2767 55 22 mite
1675 2771 23 18 to
1719 2766 120 28 testimony
1861 2771 25 16 so

1298 2802 160 30 satisfactorily
1475 2800 147 32 guaranteed.
1670 2799 68 23 lam
1761 2806 61 16 more
1841 2797 46 24 and

1298 2844 63 16 more
1369 2836 100 24 satisfied
1477 2835 53 23 with
1543 2843 30 15 an
1580 2834 109 30 intimacy
1699 2832 45 24 and
1754 2831 127 31 friendship

1301 2870 72 23 which
1393 2869 13 24 I
1427 2869 44 24 feel
1489 2869 73 31 proud
1586 2874 22 17 to
1628 2874 71 22 avow,
1721 2865 45 25 and
1784 2865 72 24 which
1876 2864 12 24 I

1300 2904 113 29 sincerely
1426 2907 61 19 trust
1498 2910 52 23 may
1561 2902 54 30 long
1627 2901 107 23 continue

1336 2964 98 25 Extract
1446 2964 58 24 from
1516 2972 15 15 a
1543 2964 65 23 letter
1623 2963 60 23 from
1701 2961 78 24 James
1790 2960 99 29 Allison,

1302 2999 69 32 Esq.,
1385 2998 36 24 M.
1435 2998 33 24 D.
1479 3006 43 15 :—

1658 3029 59 25 Feb.
1730 3031 38 27 13,
1783 3030 73 23 1843.

1337 3065 77 25 Dear
1437 3065 55 29 Sir,
1494 3077 34 4 —
1528 3064 65 24 Your
1616 3064 99 23 conduct
1736 3062 43 24 has
1807 3062 84 30 always

1303 3100 57 23 been
1372 3104 60 19 most
1443 3098 163 32 gentlemanly;
1618 3097 46 23 and
1683 3097 31 29 by
1731 3104 37 15 me
1789 3102 52 24 you,
1863 3102 26 16 as

1304 3142 14 14 a
1329 3133 86 31 private
1428 3139 91 25 person,
1532 3139 39 15 are
1582 3135 60 19 most
1655 3129 81 32 highly

1340 3193 97 24 Extract
1457 3193 58 24 from
1536 3201 15 15 a
1569 3192 66 24 letter
1646 3191 61 23 from
1719 3189 38 24 the
1771 3189 122 24 Reverend

1305 3227 103 25 Richard
1419 3226 95 32 Taylor,
1529 3225 70 25 A.M.

1523 3259 138 31 Wanganui,
1674 3257 59 25 Dec.
1749 3258 23 28 8,
1787 3258 73 23 1843.

1341 3294 77 27 Dear
1428 3295 55 28 Sir,
1484 3306 36 6 —
1521 3293 55 25 Had
1588 3292 13 24 I
1613 3291 113 32 regarded
1736 3298 46 24 you
1793 3298 25 16 as
1825 3290 71 31 being

1307 3328 74 31 guilty
1400 3328 26 24 of
1449 3328 39 23 the
1509 3328 70 23 crime
1597 3326 46 25 laid
1662 3331 24 18 to
1705 3332 58 24 your
1782 3324 90 32 charge,
1882 3323 14 24 I

1307 3361 81 24 should
1399 3367 48 24 not,
1460 3369 31 16 on
1502 3361 92 31 coming
1605 3365 23 19 to
1641 3358 75 24 reside
1728 3363 24 19 at
1762 3358 46 24 this
1823 3358 73 31 place,

1308 3395 57 23 have
1382 3395 132 25 sanctioned
1537 3394 48 24 that
1602 3393 112 30 intimacy
1729 3391 75 24 which
1824 3392 74 23 exists

1308 3429 100 24 between
1420 3437 42 18 our

1345 3490 96 25 Extract
1451 3490 60 24 from
1526 3498 14 15 a
1550 3490 66 22 letter
1635 3488 82 31 signed
1736 3488 31 31 by
1787 3495 68 23 many
1876 3486 26 24 of

1311 3523 39 24 the
1361 3524 142 25 inhabitants
1514 3532 6 15 :—:
1521 3536 35 4 —

1512 3556 138 32 Wanganui,
1663 3555 59 25 Feb.
1736 3556 40 29 13.,
1790 3556 74 26 18.43.

1424 3591 46 24 feel
1481 3590 123 25 convinced
1623 3590 52 23 that
1692 3596 30 17 an
1739 3588 161 31 investigation

1313 3624 44 24 will
1378 3626 97 31 entjrely
1495 3624 120 31 exculpate
1630 3631 47 24 you
1695 3622 60 28 from
1776 3622 30 24 all
1816 3621 84 28 blame,

1313 3658 115 27 andxlear
1439 3666 59 24 your
1510 3658 116 23 character
1638 3657 60 24 from
1719 3655 65 24 those
1804 3655 97 30 charges

1313 3692 74 24 which
1397 3692 92 28 slander
1501 3692 51 27 and.
1559 3691 80 24 malice
1649 3690 59 26 have
1719 3689 75 24 raised
1812 3688 91 33 against

1313 3733 47 23 you
1360 3737 32 5 —

1417 3759 104 26 William
1533 3759 71 28 Ross,

1416 3793 102 24 Andrew
1530 3793 108 29 Duncan,

1417 3826 93 33 George
1521 3826 139 27 Robertson,

1401 3866 4 3 '
1418 3859 92 32 George
1524 3859 91 30 Batten,

1418 3893 26 23 S.
1458 3893 37 25 M.
1510 3893 109 31 Scroggs,

1417 3926 32 25 G.
1464 3926 29 24 F.
1505 3926 95 28 Amoss,

1418 3958 169 36 JehnjDqlviU,

1418 3993 63 26 Jofch.
1491 3992 34 25 R.
