2386 3676
0 12 2374 77 THE

0 89 569 168 OXFORD
664 89 285 168 AND
1044 89 380 168 CUST
1519 89 855 168 OBSERVER,

561 267 178 56 AND
812 270 570 61 CANTERBURY
1450 278 381 63 LIBERAL,

645 351 509 37 CIKCULATING
1199 356 505 38 THROUGHOUT

23 547 70 30 Vol.
117 547 119 28 3-No.
260 544 82 38 107.]

688 543 104 31 EAST
815 546 180 38 OXFORD,
1043 549 237 38 SATURDAY,
1328 550 252 30 SEPTEMBER
1605 551 47 32 12,
1704 550 75 29 18iil

1989 549 133 30 Peioe—
2123 551 83 30 ONE
2233 552 140 32 PENNY

1842 666 68 43 M.
1980 666 391 51 SANDSTEIN

1849 729 89 51 HAS
1962 736 46 16 now
2023 733 72 21 moved
2110 733 47 21 into
2172 734 34 21 his
2223 735 65 22 NEW
2305 736 55 21 PRB

1930 757 91 24 MISES,
2040 764 26 13 on
2086 760 35 19 the
2138 761 43 19 Site
2199 761 68 20 which
2284 762 27 21 he
2328 764 41 19 has

1842 781 98 26 occupied
1949 783 76 25 during
2034 783 35 21 the
2084 787 48 23 past
2142 788 144 23 twenty-seven
2301 795 60 18 years

1842 812 27 15 an
1869 807 71 33 sis^
1942 815 24 13 ne
1962 835 6 4 .
1967 809 13 19 d
1997 809 34 20 his
2049 810 68 20 NEW
2138 812 95 25 STOCK,
2251 815 117 24 purchased

1841 837 95 19 wflen?.on
1946 834 34 20 his
1989 835 49 19 visit
2052 840 21 15 to
2081 837 89 25 Europe.

1867 863 162 26 Arrangements
2037 865 76 26 having
2119 867 49 20 been
2179 868 60 21 made
2248 869 31 20 for
2286 871 82 24 regular

1842 888 97 26 Monthly
1954 890 121 25 Shipments
2091 894 22 18 of
2134 894 48 20 New
2197 894 76 25 Goods,
2285 896 26 21 he
2326 897 40 20 haa

1842 915 85 21 marked
1943 916 36 20 the
1994 917 61 20 Stock
2074 920 22 18 at
2111 920 51 19 such
2177 926 21 19 pi
2201 921 42 20 ices
2255 928 24 13 as
2288 929 77 16 cannot

1842 940 37 21 fail
1889 942 22 19 to
1921 948 69 15 secure
2004 949 12 14 a
2025 944 61 25 quick
2102 946 48 19 sale.
2191 946 44 24 T;he
2244 950 77 24 capital
2330 949 38 20 in-

1842 968 69 20 vested
1921 971 57 18 must
1987 969 25 20 be
2020 971 104 24 promptly
2135 973 73 19 turned
2216 979 54 15 over.

1869 997 33 21 He
1924 999 38 20 has
1986 1001 93 24 pleasure
2101 1001 22 20 m
2142 1002 101 26 directing
2260 1006 106 20 attemioi

1841 1023 99 26 specially
1956 1026 21 19 to
1993 1025 36 21 the
2043 1027 152 26 DIAMONDS,
2211 1030 56 19 loose
2276 1032 42 19 and
2329 1034 37 22 let,

1841 1049 41 20 and
1891 1050 60 20 other
1959 1051 96 22 Precious
2065 1053 80 21 Stones.

1869 1081 144 22 WATCHES.
2041 1084 32 24 By
2082 1086 76 24 special
2174 1090 145 22 arrangement
2338 1089 27 21 he

1842 1106 18 19 is
1876 1107 86 21 enabled
1978 1110 23 18 to
2009 1110 46 23 give
2071 1110 35 20 the
2116 1110 44 21 best
2176 1113 60 19 value
2244 1113 23 19 m
2276 1115 89 23 genuine

1841 1131 158 25 English-made
2009 1135 65 20 Silver
2089 1136 41 20 and
2139 1137 54 20 Gold
2204 1138 95 21 Watches
2314 1140 50 21 that

1841 1156 39 21 has
1889 1164 46 15 ever
1943 1159 53 21 been
2005 1161 76 21 offered
2089 1168 23 14 m
2122 1162 42 21 this
2174 1163 85 27 Colony.

1867 1189 85 26 Having
1961 1192 74 25 family
2049 1194 134 20 connections
2194 1195 50 20 with
2253 1196 59 22 Paris
2322 1204 44 15 ana

1820 1224 2 15 !
1841 1215 88 21 London
1943 1217 106 22 Diamond
2066 1220 42 19 and
2118 1220 106 26 Jewellery
2239 1222 120 23 Merchants

1840 1242 69 25 places
1926 1242 45 21 him
1989 1244 23 21 m
2031 1251 13 14 a
2061 1246 92 24 position
2168 1249 23 19 to
2209 1248 38 20 sell
2265 1249 35 21 the
2317 1251 48 21 best

1840 1268 82 21 articles
1931 1270 23 19 at
1963 1276 13 13 a
1985 1272 121 19 reasonable
2117 1273 63 25 price.
2223 1274 44 19 The
2275 1275 91 27 Jobbing

1820 1294 2 16 !
1840 1293 42 21 and
1891 1294 170 27 Manufacturing
2069 1297 19 20 is
2103 1298 80 20 carried
2198 1301 37 18 out
2250 1301 66 20 under
2331 1302 34 20 his

1840 1324 45 15 own
1894 1321 129 25 supervision
2033 1324 22 18 at
2062 1322 34 21 the
2103 1324 80 21 Lowest
2190 1326 68 19 Prices
2265 1326 101 24 Possible,

1866 1372 30 20 M.
1908 1373 157 23 SANDSTEIN
2074 1375 38 21 has
2126 1378 113 24 appointed
2248 1378 42 22 Mb.
2299 1380 24 21 R.
2334 1381 29 21 H.

1839 1397 79 22 Pabish
1933 1406 24 14 as
1973 1400 34 20 his
2022 1401 76 21 Oxford
2113 1403 100 26 AGENT,
2227 1404 47 21 who
2289 1407 42 20 will
2340 1413 14 15 a

1839 1429 42 20 any
1890 1425 51 21 time
1949 1432 92 19 procure,
2055 1434 28 14 on
2098 1430 143 26 approbation,
2260 1432 105 26 Watches,

1839 1451 80 24 Clocks,
1929 1452 42 20 and
1980 1453 113 25 Jewellery,
2102 1455 32 19 for
2149 1455 34 21 his
2196 1456 78 21 Oxford
2288 1459 75 20 clients

1842 1476 22 19 to
1874 1477 63 20 select
1949 1477 63 25 from,
2022 1480 23 20 at
2055 1479 35 21 the
2107 1486 57 16 same
2173 1482 55 25 price
2243 1489 24 14 as
2274 1484 90 25 charged

1837 1503 22 20 at
1868 1502 36 22 the
1913 1503 149 23 Christchnroh
2071 1507 173 23 Establishment.

1879 1555 57 42 M,
1980 1557 339 51 SANDSTEIN,

1980 1609 109 21 OASHEL
2102 1611 115 26 STREET,

1923 1643 350 31 CHRISTCHURCH.

1954 1783 286 46 SAI>DiiER

2063 1841 60 21 AND

1912 1950 357 57 OIJST.

1839 2017 96 50 BEGB
1945 2019 22 19 to
1981 2019 67 20 thank
2057 2020 36 21 the
2105 2020 132 23 inhabitants
2251 2022 23 21 of
2290 2022 68 22 North

1909 2044 128 27 Canterbury
2053 2046 33 20 for
2100 2048 36 19 the
2152 2047 73 21 liberal
2243 2050 114 24 patronage

1834 2070 90 20 received
1944 2070 75 25 during
2041 2072 36 20 the
2099 2074 48 24 past
2170 2075 34 18 ten
2226 2080 67 18 years,
2315 2076 43 20 and

1834 2094 76 21 desires
1920 2096 22 19 to
1949 2097 40 19 call
1999 2097 104 21 attention
2114 2100 21 19 to
2144 2098 34 21 his
2187 2100 71 20 varied
2266 2100 59 21 stock
2333 2102 24 20 of

1860 2121 154 26 SADDLERY,
2027 2123 28 25 &p
2056 2135 13 12 if
2082 2124 68 22 which
2159 2125 18 20 is
2186 2124 61 27 being
2256 2126 76 22 offered

2003 2150 22 20 at
2033 2149 81 22 Lowest
2122 2151 76 22 Prioes.

1835 2199 131 33 Subjoined
1977 2209 41 17 are
2029 2210 15 17 a
2054 2203 103 24 number
2164 2203 28 26 of
2196 2204 96 27 articles
2299 2206 58 32 kept

2015 2234 29 24 m
2055 2235 68 25 stock
2133 2243 5 17 :
2140 2250 34 5 —

1865 2274 150 26 Harness.—
2015 2276 66 29 -Cab,
2103 2278 55 31 Dog
2180 2279 68 28 Cart,-
2269 2279 87 33 Buggy

1833 2305 88 32 (plated
1956 2309 49 23 and
2037 2309 68 25 brass
2131 2311 139 33 furniture),
2298 2313 57 32 Gig,

1835 2338 80 30 Shaft,
1928 2340 116 33 Leading,
2057 2342 48 24 and
2118 2343 105 32 Plough.

1867 2372 102 26 Chains.
1969 2388 34 4 —
2003 2374 108 32 Leading
2130 2375 92 26 Chains
2241 2377 63 25 from
2326 2380 30 23 6s

1832 2404 47 29 6d;
1896 2405 96 32 Plough
2001 2406 99 30 Chains,
2109 2408 62 24 from
2180 2410 28 23 3s
2217 2409 44 29 6d;
2279 2410 77 29 Back,

1830 2436 60 31 Tug,
1903 2438 49 23 and
1963 2439 56 31 l)og
2029 2439 101 25 Chains.
2196 2458 4 2 -

1867 2469 118 25 Saddles.
2002 2485 34 4 —
2052 2471 166 27 Gentlemen's
2247 2473 109 31 Saddles,

1832 2499 64 26 from
1912 2502 37 23 £3
1959 2509 7 21 ;
1990 2502 96 26 Ladies'
2107 2504 108 29 Saddles,
2232 2507 26 23 at
2274 2505 84 27 Prices

1831 2533 25 23 to
1867 2533 50 25 suit
1928 2533 34 25 all
1973 2537 139 23 customers.

1865 2565 121 27 Belting.
1997 2581 34 4 —
2048 2568 55 24 Mill
2124 2569 49 25 and
2196 2569 163 27 Chaff-cutter

1835 2597 67 25 Belts
1914 2598 26 24 of
1948 2604 49 26 any
2007 2599 86 32 length
2104 2601 49 25 and
2164 2603 83 24 width.

1858 2640 2 20 ;
1867 2630 87 24 Horse
1962 2631 182 26 Medicines.—
2144 2634 130 26 Ellirhan's
2281 2635 76 32 Royal

1834 2662 182 31 Embrocation,
2036 2665 99 25 Cottie's
2156 2666 112 26 Colonial
2285 2667 72 30 Cure,

1833 2694 93 32 Fryer's
1934 2695 109 31 Balsam,
2048 2698 88 25 Worm
2145 2699 124 30 Powders,
2279 2700 80 27 Sweet

1833 2727 77 29 Nitre,
1935 2728 118 30 Stevens',
2076 2730 100 29 James',
2195 2732 48 24 and
2266 2732 92 26 Slesin-

1831 2761 62 29 gers'
1905 2759 151 34 Blisterings.
2112 2775 4 7 <

1857 2794 3 26 !
1866 2792 114 32 Carriage
2008 2794 100 32 Lamps,
2145 2795 98 32 Whips,
2272 2796 85 33 Spurs,

1834 2823 161 32 Breaking-in
2013 2826 73 29 Gear,
2107 2827 54 25 Soft
2185 2828 72 31 Soap,
2279 2830 80 32 Lamp

1836 2856 81 29 Black,
1931 2857 81 31 Sheep
2025 2859 82 28 Skins,
2121 2860 62 24 Sack
2194 2861 90 28 Twine,
2295 2862 63 31 Leg-

1833 2888 79 32 gings,
1925 2889 170 32 Currycombs,
2114 2892 57 24 Iron
2182 2893 50 25 and
2251 2893 109 27 Wooden

1833 2920 100 30 Humes,
1947 2922 42 25 &c.

1865 2953 78 26 Rope.
1943 2968 34 5 —
1978 2954 110 30 Manilla,
2112 2956 91 32 Hemp,
2225 2958 49 25 and
2297 2959 63 26 Flax

1833 2985 28 25 of
1879 2986 33 24 all
1937 2987 63 25 sizes
2029 2988 116 32 (English
2173 2989 49 26 and
2249 2991 111 26 Colonial

1835 3017 188 35 manufacture).
2086 3022 151 31 Tarpaulins,
2277 3024 81 29 Tents,

1834 3051 92 24 Binder
1952 3052 108 31 Aprons,
2088 3053 134 30 Elevators,
2251 3055 107 31 Butters,

1832 3083 150 32 Polestraps,
1994 3085 92 31 Riding
2097 3086 96 25 Bridles
2199 3087 103 32 (Snaffle
2307 3089 50 25 and

1840 3116 128 33 Pelhans),
1980 3118 62 24 from
2055 3119 59 24 Gs6d
2127 3123 25 21 to
2165 3121 44 23 12s
2221 3120 39 26 6d.

1873 3149 70 26 Oils.
1946 3165 32 3 —
1978 3150 21 25 A
2010 3151 68 31 largf?
2089 3153 112 31 quantity
2210 3153 25 24 of
2246 3154 113 25 Machine

1835 3180 53 25 Oils
1899 3185 26 21 at
1949 3182 175 26 Christchurch
2131 3186 85 30 prices,
2236 3186 124 31 including

1835 3214 60 24 Raw
1905 3215 50 25 and
1965 3215 86 26 Boiled
2058 3217 113 29 Linseed,
2185 3217 90 29 Castor,
2283 3218 76 29 Lard,

1835 3246 107 27 Gold&-
1949 3248 152 33 Machinery,
2119 3249 137 29 Valvoline,
2275 3250 82 30 Colza,

1833 3280 48 24 and
1892 3280 133 26 Neatsfoot.

1837 3339 165 25 Secondhand
2028 3340 99 24 Saddles
2155 3341 86 31 bought
2266 3349 28 16 or
2317 3350 51 18 ex-.

1982 3372 102 33 changed
2091 3373 46 31 for
2155 3381 58 17 new.

1913 3414 168 20 HOBSEHAIR
2102 3414 176 22 PURCHASED.

1834 3466 80 31 Agent
1931 3466 39 26 for
1987 3468 41 24 the
2045 3467 123 31 Lyttelton
2187 3468 80 24 Times
2287 3468 78 27 Com-,

1833 3506 72 24 pany.
1940 3500 89 24 Orders
2040 3499 70 25 taken
2125 3499 38 25 for
2173 3500 48 24 and
2233 3500 126 32 Subscrip-

1831 3532 65 25 tions
1907 3532 109 25 received
2028 3541 31 16 on
2066 3530 103 27 account
2180 3532 27 25 of
2216 3537 6 10 '
2236 3532 127 33 Lyttelton

1830 3564 101 26 Times,'
1961 3569 7 11 '
1979 3564 150 32 Canterbury
2170 3565 98 30 Times/
2310 3565 52 27 an&

1830 3598 76 24 star.'
2248 3598 12 7 ■'•
2291 3592 80 30 .':;',;:

1266 694 180 44 JOHN
1510 691 284 53 INGRAM,

1266 779 58 21 HAS
1338 779 55 21 FOR
1406 779 70 21 SALE
1493 779 36 20 BY
1544 779 121 21 PRIVATE
1678 778 117 21 TREATY.

1638 857 1 2 -

1371 882 32 19 On
1413 888 28 15 ac
1448 884 54 19 oanfc
1511 883 22 19 of
1542 883 35 20 Mr
1586 882 104 20 Johnson.

1291 933 58 26 Shop
1355 939 13 16 a
1377 934 20 20 :■!
1402 936 102 24 dwelling,
1514 936 96 24 pointing
1615 935 36 20 the
1662 933 57 21 Main
1725 932 66 24 Road,

1267 961 96 24 opposite
1373 961 91 21 Pearson
1484 963 58 20 Park
1564 968 28 15 on
1611 961 45 20 half
1665 966 28 15 an
1712 961 51 19 Acre
1771 959 23 20 of

1266 986 58 20 land.

1267 1035 56 23 That
1341 1039 130 20 two-Htoried
1488 1040 100 25 Building
1605 1046 27 14 on
1651 1039 37 21 the
1703 1038 93 23 Terrace,

1267 1064 94 25 opposite
1374 1065 43 21 Mrs
1426 1066 79 20 Leurs'.

1359 1127 33 20 On
1402 1129 88 19 account
1499 1129 22 19 of
1531 1129 34 20 Mr
1581 1129 29 21 H.
1621 1129 80 20 Heakn.

1266 1172 39 20 His
1314 1179 50 20 very
1379 1173 99 27 compact
1506 1177 55 20 little
1569 1176 100 26 Property
1686 1174 23 21 m
1727 1174 70 25 Queen

1267 1199 71 24 Street,
1349 1201 123 28 containing
1481 1203 64 20 about
1552 1203 28 27 4|
1589 1204 61 19 Acres
1658 1201 23 20 of
1687 1200 46 21 rich
1738 1199 58 22 land,

1267 1226 122 20 subdivided
1400 1228 46 21 into
1456 1230 78 21 several
1544 1231 62 18 small
1615 1227 111 27 paddocks,
1743 1225 51 21 with

1267 1252 53 23 good
1338 1253 72 21 House
1427 1254 93 27 thereon;
1538 1256 59 20 brick
1613 1255 53 20 well.
1689 1253 51 20 Cost
1758 1252 36 20 the

1266 1283 69 15 owner
1344 1280 60 20 £250.
1432 1282 49 20 Will
1491 1283 25 19 be
1526 1282 45 20 sold
1580 1284 23 17 at
1613 1288 13 13 a
1636 1286 48 19 very
1693 1278 101 22 consider-

1265 1303 46 20 able
1319 1305 107 21 reduction
1436 1314 28 14 on
1473 1309 69 20 above
1551 1309 61 25 price.

1352 1357 33 21 On
1395 1362 88 19 account
1492 1361 22 20 of
1523 1360 33 20 Mr
1564 1360 152 21 WovliDridge.

1267 1401 40 20 His
1315 1402 46 21 nice
1370 1404 54 22 little
1433 1407 105 26 Property,
1549 1407 92 21 situated
1650 1407 22 20 at
1679 1406 36 21 the
1722 1409 72 16 corner

1266 1429 22 18 of
1297 1429 83 21 Church
1387 1431 66 22 Street
1459 1435 20 18 &
1484 1434 44 24 Bay
1536 1434 67 24 Road,
1608 1432 125 26 comprising
1741 1430 58 21 three

1266 1454 62 21 Acres
1337 1456 22 19 of
1368 1456 45 24 rjch
1422 1459 56 25 land,
1490 1460 59 20 filled
1558 1461 49 19 with
1616 1460 53 19 fruit
1682 1458 43 21 and
1733 1456 60 21 other

1267 1481 58 20 trees.
1355 1481 46 22 The
1412 1484 108 26 Buildings
1530 1486 101 26 comprise
1641 1486 78 22 House,
1730 1482 62 25 Shop,

1266 1507 41 19 and
1322 1507 62 27 large
1397 1509 56 23 Shed
1469 1512 50 21 with
1531 1512 46 21 iron
1594 1512 52 21 roof.
1680 1511 58 20 Price
1747 1515 49 19 very

1267 1532 44 22 low.

1356 1588 33 21 Cn
1399 1592 88 19 account
1494 1592 22 19 of
1524 1592 31 19 Mr
1564 1593 23 20 F.
1598 1592 29 20 M'
1635 1590 69 22 Nabh.

1295 1632 40 21 His
1342 1641 50 19 very
1401 1639 95 22 compact
1505 1638 54 20 little
1568 1639 54 19 farm
1632 1637 122 24 containing
1763 1637 26 20 60

1269 1663 57 15 acres
1335 1661 22 18 of
1366 1667 58 14 some
1432 1663 22 18 of
1463 1662 35 20 the
1507 1663 47 21 be*>t
1562 1664 51 20 land
1622 1664 24 20 m
1656 1664 35 20 the
1701 1663 88 23 district,

1269 1683 81 22 divided
1357 1686 46 21 into
1420 1688 32 20 six
1461 1689 104 25 paddocks
1574 1690 50 20 with
1634 1689 89 21 waterin
1732 1694 59 20 every

1267 1715 40 15 one
1316 1712 22 19 of
1347 1712 64 27 them,
1422 1715 29 19 all
1460 1715 43 20 laid
1519 1716 61 20 down
1591 1717 23 19 m
1631 1716 91 24 English
1731 1721 60 19 grass

1267 1736 41 19 and
1317 1737 23 19 m
1350 1740 54 22 good
1416 1740 66 20 heart.
1511 1741 65 21 There
1586 1743 18 19 is
1613 1742 85 24 agoods
1707 1741 85 20 roomed

1265 1761 72 26 house,
1347 1764 13 19 3
1370 1765 77 21 stalled
1458 1766 70 21 Btahle
1528 1784 7 6 I
1536 1768 271 24 _jihed,jßd_necessarsL_

1249 1795 4 18 :
1265 1790 43 33 °^
1303 1788 12 19 b
1313 1789 396 29 Wfliogasonrfhep«opertj-rßituated
1708 1792 6 9 ;
1717 1791 82 20 within'

1265 1813 26 24 lj
1300 1815 59 20 miles
1367 1815 55 21 from
1437 1817 37 21 the
1492 1817 113 27 township:
1615 1818 120 22 immediate
1742 1823 47 21 pos-

1263 1839 86 23 session.

1356 1895 33 20 On
1399 1900 122 25 accounted
1530 1898 34 22 the
1573 1900 125 25 Mortgagee.

1290 1940 44 21 The
1342 1942 63 20 Farm
1415 1943 63 26 lately
1491 1945 23 20 m
1528 1945 36 22 the
1578 1947 124 26 occupation
1718 1947 22 20 of
1754 1946 34 20 Mr

1263 1967 65 23 Snell,
1346 1968 57 21 three
1419 1970 60 20 miles
1495 1971 54 21 from
1565 1973 57 20 Weßt
1638 1973 85 24 Oxford,
1740 1978 47 14 con-

1263 1992 82 26 taining
1361 1995 38 20 335
1414 2001 64 15 acres.
1519 1997 52 21 Well
1584 1999 89 21 watered
1688 1998 43 21 and
1739 1997 48 22 sub-

1262 2016 89 25 divided.

1380 2074 33 21 On
1422 2071 90 29 account
1519 2077 22 19 of
1551 2078 34 19 Mr
1592 2077 72 21 Rows;
1691 2069 26 27 .**'

1260 2112 38 21 116
1317 2114 62 21 Acres
1397 2116 23 19 of
1437 2116 56 24 land,
1512 2117 122 28 adjoining,
1641 2113 37 26 Mir
1693 2118 95 21 Duder's

1260 2139 59 26 land,
1332 2142 22 19 at
1363 2141 56 21 View
1429 2143 52 23 Hill,
1486 2143 104 27 fronting
1590 2143 53 27 Four
1646 2145 68 21 Chain
1721 2145 65 20 Road.

1260 2166 71 21 Water
1339 2173 47 16 race
1395 2169 91 25 running
1495 2170 107 26 alongside
1607 2173 22 19 of
1637 2172 37 20 the
1682 2171 107 26 Property.

1285 2219 19 20 A
1312 2219 103 27 Splendid
1422 2221 55 21 farm
1486 2223 22 20 of
1516 2223 40 22 227
1565 2230 58 15 acres
1641 2224 22 20 m
1673 2223 112 26 Taranaki,

1248 2265 2 4 ,
1256 2250 39 15 one
1304 2246 22 19 of
1336 2247 34 20 the
1380 2247 44 20 best
1434 2249 66 25 Sheep
1510 2250 42 20 and
1561 2251 71 21 Cattle
1638 2251 69 21 farms
1714 2251 33 20 for
1755 2250 29 20 its

1257 2271 42 20 size
1321 2271 23 21 m
1364 2273 37 21 the
1418 2274 104 25 province.

1248 2349 2 3 •
1376 2336 32 21 On
1418 2339 89 20 account
1519 2339 22 20 of
1551 2340 33 20 Mr
1592 2340 70 22 Keats.

1257 2370 66 27 Forty
1331 2372 62 20 Acres
1402 2374 58 20 Bush
1469 2375 55 26 land,
1535 2375 61 22 West
1604 2377 85 21 Oxford.

1344 2446 55 20 FOR
1412 2447 97 21 SALE—
1511 2448 78 21 VERY
1597 2450 102 21 CHEAP.

1284 2471 39 19 200
1332 2472 62 20 Aores
1401 2473 23 19 of
1432 2474 70 25 partly
1510 2476 82 20 worked
1602 2477 37 19 out
1648 2476 59 21 Bush
1716 2477 68 25 Land,

1256 2503 14 14 a
1293 2497 57 24 large
1368 2500 48 24 part
1437 2500 23 19 of
1486 2500 18 21 it
1525 2501 45 22 laid
1592 2502 61 21 down
1683 2503 26 21 to
1718 2509 66 19 grass.

1257 2523 60 20 Price
1323 2524 45 20 low.

1455 2583 57 20 FOR
1525 2583 77 23 SALE.

1256 2616 65 26 Forty
1337 2617 63 20 Acres
1414 2618 22 20 of
1451 2620 70 24 partly
1544 2621 80 20 worked
1640 2623 37 18 out
1696 2621 62 25 bush,
1774 2629 14 14 a

1257 2648 47 19 very
1314 2643 58 24 early
1388 2644 105 24 selection,
1503 2646 46 20 also
1558 2647 39 20 300
1606 2649 63 18 Acres
1678 2648 21 19 of
1708 2648 81 21 worked

1257 2670 38 20 out
1304 2669 60 28 busb,
1371 2670 63 26 lately
1441 2672 97 25 occupied
1547 2672 26 26 by
1583 2674 33 19 Mr
1624 2674 132 26 Youngman.
1782 2691 2 4 ,

1479 2725 55 20 Also
1534 2737 28 4 —

1338 2774 32 21 On
1380 2777 89 20 account
1477 2777 23 20 of
1509 2777 34 20 Mr
1551 2778 57 20 John
1617 2778 89 21 Fishbb.

1258 2809 43 21 His
1310 2811 96 21 valuable
1415 2812 65 20 Stone
1490 2813 81 26 Qnarry
1580 2815 22 19 at
1611 2815 56 20 View
1678 2815 50 24 Hill,
1738 2821 48 15 con-

1258 2836 87 26 taining
1356 2837 34 20 the
1399 2837 45 21 best
1454 2839 93 25 building
1557 2841 60 19 stone
1625 2841 23 19 m
1658 2841 130 26 Canterbury

1261 2862 51 20 with
1321 2864 28 19 20
1357 2864 63 19 Acres
1429 2865 22 19 of
1459 2865 62 20 Land
1530 2871 28 15 on
1575 2866 69 21 which
1662 2867 57 21 there
1738 2868 18 20 is
1775 2874 13 15 a

1258 2893 59 15 seam
1328 2889 21 20 of
1357 2890 127 21 Limestone.

1482 2938 79 5 _______
1598 2928 3 2 '
1643 2927 10 11 iV

1319 2951 33 21 On
1363 2952 88 21 account
1460 2953 23 20 of
1491 2953 34 21 Mr
1533 2950 201 32 William^Harvey.

1286 2987 40 20 His
1340 2988 94 20 valuable
1444 2991 98 24 property
1559 2991 112 26 adjoining
1683 2992 36 21 the
1728 2993 60 22 West

1260 3013 78 21 Oxford
1349 3014 83 24 School,
1442 3017 122 25 containing
1573 3019 9 18 1
1585 3018 13 27 J
1608 3025 57 14 acres
1674 3018 52 22 with
1735 3020 52 26 good

1260 3039 97 26 dwelling
1366 3041 42 19 and
1418 3041 51 21 shed
1479 3042 92 23 thereon.

1467 3152 37 20 TO
1516 3153 63 22 LET.

1417 3187 26 20 In
1460 3189 82 20 Horn's
1551 3191 79 21 Estate.

1258 3221 62 22 Good
1329 3222 96 27 dwelling
1434 3224 51 21 with
1494 3225 44 20 Ten
1547 3232 57 16 acres
1613 3227 25 21 of
1644 3228 58 22 land.

1259 3316 190 35 JOIHN
1479 3319 305 39 INGRAM

1405 3387 237 33 AUCTIONEER,

1338 3473 29 29 O
1401 3474 31 30 X
1465 3475 24 31 F
1524 3476 26 31 0
1587 3477 28 32 R
1650 3478 28 29 D
1699 3501 7 8 .

672 1870 217 61 ROBERT
969 1877 223 73 FISHER,

704 1957 174 28 GENERAL
899 1961 260 30 STOREKEEPER

670 2003 93 45 Teas,
803 2003 129 48 Coffees,
969 2006 125 48 Cocoas,
1125 2010 68 39 and

767 2053 139 40 General
930 2056 178 40 Groceries-

718 2103 140 31 WEST
920 2105 232 35 OXFORD

736 2234 69 25 THE
824 2236 144 26 HORSE'S
986 2238 137 27 FRIEND.

663 2293 100 21 PAGE'S
781 2295 52 20 Nol
854 2295 93 22 HORSE
967 2297 93 20 OlLS—
1061 2298 54 21 Sure
1134 2299 56 22 Cure

663 2325 33 20 for
706 2326 96 26 Sprains,
831 2327 91 22 Bruises
936 2334 24 15 or
978 2329 117 28 Swellings
1105 2331 23 21 of
1145 2338 45 21 any

662 2357 54 20 kind
722 2357 25 21 m
756 2358 86 21 Horses.

663 2410 95 21 PAGE'S
779 2411 39 20 No.
829 2413 13 19 2
852 2411 97 22 HORSE
969 2413 92 21 OlLS—
1061 2415 54 21 Sure
1133 2417 55 20 Cure

662 2441 34 19 for
705 2442 64 20 Sores
779 2448 28 13 on
817 2442 62 25 Back,
885 2450 25 14 or
917 2443 119 23 Shoulders
1045 2451 26 15 or
1086 2452 45 21 any
1133 2448 55 20 kind

663 2472 23 20 of
695 2472 86 21 Broken
791 2473 105 22 Wounds.

663 2524 108 21 .Numbers
780 2526 24 19 of
817 2526 149 21 testimonials
985 2533 41 15 can
1036 2528 26 21 be
1087 2530 101 21 roduced.

769 2557 50 20 Sole
829 2559 75 19 maker
913 2559 44 20 i>n«l
965 2560 131 26 proprietor.

707 2588 24 20 F.
744 2589 33 20 W.
787 2589 81 24 PAGE,
878 2590 111 27 Clv-rtsey,
1001 2592 45 21 Can
1055 2594 90 25 terbury
1145 2609 12 9 v

664 2624 85 26 Agents
767 2625 34 19 Mr
810 2625 58 25 Pole,
880 2626 61 22 View
958 2627 58 21 Hill.
1051 2629 36 20 Mr
1103 2629 83 28 Fisher,

663 2655 64 21 West
736 2656 92 21 Oxford.

721 2780 255 28 CALEDONIAN
991 2784 143 27 HOUSE.

664 2841 216 44 JAMES

744 2895 81 26 BOOT.
842 2896 84 27 SHOE.
941 2898 25 25 &
980 2897 123 28 SLIPPER

795 2928 256 33 Manufacturer.

764 2972 114 32 WEST
911 2975 178 31 OXFORD.

664 3022 47 22 Has
721 3029 29 14 on
759 3023 61 20 hand
828 3029 13 15 a
851 3024 101 26 splendid
959 3026 130 20 assortment
1094 3026 24 20 of
1124 3027 66 20 Boots

664 3054 44 20 and
718 3054 68 20 Shoes
797 3055 64 21 made
880 3061 29 14 on
918 3056 39 20 the
965 3056 105 25 premises
1087 3057 26 21 at
1121 3057 69 25 prices

664 3083 53 22 that
726 3085 51 26 defy
786 3086 150 26 competition.
962 3086 60 27 Boys
1030 3088 79 19 School
1115 3088 74 26 Boots,

663 3117 57 20 back
729 3124 71 14 seams
809 3118 45 21 and
863 3118 62 21 front
934 3118 61 21 hand
1002 3125 64 18 sewn,
1075 3120 82 20 cannot
1162 3120 28 21 be

663 3149 124 25 surpassed.
818 3150 67 21 Men's
895 3150 48 22 best
948 3151 148 26 watertights,
1105 3152 85 26 pegged

664 3181 49 26 15/-.
752 3181 97 27 Bespoke
870 3182 140 25 department
1031 3183 103 25 carefully
1158 3184 34 19 at-

663 3212 84 21 tended
761 3213 29 21 to.
819 3213 39 21 Fit
875 3213 46 21 and
938 3213 167 27 Workmanship
1124 3215 67 20 Guar-

663 3244 87 21 anteed.
777 3244 91 25 Repairs
877 3245 76 25 neatly
962 3246 45 20 and
1014 3246 112 27 promptly
1135 3246 57 21 done

663 3276 26 20 at
696 3276 128 21 reasonable
832 3276 78 26 prices.

663 3328 88 21 Brar.ch
764 3328 179 22 Establishment
950 3337 11 12 :.
971 3329 58 20 Near
1047 3330 66 20 Town
1131 3330 60 25 Hall,

846 3355 57 21 Fist
912 3356 90 21 Oxford.

688 3467 49 37 G.
764 3467 47 38 E.
840 3468 335 46 WEYLANDf,

797 3528 108 29 FAMILY
921 3531 144 27 BUTCHER.

709 3575 153 40 EAST
892 3577 258 39 OXFOFO,

41 1901 44 60 J.
128 1899 44 60 J.
212 1894 350 60 WEEBER,

122 1961 71 30 High
205 1960 87 26 Street,
304 1959 63 22 East
387 1956 98 24 Oxford.

122 2020 124 29 PICTURE
265 2017 98 28 FRAME
385 2016 103 28 MAKER

73 2072 89 24 Dealer
172 2073 25 23 m
209 2072 59 27 Oils,
282 2071 92 27 Colors,
391 2071 73 27 Lead,
489 2070 82 26 Glass,

45 2105 86 28 Scrim,
148 2105 47 23 and
207 2112 66 23 every
289 2103 71 31 thing
370 2103 131 24 connected
511 2101 61 25 with

43 2137 44 26 the
99 2137 73 25 trade.

77 2176 85 23 Direct
173 2175 116 31 importer
297 2174 25 24 of
330 2173 208 31 Paperhangings.

158 2234 84 24 Paints
253 2233 81 24 mixed
345 2235 25 22 to
381 2232 76 25 order.

127 2369 151 31 COALS!
302 2368 141 31 COALS!
468 2370 7 28 !

62 2449 145 28 Newcastle,
219 2449 136 30 Westport,
373 2448 180 31 Coalpitheath,

224 2480 117 27 Malvern,
353 2480 49 24 and

79 2512 173 26 Blacksmiths'
272 2512 113 24 Brunner
396 2512 63 25 Nuts
471 2512 66 25 Coal.

45 2577 150 23 FIREWOOD
208 2577 23 21 m
244 2577 93 25 Lengths
351 2578 22 20 to
392 2577 47 21 Suit
452 2577 119 21 CLIENTS

123 2636 84 25 jgP'A^r
219 2636 87 20 Lowest
315 2636 100 20 Ockbent
424 2636 60 20 Eate

45 2686 22 28 A
76 2689 154 31 Conveyance
236 2691 78 23 meets
321 2697 70 22 every
400 2690 62 24 train
466 2707 5 6 .
490 2688 82 26 Goods

57 2722 122 30 conveyed
189 2726 26 19 to
226 2729 70 23 every
306 2724 56 28 part
373 2721 26 24 of
408 2721 42 24 the
459 2721 101 24 district.

111 2754 99 24 Booked
216 2753 92 31 parcels
320 2754 119 24 delivered
446 2754 61 24 Free

167 2785 88 25 within
266 2785 42 25 the
320 2786 122 31 Borough.

45 2817 161 25 Commercial
228 2818 141 25 Travellers'
402 2818 170 31 requirements
627 2820 2 21 i

75 2850 51 24 will
136 2851 92 24 receive
239 2850 32 24 all
275 2858 126 24 necessary
411 2851 128 25 attention.
627 2851 1 33 j

116 2888 390 33 WABURT.

138 2925 161 25 GENERAL
322 2926 158 28 CARRIER,

45 2958 87 25 COAL
142 2959 19 23 &
173 2958 182 24 FIREWOOD
373 2958 197 29 MERCHANT,

143 3009 3 3 ■
244 2991 132 25 Rangiora.

43 3055 89 24 Orders
143 3062 55 23 may
209 3055 29 23 be
242 3054 44 25 left
294 3057 25 22 at
327 3055 39 23 Mr
373 3055 26 24 C.
410 3055 21 23 I.
440 3055 131 31 Jennings,

174 3087 129 29 Stationer,
313 3087 130 31 Rangiort.

46 3166 122 73 J/%
196 3194 194 53 Brown,
412 3195 40 43 &
473 3194 99 44 Son

99 3269 109 21 TIMBER
217 3270 18 20 &
245 3269 71 21 COAL
329 3270 179 22 MERCHANTS.

217 3307 162 21 IMPORTERS

47 3353 36 27 Of
111 3354 139 27 TIMBER
277 3354 54 26 and
360 3354 48 26 AH
436 3355 87 25 Kinds
545 3355 29 26 of

101 3398 182 29 BUILDING
308 3399 216 28 MATERIALS.

233 3464 150 26 CORNER

47 3505 160 26 COLOMBO
246 3506 19 23 &
293 3505 95 25 TUAM
423 3506 151 24 STREETS
624 3523 2 11 ,

204 3547 189 27 Chbistchubch

617 3600 7 16 I

371 694 57 40 J.
472 694 58 40 S.
574 693 254 46 COOK,

430 746 118 24 Registered
560 746 177 19 Pharmaceutical
752 746 94 25 Ghemixt,

552 781 127 31 Triangle,
697 781 88 24 Cashel
799 781 94 32 Street,

752 817 275 27 CHRISTCHUECH.
1167 810 8 16 ;

28 881 77 26 Allow
123 888 36 17 me
177 881 25 23 to
219 876 89 25 submit
329 877 24 22 to
370 882 61 24 your
446 874 176 25 consideration
639 875 42 24 the
699 874 124 32 following
841 875 158 32 Specialities,
1018 877 34 24 all
1068 878 26 23 of
1108 877 86 30 which,

93 923 73 31 being
177 930 39 23 my
227 928 54 16 own
293 917 184 31 compounding.
493 916 14 24 I
524 925 45 16 can
585 917 147 31 confidently
748 918 163 29 recommend,
929 918 93 32 having
1038 920 157 33 successfully

93 966 59 23 used
169 965 67 24 them
251 962 37 24 for
304 968 67 17 some
387 967 82 23 years:
471 973 34 4 —

29 1010 93 22 CURE
140 1009 62 20 FOR
219 1006 62 20 ALL
298 1003 105 21 KINDS
418 1003 42 20 OF
476 1003 79 19 SKIN
575 1003 170 21 DISEASE—

187 1033 11 19 I
207 1037 36 15 am
252 1028 129 24 exceedingly
392 1027 110 20 successful
513 1026 23 20 m
547 1033 34 18 my
591 1028 99 19 remedies
699 1029 32 18 for
740 1028 43 19 this
794 1029 121 26 complaint,
925 1029 52 21 have
987 1036 12 14 a
1009 1030 57 25 large
1076 1031 88 20 number
1173 1031 23 21 of

245 1054 146 22 testimonials.

30 1098 75 22 NEW
123 1094 141 24 REMEDY
282 1092 62 21 FOR
363 1092 94 19 LIVER
474 1090 218 21 COMPLAINTS
709 1092 68 19 AND
796 1092 249 22 INDIGESTION—

186 1120 50 19 This
246 1119 38 18 has
295 1117 49 18 been
354 1116 45 19 well
407 1115 71 22 tested,
489 1115 42 19 and
540 1115 38 19 has
589 1115 75 24 proved
674 1115 72 24 highly
756 1116 140 26 satisfactory.

29 1159 136 23 GOLDEN
184 1155 109 23 CROSS
311 1153 193 22 NEURALGIA
523 1152 179 22 MIXTURE-

185 1182 32 25 By
231 1180 67 20 which
312 1179 35 19 the
361 1178 49 25 pain
424 1177 18 19 is
456 1177 67 23 cured,
539 1182 46 14 ease
599 1177 99 21 obtained
718 1177 27 26 by
759 1184 13 14 a
785 1178 38 20 few
836 1179 68 21 dose?.

32 1215 231 27 RHEUMATISM
282 1214 68 21 AND
368 1212 193 21 LUMBAGO-

188 1243 34 24 By
235 1246 35 19 my
284 1238 77 26 special
375 1240 117 17 treatment,
507 1242 18 13 is
538 1242 48 19 very
599 1238 91 24 speedily
704 1238 67 19 cured.

32 1280 185 22 DIARRHOEA
234 1278 67 19 AND
320 1274 199 21 DYSENTERY
537 1274 31 19 IN
588 1275 144 20 INFANTS
747 1276 43 20 OR
807 1277 161 22 ADULTS—

187 1303 12 20 I
211 1308 40 14 can
265 1301 46 23 give
323 1305 13 14 a
351 1304 43 14 Bare
404 1298 42 19 and
455 1298 75 24 speedy
545 1303 48 14 cure
608 1298 25 24 by
646 1304 14 14 a
672 1299 39 19 few
725 1299 67 21 doses.

31 1342 89 21 SORE
138 1339 110 23 HEADS
265 1337 68 21 AND
351 1336 113 20 LEGS-

187 1363 68 21 Cured
269 1362 25 25 by
308 1367 10 14 a
322 1367 13 14 a
349 1360 105 25 agreeable
468 1360 41 19 and
524 1360 94 24 pleasant
629 1360 135 26 application,
779 1363 45 19 also
837 1363 84 21 relieves
935 1365 56 25 pain,

32 1401 219 23 ANTIBILIOUS
268 1400 68 20 AND
354 1398 94 20 LIVER
467 1397 124 20 PILLS-

191 1425 78 25 Highly
281 1423 144 24 commended,
440 1423 43 19 and
497 1423 66 18 which
577 1428 35 14 are
625 1423 50 19 used
688 1423 28 24 by
729 1423 124 24 thousands.

29 1463 207 23 CHILDREN'S
252 1460 190 22 TASTELESS
457 1459 168 21 TEETHING
644 1460 190 22 POWDERS—

188 1488 44 20 The
246 1487 44 19 beat
304 1485 21 20 m
338 1485 135 23 Canterbury,
494 1489 12 14 a
521 1483 48 20 trial
584 1483 40 20 will
638 1490 61 19 prove
712 1484 23 21 it.

30 1527 76 26 Sore
121 1525 129 27 TSroats
265 1522 56 26 and
324 1548 9 8 j
339 1522 213 24 Hoarseness-

189 1552 20 20 A
222 1550 61 25 quick
294 1548 41 21 and
350 1548 84 19 reliable
447 1553 48 13 cure
507 1548 33 17 for
553 1548 29 17 all
595 1548 29 17 kn
633 1552 33 16 a*.

31 1588 170 26 Bronchitis
217 1585 55 25 and
290 1583 149 28 Asthma—

188 1612 96 22 Believed
298 1611 42 20 and
353 1610 81 25 rapidly
447 1609 63 20 cured
525 1612 25 21 by
564 1614 35 20 my
612 1609 76 21 Acacia
702 1610 105 23 Mixture.

32 1650 59 25 Bad
107 1649 92 26 Colds
215 1647 56 25 and
286 1647 110 25 Severe
412 1644 182 26 Headache—

191 1674 88 26 Quickly
292 1678 49 20 pass
354 1677 59 19 away
428 1673 25 22 by
467 1671 73 24 taking
553 1676 35 19 my
603 1671 158 23 Desideratum.

30 1713 108 28 Corns,
154 1713 105 25 Warts,
275 1708 56 26 and
349 1708 160 26 Bunions—

190 1737 72 20 Taken
274 1741 58 21 away
351 1741 21 17 jy
385 1740 14 14 a
412 1734 92 25 painless
516 1734 157 20 Embrocation.
