2470 3840
50 164 35 26 WEST
85 164 13 26 OXFORD
98 164 480 26 EXAMINATION.

115 196 26 17 ;T
147 200 3 4 ■
157 195 3 18 i

138 225 3 18 i
157 210 6 34 |
207 211 59 25 List
278 220 28 15 of
318 212 99 23 Passes.

137 244 37 47 '"\
231 254 119 24 Standard
361 254 48 24 VI.

84 291 28 24 P-
124 294 88 30 J<S'Afes,
230 297 31 23 E.
284 296 132 24 Hartland.
430 315 3 2 .

183 331 9 32 I
231 339 121 26 Standard
378 339 30 25 V.

51 377 31 24 L.
113 376 100 33 Ancata,
247 381 29 24 T.
310 381 78 28 Dorn,
419 381 39 25 W.
503 381 75 27 Dorn,

53 419 40 24 W.
116 405 292 55 FreeJ^A.-iGrimwoad,
431 423 34 24 H.
489 423 88 27 Marsh,

56 462 31 24 H.
100 449 127 45 Prichal-d,
251 465 29 24 L.
303 465 108 32 Gomyns
413 483 7 9 t
442 465 30 24 B.
497 465 80 31 Greig,

41 506 43 35 piL
96 505 81 30 Paget,
189 498 40 52 JM.
237 508 116 24 Perham.

191 534 11 40 \
228 550 123 25 Standard
363 550 44 24 IV.

52 589 28 24 F.
101 583 109 36 Blank,)
218 593 28 24 P.
269 590 97 29 Brown,
401 592 34 22 H.
470 590 107 28 Cleaver,

51 630 34 24 D.
108 620 100 46 Fisher,{
231 634 28 24 A.
284 633 118 30 Harding,
435 632 24 24 J.
494 632 81 27 Miles,

52 674 28 24 F.
93 673 83 28 Urick,
189 670 39 38 E\
237 677 106 26 Beavan,
353 675 20 23 A
381 674 78 24 Blank
466 674 33 24 D*
507 674 69 31 Eley,

50 717 35 23 M.
98 716 121 27 Knowles,
229 713 37 33 ty.
278 717 112 27 Perham,
404 717 29 24 A.
452 717 125 28 Prichard,

50 759 35 24 M.
97 759 124 27 Prichard,
235 753 33 29 it
281 760 69 28 B^id,
364 759 33 24 M.
423 759 127 31 Stockley,..

214 800 128 42 Standard
364 802 50 24 111.

55 840 37 28 W\
105 844 98 28 Carson,
217 844 25 24 S.
259 843 115 30 JTleaver,
398 844 39 26 W.
461 845 115 31 Comyns,

52 888 31 24 G.
97 887 94 28 Fisher,
205 887 26 25 C.
247 888 135 41 jMilligan,
406 887 24 25 J.
454 887 121 31 Whiting,

50 929 34 24 H.
107 929 93 28 Ancall,
228 933 40 21 W.
292 930 88 27 Booth,
404 930 30 23 N.
470 930 107 27 Beavan,

49 971 31 24 E.
104 971 97 27 Brown,
224 972 37 24 M.
284 971 67 28 Free,
383 971 21 23 E
407 979 23 26 v^
449 971 127 28 Hartland,

49 1013 36 24 M.
97 1013 103 28 Larsen,
214 1013 37 36 Ay.
271 1014 102 28 Larsen,
397 1013 34 25 Mi
454 1013 123 29 Prichard,

49 1055 29 24 A.
99 1056 82 30 Paget,
205 1053 37 28 EA
268 1056 69 29 Reid,
361 1056 34 24 M.
420 1056 91 28 Smith,
545 1056 31 24 E.

52 1089 178 38 Ybungman./

207 1141 142 31 {Standard
369 1141 35 24 11.

48 1183 28 24 T.
89 1183 122 28 Beaven.l
226 1185 26 25 S.
264 1185 95 28 Biddle,
383 1184 31 26 E,
428 1183 147 28 Grimwood,

48 1227 23 23 B
80 1244 5 6 .
109 1226 85 28 Jones,
211 1218 54 35 \G.
274 1227 84 27 Munn,
385 1227 40 24 Ed
435 1244 6 7 .
477 1227 99 26 Larsen,

48 1268 32 25 D.
103 1268 128 25 SheehanX
259 1270 30 24 L.
314 1270 88 27 Smith,
422 1268 1 1 '
435 1270 28 24 S.
465 1293 3 7 :
488 1269 89 27 Smith,

47 1311 30 24 F.
91 1303 177 39 Zimmerrn/an,
301 1312 30 24 A.
354 1310 87 30 Blank,
454 1311 29 25 F.
502 1311 75 28 Dorn,

49 1353 27 28 C.
89 1354 121 27 Knowles,
218 1355 41 29 )E.
272 1354 84 31 Paget.

216 1386 139 35 (Standard
377 1395 21 25 I.

48 1437 39 25 W.
99 1437 95 29 Ancall,
224 1435 49 28 VF.
282 1438 104 29 Beaven,
431 1436 35 26 H.
477 1437 100 28 Carson,

47 1479 117 31 W.Eley,
187 1479 62 26 EM.
271 1480 145 28 Grimwood,
449 1481 30 24 K.
497 1480 79 24 Grim-

47 1522 76 29 wood,
132 1522 53 25 -C.
198 1522 13 25 i
225 1523 130 28 Hartland,
397 1522 24 25 J.
446 1522 131 32 Harbidge,

47 1564 40 24 W.
100 1564 73 24 Know
177 1564 40 26 l*s
254 1565 33 25 H.
301 1564 90 33 March,
419 1564 30 24 E.
472 1564 99 28 Nelson,

47 1606 35 25 V.
103 1606 106 40 Nelsrpn,
238 1608 30 24 E.
292 1607 99 28 Nelson;
426 1607 38 25 W.
487 1607 90 28 Prime,

48 1649 31 24 G.
92 1649 130 30 Prichard,
236 1651 30 23 G.
278 1650 117 27 Eossiter,
416 1649 28 25 C.
457 1649 119 31 Stockley,

47 1691 24 24 J.
86 1674 126 59 Sheehjan,
226 1693 38 24 W.
278 1691 119 31 Whiting,
416 1691 28 24 C.
457 1690 119 32 Whiting,

37 1734 45 24 ?H.
126 1733 161 33 YAungman'
334 1734 33 24 H.
401 1733 175 29 Zimmerman,

48 1776 32 25 E.
93 1776 99 30 Brown,
227 1777 27 24 C.
268 1776 138 27 Cockburn,
442 1776 35 25 M.
498 1776 78 29 Crow,

47 1818 30 24 A.
91 1818 99 29 Fisher,
203 1819 35 23 M.
251 1818 82 28 Jones,
347 1818 30 24 E.
391 1818 65 28 Nell,
470 1818 22 24 N
505 1818 70 28 Reid,

45 1856 33 23 A.
88 1855 65 24 Prim
162 1865 18 19 c,
193 1856 26 25 C.
226 1855 124 29 Prichard,
363 1855 29 24 A.
400 1855 176 32 Pablecheque,

47 1897 30 24 A.
91 1897 93 29 Smitni,
199 1898 31 23 A.
242 1898 157 30 Youngman.

66 1971 75 32 WEST
141 1971 16 32 OXFORD
157 1971 2 32 SCHOOL
159 1971 401 32 COM-

125 2001 91 18 MITTEE.

81 2081 60 24 ThiM
153 2089 12 17 c
174 2082 123 23 Dinmittee
309 2081 58 24 held
378 2081 65 24 their
465 2081 112 30 ordinary

46 2114 106 30 meeting
174 2119 36 18 ton
222 2114 42 23 the
276 2113 52 28 7th,
340 2113 145 27 Present,—
487 2114 89 22 Messrs

47 2145 118 31 Bennigg,
191 2145 146 32 (chairman)
369 2145 93 28 Ancall,
497 2145 85 28 Dean,.

49 2176 82 30 Dornf
138 2178 98 34 Fjsher,
250 2177 49 25 and
318 2177 63 24 Nell.

79 2211 87 23 Minutl
175 2218 17 16 ss
203 2211 25 23 of
238 2210 49 24 last
298 2210 112 30 ordinary
423 2209 47 25 and
487 2209 90 31 special

47 2243 118 31 meetings
176 2239 74 29 'were
261 2242 58 24 read
330 2241 50 24 and
400 2242 141 24 confirmed.

82 2275 107 25 Masteirs
198 2276 79 29 report
289 2281 49 17 was
360 2274 118 28 received,
500 2274 75 24 shew-

46 2307 44 31 ing
101 2298 104 40 average
228 2306 144 25 attendance
395 2308 24 23 to
442 2308 28 22 be
493 2307 81 28 140.5,

48 2340 48 23 and
106 2338 108 28 number
225 2347 32 16 on
269 2338 41 25 the
322 2338 73 25 books
407 2340 55 23 160.

79 2372 21 24 A
111 2365 81 31 letter}
197 2380 48 17 was
257 2371 108 24 received
376 2371 64 28 from,
447 2372 38 23 the
494 2371 82 24 Board

46 2404 168 31 enelosingUW
226 2403 165 31 applications
413 2403 37 24 for
472 2402 43 31 tjie
534 2411 42 23 ap-

45 2436 137 31 pointment
193 2441 28 19 ©l
231 2436 120 27 Mistress,
360 2439 4 4 '
371 2435 43 24 the
436 2435 81 24 Board
539 2435 34 23 di-

47 2469 94 30 recting
159 2470 4 10 :
163 2467 91 33 gp£cial
269 2468 127 27 ..attention
407 2468 25 23 £6
435 2465 3 9 !
438 2466 45 25 the
483 2467 4 13 ;
502 2474 72 17 seven

46 2500 236 39 follo^mg'todmes,
300 2500 43 24 -viz
343 2507 50 20 .:—
393 2500 61 24 Miss
467 2509 4 6 •
477 2500 97 30 Taylor,

48 2525 181 47 OshaUgnasljjy,
253 2533 88 26 Green,
365 2532 103 31 Bishop,
503 2532 71 27 Burr,

48 2565 84 25 M'Caf
133 2566 53 34 thy,,
196 2565 51 32 ayid
260 2565 98 27 Martin,
371 2564 50 24 and
437 2565 40 24 the
500 2564 74 25 Com-

47 2599 85 25 mittee
142 2597 112 36 resol\^e4
264 2601 26 22 to
299 2597 156 25 recommend
465 2597 44 25 the
532 2598 50 31 ap/

48 2632 137 31 pointment
191 2638 21 24 fo
212 2653 10 16 6
226 2657 2 2 .
242 2630 53 34 \iss
316 2630 96 31 Taylor.

79 2664 33 24 At
123 2664 49 24 this
189 2667 24 21 B
330 2663 122 30 Benning
473 2662 102 24 vacated

48 2697 43 24 the
102 2696 75 29 chair,
191 2696 23 23 F
242 2695 71 29 CMr
334 2695 57 24 Nell
413 2702 48 17 was
485 2695 89 24 elected

46 2738 46 23 pro
104 2733 49 21 tern.
182 2719 89 50 CIViJ

79 2762 25 24 It
121 2770 48 16 was
183 2771 16 26 j
231 2761 68 36 Jjed
322 2768 33 17 on
374 2761 43 24 the
438 2760 90 25 motion
551 2759 26 25 of

48 2792 41 26 Mr
95 2794 72 24 -Dora
180 2787 15 34 {
273 2793 181 28 subcommittee
473 2792 101 25 consist-

46 2826 43 31 ing
100 2826 27 24 of
136 2826 59 29 Mes,
206 2824 19 16 r
225 2819 90 41 jWorn,
327 2826 77 28 Dean,
426 2825 94 28 Ancall,
543 2825 30 24 be

47 2858 131 32 appointed
188 2867 10 16 i
222 2850 117 43 _3wower
349 2862 27 21 to
398 2858 49 25 add
462 2858 26 25 to
507 2857 65 25 their

47 2892 109 28 number;
163 2883 68 45 fof^'
247 2883 120 47 purpose
386 2891 27 25 of
432 2892 96 31 getting
539 2898 33 23 up

46 2933 30 15 an
95 2916 141 46 entertain
261 2933 25 19 jrj
306 2927 25 23 to
352 2925 62 24 raise
435 2924 75 24 funds
533 2923 38 25 for

48 2958 41 24 the
100 2948 142 36 childreLiv
255 2954 5 4 '
269 2960 51 25 Ms.

36 2988 128 29 Resolved
175 2981 60 46 tt^,
232 2992 5 10 J
263 2981 135 44 J||iioation
409 2989 29 24 be
461 2989 73 23 made
545 2990 26 22 to

45 3022 42 24 the
99 3022 80 24 Board
190 3022 33 23 Jtr
221 3044 23 16 Qi
258 3018 109 30 -Xi.new
389 3021 80 30 desks,
494 3020 51 25 also
557 3029 13 15 a

45 3057 73 30 grant
129 3055 104 30 ofnw^
233 3073 3 7 -.
242 3067 1 6 !
242 3074 2 3 -
339 3054 105 25 division
464 3053 70 26 fence
544 3053 27 25 m

46 3089 42 23 the
99 3088 55 31 play
165 3080 130 47 gio^.
296 3101 62 26 ;^^

44 3121 68 24 After
123 3118 106 32 passih£,
238 3142 15 8 M
268 3142 23 8 9
302 3118 83 32 '^Jpill
396 3123 118 22 accounts
528 3119 42 25 the

43 3155 246 30 Committee.aVj^Vffi
326 3155 53 35 -^>^

77 3238 46 24 We
141 3217 125 46 are;ii)R
286 3249 23 28 y
314 3236 13 11 rt
336 3219 158 55 ■'^/%ere
516 3236 22 25 is
557 3245 15 15 a

45 3266 225 43 movemen;m^
271 3266 62 45 id^
343 3262 182 54 /purpose
548 3269 27 24 of

40 3307 140 27 presenting
185 3300 116 34 -Mr?^,;
358 3305 5 13 5
363 3300 21 34 -f
546 3301 26 24 of

40 3319 297 43 LeWes&xfbrMf^
370 3319 112 47 to^
488 3334 82 31 giving

41 3377 33 22 up
87 3368 128 31 teaching-,:
222 3359 54 34 wil
288 3360 41 31 -^V
348 3368 3 4 '
367 3369 5 18 ;
385 3379 6 12 >
402 3375 21 25 rJ-
430 3377 3 6 ;
452 3366 117 27 iicknow-

43 3393 176 39 ledgement^

40 3434 27 23 m
80 3434 84 27 which;
172 3426 44 44 pb^
228 3424 121 49 ha^^
385 3424 192 35 rts^miduties,

42 3466 36 23 for
96 3456 261 47 seyeral;|years|^|^
377 3456 16 17 *'
408 3456 165 44 AM^jfcsaTG

42 3498 54 23 that
125 3497 49 28 the;
174 3500 1 24 ;
299 3507 16 17 '■..
348 3514 8 4 -
410 3523 3 2 .
412 3489 95 46 ;^^^
507 3495 62 31 rm^y

42 3527 182 35 responded-!|o.
248 3535 5 10 :
289 3532 19 24 iy
313 3552 3 3 .
473 3553 5 2 -

842 585 180 23 FOOTBALL.

704 664 60 24 Last
776 663 106 32 Monday
894 666 128 23 afternoon
1034 672 15 17 a
1058 665 82 24 match
1149 672 48 17 was

670 703 87 31 played
786 703 110 25 between
923 705 79 24 teams
1034 705 165 30 representing

672 741 61 24 East
752 741 50 23 and
813 741 67 24 West
893 741 91 24 Oxford
1008 741 109 25 Schools.
1152 741 44 25 Ju-

670 778 62 31 piter
748 778 101 34 Pluyius
860 786 48 16 was
919 778 24 24 m
952 778 38 24 his
1003 778 53 24 best
1067 778 130 25 behaviour

671 815 48 24 and
731 814 39 25 old
783 815 66 32 King
861 815 43 25 Sol
913 815 85 25 looked
1010 815 69 25 down
1090 816 53 24 into
1154 816 43 24 the

670 861 71 16 arena
755 854 24 23 of
790 853 55 31 play
856 853 61 24 with
929 861 14 16 a
966 853 128 31 becoming
1117 853 83 25 smiled

671 890 53 24 The
734 890 145 25 attendance
891 898 49 16 was
952 898 57 23 very
1032 898 100 22 meagre.

703 927 122 25 Punctual
836 929 25 22 to
875 927 58 24 time
945 926 60 25 both
1014 928 78 22 teams
1100 926 98 24 entered

670 966 41 24 the
722 966 63 28 field,
798 966 48 24 and
856 974 33 16 no
900 966 57 24 time
969 973 47 17 was
1028 966 46 24 lost
1081 966 29 23 m
1119 965 78 31 liniDg

668 1013 40 23 up.
743 1005 61 25 East
816 1013 55 17 won
887 1006 41 23 the
939 1006 51 24 tos3
1002 1004 49 25 and
1062 1004 98 25 decided
1169 1007 26 22 to

668 1042 87 24 defend
766 1043 40 23 the
818 1042 79 25 North
915 1042 63 31 goal.
1013 1042 52 24 The
1088 1042 107 31 opening

669 1081 55 29 part
735 1080 27 23 of
771 1080 40 23 the
823 1087 71 23 game
905 1087 50 16 was
972 1080 174 24 characterised
1164 1080 31 30 by

672 1119 103 24 brilliant
786 1119 57 31 play
854 1126 33 16 on
898 1118 60 24 both
971 1119 69 28 sides,
1053 1119 64 23 their
1140 1126 54 24 pas-

671 1156 55 31 sing
759 1157 71 30 being
853 1156 53 24 well
941 1156 81 25 timed.
1056 1155 70 26 After
1153 1159 42 21 ten

671 1196 103 24 minutes
785 1195 56 31 play
861 1195 30 24 P.
913 1195 127 25 Pachnatz
1064 1195 96 24 secured
1184 1204 14 14 a

670 1232 115 24 beautiful
807 1232 56 32 goal
884 1234 37 22 for
944 1232 69 24 East.
1047 1232 100 24 Nettled
1166 1232 32 31 by

671 1270 49 25 this
732 1277 96 17 reverse
839 1269 43 25 the
891 1269 69 25 West
972 1277 59 23 gave
1046 1268 21 25 it
1087 1270 25 23 to
1135 1268 64 25 their

670 1310 136 30 opponents
812 1310 81 30 pretty
901 1309 49 28 hot,
960 1308 49 25 and
1014 1308 49 24 had
1071 1315 64 17 some
1141 1315 58 24 very

672 1345 62 24 hard
761 1345 69 25 lines,
845 1345 27 24 m
894 1347 44 22 not
961 1345 103 31 scoring.
1087 1345 75 23 From
1184 1352 15 16 a

670 1383 142 30 scrimmage
824 1383 24 24 J.
861 1383 92 24 Baxter
964 1382 99 24 secured
1088 1381 41 25 the
1150 1381 46 24 ball

670 1421 49 25 and
728 1421 62 25 after
802 1421 104 32 dodging
917 1429 75 24 many
1003 1421 27 25 of
1046 1421 38 24 his
1106 1428 90 24 oppon-

670 1463 54 20 ents
736 1459 99 24 secured
846 1467 14 16 a
872 1458 153 25 well-earned
1034 1458 69 31 point
1118 1458 81 24 which

671 1498 27 25 0.
721 1498 48 25 Eoi
790 1498 128 25 converted
939 1498 51 24 into
1013 1505 15 17 a
1049 1497 62 32 goal.
1145 1497 52 25 The

671 1536 67 23 West
750 1536 94 23 seemed
856 1538 25 21 to
903 1536 49 23 lose
971 1536 71 23 heart
1064 1535 60 24 after
1146 1535 51 24 this

670 1574 88 25 second
769 1581 94 18 reverse
875 1574 49 25 and
946 1574 88 31 played
1055 1574 25 24 m
1103 1582 15 17 a
1139 1582 55 23 very

669 1611 90 25 listless
770 1619 104 16 manner
891 1619 26 17 so
941 1611 52 25 that
1014 1613 26 23 at
1062 1611 54 25 half
1137 1612 58 23 time

670 1651 62 23 East
743 1650 40 24 led
795 1650 31 31 by
838 1651 31 23 10
880 1651 81 30 points
973 1652 26 23 to
1020 1649 44 25 nil.

704 1687 66 24 After
781 1695 31 16 an
824 1688 102 24 interval
936 1687 28 25 of
971 1689 42 23 ten
1025 1688 107 24 minutes
1153 1688 42 24 the

670 1731 78 20 learns
759 1726 69 25 faced
835 1727 61 24 each
907 1726 77 26 otter.
1019 1726 71 25 West
1108 1726 87 31 played

670 1773 33 23 up
715 1765 106 32 pluckily
832 1765 45 24 but
888 1773 67 17 were,
962 1773 56 24 very
1039 1766 156 24 unfortunate

670 1805 26 23 m
707 1806 44 23 not
759 1805 121 31 notching
891 1812 15 17 a
933 1805 71 31 point
1026 1812 27 17 or
1075 1806 54 23 two.
1163 1805 32 23 In

670 1844 50 24 this
732 1844 51 23 half
793 1844 68 25 West
872 1844 96 25 showed
979 1852 14 16 a
1004 1844 45 26 few
1052 1843 98 27 .flashes
1169 1843 28 25 of

670 1881 108 24 brilliant
789 1881 57 31 play
857 1881 42 24 but
912 1881 41 24 the
981 1881 114 31 majority
1118 1881 26 23 of
1153 1881 42 23 the

671 1919 63 23 team
747 1918 96 24 seemed
856 1919 24 23 to
892 1917 62 25 have
965 1919 42 30 got
1018 1917 66 32 quite
1095 1918 99 30 enough

670 1955 101 24 football
781 1954 38 25 for
830 1956 40 23 the
881 1955 135 24 afternoon.
1028 1955 63 24 East
1113 1954 83 25 scored

670 1993 69 23 other
754 1994 47 23 two
812 1992 82 31 points
907 1992 70 24 while
988 1992 44 23 the
1042 1992 68 24 West
1122 1992 73 24 failed

670 2027 25 22 to
706 2032 73 17 score.
792 2025 97 30 Victory
901 2025 59 24 thus
971 2025 92 31 resting
1080 2024 61 25 with
1152 2025 43 24 the

645 2086 7 2 _
661 2062 71 27 .East
743 2062 31 31 by
787 2063 31 23 12
830 2062 82 31 points
923 2065 25 21 to
959 2062 65 25 love.

669 2099 25 24 It
702 2100 22 23 is
805 2097 47 26 fair
862 2100 26 23 to
911 2100 63 25 state
986 2098 54 24 that
1063 2098 42 24 the
1130 2098 67 25 West

670 2143 60 18 were
759 2137 45 24 not
825 2135 62 31 fully
908 2135 161 32 represented,
1089 2135 74 31 being
1181 2143 16 17 a

672 2176 83 32 couple
766 2176 26 23 of
800 2183 59 17 men
871 2175 75 25 short.
960 2175 74 24 Their
1044 2175 57 31 play
1108 2175 88 31 during

668 2213 42 24 the
720 2213 56 23 first
787 2213 86 24 fifteen
895 2213 108 23 minutes
1025 2213 26 23 of
1060 2213 41 23 the
1124 2220 70 23 game

652 2269 2 3 .
669 2258 48 16 was
729 2250 94 31 worthy
835 2250 26 24 of
870 2250 131 27 imitation,
1021 2249 44 24 but
1076 2250 56 31 they
1155 2249 40 24 fell

669 2287 145 32 completely
825 2292 67 27 away
905 2287 61 23 after
977 2286 63 27 East
1046 2310 5 10 K
1052 2286 91 26 gcored.
1157 2287 37 24 No

642 2340 6 12 .:
660 2325 20 27 ;f
679 2326 34 23 eel
716 2326 41 30 ing
769 2324 25 25 of
804 2333 47 23 any
863 2324 60 25 kind
933 2332 48 17 was
993 2324 146 26 manifested
1159 2331 29 18 on

631 2380 12 9 ■v
671 2363 76 23 either
759 2363 50 23 side
818 2362 80 25 which
909 2363 25 23 ia
942 2370 65 23 very.,
1020 2362 129 24 creditable
1169 2364 25 21 to

668 2399 59 25 both
739 2402 84 22 teams'.
835 2399 62 24 This
908 2399 21 24 is
941 2399 40 23 the
1003 2399 59 24 time
1085 2401 25 23 to
1133 2401 59 22 curb

632 2433 20 32 ,'\
668 2438 33 24 all
713 2438 28 24 ill
751 2440 100 29 temper,
861 2437 124 25 fof?w4eii'
993 2438 61 31 they-
1073 2446 67 23 grow
1149 2443 44 26 -up

668 2477 51 25 and
728 2475 391 29 entelinto'.^^siShidfe^rarikS:
1136 2477 58 33 they
1201 2499 2 3 .

668 2516 51 24 will
730 2518 28 22 be
771 2516 83 24 looked
867 2523 66 23 upon
943 2523 28 16 as
990 2524 14 14 a
1016 2516 76 24 credit
1113 2519 26 20 to
1150 2516 43 24 the

631 2549 23 14 '"
668 2554 53 23 club
732 2554 59 30 they.
800 2556 141 28 represent.,
951 2567 14 11 .;.
980 2553 113 31 Now^my
1113 2561 80 24 young

635 2590 124 27 '''friends
778 2591 56 32 play
858 2590 99 25 football
980 2599 27 16 as
1019 2591 20 24 ib
1062 2591 87 25 should
1161 2594 29 23 be

780 2632 47 21 and
854 2637 61 23 your
953 2629 98 25 xeward
1063 2629 49 32 wijl
1127 2637 68 17 come

667 2667 29 23 m
708 2667 45 24 due
761 2667 70 24 time.
935 2685 17 8 ....
1162 2667 14 12 '-

731 2778 99 24 NEWS
843 2778 42 24 OF
897 2778 69 24 THE
984 2778 129 24 WOELD.

698 2859 53 24 The
763 2858 147 32 Canterbury
932 2858 94 25 Frozen
1047 2858 70 25 Meat
1139 2858 49 25 and

666 2897 77 31 Dairy
755 2896 109 25 Produce
877 2896 94 31 Export
995 2896 128 31 Company
1145 2897 44 23 has

665 2934 106 24 received
793 2933 66 25 cable
891 2934 82 24 advice
999 2933 63 25 from
1085 2933 103 25 London

665 2973 100 30 quoting
773 2972 49 31 4£d
830 2979 43 23 per
882 2971 29 23 Ib.
919 2971 38 23 for
969 2973 102 26 mutton,
1082 2971 49 23 and
1143 2971 48 30 ssd

664 3019 44 24 per
738 3010 31 24 Ib.
779 3010 38 25 for
838 3010 67 24 lamb
928 3009 37 25 for
976 3010 41 24 the
1044 3010 147 32 Company's

665 3048 83 30 brand,

666 3097 40 25 Sir
717 3097 30 24 A.
761 3095 168 31 Cartwright's
951 3095 94 24 motion
1057 3095 27 24 m
1106 3095 85 24 favour

664 3135 26 23 of
699 3142 14 16 a
725 3135 83 23 return
819 3135 26 22 to
863 3132 136 27 Freetrade,
1012 3140 48 17 was
1080 3132 110 24 defeated

664 3175 31 31 by
706 3182 15 16 a
734 3173 114 31 majority
860 3172 27 24 of
896 3173 159 29 twenty-one.

695 3224 52 24 The
758 3231 85 17 census
852 3222 79 25 shows
943 3222 53 24 that
1005 3222 42 24 the
1063 3221 91 25 wealth
1163 3222 26 24 of

663 3264 41 25 the
717 3263 92 25 United
822 3262 81 25 States
915 3263 43 23 has
970 3262 124 23 increased
1113 3261 31 31 by
1157 3270 30 15 no

663 3302 45 23 less
722 3302 57 23 then
791 3309 56 16 one-
851 3299 62 24 third
925 3299 85 31 duping
1030 3300 40 23 the
1080 3299 49 24 last
1149 3300 39 23 de-

663 3339 66 24 cade.

678 3399 4 4 .
696 3382 51 23 The
758 3379 147 26 Committee
917 3379 25 24 of
951 3379 101 31 Inquiry
1073 3387 115 16 recomm-

662 3419 83 24 mends
757 3418 53 24 that
821 3417 107 24 Thomas
948 3417 116 31 M'Grevy
1084 3417 64 24 shall
1159 3417 29 24 be

662 3457 107 31 expelled
781 3457 59 23 from
853 3457 40 23 the
904 3456 86 23 House
1009 3456 26 24 of
1045 3456 141 29 Commons,

661 3495 45 24 but
717 3495 19 23 it
748 3494 44 24 has
802 3493 61 25 been
875 3493 89 24 unable
983 3495 24 23 to
1030 3501 70 24 agree
1112 3502 27 16 as
1162 3497 26 22 to

663 3532 39 26 Sir
713 3532 34 24 H.
759 3532 146 29 Langevin's
914 3531 70 31 guilt.
1019 3532 51 24 The
1092 3532 97 31 enquiry

661 3571 53 23 into
725 3570 41 24 the
777 3569 87 31 charge
877 3569 26 25 of
912 3569 127 31 rendering
1049 3569 139 25 fraudulent

661 3610 124 25 accounts,
798 3607 97 31 against
908 3607 111 27 Schultz,
1038 3607 150 25 Lieutenant

661 3645 123 25 Governor
822 3645 27 24 of
875 3644 135 29 Manitoba,
1044 3645 47 24 has
1124 3645 59 24 been

661 3682 101 32 opened.

692 3725 54 26 The
757 3725 105 31 English
888 3725 99 24 harvest
998 3725 21 24 i<3
1042 3725 144 32 improving,

659 3766 49 25 and
719 3766 43 25 the
791 3765 80 26 wheat
894 3765 64 33 yield
988 3765 22 26 is
1037 3765 149 26 favourable.

1289 176 51 24 The
1351 176 60 24 wool
1423 179 96 22 returns
1540 177 50 23 also
1601 185 40 15 are
1650 177 159 30 satisfactory.

1287 214 51 24 The
1350 216 64 30 early
1425 216 62 31 hops
1498 223 40 17 are
1563 215 98 25 inferior
1672 215 26 24 m
1717 215 94 32 quality

1287 252 49 23 and
1347 252 47 24 will
1403 252 115 31 probably
1529 255 44 22 not
1581 253 83 24 realise
1673 261 65 16 more
1748 254 61 23 than

1287 289 59 24 from
1357 289 36 24 £4
1406 294 23 20 to
1437 291 33 23 £5
1489 291 43 24 12s
1543 298 43 23 per
1599 292 54 23 cwt.
1687 290 52 24 The
1751 291 60 24 later

1286 334 69 24 crops
1367 335 49 20 are,
1428 329 117 28 however,
1556 327 114 32 expected
1683 329 24 23 to
1716 327 29 25 be
1755 328 51 24 bet-

1287 365 44 22 ter.
1364 364 151 25 Favourable
1537 367 93 29 reports
1639 373 41 15 are
1701 365 108 25 received

1287 405 25 24 of
1322 405 42 25 the
1373 414 68 23 crops
1453 414 30 17 on
1496 407 38 23 the
1544 407 137 25 Continent.

1319 458 52 24 The
1383 458 171 31 highwaymen
1565 459 50 24 who
1627 459 71 25 stuck
1717 466 31 23 up
1760 458 49 25 and

1287 499 90 25 robbed
1388 509 15 16 a
1414 501 66 24 train
1498 509 31 16 on
1538 501 43 25 the
1604 501 122 25 Southern
1749 502 60 24 Pac-

1286 537 41 23 ific
1338 537 47 24 line
1409 546 58 16 were
1490 539 130 23 overtaken
1632 539 61 23 after
1715 546 14 16 a
1750 539 60 30 long

1286 575 95 29 pursuit
1392 575 26 23 m
1430 575 87 27 Texas,
1531 575 48 24 and
1590 575 104 24 thirteen
1703 576 26 23 of
1738 576 68 23 them

1286 623 59 17 were
1357 616 81 24 killed.
1472 616 31 24 In
1514 617 42 24 the
1578 617 63 31 fight
1663 619 48 23 two
1722 617 27 25 of
1768 618 41 24 the

1286 660 113 23 pursuers
1436 662 60 17 were
1517 654 84 25 killed.
1635 654 53 25 The
1721 663 88 24 money

1286 691 76 24 taken
1374 699 49 17 was
1434 692 133 25 recovered.

1319 743 52 24 The
1383 744 118 31 principal
1512 744 91 25 feature
1613 745 28 24 m
1649 746 41 23 the
1712 745 95 24 Raview

1285 785 27 24 of
1319 785 36 24 Ee
1356 785 70 25 views
1446 786 36 24 for
1504 786 58 32 July
1574 788 21 23 is
1617 796 13 15 a
1642 788 55 30 plea
1708 788 37 24 for
1766 788 42 24 the

1287 827 83 25 Prince
1381 828 26 25 of
1418 828 89 25 Wales.
1541 829 39 24 Mr
1593 830 73 24 Stead
1684 830 84 31 begins
1779 830 32 32 by

1286 870 146 31 calculating
1465 872 42 23 the
1536 873 103 23 number
1670 872 26 24 of
1712 880 98 24 prayers

1287 912 77 25 which
1387 915 67 22 must
1475 914 61 24 have
1560 914 60 24 been
1641 915 50 23 said
1714 915 35 24 for
1771 916 40 24 the

1287 954 86 25 Prince
1382 955 89 32 during
1493 956 43 24 the
1558 956 48 24 last
1628 957 54 24 half
1702 960 107 28 century;

1316 997 67 31 eight
1394 998 108 24 hundred
1515 999 49 24 and
1579 1000 79 30 eighty
1670 1000 93 25 million
1786 1000 26 27 of

1285 1047 105 24 prayers,
1413 1040 49 25 and
1484 1048 26 17 as
1534 1049 94 17 answer
1651 1042 95 25 thereto
1769 1043 40 24 the

1284 1077 117 24 Baccarat
1425 1078 104 24 Scandal
1541 1079 27 23 of
1588 1079 96 31 Tr.vndy

1286 1119 72 25 From
1369 1120 51 25 this
1432 1122 107 24 contrast
1562 1121 43 25 the
1627 1122 141 25 conclusion
1789 1122 21 25 is

1286 1162 84 25 drawn
1381 1163 54 25 that
1473 1164 41 24 the
1522 1165 84 24 nation
1615 1166 9 22 1
1632 1173 28 16 as
1671 1167 42 23 not
1724 1166 87 31 helped

1286 1205 43 24 the
1340 1205 86 25 Prince
1439 1207 24 23 to
1475 1206 64 24 fulfil
1550 1207 33 24 its
1593 1214 106 24 prayers.

1580 1259 166 25 Washington

1316 1296 25 25 It
1378 1297 22 25 is
1437 1298 110 31 reported
1582 1298 55 26 that
1665 1307 15 17 a
1717 1299 95 25 district

1283 1338 132 33 Governor,
1440 1340 26 24 m
1489 1340 145 31 Nicaragua,
1659 1341 48 25 and
1728 1342 37 24 six
1788 1342 27 25 of

1281 1375 40 25 his
1330 1385 62 19 men,
1404 1385 62 16 were
1477 1378 83 29 killed,
1571 1379 27 23 m
1615 1378 145 32 frustrating
1779 1387 32 17 an

1281 1415 103 30 attempt
1396 1417 25 22 to
1434 1414 88 25 release
1535 1422 67 17 some
1613 1416 131 30 prisoners.

1646 1457 102 25 London

1280 1494 29 25 F.
1321 1495 29 25 P.
1374 1495 93 29 Slavin,
1479 1496 42 25 the
1541 1496 139 26 Australian
1699 1498 108 31 pugilist,

1280 1533 56 24 who
1348 1540 49 17 was
1407 1533 108 31 recently
1526 1534 109 24 declared
1647 1542 14 16 a
1679 1534 129 32 bankrupt,

1279 1569 45 25 has
1334 1569 58 32 paid
1402 1570 39 24 his
1468 1571 115 24 creditors
1595 1572 26 23 m
1644 1571 51 29 full,
1720 1573 55 24 with
1787 1574 15 23 4

1280 1616 41 24 per
1332 1611 56 23 cent
1399 1609 108 29 interest,
1536 1610 49 24 and
1597 1618 31 16 an
1658 1611 146 31 application

1282 1649 26 23 to
1319 1648 61 24 have
1403 1649 41 23 the
1467 1648 147 32 bankruptcy
1625 1650 116 24 annulled
1764 1651 44 24 has

1281 1684 61 26 been
1346 1686 108 29 granted.

1608 1729 62 24 New
1680 1730 67 30 YprK

1313 1764 179 32 Highwaymen
1531 1766 101 24 boarded
1656 1774 14 17 a
1694 1768 65 23 train
1781 1767 27 24 m

1282 1801 105 29 Samuel,
1401 1802 87 28 Texas,
1508 1802 50 25 and
1580 1803 92 30 having
1693 1804 117 31 exploded

1281 1846 15 17 a
1307 1839 124 30 dynamite
1442 1839 120 31 cartridge
1574 1841 25 22 m
1612 1842 41 22 the
1665 1839 65 27 train
1738 1841 70 31 plun-

1280 1876 74 24 dered
1362 1876 42 24 the
1415 1877 116 29 carriages
1553 1877 89 30 during
1653 1877 43 24 the
1719 1878 86 24 excite-

1281 1915 76 22 ment.
1392 1914 52 23 The
1464 1914 96 24 robbers
1591 1914 101 31 escaped
1713 1915 28 23 m
1762 1916 44 24 the

1281 1951 118 25 direction
1409 1952 25 24 of
1446 1952 102 24 Mexico.
1583 1952 52 24 The
1661 1954 103 24 amount
1785 1954 25 24 of

1281 1990 64 25 their
1355 1991 103 31 plunder
1468 1991 23 24 is
1501 1993 45 22 not
1558 1991 97 25 known.

1312 2068 474 62 CORRESPONDENCE.

1285 2178 64 20 IVhile
1359 2184 36 13 our
1404 2178 87 20 columns
1500 2185 36 13 are
1546 2185 49 18 open
1606 2182 19 17 to
1639 2180 37 24 all,
1688 2186 29 13 we
1736 2181 26 18 do
1771 2183 36 17 not

1309 2210 88 25 identify
1402 2210 98 20 ourselves
1504 2216 17 13 to
1524 2211 31 19 ith
1559 2217 41 19 any
1605 2211 93 25 opinions
1702 2211 105 26 expressed

1309 2241 79 18 therein
1451 2258 3 2 .
1514 2246 3 3 '
1537 2240 3 4 '
1550 2244 4 6 '
1561 2249 2 2 ■

1347 2287 71 25 THE
1432 2287 92 25 GOOD
1537 2288 67 24 OLD
1616 2288 104 24 TIMES

1317 2372 32 23 To
1357 2372 35 23 the
1404 2373 86 22 Editor
1501 2374 30 28 of
1637 2373 138 25 Observer:'

1315 2418 50 29 Sib,
1367 2433 32 4 —
1399 2419 14 24 I
1424 2417 131 38 hayjsjVstv
1564 2420 77 25 'heard
1651 2428 14 16 a
1674 2417 69 35 yar.fe
1746 2425 60 21 trora

1266 2459 48 25 .'an
1331 2456 40 25 old
1394 2452 123 29 busiiinan
1538 2457 80 25 which
1641 2458 13 24 I
1676 2460 62 22 trust
1759 2455 48 27 wall

1282 2502 83 16 amuse
1376 2500 61 25 your
1446 2495 95 23 readers
1553 2499 27 20 ate
1592 2488 130 31 -iiMjli^ks
1733 2495 21 24 it
1765 2496 41 23 did

1282 2540 48 21 me,
1343 2533 127 32 especially
1499 2542 27 17 as
1546 2533 48 25 the.
1598 2558 4 5 ,
1718 2538 15 21 /.
1745 2535 66 27 after,

1282 2580 75 24 many
1368 2581 67 23 years
1446 2573 26 25 of
1480 2574 75 31 heavy
1566 2573 45 26 toil
1617 2573 37 29 Is?
1668 2573 16 25 1
1699 2578 112 28 'Suppose-

1281 2611 14 24 I
1306 2613 67 22 must
1383 2611 47 24 call
1441 2611 27 28 it,
1489 2611 37 27 in*
1531 2611 128 31 affluence
1664 2613 147 24 -inasmuch,

1279 2658 27 16 as
1317 2651 31 23 he
1360 2658 66 16 owns
1438 2658 15 16 a
1464 2652 98 30 quarter
1574 2651 227 31 acre-fyeehol.d.and

1280 2688 47 24 like
1339 2688 37 24 old
1388 2688 80 24 David
1481 2696 14 16 a
1503 2688 43 24 full
1569 2688 89 33 quiver,
1736 2689 70 25 fruit-

1279 2726 35 24 ful
1338 2733 86 24 spouse
1456 2726 92 31 having
1574 2726 53 31 just
1649 2727 90 31 proved
1761 2728 45 24 her

1279 2764 182 30 unquenchable
1474 2764 114 24 affection
1612 2764 37 30 by.
1664 2765 141 32 presenting

1278 2800 53 25 him
1343 2801 58 24 with
1412 2801 42 24 the
1465 2801 111 24 eleventh
1588 2801 62 24 olive
1660 2799 99 27 branch.

1279 2844 42 31 My
1331 2844 133 25 informant
1481 2844 134 29 remarked,
1627 2845 20 24 it
1658 2853 99 23 appears
1780 2847 26 23 to

1280 2883 28 25 be
1321 2891 14 17 a
1346 2883 123 25 universal
1480 2884 74 28 habit,
1578 2886 26 23 to
1627 2893 111 23 compare
1745 2888 61 29 .past

1278 2922 72 24 times
1361 2922 60 24 with
1432 2922 43 24 the
1486 2923 97 30 present
1602 2923 49 24 and
1674 2923 88 32 always
1780 2925 25 24 to

1277 2962 42 23 the
1331 2961 171 31 disadvantage
1514 2962 26 23 of
1544 2962 40 23 the
1592 2962 80 24 latter.
1685 2962 119 25 However

1277 3003 42 26 the
1331 3004 70 24 times
1413 3003 14 25 I
1437 3003 78 25 allude
1527 3005 24 24 to
1573 3011 62 18 were
1658 3005 72 24 when
1752 3005 55 24 half

1275 3050 14 15 a
1301 3041 77 24 dozen
1389 3041 116 25 sawmills
1515 3050 60 17 wore
1598 3043 116 31 spinning
1736 3051 67 25 away

1275 3079 48 24 and
1333 3087 79 23 wages
1423 3088 61 16 were
1495 3080 135 31 nominally
1651 3081 62 24 from
1736 3081 68 31 eight

1274 3117 26 24 to
1322 3119 42 22 ten
1387 3117 45 24 bob
1450 3125 14 16 a
1486 3117 55 33 day.
1564 3117 14 24 I
1599 3125 43 24 say
1663 3119 138 31 nominally,

1272 3154 102 24 because
1394 3154 41 24 the
1458 3155 82 23 bosses
1578 3155 50 24 had
1649 3163 34 17 no
1713 3156 88 31 capital

1273 3192 48 25 aud
1331 3192 42 25 the
1385 3192 69 25 truck
1467 3194 91 24 system
1570 3201 47 17 was
1629 3192 72 26 infull
1712 3194 87 31 swing.

1272 3229 120 26 Hereford
1402 3230 79 25 Street
1492 3234 42 28 got
1536 3238 4 5 1
1545 3231 41 24 the
1598 3239 77 16 cream
1688 3232 49 24 and
1755 3233 43 24 the

1274 3269 78 24 hands
1363 3271 41 29 got
1414 3270 42 24 the
1465 3270 64 25 skim
1538 3271 61 24 milk
1612 3271 71 24 while
1695 3272 42 23 the
1747 3272 55 24 boss

1272 3307 65 24 went
1349 3307 79 24 North
1451 3308 49 23 and
1512 3316 42 15 ran
1582 3309 103 23 another
1698 3309 51 23 mill
1771 3317 33 16 on

1275 3344 42 25 the
1329 3351 66 17 same
1406 3344 66 31 plan,

1307 3384 170 25 Nevertheless
1489 3385 73 24 times
1584 3393 58 16 were
1653 3386 70 31 good,
1745 3387 57 24 with

1274 3429 15 16 a
1300 3427 97 25 quarter
1407 3429 55 17 acre
1474 3422 34 24 lot
1520 3423 48 23 and
1580 3430 31 16 an
1624 3424 41 23 old
1676 3423 97 32 shanty!
1787 3432 14 16 a

1272 3458 52 32 pair
1335 3458 26 25 of
1371 3459 40 24 old
1430 3458 80 25 crocks
1523 3459 48 25 and
1594 3468 13 15 a
1619 3460 93 31 rickety
1734 3461 66 32 dray.

1275 3498 54 24 You
1340 3506 59 16 were
1406 3498 62 31 good
1475 3498 54 25 fora
1537 3501 123 29 mortgage
1668 3508 28 16 or
1701 3509 32 15 an
1745 3509 56 17 over

1273 3535 72 25 draft.
1358 3535 128 25 Insurance
1492 3540 85 28 agents
1589 3545 62 17 wero
1656 3545 28 17 as
1689 3538 115 31 plentiful

1272 3581 27 17 as
1314 3573 161 25 blackberries
1499 3574 49 25 and
1573 3575 34 24 all
1627 3577 25 22 to
1675 3577 54 29 give
1751 3585 48 23 you

1273 3620 14 14 a
1298 3611 66 24 hand
1375 3612 26 24 to
1413 3611 62 24 clear
1491 3612 33 24 off
1535 3612 43 24 the
1588 3615 134 29 mortgage.
1747 3615 25 23 It
1783 3615 21 24 is

1271 3656 34 17 no
1317 3648 94 24 wonder
1422 3648 60 25 then
1494 3649 56 25 that
1562 3649 73 32 sharp
1656 3651 147 31 speculators

1272 3686 94 32 bought
1376 3694 32 24 up
1431 3687 34 24 all
1477 3687 42 24 the
1538 3688 119 24 available
1675 3690 65 24 town
1752 3689 50 27 lota

1272 3725 52 24 and
1334 3725 73 25 drove
1418 3725 43 24 the
1484 3725 108 31 working
1614 3734 59 16 men
1693 3727 54 24 into
1759 3727 42 26 the

1270 3764 71 26 bush.
1376 3764 61 26 Now
1459 3772 82 18 comes
1568 3773 41 25 my
1632 3765 90 27 friends
1744 3766 58 28 tale.

1902 175 40 23 He
1948 175 47 24 had
2007 174 72 26 saved
2087 183 66 17 some
2164 182 94 23 money,
2267 175 47 24 and
2323 174 42 24 felt
2373 170 62 35 ju|

1902 212 65 24 tified
1978 212 25 24 m
2015 213 94 31 coming
2119 216 24 20 to
2156 212 40 25 the
2208 213 65 23 front
2284 212 49 25 and
2356 205 79 31 nialH

1899 249 44 31 ing
1953 249 100 24 himself
2062 256 14 17 a
2098 252 77 28 pretty
2186 250 62 24 little
2260 250 77 24 home.
2378 242 57 33 HH

1900 286 82 25 choice
1989 286 42 25 fell
2039 294 66 24 upon
2113 294 15 17 a
2135 287 66 31 piece
2211 287 26 24 of
2246 287 94 31 ground
2348 278 87 40 pleaH

1899 326 67 31 antly
1973 327 112 28 situated;
2098 327 97 31 already
2206 327 30 23 he
2248 335 46 16 saw
2305 327 28 23 m
2353 320 82 31 fancH

1898 363 39 25 his
1947 366 78 28 pretty
2037 365 95 30 cottage
2137 364 48 24 and
2197 365 40 23 the
2243 364 81 31 bright
2330 355 105 33 flowerM

1898 400 26 24 m
1931 400 42 25 the
1983 402 58 23 neat
2048 400 65 25 front
2123 400 91 32 garden
2220 401 80 24 which
2311 400 32 24 he
2353 401 82 24 knew

1900 440 36 24 his
1948 447 86 24 spouse
2054 447 54 18 wou
2114 440 26 24 Id
2149 440 59 25 tend
2218 439 153 32 delightedly:
2396 429 39 34 iM

1900 477 70 31 fancy
1991 477 32 24 he
2046 485 50 16 saw
2107 485 15 16 a
2143 477 124 24 luxuriant
2290 477 89 31 garden
2401 470 34 31 ol

1898 513 58 25 fruit
1967 514 48 24 and
2027 514 142 31 vegetables,
2182 515 28 23 he
2222 522 49 17 saw
2283 514 40 25 old
2344 505 91 40 Peggjß

1898 550 59 24 with
1968 551 127 24 distended
2106 552 76 24 udder
2199 552 99 30 waiting
2310 553 24 22 to
2347 551 30 24 be
2388 542 47 33 yeW

1898 586 77 25 lieved
1985 587 26 24 of
2030 588 42 23 her
2091 588 53 23 rich
2166 588 56 24 load
2233 588 27 24 of
2270 590 72 23 sweet
2365 579 70 33 niilkl

1897 623 50 24 and
1961 624 31 24 he
2014 632 49 17 saw
2086 625 37 24 his
2145 625 65 24 little
2232 633 60 16 ones
2314 616 121 40 growing!

1896 661 86 31 plump
1993 669 65 23 upon
2068 661 42 26 the
2119 662 122 25 healthful
2251 663 170 24 nourishment
2426 651 9 36 I

1898 698 49 24 and
1954 699 24 23 m
1990 699 72 31 fancy
2072 699 32 25 he
2115 700 77 24 heard
2202 700 42 24 the
2257 702 73 23 sweet
2347 693 88 32 sound!

1899 736 25 23 of
1935 736 41 24 the
1988 736 53 31 pigs
2052 738 25 22 m
2089 737 42 24 the
2143 738 115 30 morning
2266 738 49 24 and
2326 739 98 30 singing
2430 731 5 31 I

1898 781 14 15 a
1924 774 67 23 stave
2007 774 26 23 of
2072 774 80 25 Home
2164 776 77 24 Sweet
2253 776 89 24 Home.
2384 776 40 24 He
2433 776 2 24 I

1897 810 157 25 determined'
2068 814 24 21 to
2109 820 39 16 sea
2161 812 42 24 the
2232 813 73 24 shark
2328 821 31 16 on
2382 813 43 27 the.
2434 802 1 35 I

1900 856 108 17 morrow.
2043 849 38 31 Up
2093 851 27 22 m
2131 850 42 24 the
2182 851 113 29 morning
2302 851 66 30 early
2377 851 49 24 and

1900 893 66 22 away
1977 885 31 32 by
2020 886 43 24 the
2073 886 55 24 first
2140 887 65 23 train
2217 887 46 23 and
2271 887 104 31 straight
2387 887 38 25 for
2434 877 2 13 '

1900 927 120 24 Hereford
2032 925 35 27 St.
2080 928 53 24 The
2143 927 80 26 Shark
2235 936 46 16 was
2293 929 26 23 m
2341 929 39 24 his
2392 929 35 25 of-

1898 964 45 25 fice
1966 964 50 24 and
2037 965 98 31 pleased
2146 967 25 23 to
2181 973 40 17 see
2230 973 42 24 my
2284 966 88 28 friend,
2381 974 43 23 yes

1899 1004 32 24 he
1942 1004 48 24 had
2003 1004 57 24 land
2070 1004 28 24 m
2118 1004 90 24 Oxford
2220 1005 38 24 for
2280 1005 51 31 salg
2355 1006 48 23 and
2412 1013 15 16 a

1898 1040 63 25 little
1973 1041 51 24 talk
2036 1049 59 17 soon
2104 1042 94 23 elicited
2210 1042 39 24 the
2259 1042 52 25 fact
2321 1043 54 24 that
2385 1051 41 22 my

1900 1079 79 24 friend
2001 1087 49 17 was
2072 1081 103 31 earning
2197 1080 62 30 good
2279 1089 78 23 wages
2380 1082 49 23 and

1900 1117 47 24 had
1953 1117 73 25 saved
2031 1125 94 24 money.
2139 1118 213 32 Herewasagooso
2363 1127 66 17 come

1900 1158 26 22 to
1937 1155 30 25 be
1979 1155 102 31 plucked
2090 1156 47 24 and
2150 1156 42 24 the
2205 1156 80 24 Shark
2297 1157 130 31 suggested

1900 1200 32 16 an
1943 1192 173 31 adjournment
2124 1194 26 23 to
2162 1193 42 24 the
2212 1195 97 22 nearest
2321 1194 43 23 bar
2380 1194 50 24 and

1901 1231 70 24 stood
1982 1233 63 22 treat
2061 1231 98 31 royally,
2184 1232 60 23 then
2264 1232 128 31 returning
2403 1235 26 21 to

1900 1270 43 24 the
1954 1270 68 24 office
2030 1270 32 23 he
2073 1269 74 25 asked
2159 1278 42 23 my
2212 1270 79 24 friend
2300 1270 40 25 his
2352 1271 75 31 opin-

1900 1310 42 23 ion
1950 1309 27 24 of
1982 1309 90 24 Oxford
2082 1309 61 28 who,
2154 1310 26 24 to
2189 1317 43 16 use
2239 1309 38 25 his
2288 1317 54 17 own
2351 1310 76 24 words

1902 1355 51 18 was
1960 1350 43 23 not
2013 1348 66 32 quite
2091 1348 60 24 such
2158 1357 13 14 a
2178 1348 49 25 fool
2234 1357 27 16 as
2268 1349 31 24 he
2306 1348 69 26 looks
2382 1350 47 23 and

1902 1388 30 23 he
1942 1387 99 31 replied,
2081 1387 21 24 it
2114 1387 45 24 has
2171 1395 14 16 a
2197 1388 77 30 grand
2295 1388 80 25 future
2386 1388 41 24 be-

1901 1426 51 25 fore
1960 1427 20 24 it
2071 1427 86 25 That's
2171 1435 40 23 my
2218 1428 99 31 opinion
2327 1428 55 25 said
2389 1428 41 25 the

1903 1466 80 25 Shark
1994 1467 49 24 and
2054 1467 29 24 he
2094 1467 121 31 produced
2235 1476 13 15 a
2260 1467 59 32 plan
2331 1475 14 17 a
2367 1468 62 31 good

1902 1506 54 24 deal
1966 1507 49 24 like
2026 1515 13 15 a
2048 1507 82 29 paling
2137 1507 68 24 fence
2216 1507 58 24 with
2284 1507 97 24 battens
2392 1507 36 24 all

1900 1543 134 25 numbered
2062 1543 108 32 shewing
2207 1551 15 17 a
2241 1543 46 26 few
2314 1552 65 16 acres
2406 1544 27 24 of

1900 1582 93 31 ground
2008 1583 42 23 cut
2061 1590 34 23 up
2105 1582 53 26 into
2166 1583 180 25 infinitessimal
2354 1583 75 25 fract-

1899 1621 62 28 ions,
1973 1622 50 24 this
2034 1622 53 24 said
2097 1622 31 23 he
2139 1622 21 24 is
2171 1622 43 24 the
2229 1622 137 31 Esplanade
2378 1622 49 24 and

1902 1657 158 31 applications
2081 1666 41 16 are
2133 1658 99 31 coming
2252 1659 27 23 m
2301 1661 37 21 for
2359 1659 69 24 these

1900 1696 49 25 lots
1961 1705 57 23 very
2029 1696 49 26 fast
2084 1697 49 24 and
2141 1698 112 31 pointing
2262 1700 24 22 to
2298 1706 15 16 a
2327 1698 102 24 number

1899 1735 31 22 he
1941 1734 85 28 saidyi
2036 1742 45 17 can
2093 1735 42 23 sell
2146 1743 46 25 you
2201 1736 47 23 this
2261 1735 37 24 for
2309 1736 59 26 £15,
2380 1735 49 24 and

1898 1771 18 24 if
1929 1771 91 24 Oxford
2039 1772 127 23 continues
2189 1773 24 22 to
2220 1779 111 23 progress-
2340 1774 25 21 at
2387 1773 42 22 the

1900 1816 68 17 same
1980 1810 52 21 rate
2040 1816 26 16 as
2077 1816 56 16 now
2143 1808 21 24 it
2175 1809 50 23 will
2237 1815 59 17 soon
2307 1808 30 27 b.e
2345 1812 4 15 ;
2353 1809 76 23 worth

1898 1851 15 17 a
1924 1844 63 30 good
1997 1851 73 24 many
2086 1845 96 30 pounds
2203 1853 15 16 a
2239 1844 59 25 foot.
2320 1845 59 24 Just
2402 1851 27 18 so

1898 1881 52 24 said
1961 1889 43 23 my
2015 1881 88 29 friend,
2116 1883 42 24 but
2175 1882 69 25 theve
2256 1882 60 25 dont
2321 1889 5 12 ;
2338 1889 89 23 appear

1896 1921 27 23 to
1933 1919 31 24 be
1975 1928 15 16 a
2001 1922 69 29 great
2081 1928 74 26 many
2166 1921 45 25 feet
2230 1921 27 24 m
2267 1921 28 24 it.
2323 1938 7 7 r
2328 1921 42 23 J'll
2381 1914 48 30 call

1899 1957 102 25 another
2026 1957 69 25 time.
2128 1958 116 29 Fifteefl.^
2259 1965 72 24 years
2363 1958 63 24 have

1896 1995 87 30 passed
1994 2003 68 23 away
2084 1995 47 23 and
2151 1995 43 24 the
2210 1997 81 30 pretty
2313 1995 71 24 villas
2401 1995 28 24 of

1896 2032 44 26 the
1957 2034 89 25 Oxford
2067 2034 140 31 Esplanade
2223 2034 67 26 -exist
2312 2034 58 31 only
2392 2042 32 17 on

1896 2080 80 22 paper,
1989 2072 49 24 and
2049 2080 28 16 as
2088 2072 14 24 I
2113 2081 59 22 gaze
2184 2079 63 19 upon
2269 2073 43 23 the
2335 2075 88 22 vacant

1896 2109 74 25 silent
1982 2112 62 29 spot,
2063 2109 14 26 I
2098 2109 53 26 feel
2170 2109 68 32 sadly
2248 2110 45 34 ;fpr
2300 2131 2 3 .
2312 2109 42 26 the
2375 2109 51 26 dis-

1895 2149 101 31 appoint
2017 2149 27 25 of
2071 2149 42 24 the
2143 2149 80 25 Shark
2230 2149 61 25 with
2313 2157 15 16 a
2349 2149 73 25 hook.

1896 2186 39 30 By
1945 2186 44 24 the
2008 2194 50 22 way
2067 2187 13 23 I
2090 2187 62 24 have
2171 2186 77 25 heard
2269 2186 156 32 incidentally

1896 2224 56 24 that
1963 2231 45 17 one
2020 2224 26 24 of
2051 2231 61 23 your
2131 2224 59 24 staff
2199 2223 176 31 contemplates
2385 2231 39 17 re-

1895 2261 80 30 siding
1986 2269 32 17 on
2030 2262 41 23 the
2098 2261 148 31 Esplanade,
2258 2269 27 16 so
2297 2261 55 25 that
2373 2260 23 25 if
2403 2261 21 25 it

1897 2298 86 25 should
2016 2298 100 25 become
2149 2298 64 25 what
2234 2298 34 25 its
2290 2298 134 32 proprietor

1895 2335 82 32 fondly
1988 2335 79 31 hoped
2075 2343 46 24 you
2132 2335 52 26 will
2192 2338 42 23 not
2246 2335 28 25 be
2286 2336 41 24 the
2337 2335 49 25 last
2395 2337 27 23 to
2434 2340 2 3 '

1898 2376 40 28 get
1949 2373 43 24 the
2003 2380 77 18 news.
2143 2371 6 3 '

1875 2430 2 3 .
2255 2410 105 24 Jubilee

2067 2531 180 24 TAXATION.

1931 2613 49 29 Snt,
1982 2627 34 4 —
2016 2612 67 25 Your
2093 2612 122 25 nameless
2235 2612 188 31 correspondent

1896 2652 25 25 of
1932 2660 15 17 a
1957 2651 118 31 fortnight
2086 2659 53 23 ago,
2151 2651 71 24 made
2234 2659 66 17 some
2312 2652 110 24 extrava-

1896 2693 60 31 gant
1967 2692 143 25 statements
2124 2691 59 25 with
2202 2691 78 24 which
2290 2691 16 24 I
2316 2691 62 25 have
2390 2699 33 17 no

1896 2739 111 21 concern,
2020 2731 45 24 but
2076 2731 54 24 that
2142 2731 72 24 could
2226 2731 30 24 be
2265 2731 75 31 easily
2346 2731 74 24 refut-

1894 2770 38 25 ed.
1939 2769 118 24 However
2062 2777 38 23 my
2105 2769 71 24 letter
2183 2769 24 23 m
2216 2768 42 24 the
2295 2768 128 31 Lyttelton

1894 2809 84 24 Times
2016 2816 50 17 was
2085 2808 95 25 written
2191 2811 44 21 not.
2246 2812 26 22 to
2293 2807 129 28 confound,

1893 2849 42 25 but
1948 2851 23 23 to
1983 2848 126 32 challenge
2122 2850 151 27 statements,
2287 2848 65 25 .that
2373 2847 50 25 had

1891 2893 59 24 been
1973 2892 71 25 made
2074 2892 30 30 by
2122 2891 68 25 these
2218 2892 95 30 august
2331 2890 91 29 bodies,

1893 2935 6 10 '
1908 2932 113 24 Farmers
2062 2931 168 31 Co-operative
2272 2930 151 25 Association

1891 2971 134 25 Chambers
2036 2971 25 24 of
2072 2970 162 32 Commerce/,
2248 2969 48 24 and.
2318 2970 51 23 also
2380 2969 43 24 the

1893 3009 24 24 A
1938 3009 56 24 &P.
2008 3007 154 26 Association
2173 3009 59 23 each
2243 3007 27 26 of
2279 3007 78 25 whom
2369 3007 50 25 had

1893 3048 71 24 made
1973 3047 48 25 and
2033 3046 128 25 reiterated
2170 3047 141 24 statements
2318 3046 105 30 alleging

1893 3089 52 23 that
1973 3087 43 24 the
2043 3086 111 24 taxation
2181 3086 122 31 proposals
2333 3084 26 25 of
2378 3084 42 25 the

1894 3126 158 29 government
2062 3124 50 24 will
2131 3131 66 23 press
2218 3122 95 31 heavily
2324 3129 32 17 on
2378 3121 43 25 the

1893 3162 110 27 farmers,
2016 3161 45 24 but
2082 3168 32 17 no
2133 3160 115 32 practical
2270 3159 150 24 illustration

1893 3208 49 17 was
1966 3199 89 25 offered
2076 3199 103 31 proving
2201 3198 54 25 that
2277 3199 26 23 to
2329 3197 30 24 be
2379 3197 41 24 the

1990 3237 14 25 I
2015 3237 73 24 think
2099 3237 13 23 I
2230 3244 14 16 a
2266 3235 72 25 hawk
2359 3235 61 24 from

1894 3284 15 16 a
2085 3273 49 26 and
2145 3282 38 16 am
2195 3275 43 23 not
2253 3272 123 31 .prepared
2395 3275 25 20 to

1894 3313 87 25 defend
1994 3320 70 23 every
2075 3313 40 23 act
2126 3312 26 24 of
2162 3312 40 24 the
2209 3311 158 31 government
2375 3309 44 24 but

1893 3352 19 24 if
1924 3359 59 24 your
2020 3350 83 25 what's
2121 3348 170 42 hfe%ain^''
2307 3348 47 24 has
2375 3348 45 23 not

1894 3389 59 25 been
1965 3388 117 32 poisoned
2093 3387 94 32 beyond
2195 3378 96 47 hoj||jjsf
2299 3392 120 23 recovery,

1894 3427 14 24 I
1919 3426 48 25 will
1978 3425 120 32 prescribe
2109 3433 31 17 an
2145 3423 120 28 .antidote':
2276 3425 26 22 to
2309 3424 111 22 counter-

1894 3467 40 22 act
1945 3464 43 24 the
2006 3463 98 24 baneful
2137 3453 128 37 effectaPpf
2284 3460 42 24 the
2348 3459 70 24 Press

1894 3502 129 31 doctoring
2040 3509 35 21 re,

1896 3540 53 24 The
1961 3540 168 24 Government
2148 3544 102 25 propose
2273 3538 26 21 to
2321 3535 98 30 exempt

1895 3578 34 24 all
1940 3577 85 25 visible
2036 3576 189 31 improvements
2238 3581 32 20 up
2281 3574 28 23 to
2321 3572 97 29 £8,000
2422 3596 2 3 .

1896 3617 38 29 i.c,
1951 3614 189 32 improvements
2152 3620 32 17 on
2195 3611 48 24 real
2265 3611 86 26 estate,
2373 3609 45 23 m-
2422 3620 2 4 ■

1894 3653 108 31 eluding,
2027 3650 127 31 buildings,
2171 3647 106 32 fencing,
2297 3646 119 30 draining,

1893 3692 84 32 laying
1988 3691 69 24 down
2069 3690 26 24 to
2106 3696 76 25 grass,
2195 3686 48 26 and
2254 3693 70 24 every
2343 3691 73 18 unex-

1893 3731 103 25 hausted
2006 3729 176 32 improvement
2193 3735 6 22 ;
2216 3726 49 26 and
2271 3726 27 24 m
2309 3722 109 27 addition

1893 3778 43 17 our
1949 3769 75 27 Stock
2034 3768 26 26 of
2070 3774 70 24 every
2150 3764 153 33 description*
2314 3762 51 26 also
2376 3762 42 25 but

106 3600 190 10 VIEW.

76 3690 53 26 Tbe
139 3682 76 33 usiiai-
222 3691 103 25 inor.thlf
327 3688 137 40 v^medpng
475 3690 26 24 of
523 3690 42 24 the

41 3728 91 26 School
169 3728 142 29 Committee
327 3751 7 4 ,
349 3738 49 18 was
410 3739 16 20 y
462 3728 39 25 e^
535 3735 30 17 on

40 3767 104 29 Monday
170 3766 109 30 evening.
283 3761 42 32 ■■■.
325 3761 76 32 Present
414 3760 50 33 \—
475 3765 90 26 Messrß

672 172 28 23 A.
724 172 99 31 Wright
847 173 145 32 (chairman)
1016 174 68 27 Pole,
1108 174 85 27 Harle,

672 209 123 31 Simpson,
807 209 82 29 Bunn,
901 210 126 31 Mounsey,
1050 211 73 30 Boys.

699 247 53 25 The
763 249 107 24 minutes
882 249 26 24 of
917 250 42 23 the
970 250 109 29 previous
1091 250 105 29 meeting

672 292 62 17 were
745 286 55 23 read
814 285 46 24 and
870 286 140 24 confirmed.

705 317 38 24 Mr
781 318 79 24 Amos
895 318 116 31 Wright's
1030 318 85 25 tender
1148 325 47 17 was

672 355 113 30 accepted
809 355 37 24 for
868 356 103 30 cutting,
994 356 128 31 grubbing,
1147 355 46 24 and

677 392 104 30 burning
793 400 78 23 gorse.

673 428 124 24 Accounts
809 430 25 22 to
857 429 42 24 the
923 430 102 24 amount
1037 430 25 23 of
1084 430 37 23 £&
1141 432 51 25 15s,

672 475 58 17 were
741 468 87 30 passed
838 467 35 25 for
884 470 123 28 payment.
1020 468 52 24 The
1093 468 105 31 meeting

673 504 58 24 then
745 505 155 24 terminated.

561 52 167 33 OXFORD
768 54 90 31 AND
901 54 103 31 CUST
1048 54 220 32 OBSERVER
1291 50 233 42 SATURDAY,
1541 51 248 36 SEPTEMBER
1812 54 48 37 12,
1891 54 87 31 1891.
