4235 6060
790 223 247 33 CALENDAR
1053 224 91 33 FOR
1161 223 91 33 THE
1284 223 135 33 WEEK

789 981 259 61 Lyell
1100 981 311 61 Times.

835 1105 207 33 SATURDAY,
1078 1104 115 29 APRIL
1223 1106 26 28 3,
1287 1106 75 28 1886.

816 1198 59 30 The
908 1197 77 30 usual
1017 1197 105 35 weekly
1152 1196 128 38 scraping
1308 1203 28 23 at
1368 1198 45 29 the

786 1237 94 37 Alpine
893 1237 107 28 hatterv
1013 1235 46 28 did
1073 1240 47 23 not
1133 1235 63 28 take
1217 1235 25 36 pi
1254 1245 39 18 -ce
1315 1240 89 32 yester

790 1276 55 37 lay,
859 1275 113 30 and-the
984 1278 134 34 stampers
1132 1274 54 29 will
1200 1273 31 30 be
1249 1273 64 39 kept
1332 1274 82 35 going

784 1315 68 28 until
883 1313 181 34 Wednesday,
1094 1313 80 27 when
1207 1313 47 27 the
1288 1314 127 35 monthly

783 1352 123 33 cleaning
918 1360 37 28 up
969 1351 53 28 will
1035 1350 31 29 be
1076 1350 81 29 taken
1166 1350 27 28 in
1205 1349 84 30 hand.
1325 1350 88 29 There

784 1393 22 27 is
830 1402 35 18 no
889 1391 144 28 alteration
1057 1392 27 26 of
1110 1400 55 24 any
1190 1392 172 33 importance'
1386 1395 28 23 to

784 1433 90 33 report
885 1430 71 27 from
969 1428 47 29 the
1028 1429 85 30 mine,
1126 1428 53 27 and
1193 1437 17 19 a
1226 1428 69 33 good
1317 1428 97 36 supply

784 1468 30 30 of
823 1474 76 24 stone
912 1468 23 28 is
944 1467 110 34 coming
1061 1472 28 23 to
1098 1466 83 29 hand.
1218 1466 58 29 The
1287 1466 126 37 monthly

793 1507 111 35 neeting
917 1510 25 26 ol
953 1506 49 30 the
1014 1505 130 30 directors
1157 1505 76 29 takes
1254 1505 76 38 place
1349 1510 65 24 next

783 1546 84 30 week.

817 1594 59 29 The
901 1597 64 25 next
989 1593 108 32 sittings
1122 1591 30 29 of
1178 1591 46 29 the
1256 1591 74 29 R.M.
1362 1591 53 29 and

788 1632 139 30 Warden's
948 1632 107 33 Courts,
1069 1634 27 26 at
1118 1631 167 31 Murchison,
1308 1630 54 28 will
1381 1630 33 29 be

786 1671 61 28 held
869 1681 35 17 on
927 1671 134 34 Tuesday.
1087 1669 62 28 13th
1170 1669 115 31 instant,
1307 1669 53 26 and
1380 1679 35 18 on

786 1709 44 28 the
842 1709 139 36 followiug
993 1707 54 38 day
1060 1707 98 30 Courts
1176 1705 57 30 will
1252 1705 33 30 be
1305 1705 65 30 held
1388 1711 28 24 at

789 1747 84 37 Lyell.

819 1795 102 28 Etiorts
946 1803 45 19 are
1015 1794 82 31 being
1116 1792 80 29 made
1217 1796 29 24 to
1266 1801 80 19 cause
1370 1792 47 28 the

789 1832 70 29 West
863 1838 60 30 port
946 1832 113 28 District
1084 1831 125 36 Hospital
1234 1829 91 29 Board
1338 1836 27 22 to
1378 1839 26 19 re-

786 1881 69 24 open
869 1871 46 29 the
929 1875 100 24 matter
1041 1871 27 28 in
1083 1869 160 29 connection
1256 1868 65 29 with
1339 1869 78 36 Lyell

789 1909 125 36 Hospital
935 1913 28 24 at
984 1909 71 28 their
1076 1911 65 25 next
1162 1907 129 33 meeting,
1305 1907 78 28 when
1397 1907 20 27 it

787 1948 53 30 will
853 1947 33 30 be
899 1947 101 38 sought
1019 1951 28 26 to
1067 1947 70 30 have
1149 1956 16 20 a
1186 1946 47 29 full
1256 1944 161 31 attendance

786 1989 29 28 of
825 1988 145 33 members,
984 1987 106 29 instead
1104 1987 35 32 of,
1158 1996 30 18 as
1209 1992 30 23 at
1259 1985 55 30 last
1335 1989 66 25 meet-

787 2028 54 30 ing,
865 2034 34 18 an
913 2025 164 28 attendance
1098 2025 31 26 of
1146 2024 70 26 four.
1252 2024 50 26 We
1323 2027 94 30 expect

787 2062 58 31 that
858 2062 65 30 both
946 2071 50 21 our
1014 2061 144 34 members,
1182 2060 98 30 Messrs
1302 2059 115 30 Fennell

786 2102 54 30 and
863 2103 109 29 Munro,
993 2102 53 28 will
1061 2101 81 29 make
1161 2100 22 30 it
1203 2100 164 29 convenient
1389 2104 28 25 to

786 2140 94 30 attend
892 2140 47 29 the
953 2144 64 24 next
1031 2139 128 33 meeting,
1173 2139 54 28 and
1240 2138 120 37 pending
1369 2138 47 28 the

786 2179 151 29 discussion
963 2180 30 28 of
1012 2179 47 29 the
1080 2178 102 35 subject
1202 2177 76 33 then,
1298 2187 41 19 we
1363 2177 54 28 will

786 2218 63 28 hold
873 2227 64 19 over
958 2227 55 26 any
1034 2216 124 29 remarks
1177 2225 40 20 we
1239 2215 131 30 intended
1389 2220 28 25 to

785 2256 81 30 make
878 2267 36 20 on
927 2257 47 29 the
987 2256 112 37 subject.

819 2306 24 29 A
857 2304 211 38 representative
1080 2304 30 28 of
1119 2304 47 28 the
1187 2302 131 30 National
1337 2302 80 29 Bank

786 2345 69 28 from
869 2344 115 29 Reefton
1000 2343 55 29 will
1068 2342 64 30 visit
1146 2342 78 37 Lyell
1242 2347 64 24 next
1325 2342 77 28 Satur-

785 2384 54 34 day
853 2383 41 27 for
906 2383 46 27 the
964 2381 168 29 transaction
1142 2381 31 28 of
1179 2380 109 36 general
1299 2380 118 33 banking

786 2420 133 29 business.

820 2467 58 29 Our
916 2467 102 28 Nelson
1058 2464 242 38 Correspondent's
1340 2464 79 28 usual

785 2506 106 37 weekly
921 2506 80 29 letter
1030 2513 115 30 appears
1182 2513 37 21 on
1250 2503 47 31 the
1327 2503 91 31 fourth

786 2554 76 25 page.

820 2590 34 29 In
877 2589 55 29 this
953 2590 72 28 issue
1046 2589 47 28 the
1115 2588 104 29 United
1238 2587 107 37 Alpine,
1363 2587 57 37 Tyr

784 2627 125 36 Council,
924 2627 101 31 United
1036 2626 84 38 Italy,
1131 2627 118 33 Croesus,
1260 2626 55 29 and
1327 2626 92 30 Victor

784 2669 136 27 Emanuel
942 2667 166 37 Companies
1131 2676 144 19 announce
1288 2667 70 28 their
1378 2676 27 18 or-

783 2706 98 36 dinary
895 2706 164 36 half-yearly
1071 2704 145 36 meetings.

818 2753 44 27 Mr
875 2753 33 28 R.
923 2753 44 27 W.
981 2751 127 31 Jenkins,
1122 2751 80 27 Bank
1215 2751 30 28 of
1253 2751 67 28 New
1331 2751 86 28 South

782 2789 93 30 Wales
904 2788 225 38 representative,
1161 2788 55 28 will
1245 2788 65 28 visit
1339 2788 80 37 Lyell

781 2834 66 25 next
861 2828 153 38 Thursday,
1029 2826 155 39 remaining
1198 2826 68 31 until
1280 2826 139 39 following

782 2868 138 33 morning.

817 2913 119 31 Further
965 2912 77 32 work
1071 2912 30 30 in
1125 2911 47 32 the
1203 2913 87 30 winze
1315 2912 31 36 of
1374 2912 47 32 the

783 2953 104 31 United
901 2953 75 37 Italy
995 2954 50 27 bus
1062 2952 135 30 disclosed
1219 2953 47 29 the
1285 2953 136 29 existence

783 2993 31 29 of
840 2992 110 29 six-foot
974 2991 59 29 reef
1054 2990 83 36 going
1164 2990 125 35 strongly
1313 2993 30 26 to
1372 2990 48 29 the

784 3028 151 30 westward.
981 3028 59 30 The
1065 3037 64 20 men
1153 3027 125 35 engaged
1308 3028 36 35 by
1374 3026 47 31 the

784 3068 144 34 Company
953 3066 42 28 for
1019 3066 106 28 further
1149 3066 110 31 sinking
1283 3066 30 28 of
1334 3066 87 28 winze

784 3104 56 29 and
852 3103 148 36 timbering
1013 3103 62 29 that
1087 3102 108 39 portion
1216 3102 111 39 already
1339 3102 82 37 sunk,

783 3143 72 31 have
868 3148 50 25 not
930 3147 47 34 yet
989 3142 119 31 finished
1122 3142 47 30 the
1191 3142 148 39 timbering
1360 3152 45 29 pro-

784 3193 67 18 cess.
888 3183 91 28 When
1000 3182 163 35 everything
1177 3182 50 27 has
1249 3181 69 29 been
1339 3182 82 28 made

784 3229 94 21 secure
899 3221 22 28 it
941 3220 24 29 is
984 3219 130 30 intended
1129 3223 28 26 to
1179 3219 156 37 vigorously
1356 3228 45 29 pro-

784 3259 65 29 ceed
875 3259 66 29 with
963 3259 47 28 the
1031 3258 75 29 work
1130 3258 31 29 of
1180 3259 173 36 prospecting
1374 3259 47 29 the

785 3297 58 27 reef
854 3305 61 19 now
927 3296 55 28 laid
993 3296 75 28 bare.

819 3345 25 30 D
849 3345 87 36 living
946 3344 30 31 in
993 3343 49 32 the
1063 3343 66 32 Low
1148 3342 86 33 Level
1253 3343 108 32 Tunnel
1381 3343 40 32 for

785 3385 47 27 the
845 3389 62 31 past
919 3385 95 26 mouth
1028 3384 51 27 has
1091 3383 68 28 been
1171 3384 149 35 extremely
1342 3383 79 32 hard,

785 3421 81 30 beint*
875 3421 115 36 entirely
1001 3421 119 35 through
1131 3420 68 28 hard
1210 3421 72 28 rock.
1314 3421 107 37 Taking

785 3459 55 30 this
858 3459 134 37 difficulty
1009 3460 59 29 into
1087 3458 211 36 consideration,
1316 3460 47 29 the
1381 3460 40 29 six

786 3509 63 20 men
873 3498 155 38 employed,
1049 3498 124 38 working
1190 3498 28 30 in
1237 3498 76 30 three
1333 3498 87 34 shifts,

785 3538 71 30 have
869 3539 80 27 made
961 3538 70 35 good
1044 3547 132 26 progress.
1220 3537 72 29 Nine
1310 3538 111 28 months

785 3585 51 24 ago
849 3576 47 28 the
908 3576 94 28 tunnel
1016 3585 56 18 was
1082 3575 31 28 in
1124 3585 17 18 a
1153 3575 122 29 distance
1291 3576 31 27 of
1340 3576 40 33 998
1380 3576 41 33 ft,

785 3613 55 31 and
852 3614 42 30 for
905 3613 47 31 the
964 3617 62 34 past
1039 3614 64 29 nine
1125 3613 120 30 months'
1267 3614 154 37 operations

785 3663 17 20 a
814 3653 121 30 distance
948 3653 30 29 of
986 3653 75 29 44Gft
1077 3662 57 19 was
1153 3653 132 35 attained,
1307 3652 114 39 making

785 3693 48 30 the
859 3693 68 30 total
954 3692 123 31 distance
1106 3701 62 22 now
1198 3691 59 32 into
1286 3691 47 32 the
1364 3692 57 31 face

787 3733 67 27 1444
865 3733 62 27 feet.

821 3779 129 36 Morning
967 3778 55 30 and
1040 3778 119 37 evening
1176 3787 115 21 services
1308 3778 58 30 will
1387 3779 32 30 be

786 3818 150 31 conducted
961 3822 29 26 at
1014 3818 40 29 St.
1075 3818 157 29 Matthew's
1249 3818 110 30 Church
1380 3823 25 25 to-

786 3866 127 25 morrow,
938 3857 35 36 by
999 3856 45 29 the
1069 3857 68 27 Rev.
1162 3856 206 35 Inness-Jones,
1393 3862 27 24 at

785 3896 48 29 the
843 3895 79 30 usual
934 3895 92 29 hours.
1062 3895 58 28 The
1133 3896 157 28 concession
1303 3897 26 27 of
1343 3905 17 19 a
1367 3896 51 29 fuU

787 3935 114 36 Sunday
924 3935 101 28 service
1049 3938 29 25 at
1096 3933 47 30 the
1162 3934 101 29 church
1283 3934 50 30 has
1351 3935 69 29 been

786 3973 137 38 earnestly
936 3973 105 29 desired
1053 3973 42 29 for
1106 3982 76 20 some
1195 3973 66 29 time
1274 3977 70 33 past,
1364 3973 56 30 and

786 4022 60 19 now
871 4013 61 28 that
957 4011 47 30 the
1028 4011 87 37 object
1139 4011 51 28 has
1211 4011 67 30 been
1297 4013 123 28 attained

787 4051 117 33 through
924 4051 47 28 the
990 4050 66 29 kind
1074 4050 235 38 instrumentality
1327 4051 30 28 of
1373 4051 47 30 the

787 4090 67 29 Rev.
882 4090 31 29 T.
939 4090 33 29 B.
993 4088 134 36 Maclean,
1145 4098 41 20 we
1216 4089 70 37 hope
1318 4094 28 25 to
1375 4100 44 19 see

786 4130 173 34 pahshoners
971 4129 95 27 evince
1087 4128 73 27 their
1179 4128 183 35 appreciation
1385 4130 34 34 by

786 4165 115 39 making
929 4165 72 30 their
1030 4164 163 31 attendance
1218 4165 66 29 such
1310 4175 30 20 as
1363 4166 57 30 will

785 4211 147 30 guarantee
945 4205 47 28 the
1004 4204 180 29 continuance
1197 4206 30 26 of
1236 4209 54 24 two
1303 4206 117 27 services

785 4243 67 29 each
884 4243 114 36 Sunday
1021 4243 30 29 in
1074 4242 47 30 the
1146 4242 148 39 beginning
1318 4243 30 29 of
1369 4243 48 29 the

785 4282 107 30 month.

821 4331 49 28 We
900 4330 70 29 have
993 4330 123 29 received
1141 4330 165 36 complaints
1333 4330 86 37 lately

785 4368 70 30 from
871 4368 44 29 Mr
927 4369 105 35 George
1051 4368 132 29 NewmaD
1202 4368 153 37 respecting
1372 4369 47 29 the

785 4408 118 38 practice
924 4408 29 29 of
969 4408 106 35 Uaving
1093 4406 86 39 heaps
1197 4408 31 29 of
1243 4408 128 29 firewood
1383 4418 37 20 011

786 4448 47 28 the
846 4447 57 28 side
915 4447 28 28 of
961 4457 36 18 an
1016 4446 111 35 already
1148 4453 45 22 too
1215 4455 106 20 narrow
1341 4447 76 28 road.

786 4485 73 37 Only
888 4486 121 36 recently
1035 4485 44 28 Mr
1103 4485 135 29 Newman
1263 4494 56 19 was
1345 4494 54 20 com-

786 4523 89 36 pelled
887 4528 28 23 to
928 4523 76 29 leave
1017 4523 46 29 the
1076 4523 52 28 box
1146 4526 58 25 seat
1224 4523 30 28 of
1270 4523 45 28 his
1335 4523 83 28 coach

787 4562 27 27 in
828 4561 78 28 order
919 4565 27 24 to
960 4561 72 28 clear
1051 4570 78 28 away
1148 4570 35 19 an
1203 4560 167 29 obstruction
1392 4560 30 29 of

788 4599 55 30 this
872 4598 66 30 kind
963 4608 76 20 some
1064 4599 69 29 little
1163 4599 123 29 distance
1315 4604 49 25 out
1392 4599 30 30 of

790 4638 86 36 Lyell,
889 4638 55 28 and
957 4648 35 18 on
1005 4638 46 28 the
1065 4638 52 28 last
1129 4638 53 36 trip
1195 4642 27 24 to
1236 4638 111 32 Nelson,
1364 4638 55 29 had

788 4686 16 19 a
817 4676 52 29 less
882 4676 92 28 skilful
986 4676 90 28 driver
1089 4676 66 28 been
1178 4676 28 28 in
1226 4676 152 36 possession
1390 4676 32 29 of

788 4714 47 30 the
847 4724 82 23 reins,
942 4714 188 37 undoubtedly
1142 4724 36 18 an
1195 4715 122 28 accident
1330 4715 90 29 would

790 4753 68 29 have
873 4753 127 28 occurred
1014 4758 27 23 at
1055 4753 46 28 the
1114 4752 52 29 end
1180 4753 31 27 of
1223 4753 47 28 the
1284 4753 136 37 township

790 4793 68 27 from
872 4801 15 19 a
900 4791 105 29 similar
1017 4801 89 19 cause.
1143 4791 50 29 We
1206 4791 71 38 hope
1293 4792 60 28 that
1364 4792 57 28 this

789 4831 157 28 intimation
959 4830 55 28 will
1027 4831 70 28 have
1111 4831 46 28 the
1178 4831 78 28 effect
1268 4831 30 28 of
1308 4831 113 35 causing

790 4877 75 19 more
879 4876 60 21 care
960 4871 27 25 to
1011 4867 32 29 be
1054 4867 138 29 exercised
1211 4869 28 26 in
1253 4868 54 28 this
1320 4871 101 26 matter

790 4907 40 28 for
853 4907 48 29 the
924 4908 108 32 future;
1057 4906 55 29 and
1132 4906 77 30 those
1229 4907 139 35 offending
1392 4907 29 30 in

790 4946 55 27 this
866 4945 133 28 direction
1023 4950 76 23 must
1122 4946 126 28 recollect
1271 4945 60 28 that
1354 4946 22 28 it
1397 4946 23 27 is

790 4987 155 34 competent
969 4984 40 29 for
1034 4984 45 29 Mr
1103 4984 134 30 Newman
1258 4987 29 27 to
1311 4984 44 38 lay
1380 4984 27 29 in-

790 5022 170 26 formations.

824 5069 51 31 We
888 5079 43 20 see
944 5069 37 39 by
993 5073 92 35 report
1097 5069 32 30 of
1137 5069 164 35 Inangahua
1313 5069 109 38 County

791 5109 112 28 Council
918 5110 174 34 proceedings
1105 5109 60 28 that
1174 5109 141 34 Inspector
1325 5110 76 27 Emer-

790 5155 50 20 son
853 5146 79 30 could
944 5150 49 25 not
1011 5146 80 29 allow
1113 5146 45 29 the
1177 5146 85 38 police
1282 5151 29 24 to
1330 5149 93 35 accept

791 5187 46 28 the
844 5186 192 36 appointment
1042 5186 29 29 of
1077 5186 143 36 Inspector
1228 5186 30 29 of
1263 5186 159 29 Nuisances.

792 5225 49 27 We
851 5227 86 32 regret
948 5224 54 28 this
1012 5224 120 27 decision
1142 5233 29 18 as
1179 5233 41 18 we
1231 5233 69 18 were
1309 5224 114 27 anxious

791 5266 27 26 to
840 5272 44 20 see
906 5261 47 31 the
971 5261 191 39 appointment
1178 5262 31 29 of
1228 5271 35 20 an
1285 5261 139 39 Inspector

791 5301 40 29 for
844 5301 78 37 Lyell
936 5301 139 29 conferred
1089 5311 73 26 upon
1179 5301 146 28 Constable
1345 5302 57 27 Bow-

791 5339 63 28 den.
890 5339 51 28 We
953 5339 64 28 hold
1031 5339 61 28 that
1111 5349 16 18 a
1145 5339 106 37 private
1272 5339 151 28 individual

791 5381 101 26 cannot
905 5377 119 38 possibly
1037 5386 78 29 cany
1125 5382 48 25 out
1181 5377 46 30 the
1236 5377 88 30 duties
1332 5377 77 30 affect-

792 5417 47 35 ing
852 5417 46 28 the
919 5417 118 36 position
1056 5416 202 36 satisfactorily,
1278 5417 42 27 for
1339 5426 85 26 many

794 5463 117 24 reasons,
924 5454 54 28 and
997 5456 128 27 foremost
1146 5456 25 27 is
1191 5455 47 28 the
1259 5454 166 37 inadequate

793 5493 89 37 salary
896 5495 40 27 lor
948 5493 45 29 the
1006 5494 187 36 performance
1204 5496 27 26 of
1240 5493 184 37 disagreeable

794 5532 96 28 duties.
918 5532 238 32 Wholesouieness
1161 5533 23 28 is
1190 5532 74 29 what
1271 5542 40 19 we
1321 5532 104 28 hanker

794 5570 77 32 alter,
884 5569 55 29 and
951 5579 35 19 no
1006 5579 51 19 one
1077 5579 94 19 causes
1189 5580 16 18 a
1226 5579 75 19 more
1324 5569 83 29 whole-

794 5617 74 19 some
887 5607 82 29 dread
982 5612 28 25 to
1024 5609 173 36 wrongdoers
1216 5608 68 29 than
1301 5619 16 18 a
1339 5607 86 38 police

794 5646 147 28 constable.

828 5694 57 28 The
911 5694 164 34 Inangahua
1100 5694 109 36 County
1233 5695 114 28 Council
1369 5699 54 23 met

795 5731 51 29 last
861 5731 136 36 Tuesday,
1011 5732 53 29 and
1078 5741 39 20 we
1131 5742 44 20 are
1190 5732 125 30 indebted
1330 5737 28 25 to
1379 5732 45 29 the

795 5770 162 35 Inangahua
981 5771 92 28 Times
1098 5772 38 27 for
1157 5772 47 28 tlio
1226 5772 139 33 following
1385 5772 28 26 in

795 5809 144 28 formation
953 5809 126 35 affecting
1091 5819 50 18 our
1153 5809 105 30 district
1275 5810 133 28 :Corres-

795 5847 137 37 pondence
954 5848 118 29 inwards
1083 5857 5 6 *
1108 5849 40 28 To
1165 5850 33 27 A.
1222 5849 27 28 S.
1274 5848 150 32 Meuteath,

941 5886 134 35 thiQikiug
1096 5888 58 29 him
1176 5889 40 28 for
1237 5888 41 29 his
1301 5886 123 30 valuable

1456 224 146 28 assistance
1615 233 27 18 re
1658 223 125 34 securing
1796 234 15 17 a
1824 229 81 32 grant
1918 225 41 29 for
1968 226 46 29 the
2024 236 45 20 con-

1456 263 129 29 struction
1615 263 30 29 of
1672 263 166 36 approaches
1868 270 27 22 to
1924 266 161 30 Matikatika

1456 301 108 33 bridge;
1584 310 27 17 re
1636 301 47 26 the
1708 302 183 26 construction
1917 303 30 26 of
1969 304 64 26 road
2059 308 28 24 at

1459 339 166 33 Murchison,
1637 337 53 31 and
1704 344 28 23 to
1747 338 46 31 the
1806 348 76 21 same
1895 349 28 21 re
1936 340 151 36 bridges.

1454 381 38 26 To
1506 379 147 28 Chairman
1666 379 93 26 Btiller
1775 379 109 35 County
1905 390 29 17 re
1955 381 130 29 northern

1456 416 139 36 boundary
1609 416 30 27 of
1648 416 119 36 County,
1781 416 54 29 and
1849 419 158 33 suggesting
2028 419 59 30 that

1458 456 45 28 the
1518 456 53 30 line
1585 455 30 28 be
1630 454 139 36 definitely
1792 455 198 30 fixed.From
2003 458 82 29 MrT.

1454 494 97 33 North,
1570 494 117 28 solicitor
1708 494 41 27 for
1771 493 26 29 J.
1819 494 117 33 Oxnam,
1958 496 128 34 claiming

1452 532 206 40 compensation
1670 532 42 30 for
1723 532 112 38 injuries
1846 534 139 29 sustained
1996 535 37 39 by
2044 537 43 30 Mr

1454 576 106 24 Oxnam
1583 572 116 31 through
1724 572 45 27 the
1793 572 87 37 faulty
1901 574 137 29 condition
2061 577 28 27 of

1451 615 47 30 the
1516 615 117 29 Newton
1654 613 104 33 bridge,
1779 613 53 28 and
1854 613 132 35 claiming
2006 616 80 28 .IOO.

1451 656 59 28 The
1522 656 79 28 letter
1613 654 88 28 stated
1713 653 61 29 that
1794 652 106 29 Oxnam
1924 663 55 19 was
1999 654 88 34 riding

1451 704 64 20 over
1527 696 46 28 the
1587 693 92 34 bridge
1696 692 80 30 when
1790 702 16 19 a
1827 692 84 37 plank
1930 703 68 23 gave
2016 704 70 23 way,

1453 734 44 26 Mie
1523 734 78 26 horse
1625 732 95 32 falling
1744 741 73 17 nnon
1844 732 44 26 Mr
1906 733 106 27 Oxnam
2033 734 52 26 and

1451 770 132 39 seriously
1600 769 122 39 injuring
1739 769 68 28 him.
1859 769 59 29 The
1936 770 148 30 Chairman

1452 812 56 28 said
1529 812 54 26 this
1602 821 56 17 was
1677 811 64 34 only
1760 819 51 18 one
1830 809 57 28 side
1906 811 30 27 of
1952 811 46 27 the
2016 821 70 21 case,

1451 850 54 27 and
1518 849 47 28 the
1578 849 59 28 best
1649 848 79 32 thing
1741 852 26 23 to
1781 847 34 27 do
1828 856 56 18 was
1901 851 28 24 to
1951 849 70 27 refer
2041 850 46 27 the

1453 893 99 25 matter
1565 894 27 23 to
1605 898 16 19 a
1634 887 158 30 committee
1804 890 28 25 to
1845 887 112 37 enquire
1978 887 58 30 into
2055 888 30 30 it.

1454 928 124 27 Referred
1591 930 28 25 to
1632 927 47 27 the
1693 926 138 32 Engineer
1843 931 27 22 to
1890 931 92 29 report
2002 931 30 24 at
2051 938 34 17 an

1451 964 73 37 early
1538 965 71 32 date,
1623 964 54 29 and
1692 963 42 28 Mr
1748 963 87 28 North
1849 967 29 23 to
1891 963 32 28 be
1936 964 111 29 notified
2059 971 27 23 to

1451 1005 59 28 that
1524 1005 86 28 effrot.
1613 1004 116 27 From
1744 1002 26 29 J.
1785 1002 107 36 O'Day,
1903 1004 184 36 complaiuing

1451 1043 29 27 of
1508 1043 151 28 Buchanan
1690 1041 53 29 and
1770 1047 79 30 party
1873 1042 124 35 working
2021 1052 66 19 near

1452 1081 46 29 the
1510 1080 64 30 rood
1588 1084 28 25 at
1633 1079 153 38 Hampden,
1795 1078 186 37 endangering
1990 1082 94 28 traffic.

1451 1120 57 26 The
1534 1120 148 27 Chairman
1701 1118 59 28 said
1779 1118 75 27 there
1873 1127 56 18 was
1948 1129 35 17 no
2002 1120 82 28 doubt

1452 1157 46 29 the
1522 1167 63 19 men
1611 1165 69 20 were
1705 1160 167 32 trespassing
1895 1165 35 20 on
1956 1157 46 29 the
2022 1158 64 29 road

1453 1206 112 22 reserve,
1579 1195 89 30 which
1682 1205 56 19 was
1751 1205 51 19 one
1814 1195 82 29 chain
1914 1195 78 31 wide.
2028 1197 59 31 The

1453 1238 100 24 matter
1565 1234 54 27 had
1632 1234 67 28 been
1713 1233 75 28 dealt
1804 1233 76 28 with.

1486 1282 59 29 The
1569 1281 134 36 following
1722 1280 115 33 weights
1859 1280 70 30 have
1951 1280 69 32 been
2042 1282 30 30 de-

1453 1320 89 28 clared
1566 1321 42 26 for
1632 1320 47 27 the
1710 1319 115 27 Reefton
1856 1319 106 34 Jockey
1994 1322 93 26 Club's

1452 1365 75 21 races
1550 1364 27 23 to
1597 1357 32 29 be
1651 1356 64 30 held
1727 1365 35 21 ou
1777 1355 47 30 the
1837 1356 48 29 9th
1904 1349 55 37 anil
1982 1359 64 29 10th
2061 1360 28 30 of

1453 1397 132 36 April:

1654 2416 235 29 LATEST

1490 2465 245 41 CABLE
1824 2465 238 41 NEWS.

1762 2582 127 32 London,
1903 2582 98 29 March
2015 2584 42 27 30.

1490 2628 58 31 The
1561 2627 83 31 death
1657 2629 23 29 is
1694 2629 171 31 announced,
1878 2634 29 26 at
1925 2630 48 30 the
1992 2641 50 27 age
2065 2631 31 31 of

1454 2679 35 28 80
1512 2688 88 26 years,
1625 2679 33 28 of
1677 2679 45 27 Sir
1742 2679 38 28 11.
1800 2679 110 36 Taylor,
1936 2680 156 34 K.C.M.G.,

1453 2725 64 29 who
1527 2725 95 37 joined
1635 2726 47 28 the
1695 2725 124 29 Colonial
1833 2726 89 30 Office
1938 2727 28 28 in
1981 2728 77 28 1824.

1491 2772 191 33 Negotiations
1702 2781 46 18 are
1767 2772 30 27 in
1819 2782 126 26 progress
1968 2773 122 28 between

1456 2818 131 37 England
1599 2818 55 31 and
1668 2818 104 32 France
1785 2819 132 39 touching
1929 2820 48 30 the
1988 2822 104 30 cession

1455 2867 31 26 of
1509 2867 79 35 Rapa
1610 2867 97 27 Island
1727 2872 28 23 to
1775 2869 86 27 Great
1881 2869 117 27 Britain.
2034 2870 58 27 The

1457 2912 106 30 French
1578 2913 189 31 Government
1786 2923 103 30 appear
1905 2915 139 35 reluctant
2064 2920 29 27 to

1456 2959 63 41 pajrt
1531 2961 68 29 with
1613 2962 46 29 the
1672 2963 126 36 territory
1810 2962 29 29 in
1852 2965 136 34 question.

1734 3008 154 32 Brussels,
1902 3010 97 29 March
2015 3012 42 27 80.
2097 3008 4 32 '

1491 3055 59 29 The
1569 3055 146 29 industrial
1736 3057 99 28 strikes
1857 3066 46 19 are
1925 3057 167 36 decreasing,

1458 3100 57 30 and
1527 3100 103 40 rioting
1641 3101 24 31 is
1677 3101 125 39 quieting
1821 3102 81 30 down
1924 3102 168 40 throughout

1458 3149 45 31 the
1516 3154 125 34 country.

1628 3199 256 32 Constantinople,
1900 3200 97 29 March
2009 3201 43 28 30.

1489 3245 59 30 The
1570 3245 119 31 Russian
1712 3248 101 29 vessels
1825 3248 149 37 belonging
1995 3253 28 25 to
2044 3249 48 29 the

1454 3293 146 29 combined
1613 3294 137 37 squadron
1772 3298 29 26 at
1821 3299 110 34 preseut
1950 3295 137 30 stationed

1455 3346 30 26 at
1498 3340 75 32 Suda
1586 3342 70 38 Bay,
1669 3343 88 36 Crete,
1770 3343 18 30 h
1797 3354 43 20 ive
1852 3344 69 31 been
1939 3344 114 31 ordered
2064 3347 28 28 to

1456 3391 117 35 proceed
1587 3391 46 28 the
1646 3392 128 35 Smyrna.

1491 3438 99 29 Russia
1616 3438 103 36 having
1743 3439 107 30 refused
1872 3439 50 30 her
1945 3445 94 25 assent
2065 3443 27 28 to

1456 3486 47 30 the
1517 3486 101 30 Italian
1631 3487 178 31 amendment
1823 3492 28 26 to
1870 3490 114 37 appoint
1997 3490 95 31 Prince

1456 3526 155 28 Alexander
1637 3527 143 29 Governor
1808 3528 31 28 of
1867 3529 118 29 Eastern
2016 3530 54 30 Rou-

1456 3565 82 27 melia
1563 3565 117 28 without
1703 3566 148 28 limitation
1879 3567 30 27 of
1936 3569 77 32 time,
2044 3569 47 29 the

1456 3601 147 38 European
1625 3603 108 28 Towers
1753 3603 72 30 have
1849 3605 124 29 reverted
1994 3609 29 26 to
2043 3607 46 29 the

1458 3641 116 34 original
1586 3642 127 38 proposal
1725 3643 42 29 for
1778 3652 17 20 a
1816 3643 54 30 five
1889 3647 87 34 years'
1998 3648 94 28 tenure

1456 3680 31 28 of
1496 3680 86 28 office.

1675 3764 202 30 LATEST

1472 3812 375 42 AUSTRALIAN
1898 3813 175 43 NEWS.

1756 3916 123 32 Sydney,
1898 3916 97 30 March
2015 3919 41 29 31.

1489 3962 45 30 Mr
1548 3962 32 30 E.
1589 3962 34 30 B.
1637 3962 78 34 Holt,
1727 3962 47 30 the
1787 3962 167 39 absconding
1963 3974 67 20 man
2039 3976 56 27 iger

1454 4002 31 28 of
1505 4002 48 29 the
1578 4002 78 28 Bank
1681 4002 31 28 of
1734 4003 67 28 New
1825 4003 122 28 Zealand
1971 4004 74 35 here,
2069 4007 24 27 is

1454 4040 118 34 charged
1594 4041 65 27 with
1680 4041 260 38 misappropriating
1952 4051 16 19 a
1981 4052 61 20 sum
2065 4045 31 28 of

1455 4080 99 34 .I4OO,
1575 4079 54 29 and
1651 4079 163 30 extradition
1834 4089 97 29 papers
1950 4091 144 30 necessary

1454 4119 40 27 for
1517 4119 44 27 his
1581 4123 85 24 arrest
1687 4119 71 28 have
1777 4119 69 28 been
1866 4121 96 34 signed
1984 4121 37 36 by
2046 4122 47 29 the

1453 4155 169 28 authorities.

1728 4195 158 34 Adelaide,
1906 4196 96 30 March
2015 4200 41 28 30.

1489 4232 45 28 Mr
1545 4232 90 37 Lyall,
1648 4242 131 26 manager
1791 4234 30 28 of
1838 4235 47 28 the
1905 4235 183 30 Commercial

1454 4270 80 30 Bank
1552 4270 29 30 of
1600 4272 87 29 South
1711 4272 140 30 Australia
1872 4279 28 24 at
1924 4274 166 37 Yaukallila,

1454 4310 47 28 the
1512 4320 80 18 scene
1604 4311 31 27 of
1644 4311 47 28 the
1703 4312 106 34 alleged
1820 4313 125 36 robbery,
1958 4314 51 28 has
2021 4315 68 28 been

1453 4349 162 28 committed
1639 4349 41 28 for
1699 4349 63 29 trial
1782 4359 36 19 on
1836 4361 17 19 a
1871 4352 98 36 charge
1987 4353 31 28 of
2032 4362 38 20 em-

1454 4386 176 29 bezzlement.

1454 4473 194 29 RESIDENT
1662 4473 276 31 MAGISTRATE'S
1950 4475 135 36 COURT,

1701 4511 135 28 LYELL.

1521 4592 191 35 Wednesday,
1731 4595 61 28 81st
1813 4594 113 37 March,
1943 4597 77 29 1886.

1491 4670 109 37 (Before
1628 4670 93 30 Frank
1751 4670 77 35 Bird,
1858 4672 78 38 Esq.,
1966 4673 86 38 R.M.)

1488 4719 116 28 Fennell
1625 4728 26 19 v.
1666 4718 42 29 W.
1729 4718 240 32 Meates.Claim
1987 4722 41 28 for
2051 4724 39 28 j65

1454 4757 42 28 for
1517 4757 56 29 suit
1596 4757 31 28 of
1647 4757 113 29 clothes.
1797 4757 44 30 No
1864 4768 170 28 appearance
2059 4762 32 28 of

1454 4796 157 29 defendant.
1630 4796 152 37 Judgment
1790 4796 41 30 for
1838 4802 117 26 amount
1961 4799 127 37 claimed,

1455 4835 57 28 and
1524 4838 71 25 costs
1608 4836 39 27 6s.

1492 4872 98 38 M'Coy
1620 4881 26 19 v.
1678 4871 113 31 Meates.
1852 4873 150 32 Summons
2037 4879 51 28 not

1455 4911 104 30 served.
1596 4911 139 35 Enlarged
1748 4916 28 26 to
1788 4917 66 25 next
1866 4914 84 29 Court
1963 4914 63 37 day.

1524 4992 257 31 WARDEN'S
1837 4995 182 31 COURT.

1490 5069 191 36 Wednesday,
1714 5072 60 29 31st
1818 5071 115 37 March,
1977 5074 78 30 1886.

1475 5145 108 39 (Before
1611 5145 92 30 Frank
1721 5147 78 36 Bird,
1827 5148 76 39 Esq.,
1928 5149 142 39 Warden.)

1491 5195 124 28 Wlllam
1630 5195 136 35 Goodyer,
1778 5196 35 36 by
1832 5197 43 28 his
1894 5201 80 30 agent
1995 5198 97 29 James

1458 5232 97 34 Inglis,
1580 5232 107 37 applied
1712 5234 40 26 for
1776 5234 99 29 timber
1894 5238 135 34 tramway
2054 5245 35 19 on

1458 5271 99 37 Alpine
1571 5271 68 29 Hill.
1675 5272 132 29 Granted.

1494 5310 123 28 William
1644 5310 104 34 Walsh,
1767 5311 35 36 by
1822 5311 44 29 his
1889 5316 83 31 agent
1995 5312 96 30 James

1458 5348 97 36 Inglis,
1568 5348 107 36 applied
1696 5347 42 29 for
1759 5349 144 29 head-race
1922 5354 29 26 at
1969 5350 103 30 Govern-

1458 5392 78 23 ment
1548 5386 136 36 Clearing.
1698 5387 92 30 Buller
1805 5388 90 29 River.
1933 5389 131 29 Granted.

1494 5425 108 29 Ritchie
1615 5425 54 28 and
1683 5426 100 32 Burns,
1795 5427 42 28 for
1846 5427 46 28 the
1903 5427 60 28 Bon
1977 5428 114 34 Accord,

1460 5472 69 21 were
1542 5463 135 29 informed
1691 5464 61 29 that
1764 5464 45 29 the
1830 5474 141 28 necessary
1990 5475 99 29 survey

1460 5503 102 35 having
1575 5502 67 28 been
1656 5502 89 35 made,
1757 5504 47 28 the
1819 5504 117 29 Warden
1948 5505 89 28 would
2051 5516 26 19 re-

1460 5540 146 28 commend
1631 5542 46 27 the
1701 5542 75 28 issue
1802 5544 31 27 of
1853 5542 73 30 lease
1950 5547 29 25 to
2006 5544 84 29 them.

1461 5579 105 34 Survey
1580 5579 51 33 fee,
1645 5580 38 27 <s
1694 5580 40 27 9s.

1495 5617 34 29 E.
1550 5617 102 28 Carton
1673 5617 54 29 and
1749 5618 31 29 P.
1805 5617 28 30 J.
1858 5618 170 37 Armstrong,
2052 5621 40 29 for

1461 5656 46 29 the
1531 5656 141 29 Lumsden
1691 5657 153 36 Company.
1882 5659 43 27 No
1948 5659 143 37 objection.

1461 5694 155 28 Certificate
1629 5695 90 28 would
1727 5695 81 28 issue.

1495 5732 96 29 James
1615 5732 96 37 Inglis,
1736 5733 42 28 for
1803 5732 102 30 United
1929 5733 83 38 Italy.
2049 5735 42 28 No

1462 5771 134 36 objection
1611 5770 36 37 by
1660 5778 139 29 surveyor.
1836 5773 155 30 Certificate
2001 5774 89 29 would

1463 5810 30 28 be
1507 5808 98 30 issued.
1642 5810 115 36 Survey,
1772 5811 56 28 lO
1841 5812 29 27 Is
1882 5810 44 29 6d.

1495 5848 96 28 James
1621 5848 81 31 Hire,
1727 5849 41 28 for
1795 5850 46 28 the
1871 5850 141 38 Empress.
2050 5852 42 28 No

1461 5886 143 37 objection.
1643 5888 113 35 Survey,
1771 5889 38 28 X'J
1822 5889 39 29 4s.

2157 227 106 39 Special
2276 228 50 29 site
2338 228 42 29 for
2392 228 47 29 the
2456 229 125 29 Larnach
2602 229 153 39 Company.

2124 268 106 35 Survey
2267 268 154 35 completed
2460 269 55 27 and
2553 279 35 18 on
2627 270 69 27 view
2728 274 28 24 at

2122 304 86 27 office.
2246 304 120 28 Granted
2381 315 29 17 as
2423 306 142 30 surveyed.

2157 342 82 38 Kelly
2263 343 54 29 and
2345 343 118 38 M'Cloy,
2484 344 42 29 for
2545 344 128 31 machine
2696 345 60 35 site,

2123 382 85 33 Eight
2222 382 75 27 Mile.
2334 383 123 27 Granted
2470 392 31 18 as
2512 384 143 32 surveyed.

2158 419 58 28 The
2230 419 146 30 Stonewall
2386 419 120 30 Jackson
2517 421 54 28 and
2581 421 174 29 Commotion

2124 459 165 35 Companies
2307 459 188 35 application*,
2514 459 150 36 adjourned
2686 461 68 28 from

2123 496 53 29 last
2188 496 85 29 Court
2286 496 53 38 day
2351 496 42 29 for
2409 497 41 27 Mr
2462 497 144 37 Jennings'
2620 497 137 33 evidence,

2124 546 70 19 were
2206 535 74 30 dealt
2293 535 74 30 with.
2404 536 88 29 There
2512 537 80 34 being
2612 548 37 19 no
2670 539 71 37 objec-

2124 576 67 31 tion,
2204 584 70 19 were
2287 574 115 34 granted
2416 585 30 18 as
2460 576 142 36 surveyed.

2158 613 103 29 United
2274 613 98 37 Alpine
2384 613 145 37 Company
2541 623 26 19 v.
2580 614 28 28 .T.
2618 614 139 30 Carrol.

2122 651 95 29 James
2232 652 95 36 Inglis,
2340 652 70 34 legal
2423 661 140 26 manager,
2574 653 134 37 appeared
2717 653 40 28 for

2122 690 48 30 the
2182 690 153 38 Company.
2378 690 68 29 This
2466 699 56 21 was
2537 699 36 20 an
2594 691 162 38 application

2122 730 41 27 for
2174 730 179 27 cancellation
2367 730 30 27 of
2411 739 16 18 a
2449 729 138 28 residence
2610 740 63 18 area
2695 730 62 28 lield

2124 769 35 35 by
2172 766 156 34 defendant,
2341 776 35 19 on
2392 766 47 29 the
2451 766 121 36 grounds
2585 768 30 28 of
2623 767 96 36 failing
2732 774 25 22 to

2123 806 32 29 be
2167 806 28 29 in
2210 807 151 36 possession
2374 806 32 29 of
2419 817 16 18 a
2458 807 110 28 miner's
2589 807 74 35 right
2685 809 64 27 sinci

2123 845 116 28 October
2253 845 60 27 last.
2349 845 60 27 The
2423 844 117 28 Warden
2555 845 112 28 decided
2691 847 61 26 afte:

2124 883 113 34 hearing
2249 883 172 30 defendant's
2434 883 138 34 evidence,
2586 884 60 30 that
2658 884 28 30 in
2705 884 42 30 lie*

2122 925 31 25 of
2163 924 137 27 forfeiture
2314 923 34 28 he
2361 923 91 28 would
2465 924 88 27 infiict
2565 933 16 18 a
2594 924 55 27 fine
2661 924 31 27 of
2714 925 33 26 10

2123 960 55 28 and
2190 962 31 27 8s
2234 964 80 25 costs.

2244 1053 238 30 MATAKITAKI
2502 1054 131 29 NOTES.

2193 1139 86 35 (from
2291 1146 56 20 our
2360 1146 62 20 own
2435 1141 253 34 correspondent.)

2343 1186 181 36 Murchison,
2536 1188 66 30 27th
2618 1188 105 30 March.

2157 1235 68 28 This
2249 1235 108 37 nsnally
2380 1237 77 35 quiet
2479 1235 108 29 district
2615 1236 50 28 has
2689 1237 57 28 beei

2124 1273 112 30 startled
2250 1274 70 29 from
2334 1274 35 29 its
2382 1273 130 39 ordinary
2525 1279 71 26 state
2608 1275 31 30 of
2648 1286 97 19 somno

2124 1313 76 28 lence
2220 1312 36 35 by
2277 1313 46 27 the
2335 1322 76 18 news
2423 1314 30 27 of
2463 1324 16 17 a
2491 1314 115 35 roblery
2625 1315 32 27 of
2674 1315 75 28 sluic

2123 1349 91 35 boxes,
2227 1350 69 34 that,
2310 1351 206 37 unfortunately
2529 1350 42 30 for
2584 1351 46 30 the
2640 1361 106 20 owners

2124 1390 50 28 has
2204 1389 82 29 taken
2317 1390 75 36 place
2422 1400 67 19 near
2518 1391 48 29 the
2603 1392 48 28 Six
2682 1392 65 28 Mile

2126 1428 100 26 Messrs
2245 1428 106 28 Hewitt
2368 1427 55 29 and
2441 1428 169 37 Thompson,
2631 1429 62 29 who
2712 1439 35 19 ari

2124 1465 101 30 known
2238 1471 29 24 to
2279 1475 105 28 possess
2398 1477 16 18 a
2427 1476 66 27 very
2514 1467 70 36 good
2597 1468 92 34 claim,
2703 1468 42 30 ha<

2124 1504 68 29 been
2217 1505 123 38 working
2363 1515 78 28 away
2465 1506 42 29 for
2528 1506 47 29 the
2604 1507 54 29 last
2681 1508 67 29 thre<

2125 1543 112 30 months
2250 1544 118 29 without
2380 1544 137 37 troubling
2537 1550 29 24 to
2578 1546 75 28 wash
2667 1546 79 30 down

2125 1582 144 36 intending
2286 1587 28 25 to
2326 1582 35 30 do
2374 1592 30 21 so
2416 1593 35 20 on
2466 1584 131 36 Mouday,
2620 1585 48 29 but
2686 1585 70 30 their

2124 1621 153 29 intentions
2305 1630 72 21 were
2411 1622 168 38 anticipated
2608 1623 37 37 by
2681 1634 76 19 some

2125 1659 95 36 kindly
2250 1660 127 36 disposed
2402 1670 97 27 person
2524 1671 30 18 or
2581 1672 121 25 persons,
2726 1673 32 18 as

2126 1697 80 28 when
2218 1697 160 37 Thompson
2392 1698 106 29 arrived
2516 1702 28 25 at
2563 1699 47 28 the
2627 1700 82 29 claim
2721 1710 36 18 on

2128 1734 119 39 Monday
2269 1736 128 36 morning
2420 1737 158 37 something
2601 1738 85 29 about
2710 1738 46 30 the

2126 1774 82 29 boxes
2219 1776 114 28 aroused
2345 1775 44 28 his
2398 1777 147 36 suspicion,
2552 1778 206 36 consequently,

2126 1812 35 28 he
2181 1812 73 29 drew
2274 1813 46 29 the
2341 1814 134 28 attention
2496 1814 31 28 of
2548 1814 98 29 Messrs
2667 1816 89 28 Steele

2126 1850 54 29 and
2210 1850 85 33 Belle,
2326 1851 62 29 who
2411 1861 70 19 were
2506 1856 29 25 at
2559 1852 75 30 work
2658 1853 28 28 in
2711 1853 47 29 the

2126 1888 141 37 adjoining
2278 1888 92 34 claim,
2383 1889 56 29 and
2452 1890 65 36 they
2530 1891 147 28 concurred
2690 1892 66 28 with

2126 1926 57 29 him
2197 1927 28 28 in
2237 1926 127 39 thinking
2377 1927 60 30 that
2449 1928 47 29 the
2513 1928 81 29 boxes
2613 1929 55 29 had
2690 1929 67 30 been

2127 1966 139 38 tampered
2278 1966 77 36 with,
2368 1966 55 31 and
2436 1977 36 20 on
2490 1968 106 29 further
2613 1968 130 36 investiga-

2126 2006 57 27 tion
2196 2006 85 27 found
2300 2006 62 28 that
2373 2016 17 18 a
2408 2006 76 28 clean
2505 2016 90 26 sweep
2615 2007 56 27 had
2691 2008 67 27 been

2127 2042 89 28 made.
2251 2042 59 28 The
2335 2042 87 37 police
2446 2051 70 19 were
2539 2048 30 23 at
2596 2053 68 19 once
2693 2044 52 28 tele-

2126 2079 120 40 graphed
2259 2085 39 30 to,
2311 2079 55 31 and
2384 2081 146 31 Constable
2551 2081 123 31 Bowden
2691 2093 67 20 soon

2127 2125 49 32 put
2188 2121 29 27 in
2230 2129 35 19 an
2277 2129 178 28 appearance,
2468 2121 65 33 and,
2545 2131 36 19 on
2595 2122 44 28 his
2649 2123 109 32 arrival,

2126 2158 153 29 conducted
2299 2159 46 29 the
2359 2162 73 27 most
2451 2159 144 36 searching
2613 2160 131 37 investiga-

2126 2197 68 33 tion,
2207 2197 49 29 bnt
2267 2197 82 30 could
2361 2199 115 28 succeed
2488 2198 30 29 in
2532 2197 107 36 finding
2652 2208 34 20 no
2699 2199 60 30 clue

2126 2239 30 25 to
2184 2235 85 30 direct
2299 2237 137 37 suspicion
2466 2239 29 27 to
2528 2246 56 28 any
2613 2247 61 20 one.
2723 2238 36 29 So

2127 2274 164 37 thoroughly
2305 2284 69 20 were
2387 2275 46 29 the
2445 2275 83 29 boxes
2547 2286 70 22 gone
2629 2277 129 33 through,

2128 2313 69 34 that,
2221 2314 70 28 after
2315 2313 47 29 the
2386 2318 74 25 most
2483 2314 103 31 careful
2613 2314 146 37 gathering

2127 2352 124 33 together
2261 2352 31 28 of
2301 2352 47 29 the
2359 2352 151 37 fragments
2529 2354 36 36 by
2585 2354 48 29 the
2646 2355 112 37 rightful

2127 2398 114 24 owners,
2252 2391 66 34 only
2330 2392 64 26 4ozs
2404 2400 57 18 was
2470 2392 49 27 left
2530 2394 27 25 ot
2566 2401 37 18 an
2614 2393 144 27 estimated

2127 2428 35 28 30
2173 2437 31 19 or
2215 2429 43 27 40.
2293 2428 60 28 The
2365 2429 153 37 increasing
2538 2429 118 30 number
2667 2430 30 30 of
2712 2430 47 30 the

2127 2466 119 29 heathen
2260 2467 127 34 Chinese,
2400 2467 55 29 and
2468 2468 43 28 his
2524 2469 82 28 noted
2618 2469 141 38 partiality

2127 2505 42 30 for
2215 2514 75 29 ways
2301 2505 62 30 tha*
2374 2515 47 20 are
2432 2505 77 35 dark,
2528 2506 56 30 and
2601 2507 85 30 tricks
2698 2508 61 30 that

2127 2553 46 19 are
2298 2554 70 26 gave
2379 2546 125 27 occasion
2517 2545 42 29 for
2580 2547 108 28 various
2701 2556 43 19 sur-

2127 2582 91 33 mises,
2239 2582 50 28 bnt
2307 2582 68 35 they
2396 2590 46 20 are
2454 2583 104 36 merely
2570 2583 61 29 that
2648 2589 29 23 at
2690 2584 68 28 best.

2128 2619 84 30 Great
2224 2619 85 30 credit
2321 2620 23 29 is
2355 2618 54 32 due
2425 2622 30 28 to
2473 2620 145 31 Constable
2637 2622 122 29 Bowden

2127 2659 41 29 for
2180 2658 42 29 bis
2232 2659 186 38 promptitude
2427 2660 54 29 and
2488 2661 60 29 zeal
2556 2662 28 28 in
2594 2662 165 36 conducting

2127 2697 48 29 the
2204 2698 118 37 inquiry,
2353 2698 105 35 though
2484 2699 159 36 productive
2666 2700 31 28 of
2723 2709 37 21 no

2128 2736 106 28 results.
2269 2735 59 29 The
2351 2736 74 28 river
2444 2737 50 27 has
2511 2737 69 28 been
2601 2747 71 26 open
2695 2747 64 19 now

2127 2782 85 26 mauy
2223 2781 89 27 years,
2331 2773 56 28 and
2407 2773 56 28 this
2474 2774 24 27 is
2510 2773 46 28 the
2574 2773 60 29 first
2654 2783 62 20 case
2728 2775 33 27 of

2128 2810 45 31 the
2197 2810 68 30 kind
2290 2810 61 31 that
2373 2810 51 31 has
2448 2820 64 21 ever
2541 2811 138 37 occurred,
2704 2812 55 31 and

2127 2851 205 35 consequently,
2341 2850 78 29 those
2427 2851 61 28 who
2496 2851 71 28 have
2577 2852 68 27 been
2655 2853 105 28 located

2126 2886 65 28 here
2210 2889 71 26 from
2302 2887 48 29 the
2370 2886 60 29 first
2451 2896 46 21 are
2519 2897 66 28 very
2604 2888 155 37 indignant,

2126 2925 57 32 and
2195 2925 53 30 feel
2267 2925 48 31 the
2326 2925 102 39 stigma
2440 2934 60 23 cast
2517 2936 75 29 upon
2613 2927 47 30 the
2681 2927 80 39 place

2128 2973 67 26 very
2206 2964 106 37 deeply.

2161 3001 59 29 The
2242 3003 90 28 Horse
2352 3001 103 38 Bridge
2474 3003 95 30 stands
2585 3009 104 32 ambng
2699 3013 34 21 ns
2745 3015 16 19 a

2128 3045 162 24 monument
2312 3044 29 26 to
2365 3040 47 30 the
2435 3041 161 37 parsimony
2625 3043 31 29 of
2681 3043 80 29 those

2127 3083 100 30 august
2238 3078 93 28 bodies
2350 3079 63 27 who
2425 3083 47 24 tax
2492 3088 33 19 us
2543 3080 155 37 nominally
2717 3081 43 27 for

2128 3114 45 31 the
2196 3124 116 30 purpose
2333 3116 30 30 of
2383 3118 188 36 constructing
2594 3117 56 30 and
2672 3118 70 30 main-

2128 3156 105 35 taining
2246 3156 151 38 highways,
2410 3158 56 33 &c.,
2479 3166 31 20 as
2521 3166 63 21 now
2601 3158 22 29 it
2641 3158 23 29 is
2686 3168 54 20 com-

2128 3194 92 36 pleted
2241 3195 76 28 there
2337 3196 24 27 is
2380 3204 38 19 no
2437 3204 62 27 way
2516 3196 31 28 of
2556 3196 106 35 getting
2679 3201 29 24 to
2729 3206 30 19 or

2128 3231 69 31 from
2217 3232 31 35 it,
2262 3232 83 30 about
2359 3243 52 19 one
2434 3233 64 30 mile
2520 3232 31 31 of
2568 3244 17 19 a
2604 3234 157 30 horsetrack

2127 3272 117 35 needing
2265 3272 155 32 formation,
2440 3272 53 27 and
2506 3281 32 19 as
2557 3272 48 28 the
2623 3274 98 27 wiuter
2737 3274 24 26 is

2128 3318 62 20 now
2211 3309 195 38 approaching,
2428 3309 82 29 when
2534 3309 47 30 the
2601 3319 73 20 river
2694 3320 67 29 may

2129 3349 160 37 reasonably
2310 3347 33 31 be
2363 3349 128 37 expected
2512 3352 30 26 to
2563 3349 33 31 be
2615 3350 75 30 often
2711 3360 32 20 nn-

2128 3388 144 32 crossable,
2290 3388 48 28 the
2358 3389 81 27 noble
2467 3389 96 27 edifice
2592 3389 57 28 will
2679 3391 80 26 stand

2128 3425 128 38 perfectly
2276 3425 102 28 useless
2398 3429 28 24 to
2437 3425 79 30 those
2537 3426 42 27 for
2591 3426 92 29 whose
2695 3436 48 19 con-

2128 3464 129 29 venience
2288 3464 22 29 it
2342 3473 56 20 was
2419 3463 78 30 built.
2544 3464 55 29 For
2622 3465 75 30 what
2722 3474 39 21 we

2128 3504 71 29 have
2219 3503 124 31 received
2362 3512 41 22 we
2422 3502 101 31 should
2542 3503 35 30 be
2596 3509 75 26 most
2688 3505 73 37 truly

2129 3541 135 29 thankful.

2164 3580 57 28 Our
2232 3579 70 29 local
2315 3580 72 28 Race
2401 3580 123 37 Meeting
2543 3580 52 29 has
2607 3580 69 29 beeu
2689 3585 56 34 post-

2129 3617 87 40 poned
2231 3622 28 26 to
2277 3617 47 31 the
2350 3619 64 29 12th
2438 3618 31 30 of
2490 3623 64 25 next
2578 3619 117 36 month;
2714 3625 48 24 not

2129 3658 80 29 much
2232 3664 27 23 to
2282 3658 46 29 the
2340 3658 105 37 delight
2467 3658 30 29 of
2514 3659 79 29 those
2616 3659 62 29 who
2698 3669 63 19 own

2130 3699 70 28 bona
2222 3697 55 30 fide
2298 3697 96 35 hacks,
2414 3707 31 20 as
2456 3698 23 29 it
2490 3697 82 31 offers
2590 3702 46 26 too
2657 3703 76 31 great
2745 3709 17 19 a

2129 3737 164 37 temptation
2305 3740 30 25 to
2349 3737 45 28 the
2406 3737 124 29 defeated
2550 3737 159 30 candidates
2721 3739 41 28 for

2129 3775 120 30 honours
2278 3779 30 26 at
2336 3774 113 36 Nelson,
2479 3775 56 29 and
2568 3785 40 20 we
2639 3785 45 20 are
2714 3781 48 25 not

2129 3814 118 37 wealthy
2276 3814 110 38 enough
2416 3818 30 26 to
2481 3814 143 31 introduce
2658 3815 104 37 foreign

2129 3853 81 30 blood
2223 3858 28 25 to
2263 3862 82 27 scoop
2356 3852 47 30 the
2413 3852 73 37 pool.

2542 3890 76 36 Quid
2637 3892 91 29 Nunc.

2332 3981 227 30 MOKIHINUI.

2470 4057 239 39 Correspondent.)

2233 4136 164 28 Mokihinui
2421 4135 73 28 Coal
2518 4135 142 29 Company.

2162 4183 100 30 Works
2284 4183 30 28 in
2338 4182 161 30 connection
2524 4183 67 30 with
2616 4183 48 30 the
2688 4183 75 32 mine

2128 4227 102 25 cannot
2241 4223 32 28 be
2286 4222 59 28 said
2357 4225 28 24 to
2407 4221 32 28 be
2460 4222 107 36 rapidly
2589 4223 106 36 pushed
2716 4233 45 19 on.

2127 4262 88 29 There
2227 4262 23 28 is
2262 4260 118 36 nothing
2396 4259 83 37 doing
2499 4259 88 31 inside
2608 4260 48 31 the
2677 4262 85 36 mine,

2127 4302 49 28 but
2187 4311 15 19 a
2216 4304 69 25 start
2298 4300 49 28 has
2360 4299 66 29 been
2439 4300 82 28 made
2533 4305 29 24 to
2574 4300 63 29 sink
2649 4311 17 18 a
2675 4302 82 33 shaft,

2126 4339 90 29 which
2230 4338 57 29 will
2307 4338 43 33 be,
2362 4337 81 29 when
2467 4337 130 34 fiuished,
2609 4338 85 29 about
2706 4340 57 28 50ft

2126 4378 29 29 in
2165 4377 95 39 depth,
2267 4376 57 29 this
2333 4375 56 29 will
2396 4375 96 29 enable
2500 4376 48 29 the
2557 4377 76 28 main
2643 4377 119 39 heading

2126 4422 29 25 to
2172 4417 34 30 be
2228 4415 134 31 extended
2387 4418 28 26 to
2439 4420 54 25 test
2516 4415 47 30 the
2588 4416 59 29 coal
2670 4426 86 25 seam,

2126 4456 90 29 which
2229 4455 109 36 latterly
2351 4455 51 27 has
2414 4458 49 24 not
2472 4455 96 28 shown
2580 4455 30 27 in
2623 4455 47 29 the
2684 4457 77 27 main

2126 4495 119 34 heading
2256 4503 31 19 so
2298 4496 77 33 great
2386 4502 16 19 a
2415 4492 139 29 thickness
2565 4502 31 19 as
2616 4493 141 37 formerly,

2125 4534 22 27 it
2159 4533 80 33 being
2251 4532 66 36 only
2331 4536 54 23 two
2397 4531 54 28 feet
2463 4530 77 37 deep,
2554 4531 54 28 and
2621 4540 37 19 on
2670 4535 47 33 top
2734 4532 30 27 of

2125 4581 17 19 a
2170 4570 52 29 bed
2245 4570 31 29 of
2295 4569 77 29 shale
2396 4568 83 29 about
2502 4568 60 29 four
2585 4569 54 28 feet
2662 4569 97 32 thick;

2125 4608 171 31 underneath
2309 4608 47 29 the
2369 4607 76 29 shale
2456 4608 25 28 is
2489 4607 117 29 another
2614 4607 61 29 thin
2684 4608 77 36 layer

2125 4650 30 27 of
2169 4648 70 29 coal.
2283 4647 59 29 The
2362 4645 141 30 extension
2524 4646 32 28 of
2573 4646 47 28 the
2642 4646 119 37 heading

2124 4687 66 34 will,
2220 4686 29 29 in
2279 4685 35 29 all
2339 4683 173 40 probability,
2536 4693 68 21 soon
2628 4683 58 30 find
2712 4684 47 30 the

2125 4726 114 35 original
2252 4734 85 19 seam.
2380 4723 59 29 The
2458 4723 169 37 Company's
2647 4723 114 38 railway

2125 4765 55 28 line
2192 4764 24 29 is
2228 4763 81 36 being
2316 4761 142 35 ballasted,
2469 4761 55 29 and
2534 4761 55 29 will
2598 4761 32 29 be
2641 4761 118 30 finished

2124 4803 30 29 in
2166 4807 55 26 two
2233 4810 32 21 or
2276 4801 78 30 three
2366 4800 90 30 weeks
2468 4803 30 27 at
2509 4799 47 30 the
2573 4800 96 36 latest;
2687 4806 74 25 most

2124 4843 31 27 of
2175 4842 48 27 the
2246 4840 79 29 other
2348 4839 75 29 work
2448 4848 115 27 appears
2586 4843 29 24 to
2638 4839 34 29 be
2693 4839 28 28 in
2744 4849 17 19 a

2124 4878 118 31 forward
2254 4881 70 26 state
2336 4877 42 30 for
2389 4876 130 40 shipping
2529 4876 61 29 coal
2601 4886 36 20 on
2651 4885 17 20 a
2677 4877 81 29 small

2126 4919 80 28 scale.
2242 4918 25 29 A
2279 4926 100 27 survey
2391 4916 51 29 has
2451 4916 59 36 just
2523 4915 67 30 been
2606 4916 153 36 completed

2126 4957 43 29 for
2192 4966 17 19 a
2232 4956 56 29 line
2310 4955 30 29 of
2357 4954 112 37 railway
2490 4954 71 30 from
2580 4954 48 29 the
2648 4959 111 33 present

2125 4995 138 34 workings
2275 4998 29 25 to
2322 4993 67 30 Coal
2410 4993 97 34 Creek,
2527 4992 100 34 which,
2650 4993 13 29 I
2684 4993 75 33 hear,

2126 5034 47 28 the
2186 5034 143 36 Company
2342 5041 115 28 propose
2470 5034 29 25 to
2515 5031 53 27 call
2587 5031 111 28 tenders
2718 5031 43 29 for

2126 5080 31 24 at
2169 5081 66 21 soon
2248 5081 31 20 as
2296 5080 53 20 one
2368 5079 31 21 or
2419 5074 55 26 two
2493 5069 88 30 shafts
2601 5069 69 29 have
2691 5069 68 30 been

2126 5111 80 31 sunk,
2219 5114 28 24 to
2258 5119 84 27 prove
2354 5109 47 29 the
2413 5113 94 25 extent
2527 5109 30 28 of
2575 5109 47 28 the
2643 5109 59 28 coal
2721 5117 37 20 on

2126 5148 73 30 their
2215 5148 95 30 leases.

2364 5184 155 31 Alluvial.

2161 5225 23 28 A
2195 5227 81 35 party
2288 5224 31 29 of
2328 5225 53 27 five
2394 5233 64 19 men
2479 5232 46 19 are
2545 5222 84 29 about
2649 5223 111 36 putting

2126 5263 29 30 in
2166 5274 15 19 a
2191 5263 95 30 tunnel
2294 5266 29 26 at
2334 5261 103 30 Middle
2445 5262 123 33 Terrace,
2576 5270 67 20 near
2651 5260 110 38 Duffy's

2127 5309 27 22 to
2168 5307 52 25 test
2232 5303 61 28 that
2311 5302 119 36 locality,
2451 5301 71 28 from
2544 5300 88 28 which
2656 5310 36 18 an
2714 5310 29 18 en-

2127 5342 83 33 ticing
2222 5345 126 33 prospect
2363 5340 50 28 has
2431 5339 69 28 been
2520 5338 137 28 obtained.
2702 5338 59 28 The

2127 5380 105 38 ground
2256 5380 29 28 in
2309 5378 56 30 this
2389 5378 93 30 region
2504 5377 51 29 has
2576 5376 67 30 been
2663 5377 97 29 looked

2129 5429 71 27 upon
2224 5428 31 18 as
2280 5428 17 18 a
2320 5417 84 36 likely
2428 5417 112 35 locality
2565 5415 41 30 for
2625 5415 73 37 gold,
2723 5416 36 35 by

2127 5458 103 28 miners
2251 5457 40 28 for
2313 5465 84 28 many
2417 5464 15 28 j
2437 5464 60 19 ears
2521 5458 71 34 past.
2638 5453 125 29 Another

2129 5498 79 35 party
2233 5505 46 20 are
2303 5496 119 36 opening
2442 5503 37 29 up
2498 5502 17 21 a
2534 5492 80 31 creek
2633 5493 90 34 claim,
2746 5502 17 19 a

2128 5535 74 28 short
2215 5535 122 28 distance
2350 5543 37 27 up
2399 5533 47 28 the
2460 5533 47 28 left
2520 5532 75 28 hand
2614 5532 101 28 branch
2736 5532 29 27 of

2131 5572 96 34 Rough
2257 5572 56 29 aud
2342 5571 116 28 Tumble
2488 5570 95 28 Creek.
2637 5570 67 27 This
2739 5570 24 26 is

2128 5610 115 29 another
2253 5609 111 38 locality
2377 5609 71 29 from
2461 5608 90 28 which
2564 5606 79 30 small
2656 5606 105 38 parcels

2129 5650 30 29 of
2168 5650 63 35 gold
2244 5659 45 19 are
2302 5648 128 30 obtained
2452 5648 37 30 all
2510 5649 47 27 the
2578 5656 66 28 year
2665 5645 98 35 round,

2129 5689 54 27 and
2202 5698 53 18 one
2279 5688 87 28 which
2389 5687 74 28 often
2482 5695 92 19 serves
2592 5695 31 17 as
2643 5695 17 18 a-

2129 5726 68 29 back
2242 5726 42 28 for
2296 5735 16 19 a
2325 5725 116 29 number
2452 5725 31 29 of
2502 5733 63 19 men
2585 5723 80 28 when
2686 5723 79 28 other

2131 5765 73 29 work
2215 5765 62 29 falls
2289 5764 84 30 slack.

2385 5803 125 36 Quabtz.

2164 5852 58 27 The
2244 5850 85 29 result
2349 5850 33 29 of
2399 5850 46 29 the
2466 5849 132 37 crushing
2614 5850 57 36 just
2692 5858 54 19 com-

2132 5890 90 38 pleted
2249 5895 30 25 at
2308 5890 46 30 the
2385 5889 60 30 Red
2474 5889 95 36 Queen
2598 5889 167 36 Company's

2791 230 117 37 battery,
2921 231 75 35 gives
3009 241 15 18 a
3041 232 71 36 yiel.l
3133 232 30 29 of
3180 233 106 28 2540z5.
3311 232 116 29 retorted

2791 270 62 32 gold
2867 271 69 27 from
2949 272 51 26 210
3013 278 61 21 tons
3087 273 30 26 of
3126 277 87 23 stone.
3258 273 98 27 Affairs
3381 282 46 18 are

2792 307 74 27 slack
2878 307 88 27 inside
2980 308 45 27 the
3039 308 82 28 mine.
3160 309 27 27 H
3197 310 60 26 :ikls
3272 310 69 27 have
3359 310 67 26 been

2791 346 117 29 reduced
2922 352 27 22 to
2963 345 59 30 four
3034 357 30 19 or
3076 348 62 33 live,
3152 348 53 28 and
3229 348 64 29 with
3318 349 46 28 the
3382 358 29 19 ex-

2792 386 107 34 ception
2913 386 31 25 of
2952 385 47 27 the
3012 386 50 26 No.
3074 388 14 25 1
3098 387 68 27 level
3177 388 149 31 extension,
3337 388 89 27 which

2792 431 23 19 is
2828 421 81 35 being
2919 422 92 29 driven
3022 423 35 38 by
3066 430 130 24 contract,
3206 431 20 22 it
3236 426 21 26 is
3269 429 47 25 not
3327 425 99 29 known

2793 460 64 28 here
2888 461 73 29 what
2990 472 45 18 are
3066 463 46 28 the
3143 465 150 27 intentions
3323 465 30 27 of
3380 466 47 26 the

2793 497 128 31 directors
2945 509 30 18 as
2999 501 110 37 regards
3134 503 89 28 future
3255 504 171 37 operations;

2793 538 50 30 but
2853 538 22 29 it
2892 538 56 29 will
2970 539 131 39 probably
3121 541 32 29 be
3175 543 110 28 decided
3308 548 28 23 to
3356 554 69 26 open

2794 583 48 22 out
2855 577 85 28 above
2954 579 51 28 No.
3025 581 12 26 1
3062 580 77 31 level,
3161 581 91 28 where
3271 583 76 27 there
3369 584 23 25 is
3411 592 16 18 a

2796 614 71 35 large
2882 618 126 35 quantity
3021 618 31 27 of
3067 618 83 29 bucks
3171 621 157 32 containing
3349 625 78 24 stone

2794 653 30 28 of
2833 654 107 36 quality
2952 656 122 36 reported
3088 663 28 21 to
3130 657 31 28 be
3170 658 82 28 much
3261 658 87 29 better
3357 660 69 27 than

2796 692 49 28 has
2857 691 83 38 lately
2954 692 67 30 been
3034 694 125 31 crushed.

2829 731 58 27 The
2918 732 135 28 Southern
3085 734 83 31 Li;ht
3201 736 141 35 Company
3382 746 46 18 are

2803 767 99 35 Iriving
2914 778 36 19 on
2965 779 64 28 very
3043 771 52 29 fair
3106 776 87 30 stone,
3213 772 76 30 there
3311 774 82 33 being
3413 784 15 18 a

2798 808 57 28 nice
2867 808 77 29 show
2957 809 30 28 of
2997 811 73 34 gold,
3083 812 49 28 but
3144 813 49 27 the
3199 819 115 30 country
3325 814 24 28 is
3360 814 67 28 hard

2796 845 54 28 and
2863 847 47 27 the
2923 847 59 28 reef
2991 848 23 27 is
3030 849 70 27 tlnn.

2829 884 59 31 The
2902 885 87 31 South
3006 887 98 31 Pacific
3119 889 144 38 Company
3283 890 70 30 have
3371 891 58 38 just

2807 930 27 21 et
2845 934 16 18 a
2874 931 125 23 contract
3012 932 27 22 to
3052 929 106 26 Gibbon
3173 930 53 27 and
3240 935 78 30 party
3331 936 28 21 at
3372 932 55 25 225.

2798 960 42 29 id.
2867 971 48 28 per
2933 962 64 35 foot,
3018 969 30 24 to
3068 965 98 29 extend
3191 967 47 28 the
3262 969 168 35 Company's

2808 1000 63 30 uaiu
2887 1000 68 31 level
2968 1012 16 19 a
2997 1003 121 30 distance
3131 1007 30 26 of
3170 1007 35 28 50
3217 1007 62 33 fret,
3290 1007 54 28 and
3356 1007 73 28 work

2799 1038 54 28 will
2866 1039 32 29 be
2911 1042 177 28 commenced
3101 1044 197 32 immediatelv.

3038 1094 145 30 General.

2832 1139 26 28 It
2872 1139 23 27 is
2907 1141 122 35 reported
3043 1142 60 27 that
3116 1152 16 18 a
3144 1144 165 31 speculative
3326 1145 91 32 gentle

2796 1177 150 34 man.from
2973 1178 134 32 Hokitika
3127 1181 24 29 is
3172 1181 82 31 about
3276 1190 28 23 to
3323 1188 73 25 erect
3415 1195 16 19 a

2797 1218 115 27 sawmill
2931 1219 72 27 here.
3052 1220 45 27 He
3118 1221 49 27 h>s
3188 1223 111 26 secured
3320 1233 16 17 a
3356 1225 75 33 large

2796 1258 68 26 tract
2872 1256 31 28 of
2907 1256 208 30 well-timbered
3125 1265 125 32 country,
3260 1259 51 30 snd
3321 1261 110 28 intends

2796 1301 26 22 to
2835 1295 128 29 establish
2978 1306 34 18 an
3027 1303 94 30 export
3133 1298 100 29 timber
3242 1300 84 27 trade.
3364 1301 66 27 This

2795 1333 96 27 should
2905 1333 32 27 be
2951 1343 15 17 a
2979 1334 128 33 cheering
3120 1336 66 28 item
3199 1337 31 26 of
3239 1346 74 18 news
3333 1341 28 24 to
3382 1339 45 27 the

2804 1370 34 30 >ld
2853 1371 131 31 residents
2997 1373 30 29 of
3038 1373 55 29 this
3106 1373 119 38 locality.

2829 1410 44 27 Mr
2886 1411 143 31 Shadrich,
3043 1412 66 27 with
3126 1413 47 27 the
3195 1414 109 30 Countv
3325 1414 104 33 Survey

2796 1447 75 34 Staff,
2886 1448 105 31 arrived
3005 1449 64 29 here
3081 1460 36 19 on
3131 1451 183 38 Wednesday,
3330 1453 56 28 and
3408 1453 23 28 is

2794 1498 35 17 on
2842 1487 43 28 his
2897 1496 59 29 way
2968 1495 28 22 to
3010 1491 143 35 Specimen
3167 1491 95 33 Creek,
3276 1496 28 24 to
3326 1492 46 36 lay
3394 1492 39 28 off

2794 1536 14 18 a
2819 1526 105 29 further
2933 1527 141 29 extension
3085 1528 30 29 of
3121 1529 47 28 tho
3179 1530 249 37 Lyell-Mokihmui

2794 1566 73 31 road,
2880 1566 42 28 for
2935 1567 89 28 which
3041 1567 184 34 MrO'Conor,
3377 1571 49 28 has

2793 1605 111 28 secured
2916 1614 36 19 an
2966 1605 150 30 additional
3130 1616 62 19 sum
3212 1608 34 28 of
3264 1609 75 28 SOO
3359 1609 71 28 from

2795 1643 46 28 the
2858 1644 198 27 Government.

2913 1732 184 32 REEFTON
3123 1732 185 32 LETTER.

2857 1822 84 36 (from
2959 1831 56 20 our
3034 1830 62 21 own
3114 1828 256 33 correspondent.)

3013 1871 189 36 Wednesday,
3217 1873 95 29 March
3326 1876 68 27 31st.

2829 1917 28 29 It
2868 1918 23 28 is
2904 1926 62 20 now
2978 1917 134 30 admitted
3130 1919 38 38 by
3187 1921 154 35 politicians
3354 1924 26 26 ot
3393 1923 38 27 all

2794 1956 99 30 shades
2917 1957 62 30 that
3002 1957 47 31 the
3075 1959 67 28 East
3166 1959 54 29 and
3247 1959 77 31 West
3347 1961 83 30 Coast

2795 1996 124 35 Railway
2930 1997 24 27 is
2968 2006 15 18 a
2996 2006 143 26 necessary
3150 1999 82 30 work,
3243 2000 54 27 and
3307 2009 51 18 one
3370 2001 60 28 that

2794 2032 47 28 the
2853 2038 117 31 country
2984 2034 55 26 will
3053 2034 70 28 have
3136 2041 28 21 to
3178 2026 151 36 undertake
3342 2037 28 26 in
3384 2037 47 26 the

2794 2070 159 31 immediate
2966 2070 99 35 future,
3079 2071 105 37 though
3198 2072 130 31 Dunedin
3338 2084 42 21 wo
3389 2074 40 31 ild

2795 2120 66 27 very
2874 2111 83 28 much
2970 2111 54 29 like
3046 2112 47 28 the
3112 2114 87 31 Otago
3220 2114 111 28 Central
3352 2121 28 22 to
3402 2116 31 27 be

2794 2149 118 29 finished
2925 2149 90 29 before
3028 2159 101 28 money
3142 2152 24 27 is
3177 2151 114 29 allocate
3302 2152 8 28 1
3323 2153 41 28 for
3375 2154 56 28 this

2794 2188 66 28 line.
2910 2188 75 28 Here
3007 2198 39 19 we
3066 2189 27 28 lo
3102 2189 25 28 >k
3147 2199 75 28 upon
3242 2192 21 26 it
3283 2201 30 18 as
3333 2202 51 18 one
3406 2193 31 28 of

2794 2226 79 29 those
2886 2227 68 29 facts
2967 2227 60 29 that
3039 2233 76 24 must
3128 2238 89 24 occur,
3231 2230 87 28 either
3328 2230 61 30 that
3399 2241 32 19 or

2794 2266 47 29 the
2857 2265 113 35 making
2982 2276 33 19 or
3025 2268 162 35 continuing
3206 2268 31 29 of
3256 2269 128 36 railways
3404 2272 28 26 in

2794 2304 80 29 other
2886 2304 90 38 places
2989 2309 73 25 must
3074 2315 86 20 cease.
3208 2306 100 31 Whilst
3330 2309 102 37 paying

2794 2353 17 19 a
2823 2343 74 35 large
2908 2343 79 30 share
3000 2344 117 29 toward-;
3131 2345 47 29 the
3191 2349 187 27 construction
3400 2349 32 27 of

2794 2382 127 35 railways
2930 2382 27 27 in
2970 2383 80 27 other
3062 2392 17 27 p
3088 2389 48 22 trts
3148 2384 31 27 of
3194 2385 47 26 the
3260 2385 110 36 colony,
3391 2396 40 17 we

2795 2419 50 29 feel
2858 2419 61 29 that
2931 2419 46 29 the
2990 2420 67 28 time
3071 2421 49 28 has
3133 2420 106 30 arrived
3251 2422 80 28 whoa
3344 2424 28 27 in
3396 2423 36 28 all

2795 2457 112 29 fairness
2930 2467 16 19 a
2965 2459 162 28 connection
3149 2460 36 36 by
3206 2460 51 28 rail
3281 2462 98 28 should
3399 2462 33 28 be

2795 2497 80 29 made
2887 2496 121 30 between
3021 2498 47 28 the
3081 2498 68 29 East
3161 2498 55 29 and
3232 2499 73 29 West
3325 2500 106 30 Coasts.

2794 2536 59 28 The
2871 2536 78 28 trade
2969 2540 28 25 to
3018 2537 34 28 be
3072 2537 148 36 developed
3240 2539 69 27 need
3332 2545 48 22 not
3401 2540 32 28 be

2794 2574 112 28 entered
2917 2573 60 29 into
2990 2574 72 33 here,
3077 2576 20 27 it
3109 2575 24 28 is
3145 2576 134 27 sufficient
3300 2582 27 22 to
3352 2577 80 28 know

2794 2611 23 30 it
2829 2611 56 30 will
2905 2611 34 30 be
2963 2611 31 30 of
3010 2621 75 20 some
3107 2621 185 30 consequence
3312 2624 69 19 even
3404 2618 28 26 at

2794 2651 48 30 the
2855 2655 98 30 outset,
2966 2651 55 30 and
3033 2662 83 27 every
3128 2662 66 27 year
3206 2653 54 30 will
3273 2664 44 19 see
3331 2665 16 18 a
3358 2655 73 35 large

2794 2690 129 28 increase.
2961 2690 188 37 Fortunately,
3163 2692 80 27 while
3259 2693 112 35 waiting
3392 2693 41 28 for

2794 2727 56 29 this
2862 2728 70 33 good
2945 2729 68 28 time
3025 2730 111 33 coming
3144 2738 40 20 we
3196 2730 68 28 have
3275 2731 95 27 within
3383 2740 50 19 our

2794 2766 226 33 neighbourhood
3062 2767 75 27 lodes
3175 2768 56 26 and
3264 2769 69 25 resfs
3372 2769 62 27 that

2794 2803 107 38 require
2913 2803 171 38 developing,
3097 2803 53 31 and
3164 2803 29 31 in
3206 2804 47 30 the
3266 2805 124 36 working
3406 2806 29 29 of

2794 2843 94 28 which
2916 2844 142 36 profitable
3088 2845 180 28 investments
3297 2855 66 26 may
3401 2845 31 29 be

2796 2880 88 27 made.
2919 2881 25 26 A
2956 2881 161 28 connection
3130 2881 35 35 by
3178 2882 52 27 rail
3243 2883 90 26 would
3351 2890 82 21 cause

2796 2927 36 21 an
2866 2926 91 23 access
2992 2918 31 30 of
3055 2919 170 38 population,
3262 2920 56 31 and
3354 2920 78 38 bring

2796 2961 128 33 amongst
2935 2966 33 21 us
2979 2958 80 29 those
3071 2959 62 28 who
3147 2959 103 36 having
3267 2960 47 27 the
3337 2968 97 21 means

2796 3005 46 18 are
2855 3005 36 19 on
2903 2995 49 29 the
2963 2995 112 29 lookout
3087 2996 43 29 for
3142 2998 156 27 favourable
3310 2999 106 33 specula-

2796 3036 82 26 tions.
2914 3032 66 30 This
2991 3032 87 30 influx
3090 3033 31 29 of
3129 3034 102 37 capital
3243 3035 91 28 would
3351 3044 83 20 cause

2795 3079 17 20 a
2820 3080 77 19 more
2901 3071 77 36 rapid
2988 3071 192 35 development
3190 3072 30 27 of
3222 3081 50 22 our
3281 3081 150 24 resources,

2795 3107 55 31 and
2858 3118 16 19 a
2881 3108 212 39 corresponding
3098 3109 121 30 increase
3229 3109 29 30 in
3267 3109 47 30 the
3322 3114 109 26 returns

2795 3148 91 30 would
2898 3148 139 38 naturally
3059 3148 32 31 be
3112 3148 97 31 looked
3231 3149 50 30 for.
3329 3150 36 29 In
3387 3150 47 30 the

2796 3187 161 33 meantime,
2970 3187 104 34 having
3084 3188 89 27 learnt
3186 3188 65 33 long
3262 3198 52 23 ago
3325 3192 27 25 to
3363 3192 71 25 trust

2797 3228 30 26 to
2839 3225 148 33 ourselves,
2997 3225 56 29 and
3065 3231 47 23 not
3127 3229 29 26 to
3168 3225 32 29 be
3213 3226 103 37 always
3338 3227 96 37 crying

2797 3267 29 25 to
2839 3264 118 36 Jupiter,
2970 3264 55 28 and
3037 3264 104 34 having
3152 3264 70 29 faith
3236 3266 28 26 in
3278 3266 46 27 the
3342 3266 91 28 future

2797 3301 32 28 of
2837 3301 48 29 the
2898 3300 117 35 district,
3027 3300 61 31 that
3099 3302 69 28 faith
3178 3301 23 29 is
3211 3311 63 20 now
3281 3311 37 19 on
3328 3303 47 29 the
3385 3313 48 19 eve

2797 3339 33 31 of
2841 3339 82 40 being
2934 3340 126 37 realised,
3073 3351 31 20 as
3117 3340 70 32 after
3198 3351 17 21 a
3237 3341 65 37 long
3320 3342 68 38 spell
3408 3343 29 30 of

2797 3380 122 28 dullness
2931 3380 56 28 and
2999 3380 167 36 depression,
3178 3391 17 17 a
3210 3382 113 27 decided
3345 3382 89 33 gleam

2796 3417 31 28 of
2836 3417 154 33 brightness
3002 3418 24 27 is
3037 3417 107 34 visible,
3158 3418 47 27 the
3218 3418 80 28 dawn
3311 3418 31 28 of
3349 3419 87 29 better

2797 3456 91 33 times,
2901 3455 55 30 and
2977 3455 46 30 the
3044 3457 98 28 wiuter
3164 3456 32 29 of
3212 3466 51 19 our
3282 3456 153 31 discontent

2797 3495 56 30 will
2867 3504 67 21 soon
2947 3495 33 30 be
2995 3495 48 30 hut
3055 3506 17 19 a
3084 3495 173 30 recollection
3270 3497 30 28 of
3305 3496 47 31 the
3363 3502 69 33 past.

2832 3534 59 29 The
2904 3534 86 29 Globe
3003 3535 24 28 is
3039 3535 81 33 again
3133 3535 118 35 brought
3267 3536 59 28 into
3345 3537 72 28 favor-

2797 3572 61 28 able
2870 3573 100 27 notice.
3018 3573 83 28 What
3115 3574 130 35 promises
3258 3579 28 23 to
3300 3573 32 29 be
3345 3583 16 19 a
3374 3583 59 19 new

2797 3609 80 31 block
2889 3610 30 29 of
2927 3614 88 30 stone,
3029 3610 112 30 distinct
3162 3610 72 31 from
3255 3620 56 28 any
3335 3610 99 31 known

2798 3650 100 35 before,
2910 3659 56 19 was
2978 3650 157 29 discovered
3147 3654 28 26 at
3198 3650 48 30 the
3264 3650 54 30 end
3340 3652 30 28 of
3382 3652 54 30 last

2798 3688 85 35 week,
2904 3689 36 29 its
2962 3688 169 30 dimensions
3152 3694 30 25 at
3203 3690 62 30 that
3284 3694 58 26 tme
3354 3690 82 38 being

2798 3730 17 28 3
2844 3728 53 29 feet
2920 3730 18 27 6
2963 3729 95 28 inches
3082 3730 29 27 in
3135 3728 139 30 thickness
3298 3730 56 28 and
3378 3731 57 29 still

2798 3767 148 36 widening,
2970 3767 55 29 and
3050 3767 149 38 extending
3223 3768 71 29 from
3318 3767 69 31 floor
3406 3773 28 26 to

2798 3806 67 30 roof.
2903 3806 77 29 Good
2994 3812 139 32 prospects
3144 3815 69 20 were
3223 3807 130 29 obtained
3363 3808 69 29 from

2799 3845 132 36 drillings,
2946 3845 55 29 and
3013 3845 47 29 the
3072 3854 169 28 appearance
3254 3846 31 28 of
3293 3846 47 28 the
3357 3851 78 25 stone

2799 3883 24 29 is
2834 3892 68 27 very
2914 3884 193 36 encouraging,
3128 3883 49 30 but
3197 3893 16 19 a
3232 3884 77 29 week
3330 3894 31 19 or
3380 3888 54 26 two

2799 3922 55 29 will
2867 3922 91 37 elapse
2971 3921 90 30 before
3073 3921 135 30 sufficient
3222 3922 56 29 will
3288 3923 32 29 be
3330 3922 102 31 known

2799 3961 31 29 of
2844 3961 21 29 it
2883 3963 29 27 to
2933 3970 156 29 pronounce
3116 3960 145 38 decisively
3286 3971 32 20 as
3343 3965 28 27 to
3398 3962 38 30 its

2799 4000 150 33 character,
2962 4009 30 19 as
3013 4000 109 36 driving
3144 4000 54 29 end
3210 4010 36 19 on
3262 4010 37 19 on
3321 4010 17 19 a
3358 4001 75 36 large

2799 4038 73 37 body
2883 4038 33 30 of
2925 4038 59 28 reef
2993 4038 24 28 is
3029 4038 66 28 slow
3105 4038 86 29 work.

2834 4078 59 29 The
2906 4076 150 30 Inkerman
3069 4077 24 29 is
3105 4077 139 35 crushing,
3267 4077 49 30 but
3336 4077 99 38 during

2799 4116 48 29 the
2858 4116 132 37 day-shift
3003 4116 74 35 only.
3114 4116 73 29 Most
3200 4118 31 28 of
3239 4117 49 28 the
3305 4121 77 25 stone
3402 4118 30 28 in

2800 4154 46 28 the
2857 4155 73 27 mine
2943 4153 51 29 lias
3008 4162 62 19 now
3082 4156 29 27 to
3123 4153 33 29 be
3167 4154 89 29 raised
3269 4155 70 28 from
3347 4154 87 30 below

2800 4193 47 29 the
2868 4193 80 33 level,
2973 4192 55 29 and
3053 4202 76 20 more
3152 4193 77 29 labor
3251 4193 25 29 is
3299 4193 134 31 therefore

2799 4231 127 29 attached
2938 4236 30 23 to
2979 4231 22 28 it
3013 4231 54 28 and
3086 4231 47 28 the
3158 4240 109 28 process
3287 4231 24 29 is
3330 4232 104 34 slower,

2800 4269 48 32 the
2860 4275 78 25 stone
2950 4269 96 40 stoped
3064 4269 81 38 being
3162 4269 89 32 raised
3260 4270 37 38 by
3318 4280 17 21 a
3356 4271 79 31 horse

2799 4310 55 29 and
2868 4311 84 34 whip.

2834 4347 59 29 The
2905 4350 125 27 contract
3047 4347 43 28 for
3109 4347 188 37 dismantling,
3319 4349 115 36 carting,

2799 4386 55 29 and
2865 4387 164 35 re-erecting
3041 4386 47 29 the
3100 4385 107 31 Golden
3225 4386 81 30 Point
3326 4387 108 38 battery

2798 4426 42 29 for
2854 4426 46 29 the
2912 4426 55 37 Big
2987 4425 84 30 River
3091 4425 156 38 Company,
3269 4436 57 20 was
3348 4426 38 30 let
3407 4432 27 24 to

2799 4465 35 28 D.
2853 4464 33 28 L.
2900 4465 143 28 Cochrane
3055 4465 42 27 for
3109 4466 83 27 SBO.
3239 4465 45 28 No
3298 4467 66 27 time
3377 4465 55 30 will

2799 4502 31 28 be
2843 4502 51 29 lost
2907 4503 29 27 in
2948 4503 48 27 the
3010 4503 168 35 prosecution
3194 4503 30 28 of
3234 4503 56 28 this
3302 4504 83 28 work,
3402 4514 31 18 as

2797 4540 48 28 the
2858 4540 138 28 favorable
3008 4549 97 19 season
3118 4540 43 28 for
3172 4542 75 27 work
3260 4542 30 27 of
3298 4542 56 27 this
3369 4542 65 28 kind

2797 4577 24 28 is
2839 4578 111 37 passing
2971 4587 87 27 away,
3080 4578 55 28 and
3156 4578 46 29 the
3227 4579 70 37 days
3321 4589 45 20 are
3391 4580 29 29 be-

2797 4616 116 36 ginning
2925 4621 28 24 to
2968 4616 75 29 draw
3062 4616 38 28 in.
3143 4617 60 29 The
3222 4618 145 38 Company
3389 4629 29 19 ex-

2797 4660 95 23 cavate
2905 4655 54 28 and
2981 4663 112 28 prepare
3115 4654 47 29 the
3183 4656 173 35 foundation,
3377 4658 57 28 and

2797 4693 110 29 tenders
2919 4703 46 18 are
2978 4693 86 28 called
3083 4693 43 28 for
3147 4693 107 37 cutting
3276 4699 158 26 water-race

2796 4732 55 28 and
2864 4733 120 31 erecting
2998 4731 74 28 aerial
3084 4736 145 32 tramway.
3272 4734 59 28 The
3345 4735 87 28 whole

2797 4770 80 36 being
2910 4770 89 29 under
3034 4770 47 29 the
3117 4770 173 38 supervision
3326 4773 31 28 of
3389 4773 45 29 Mr

2798 4809 132 27 Gardner.

2831 4847 114 28 Outside
2957 4847 89 27 works
3055 4856 50 19 -are
3116 4851 50 25 not
3177 4851 48 32 yet
3236 4849 153 35 completed
3404 4853 28 24 at

2796 4884 47 31 the
2853 4884 45 30 Nil
2909 4884 221 39 Desperandura,
3140 4884 108 31 tenders
3258 4885 81 38 being
3347 4887 85 29 called

2797 4924 43 28 for
2864 4924 46 29 the
2932 4924 118 28 erection
3076 4933 24 19 o:
3126 4934 16 18 a
3166 4925 134 36 paddock.
3347 4927 84 27 From

2794 4963 56 29 this
2862 4962 125 39 paddock
2999 4972 16 19 a
3027 4966 72 24 tram
3112 4962 65 29 road
3198 4963 55 29 will
3275 4963 32 29 be
3328 4964 55 29 laid
3405 4970 27 24 to

2795 5003 48 28 the
2866 5002 112 28 Wealth
3001 5002 117 35 battery,
3140 5003 111 35 passing
3269 5003 58 34 just
3347 5004 85 28 above

2796 5040 46 29 the
2855 5039 198 37 Keep-it-Dark
3066 5039 107 37 battery
3186 5040 55 28 and
3260 5040 82 29 shaft.
3391 5042 41 27 No

2796 5078 74 31 work
2883 5079 31 29 of
2923 5089 55 27 any
2994 5088 186 28 consequence
3201 5079 50 29 has
3272 5079 68 30 been
3362 5079 70 31 done

2795 5117 30 27 in
2837 5117 47 28 the
2898 5118 73 27 mine
2984 5118 74 26 since
3071 5117 47 27 the
3135 5121 167 23 contractors
3324 5119 41 26 for
3385 5128 31 17 en-

2794 5154 108 38 larging
2914 5154 47 30 the
2973 5154 130 30 chamber
3113 5154 104 30 ceased.
3262 5155 44 29 Mr
3321 5155 111 32 Watson

2795 5195 24 27 is
2830 5194 235 37 superintending,
3076 5194 55 28 and
3144 5194 92 35 laying
3248 5194 40 28 off
3299 5195 97 28 works.

2830 5232 59 28 The
2910 5232 147 35 Energetic
3079 5232 23 26 is
3124 5241 61 18 now
3208 5232 115 33 nothiug
3345 5232 49 28 but
3415 5243 16 17 a

2796 5280 92 20 name.
2924 5271 72 29 True
3010 5270 46 30 the
3069 5269 81 29 claim
3168 5270 56 29 still
3241 5271 83 28 exists
3342 5271 55 28 and
3409 5271 23 28 is

2797 5309 29 28 in
2840 5310 48 28 the
2900 5311 153 34 possession
3065 5309 32 28 of
3114 5309 47 28 the
3174 5319 145 26 company,
3332 5309 49 28 but
3403 5314 28 23 to

2797 5357 52 18 one
2862 5348 62 28 who
2937 5348 166 27 remembers
3121 5347 21 28 it
3154 5348 30 27 in
3203 5347 35 28 its
3258 5347 70 28 flush
3352 5349 80 27 times

2797 5396 16 19 a
2826 5387 78 28 stroll
2924 5396 65 19 over
3011 5386 46 29 the
3079 5386 50 29 site
3150 5387 26 27 of
3197 5386 35 29 its
3254 5394 68 21 once
3344 5387 88 28 active

2797 5426 154 35 operations
2973 5434 95 19 causes
3093 5434 16 18 a
3133 5424 100 34 feeling
3262 5425 27 28 of
3312 5425 118 33 dismay.

2799 5463 111 29 Around
2923 5462 47 30 the
2988 5462 97 29 month
3105 5462 31 29 of
3154 5462 47 29 the
3223 5462 74 30 sha't
3316 5463 116 35 nothing

2798 5501 121 30 remains
2943 5501 49 29 but
3017 5511 15 19 a
3057 5502 50 28 few
3131 5501 173 38 delapidated
3327 5502 103 33 trucks,

2798 5541 103 34 resting
2925 5550 36 18 on
2985 5540 125 35 decrepid
3139 5540 111 28 wheels.
3286 5541 59 27 The
3372 5547 60 29 spot

2799 5579 90 27 where
2902 5578 47 28 the
2961 5579 235 30 winding-engine
3208 5578 78 28 stood
3299 5578 131 28 isshield-

2799 5617 47 33 ing
2857 5617 35 28 its
2914 5615 152 30 nakedness
3089 5616 65 29 with
3177 5616 153 29 bounteous
3342 5617 71 28 ferns
3425 5625 7 25 ;

2800 5656 55 29 and
2869 5657 54 31 Oh,
2942 5655 162 29 Vandalism
3118 5656 6 28 !
3145 5655 45 30 the
3208 5657 99 35 stately
3321 5661 94 32 poppet-

2801 5694 95 32 heads,
2909 5694 115 28 reduced
3038 5700 27 21 to
3079 5699 115 31 stumps,
3208 5695 76 26 show
3305 5695 61 26 how
3387 5695 46 27 the

2800 5740 50 21 axe
2862 5732 100 29 robbed
2975 5732 73 29 them
3061 5733 30 28 of
3102 5732 70 28 their
3182 5732 52 29 fair
3251 5733 180 37 proportions.

2801 5771 124 36 Possibly
2938 5771 46 28 the
2997 5771 200 32 shareholders,
3211 5782 75 19 some
3300 5773 29 26 of
3347 5772 85 31 them,

2801 5819 45 19 are
2860 5809 125 30 thankful
3000 5810 60 28 that
3074 5810 45 28 the
3133 5810 73 28 mine
3220 5810 23 28 is
3256 5810 98 31 close;!,
3368 5821 30 17 as
3413 5812 20 27 it

2801 5858 57 19 was
2882 5859 16 18 a
2922 5848 79 34 good,
3032 5848 106 33 steady,
3163 5850 166 36 call-p,tying
3353 5851 80 27 claim

2801 5888 100 35 during
2924 5888 46 28 the
2990 5888 53 28 last
3065 5890 51 26 few
3139 5898 88 25 years,
3242 5889 55 28 and
3315 5899 44 19 are
3373 5899 60 19 now

3464 232 144 36 anxiously
3639 232 129 32 awaiting
3797 241 16 19 a
3838 231 128 30 divilend
3996 233 102 34 arising

3464 273 69 27 from
3550 273 44 26 the
3608 272 55 26 sale
3676 272 31 26 of
3717 271 105 35 battery
3841 272 55 28 and
3914 272 79 28 other
4010 272 87 36 plant,

3464 310 46 27 the
3526 312 129 32 payment
3669 309 29 26 of
3707 309 88 26 which
3810 310 22 25 is
3845 318 60 17 now
3919 310 61 27 due.

3498 347 58 30 The
3569 347 74 30 serial
3666 347 54 29 line
3740 347 31 29 of
3780 347 45 29 the
3849 347 101 35 Venus,
3975 348 87 29 which
4076 350 23 28 is

3463 398 34 16 on
3529 389 47 26 the
3608 387 122 35 oppos'te
3761 387 49 26 hill
3840 387 70 28 from
3938 388 46 26 the
4010 389 69 26 Ener-

3463 427 79 34 getic,
3568 425 115 35 Murray
3701 424 85 29 Creek
3806 424 182 34 intervening,
4010 425 88 30 works

3463 465 141 35 smoothly
3629 462 54 30 and
3709 464 67 30 well,
3803 463 55 28 and
3884 465 32 29 is,
3942 465 117 27 without
4082 476 17 17 a

3463 503 94 33 doubt,
3571 512 16 19 a
3606 503 136 37 complete
3764 502 112 29 method
3897 512 17 18 o
3917 503 11 16 r
3946 503 152 37 conveying

3463 544 116 27 mineral
3604 553 66 18 over
3693 542 85 34 rough
3810 545 116 34 country
3950 544 56 28 and
4034 544 65 36 long

3463 582 146 28 distances.
3646 582 59 27 The
3731 580 75 29 mine
3830 582 23 27 is
3877 581 117 37 keeping
4017 592 37 27 up
4083 592 16 18 a

3463 621 69 31 good
3558 620 99 35 supply
3682 620 30 28 of
3731 626 86 26 stone,
3841 620 54 28 and
3920 620 46 29 the
3990 625 109 24 returns

3463 659 72 27 from
3566 659 46 26 the
3641 658 107 35 battery
3781 668 46 18 are
3857 659 182 37 satisfactory.
4075 661 24 27 A

3464 697 177 36 cloaning-up
3672 696 55 29 will
3761 696 132 39 probably
3923 697 62 30 take
4021 699 77 37 place

3464 736 100 31 during
3578 737 46 25 the
3637 735 110 33 coming
3759 737 108 25 month.

3500 773 58 28 The
3571 773 106 35 battery
3700 772 31 29 of
3747 773 47 29 the
3817 773 158 35 Inglewood
3996 773 104 37 having

3465 813 147 28 overtaken
3636 813 46 28 the
3702 814 74 27 mine
3803 824 15 17 a
3843 813 175 37 cleaning-np
4044 815 55 27 will

3466 851 62 27 take
3551 852 76 35 place
3646 850 91 28 before
3759 852 46 27 the
3826 851 53 28 end
3893 852 30 27 of
3939 852 55 27 this
4014 853 85 33 week,

3466 890 90 32 when,
3587 890 22 28 if
3636 891 186 36 expectations
3852 900 47 20 are
3929 890 124 36 realised,
4083 902 17 19 a

3465 929 131 27 dividend
3627 929 29 27 of
3677 930 126 34 sixpence
3829 930 54 26 will
3909 930 32 27 be
3965 930 134 28 declared.

3465 966 77 29 After
3554 977 15 18 a
3583 966 59 30 halt
3661 966 32 28 of
3709 976 17 19 a
3745 966 75 30 week
3840 976 31 19 or
3892 970 55 25 two
3969 968 131 35 crushing

3467 1006 54 28 will
3535 1006 32 28 be
3580 1005 136 29 resumed.
3754 1006 84 28 Stone
3860 1006 23 28 is
3903 1006 134 37 pleutiful,
4051 1006 49 31 but

3465 1045 47 27 the
3527 1044 113 28 method
3652 1046 31 26 of
3693 1045 101 36 raising
3816 1045 46 27 the
3882 1045 68 28 stuff
3964 1046 35 35 by
4018 1046 81 28 horse

3466 1083 53 28 and
3551 1083 81 38 whip,
3663 1083 77 29 there
3776 1083 82 37 being
3893 1083 57 30 also
3980 1094 16 19 a
4026 1085 73 36 large

3466 1124 128 33 quantity
3618 1122 31 27 of
3669 1128 93 25 water,
3787 1123 23 26 is
3831 1126 48 23 not
3898 1123 81 35 equal
4001 1128 27 23 to
4052 1126 47 26 the

3467 1165 198 31 requirements
3677 1160 31 28 of
3718 1160 45 29 the
3776 1160 117 38 battery.

3500 1200 59 27 The
3580 1200 80 35 Fiery
3681 1200 24 27 is
3724 1208 62 20 now
3806 1209 72 27 upon
3906 1199 46 30 the
3977 1200 76 36 point
4072 1202 30 29 of

3467 1236 46 28 bre
3532 1237 65 34 king
3609 1238 60 26 in*o
3689 1238 47 28 the
3759 1239 95 30 winze,
3872 1239 120 28 towards
4011 1240 88 27 which

3479 1275 53 38 hey
3552 1276 69 29 have
3639 1276 68 30 ben
3728 1286 31 20 so
3780 1276 64 36 long
3865 1276 117 33 driving.
4018 1278 60 28 Com-

3469 1315 167 27 munication
3651 1316 80 32 being
3743 1316 90 30 made,
3853 1316 130 35 crushing
3999 1316 55 28 will
4067 1317 33 27 be

3468 1352 175 29 commenced
3674 1353 201 38 permanently,
3907 1363 30 19 as
3967 1354 46 29 the
4044 1354 59 29 reef

3468 1401 128 24 averages
3616 1392 67 34 fully
3696 1395 16 25 3
3725 1394 53 27 feet
3790 1394 28 26 in
3833 1393 84 28 width
3929 1401 7 25 ;
3955 1394 47 27 the
4020 1394 80 28 block

3468 1429 23 26 is
3505 1429 96 35 nearly
3622 1431 52 26 200
3695 1431 52 26 feet
3769 1431 73 34 long,
3862 1431 55 28 and
3939 1433 50 26 140
4009 1431 53 29 feet
4074 1432 29 27 of

3468 1466 91 32 backs,
3573 1477 29 19 so
3615 1468 60 28 that
3689 1469 107 34 regular
3809 1476 107 22 returns
3928 1470 57 29 will
3995 1470 105 36 shortly

3469 1506 31 28 be
3523 1506 46 28 the
3593 1506 60 29 rule
3684 1509 69 26 from
3784 1508 170 32 Boatman's,
3985 1518 31 20 as
4044 1509 57 29 this

3468 1544 81 29 claim
3572 1546 54 28 and
3650 1546 46 29 the
3717 1547 137 29 Welcome
3872 1548 57 29 will
3950 1548 33 28 be
4004 1548 98 36 steady

3468 1584 181 29 contributors
3672 1589 27 25 to
3721 1586 46 28 tiie
3795 1586 136 33 batteries,
3956 1587 55 28 and
4037 1586 65 38 help

3469 1622 154 38 materially
3636 1629 29 23 to
3677 1624 75 29 swell
3764 1634 51 19 our
3827 1625 105 37 weekly
3945 1632 117 23 amount
4074 1626 29 28 of

3467 1661 149 32 am.dgam.

3502 1699 58 27 The
3573 1699 197 29 Just-in-Time
3791 1700 51 28 lias
3859 1704 49 25 not
3927 1704 47 33 yet
3993 1702 80 28 made
4085 1712 16 18 a

3468 1738 162 28 connection
3645 1738 118 29 between
3778 1739 45 29 the
3835 1749 87 28 upper
3943 1740 54 29 and
4019 1740 82 30 lower

3469 1776 145 34 workings,
3626 1777 59 32 but,
3697 1787 30 18 as
3740 1778 46 27 the
3800 1784 82 22 water
3894 1780 23 26 is
3927 1789 62 18 now
4000 1780 101 27 almost

3469 1819 56 26 out,
3540 1823 15 18 a
3568 1822 98 26 survey
3680 1815 53 27 will
3747 1816 149 27 determine
3908 1817 46 28 the
3966 1826 135 27 company

3469 1851 28 28 in
3511 1852 75 28 what
3598 1852 133 29 direction
3745 1858 27 23 to
3786 1853 61 33 rise,
3859 1855 85 32 drive,
3958 1864 31 19 or
4004 1855 71 28 sink.

3502 1890 59 27 The
3576 1890 60 28 lode
3649 1892 27 26 in
3690 1892 47 27 the
3751 1892 110 28 Reform
3882 1893 55 28 still
3949 1894 104 27 retains
4065 1894 36 28 its

3469 1928 152 36 promising
3650 1939 178 27 appearance.
3881 1931 59 29 The
3973 1932 75 29 drive
4078 1933 23 27 is

3471 1966 79 37 being
3562 1968 146 29 continued
3722 1979 34 19 on
3779 1975 85 26 stoue,
3887 1971 55 29 and
3963 1971 82 30 about
4067 1973 34 28 90

3468 2006 55 27 feet
3534 2007 31 27 of
3575 2007 47 27 the
3635 2007 60 27 lode
3710 2008 49 26 has
3772 2018 61 18 now
3845 2009 68 27 been
3923 2011 136 30 explored.

3960 2047 106 27 Thady.

3492 2116 208 38 [Continuation
3714 2120 30 27 of
3756 2121 89 31 News,
3859 2130 44 19 see
3920 2123 49 27 4tli
3983 2122 92 35 Page.]

1354 82 118 42 THE
1529 82 183 41 LYELL
1767 82 186 48 TIMES,
2009 86 308 47 SATURDAY,
2371 87 169 41 ARPIL
2592 102 35 35 3,
2686 91 103 38 1886.

986 313 105 20 MAWH.
1093 313 97 18 APR!

1195 313 22 18 Ij.

872 364 102 20 PHASES
986 364 33 20 OF
1032 364 57 19 THE
1102 363 82 20 MOON.

1245 375 17 13 85

811 385 17 9 f*

1245 392 17 14 0)

1357 397 17 13 05

811 421 17 19 a

1028 421 27 21 P.
1076 421 19 20 II
1118 421 30 19 M.

1237 435 24 14 r*

1353 411 22 12 -M

1358 425 17 16 0)

811 443 18 17 o

802 463 26 30 S

867 453 126 27 WMoon-
1031 454 16 27 5
1082 454 17 25 0
1111 453 78 27 37;mi

1237 447 24 14 rH

1348 444 26 20 02

1357 478 17 17 rj

802 506 26 13 **->

864 491 94 35 Fst.Qr
986 508 7 4 -
1016 492 30 27 14
1082 493 17 26 0
1111 510 6 6 .
1113 494 11 11 r
1119 492 69 27 )0;iiii

1245 500 17 20 P

1357 501 9 9 r

810 522 18 18 o

859 530 129 30 Fl.Moon
1012 532 35 28 20
1081 531 17 29 4
1127 532 63 36 9pm

1237 524 24 19 X

1350 522 25 22 OJ

810 576 18 16 ei

802 595 26 27 ft

877 572 82 34 jst.Qr
984 587 7 5 -
1011 572 34 27 27
1065 571 33 27 10
1111 571 79 35 17pm

1219 575 28 20 H.
1256 576 30 18 M.

1331 575 67 19 H.M.

802 655 15 26 3

896 656 113 26 Njifciirdii
1015 665 16 18 v

1219 655 16 25 6
1253 637 46 44 2?

1331 655 15 25 5
1365 654 33 26 45

800 692 17 28 4

892 693 48 30 4th
952 693 114 38 Sunday
1077 693 27 30 in
1116 693 70 29 Lent

1219 693 16 27 6
1253 693 34 27 22

1331 693 15 27 5
1365 693 33 27 43

801 733 16 26 5

897 734 120 33 Monday

1219 733 16 25 G
1253 734 33 24 28

1331 733 15 25 5
1365 732 32 25 41

801 771 16 28 6

893 770 126 37 Tuesday

1219 769 16 28 6
1253 769 33 28 24

1332 770 15 26 5
1365 769 35 27 40

800 811 17 28 7

894 809 174 36 Wednesday

1219 809 16 27 6
1253 811 33 26 25

1331 811 15 26 5
1365 809 33 27 38

800 850 17 24 8

892 847 146 35 Thursday

1219 849 16 25 6
1253 848 34 26 26

1331 849 15 24 5
1365 848 33 26 36

800 887 16 28 9

894 886 101 30 Friday

1219 887 16 28 0
1253 886 34 30 27

1331 887 15 28 5
1365 887 33 28 35

1635 1442 107 21 COUNTY

1759 1441 149 21 HANDICAP.

1939 1477 34 25 st.
1999 1474 36 30 lb.

1522 1512 138 35 Cardigan

1950 1514 17 27 9
2001 1515 18 28 0

1524 1551 115 29 Norfolk
1653 1551 68 29 Lass

1952 1553 17 28 8
2004 1554 17 27 8

1522 1590 103 28 Rosina
1644 1611 30 7 ...

1952 1592 17 28 7
2003 1593 19 28 0

1522 1628 148 30 Comstock

1752 1650 24 6 ...

1952 1631 17 27 6
1989 1632 33 28 12

1628 1675 117 20 AUTUMN

1767 1675 150 20 HANDICAP.

1522 1705 133 28 Cranmer

1952 1707 17 27 9
2003 1707 19 28 0

1524 1743 146 30 Hazard...

1950 1747 18 27 8
1988 1747 32 28 13

1525 1783 123 35 Marquis

1848 1803 31 8 Mt

1952 1784 18 28 8
1989 1785 33 27 12

1525 1820 134 33 Cardigan

1752 1841 24 8 >

1952 1822 17 27 8
2005 1822 18 27 6

1524 1858 44 29 Sir
1581 1857 122 31 William

1954 1860 17 28 8
2006 1861 17 27 2

1524 1896 144 36 Barney...

1953 1899 18 27 8
2005 1900 17 26 2

1524 1935 96 29 Forest
1634 1935 75 36 King

1953 1937 18 29 8
2004 1937 19 30 0

1525 1975 56 28 TIPO

1954 1976 17 29 7
1990 1977 33 28 12

1523 2013 116 28 Norfolk
1652 2015 68 26 Lass

1952 2016 17 27 7
2004 2018 18 25 6

1524 2051 102 28 liosina
1645 2070 29 9 ...

1954 2053 17 28 6
1990 2053 33 28 12

1628 2099 115 21 HURDLE

1762 2099 149 22 HANDICAP.

1522 2130 57 27 Leo

1752 2150 1 8 1

1937 2131 31 28 11
2006 2133 17 27 3

1522 2168 103 29 Bristol
1643 2189 30 8 ...

1938 2170 33 28 10
2005 2171 17 28 4

1522 2206 70 29 Park

1954 2210 17 27 9
2006 2210 18 27 8

1523 2246 139 28 Forrester

1752 2267 1 7 1

1952 2248 17 28 9
2004 2249 18 28 8

1522 2284 146 29 Comstock

1752 2305 1 8 <

1952 2288 17 26 9
2004 2288 18 27 0

1521 2323 121 38 Tommy

1752 2344 4 9 I

1954 2326 17 28 9
2006 2326 19 29 0

233 214 236 31 Government
492 214 150 31 Notices.

150 424 101 31 GOLD
272 421 142 30 MINING
435 420 141 30 LEASES
600 421 47 29 TO
674 420 48 29 IJE

343 460 190 30 GRANTED.

119 562 13 29 f
219 560 140 29 PUBLIC
378 559 280 30 NOTIFICATION.

123 656 62 64 IN
200 655 164 36 conformity
378 654 65 29 with
458 654 47 29 the
524 654 64 29 37th
609 654 101 28 section
725 657 29 26 of

300 694 88 29 Mines
409 694 61 32 Act,
609 692 54 29 and
685 694 64 30 with

120 737 47 27 the
181 734 167 33 regulations
362 732 80 28 made
455 732 85 27 under
557 732 60 27 that
637 732 52 26 Act
710 734 41 28 for

120 774 47 29 the
192 771 128 36 granting
341 769 31 31 of
392 769 87 30 leases
498 769 42 29 for
561 768 63 35 gold
644 768 106 37 mining

120 821 138 29 purposes,
280 812 21 27 it
322 811 24 28 is
367 809 101 37 hereby
487 809 112 29 notified
619 808 61 30 that
692 809 22 29 it
726 821 21 17 n

120 849 128 31 intended
268 852 28 24 to
308 852 81 30 grant
406 848 85 28 leases
510 847 30 28 of
559 847 97 28 Crown
670 847 78 29 lands

120 890 42 30 for
174 889 63 36 gold
251 888 106 34 mining
367 896 129 28 purposes
504 890 28 26 to
540 885 47 31 the
597 885 151 38 applicants

120 929 126 28 sneeitied
259 928 28 27 in
301 927 47 28 the
360 925 122 30 annexed
505 925 133 28 Schedule
657 927 91 26 unless

120 968 77 28 there
221 964 70 30 shall
316 964 34 30 be
374 963 72 30 valid
470 962 150 36 objections
641 963 106 36 against

119 1007 65 28 such
198 1006 95 29 leases.

155 1045 155 35 Objections
319 1048 27 25 to
355 1044 47 29 the
411 1043 127 36 grnnting
547 1042 30 28 of
579 1042 66 28 sncli
652 1041 86 29 leases

120 1085 102 31 ptating
234 1083 47 30 the
294 1082 119 35 grounds
425 1082 30 30 of
471 1080 145 40 objection,
628 1083 75 27 must
716 1078 32 30 be

119 1122 81 27 Tnide
219 1122 29 28 in
270 1122 118 32 writing,
409 1121 54 29 and
487 1120 98 33 lodged
611 1119 65 27 with
702 1118 46 27 the

120 1159 118 30 Warden
260 1163 29 26 at
310 1159 76 37 Lyell
406 1169 36 20 on
463 1168 31 21 or
512 1157 90 31 before
632 1157 47 29 the
701 1156 46 30 sth

120 1200 54 35 day
187 1200 30 28 of
226 1200 76 35 July,
319 1200 74 28 1886.

153 1238 77 35 Copy
251 1238 29 28 of
298 1238 179 36 applications
494 1235 80 29 made
592 1235 55 28 and
669 1235 78 35 plan?

120 1276 121 30 rnnexed
268 1286 63 26 may
355 1276 33 31 be
411 1285 63 21 seen
496 1279 29 26 at
546 1274 47 31 the
609 1271 137 33 Warden'.'

120 1316 83 28 Office
216 1321 29 23 at
258 1317 87 34 Lyell.

354 1394 161 27 Schedule.

155 1431 164 36 Applicant:
339 1430 141 37 Sliepparil
493 1429 27 30 J.
534 1430 112 27 Reeves.

155 1470 75 36 Style
256 1470 86 30 under
366 1469 87 29 which
480 1468 22 30 it
514 1470 35 34 |is
567 1465 131 32 intended
722 1468 27 26 to

188 1508 117 27 ronrWf
343 1508 47 28 the
425 1508 142 28 business:
604 1505 143 30 Zealandia

188 1547 72 31 Gold
272 1547 108 38 Mining
390 1548 153 36 Company.

154 1587 70 29 Area
236 1595 6 20 :
263 1588 32 27 16
307 1596 75 19 acres
393 1587 18 28 2
420 1585 89 29 roods.

155 1625 141 37 Locality:
315 1625 83 29 Owen
413 1625 89 28 River.

157 1664 106 35 Mining
277 1665 127 27 District:
425 1664 102 27 Nelson
538 1660 186 31 South-West.

352 1740 169 30 Schedule:

155 1780 163 36 Applicant:
338 1779 119 28 Edw.-ml
471 1778 112 28 Carroll.
596 1776 19 15 *'

157 1818 76 36 Style
257 1818 89 28 linger
369 1816 88 29 which
481 1817 21 27 it
523 1816 23 28 is
569 1814 130 29 intended
723 1818 28 24 to

190 1856 118 29 conduct
332 1855 46 29 the
402 1855 123 29 business
539 1861 6 21 :
576 1853 80 38 Lyell
681 1852 70 30 Gold

191 1894 109 32 Mining
312 1895 153 34 Company.

156 1933 86 29 Area:
264 1934 30 28 15
308 1941 75 20 ncres
393 1933 16 28 3
421 1931 90 30 roods.

156 1971 141 38 Locality:
317 1973 84 29 Owen
419 1971 90 30 lliver.

158 2011 106 31 Mining
278 2011 130 27 District:
429 2009 100 28 Nelson
539 2009 187 28 South-West.

156 2048 115 28 General
296 2047 127 28 Remark!-
442 2054 5 20 :
468 2046 143 37 Formerly
630 2045 65 29 held
715 2044 36 38 by

191 2087 46 30 the
253 2086 81 31 Natal
347 2086 151 36 Company.

153 2164 86 28 Given
253 2162 88 31 under
353 2171 47 21 rnv
422 2162 84 33 hand,
520 2164 28 27 at
570 2161 181 34 Nelson,'this

117 2202 66 29 2Gth
205 2202 54 35 day
281 2202 30 28 of
331 2201 102 31 March,
447 2211 52 19 one
520 2200 137 30 thousand
677 2200 74 35 eight

116 2240 123 30 hundred
253 2240 53 30 and
321 2239 156 38 eighty-six.

212 2289 155 28 ALFRED
386 2287 262 33 GREENFIELD,

240 2326 216 32 Commissioner
466 2327 29 28 of
502 2327 97 29 Crown
614 2325 102 35 Lands,

324 2366 135 34 (Holding
470 2366 142 33 delegated
626 2366 124 34 powers.)

283 2443 119 33 Public
424 2443 152 33 Notices.

138 2528 104 29 BANK
260 2526 48 31 OF
327 2527 89 29 NEW
437 2527 125 30 SOUTH
582 2527 142 30 WALES.

127 2650 26 28 A
172 2649 25 29 N
212 2649 98 30 Officer
327 2649 71 30 from
411 2648 47 31 the
477 2648 139 38 Westport
633 2648 112 31 Branch

206 2701 31 29 of
245 2701 54 29 this
310 2701 104 29 BANK
423 2700 55 29 will
487 2700 64 29 visit
558 2700 79 38 Lyell
647 2700 42 29 for
700 2700 47 30 the

110 2761 117 26 purpose
240 2754 29 27 of
280 2753 170 34 transacting
464 2752 137 28 General
614 2754 132 26 Banking

111 2804 148 34 v.usiness,
296 2812 35 22 on
364 2802 217 36 THURSDAY,
610 2802 48 31 the
699 2803 48 29 Bth

141 2859 17 19 p
162 2858 73 32 r?IL,
270 2857 55 27 and
360 2857 107 27 remain
508 2857 43 27 till
594 2857 153 33 FRIDAY,

110 2906 77 34 DAY
215 2907 138 39 morning,
380 2906 50 31 9th
457 2905 88 40 Apri\

111 2992 79 30 THE
221 2991 194 30 NATIONAL
444 2989 105 31 BANK
579 2991 49 30 OF
658 2992 90 30 NEW

232 3043 189 34 ZEALAND,
445 3042 180 30 LIMITED.

112 3167 121 29 'PHIS
248 3166 103 30 BANK
358 3166 54 29 will
419 3166 33 29 be
459 3166 157 30 OPENED
629 3171 28 25 to
667 3167 79 30 BUY

201 3218 101 29 GOLD
322 3217 55 29 and
395 3218 194 30 TRANSACT
609 3218 137 30 General

146 3271 141 27 VNKING
318 3270 187 28 BUSINESS
537 3274 28 25 at
600 3271 80 35 Lyell
712 3280 36 20 on

117 3321 208 37 SATURDAY,
338 3321 65 32 10th
416 3322 54 40 day
482 3322 30 31 of
526 3323 124 35 APRIL,
663 3323 88 31 under

122 3377 34 27 lie
188 3377 100 35 charge
318 3377 32 28 of
377 3378 47 27 the
456 3376 118 30 Reefton
607 3378 142 37 Manager,

117 3427 23 27 1.
160 3426 99 29 Lewis.

411 3479 43 32 W.
475 3480 169 36 DYMOCK,

562 3535 152 35 Inspector.

266 3612 340 36 NOTIFICATION.

120 3696 633 67 BZ=XS3eJSBSi

377 3831 111 20 MF.SRR9.

121 3867 414 59 HALLbNSTEIN
588 3867 162 59 BROS.

139 3938 95 29 Desire
247 3944 29 24 to
288 3939 101 29 inform
403 3940 46 29 the
462 3941 134 29 residents
609 3942 31 28 of
657 3942 79 38 Lyell

188 3977 55 29 and
256 3978 184 37 surrounding
452 3979 119 31 districts
589 3980 60 30 that
667 3989 17 21 a

155 4038 227 31 RETAIL

474 4040 243 32 BRANCH

379 4100 35 23 OF
431 4101 56 22 THE

257 4139 113 38 NEW
393 4140 222 38 ZEALAND

123 4190 303 79 Clothing
455 4193 298 77 Factory

355 4290 59 23 HAM
436 4291 80 23 BEEN

122 4332 140 51 Opened
279 4332 37 39 in
342 4333 90 39 New
457 4333 191 53 Buildings
668 4347 85 27 near

185 4386 147 54 Empire
358 4387 117 50 Hotels
504 4388 180 55 Westport.

157 4509 70 28 Ls*
244 4508 45 29 All
313 4508 92 29 Goods
429 4513 28 24 at
481 4509 118 36 Factory
617 4510 100 29 Prices.

122 4614 43 30 All
179 4616 109 29 Gooocls
300 4626 45 20 are
360 4616 111 31 Marked
490 4619 29 28 in
541 4619 78 29 Plain
640 4620 113 35 Figures

419 4656 42 29 for

123 4701 235 41 83TNETT
399 4702 135 40 CASH
582 4703 173 41 ONLY!

149 4821 37 27 ny
198 4812 93 29 article
311 4814 163 36 purchased,
487 4814 55 29 and
555 4819 50 25 not
616 4815 138 38 approved

123 4852 35 27 oi,
184 4850 54 28 will
263 4851 33 27 be
321 4852 157 34 exchanged
502 4854 68 27 with
602 4854 47 27 the
679 4864 76 17 same

122 4893 128 34 courtesy
263 4889 65 30 with
344 4889 88 31 which
445 4895 21 25 it
479 4901 57 20 was
553 4890 69 36 sold,
635 4902 30 20 or
677 4892 23 29 if
710 4892 29 30 de-

182 4929 70 27 sired
266 4929 46 28 the
325 4939 101 26 money
439 4930 55 28 will
508 4931 32 28 he
553 4932 138 28 returned.

123 4965 59 29 The
196 4975 107 21 success
316 4967 91 29 winch
421 4968 50 30 has
484 4969 128 29 attended
626 4969 46 30 the
689 4970 66 29 New

160 5006 118 28 Zealand
304 5007 130 34 Clothing
459 5009 141 35 Factory's
631 5010 91 28 Retail

193 5043 141 30 Branches
358 5046 28 28 in
417 5045 140 36 Dunedin,
584 5046 89 30 Christ-

228 5083 114 30 church.
367 5083 177 36 Wellington,
564 5085 71 30 Auck-

261 5121 76 34 land,
349 5122 56 29 and
423 5123 79 28 other
522 5127 97 30 towns,

291 5160 76 30 leads
373 5160 46 30 the
426 5162 164 38 proprietors

332 5204 29 24 to
373 5200 103 28 believe
489 5202 61 27 that

360 5237 77 31 there
442 5238 83 30 exists

434 5286 17 21 a

125 5327 249 40 Praiseworthy
385 5328 111 32 desire
507 5338 46 23 on
563 5330 59 32 the
633 5333 78 37 part
722 5331 39 31 of

173 5371 58 33 the
243 5372 117 40 public
372 5374 37 30 to
421 5379 189 36 encourage
623 5375 87 34 New

254 5418 152 32 Zealand
429 5419 200 33 Industries.

127 5467 10 27 J
154 5467 128 36 specially
296 5467 90 30 where
399 5468 123 38 superior
534 5469 166 35 advantages
713 5480 44 20 are

161 5506 110 32 offered,
285 5507 54 29 and
357 5517 69 27 your
438 5513 114 33 support
564 5510 24 27 is
600 5509 124 30 solicited

230 5555 34 17 on
278 5545 54 28 this
351 5546 217 35 understanding
580 5548 75 35 only.

217 5597 35 31 T.
273 5597 437 43 BLENNERHASSETT,

325 5644 131 36 Manager
469 5645 140 39 Westport
621 5645 120 30 Branch.

127 5746 155 31 Wholesale
296 5747 96 30 Stocks
405 5752 28 25 to
445 5748 83 29 select
541 5751 69 27 lrom
622 5749 27 29 in
664 5749 36 29 all
708 5758 51 19 our

127 5786 8 28 1
153 5787 122 28 ranches.
314 5788 83 27 NOW
418 5788 109 33 OPEN,
552 5789 54 27 and
626 5789 47 28 the
692 5790 65 35 only

271 5826 112 29 address
395 5827 29 29 in
439 5827 137 37 Westport
589 5828 23 28 is

127 5880 28 36 I:
165 5892 47 25 aw
222 5878 179 48 Buildings
412 5891 84 27 near
505 5880 139 46 Empin
655 5880 104 40 Hotel

3640 2199 136 39 Mining
3793 2201 150 32 Notices.

3472 2275 149 30 UNITED
3640 2279 141 28 ALPINE
3795 2280 148 35 QUARTZ
3958 2282 145 28 MINING

3590 2330 187 36 COMPANY,
3797 2333 175 30 LIMITED.

3472 2433 108 28 milE
3605 2433 198 32 ORDINARY
3833 2436 268 30 HALF-YEARLY

3560 2486 177 30 MEETING
3776 2488 30 29 of
3842 2489 196 30 Shareholders
4074 2493 30 27 in

3469 2538 46 28 the
3529 2538 85 29 above
3628 2540 142 36 Company
3791 2542 56 27 will
3870 2542 33 28 be
3925 2543 63 28 held
4007 2550 30 22 at
4058 2544 46 27 the

3469 2588 159 36 Registered
3653 2591 82 28 Office
3765 2592 30 28 of
3822 2593 47 28 the
3902 2593 151 37 Company,
4076 2597 28 25 at

3469 2640 88 39 Lyell,
3582 2652 36 21 on
3643 2643 152 36 FRIDAY,
3831 2646 47 29 the
3902 2645 65 31 80th
3993 2647 53 37 day
4076 2647 28 29 of

3470 2695 123 33 APRIL,
3608 2698 77 31 188G,
3697 2703 30 23 at
3738 2700 17 26 2
3769 2698 112 34 o'elock,
3890 2708 67 28 p.m.

3709 2799 140 31 Business
3859 2808 7 22 :

3541 2853 40 28 To
3610 2855 104 27 receive
3744 2855 145 28 Directors'
3923 2856 103 34 Report
4050 2856 54 27 ami

3612 2903 117 30 Balance
3742 2904 101 36 Sheet;
3862 2905 56 29 and

3541 2956 40 29 To
3593 2957 70 30 elect
3676 2957 139 30 Directors
3827 2959 55 28 and
3894 2960 137 28 Auditors.

3720 3009 122 28 JAMES
3861 3010 140 34 INGLIS,

3931 3061 140 35 Manager.

3506 3108 89 38 Lyell,
3608 3110 65 30 20th
3689 3110 106 36 March,
3809 3113 45 29 188
3854 3113 31 29 G.

3470 3201 74 27 TYR
3573 3202 177 28 CONNELL
3780 3203 148 35 QUARTZ
3961 3205 144 28 MINING

3599 3255 190 33 COMPANY,
3802 3256 176 28 LIMITED.

3472 3357 109 30 mHE
3611 3359 197 30 ORDINARY
3838 3361 268 30 HALF-YEARLY

3563 3410 176 28 MEETING
3752 3412 30 26 of
3801 3412 198 28 Shareholders
4017 3415 29 25 in
4059 3413 46 28 the

3470 3458 86 31 above
3587 3460 143 39 Company
3759 3462 56 30 will
3844 3462 33 30 be
3904 3463 65 29 held
3998 3468 29 25 at
4057 3464 48 30 the

3471 3513 159 36 Registeied
3660 3515 84 30 Office
3773 3516 31 29 of
3827 3516 47 30 the
3899 3517 154 37 Company,
4077 3523 29 24 at

3470 3566 88 36 Lyell,
3586 3575 37 19 on
3647 3568 216 32 THURSDAY,
3888 3570 66 27 29th
3980 3571 126 33 APRIL,

3472 3626 29 21 at
3512 3619 17 29 8
3542 3617 112 38 o'clock,
3667 3629 67 28 p.m.

3703 3726 140 29 Business
3853 3735 7 20 :

3538 3776 41 30 To
3608 3777 105 30 receive
3743 3778 146 30 Directors'
3916 3779 102 39 Report
4049 3781 55 29 and

3608 3830 120 30 Balanco
3743 3831 100 35 Sheet;
3861 3833 56 28 and

3538 3882 40 29 To
3590 3883 68 30 elect
3671 3883 138 30 Directors
3817 3885 54 28 and
3884 3885 137 30 Auditors.

3716 3936 123 31 JAMES
3858 3938 141 34 INGLIS,

3926 3991 141 37 Manager.

3504 4038 90 37 Lyell,
3608 4040 42 28 Ist
3662 4040 85 35 April,
3763 4043 45 28 188
3808 4043 30 28 G.

3472 4123 147 28 UNITED
3647 4123 113 30 ITALY
3784 4126 148 34 QUARTZ
3960 4128 144 28 MINING

3591 4175 191 35 COMPANY,
3802 4177 175 30 LIMITED.

3473 4280 109 30 rTIIIE
3611 4282 198 30 ORDINARY
3839 4283 266 30 HALF-YEARLY

3573 4333 176 30 MEETING
3762 4334 28 29 of
3802 4335 196 30 Shareholders
4017 4337 28 28 in
4058 4337 47 28 the

3472 4384 86 30 above
3588 4386 145 38 Company
3763 4387 55 29 will
3848 4387 33 30 be
3913 4388 64 29 held
4001 4392 29 25 at
4060 4389 47 30 the

3473 4438 158 37 Registered
3655 4440 84 29 Office
3763 4441 31 29 of
3821 4442 47 28 the
3895 4442 152 38 Company,
4078 4447 30 24 at

3471 4491 89 36 Lyell,
3584 4501 36 19 on
3644 4493 216 33 THURSDAY,
3886 4494 66 29 29th
3981 4494 125 35 APRIL,

3474 4544 75 33 1886,
3563 4549 28 23 at
3603 4546 17 26 6
3633 4545 113 34 o'clock,
3760 4555 66 27 p.m.

3708 4650 140 28 Business
3862 4660 6 18 :

3539 4701 41 29 To
3609 4702 103 28 receive
3737 4703 148 29 Directors'
3918 4703 101 38 Report
4049 4703 55 29 and

3609 4753 121 30 Balance
3744 4755 101 34 Sheet;
3864 4756 55 28 and

3539 4805 40 30 To
3591 4806 68 29 elect
3672 4807 140 30 Directors
3824 4809 55 29 and
3892 4809 139 29 Auditor?.

3711 4859 124 29 JAMES
3860 4861 141 34 INGLIS,

3929 4915 139 35 Manager.

3504 4961 89 37 Lyell,
3607 4964 40 27 Ist
3661 4964 84 37 April,
3762 4964 74 29 1886.

3469 5045 79 30 THE
3582 5046 155 30 CRCESUS
3774 5049 148 35 QUARTZ
3961 5051 145 30 MINING

3590 5099 189 35 COMPANY,
3798 5102 177 29 LIMITED.

3472 5204 109 27 ITIHE
3603 5205 199 28 ORDINARY
3833 5207 271 30 HALF-YEARLY

3563 5254 175 31 MEETING
3752 5257 30 29 of
3801 5257 195 32 Shareholders
4016 5259 29 30 in
4058 5260 46 29 the

3469 5307 85 29 above
3584 5309 144 36 Company
3753 5310 57 29 will
3842 5312 33 28 be
3905 5313 64 28 held
4000 5318 28 23 at
4059 5315 47 27 the

3471 5359 158 37 Registered
3659 5362 83 28 Oifice
3769 5363 30 28 of
3819 5364 47 29 the
3896 5365 155 37 Company,
4076 5370 30 24 at

3469 5412 88 35 Lyell,
3582 5423 35 19 on
3641 5415 209 35 SATURDAY,
3873 5417 46 28 the
3942 5419 41 27 Ist
4003 5418 54 36 day
4078 5419 30 28 of

3471 5463 90 36 MAY,
3575 5467 77 32 1886,
3666 5471 28 25 at
3708 5468 33 28 10
3878 5479 65 18 a.m.

3707 5572 140 29 Business
3859 5581 7 20 :

3538 5622 41 29 To
3608 5624 103 29 receive
3742 5625 147 30 Directors'
3915 5626 104 39 Report
4049 5627 55 30 and

3608 5677 121 28 Balance
3743 5678 102 32 Sheet;
3864 5680 56 26 and

3540 5727 40 28 To
3593 5727 69 29 elect
3675 5728 140 30 Directors
3827 5731 56 28 and
3897 5731 138 29 Auditors.

3720 5783 123 30 JAMES
3862 5784 141 34 INGLIS,

3932 5837 141 38 Manager.

3507 5886 88 36 Lyell,
3612 5887 40 28 let
3665 5887 86 35 April,
3767 5889 74 28 1886.
