3290 4320
972 1701 57 19 THE
1048 1701 57 19 HOT
1124 1701 94 19 LAKES
1237 1701 170 19 CHRONICLE

972 1737 435 13 AND

972 1767 218 20 Tourists'
1214 1767 193 20 Journal.

1062 1828 60 19 fact
1137 1828 15 19 I
1167 1828 60 19 will

1018 1880 170 20 WEDNESDAY,
1202 1881 56 16 MAY
1267 1882 29 19 29,
1308 1882 51 17 1895.

970 1929 118 16 According
1099 1931 20 14 to
1129 1928 35 17 the
1177 1927 64 18 scribe
1253 1928 45 18 who
1309 1928 66 19 writes
1386 1932 20 15 to

969 1953 33 18 the
1015 1953 78 19 Herald
1105 1954 64 17 under
1182 1954 33 18 the
1232 1959 47 13 noai
1296 1954 25 19 do
1336 1954 70 26 plume

969 1980 21 17 of
1168 1980 35 18 the
1227 1980 139 25 storekeepers
1385 1982 21 17 of

968 2005 92 19 llotorua
1070 2012 33 12 are
1114 2008 35 16 not
1158 2006 83 24 pleased
1252 2006 46 19 that
1305 2006 35 19 the
1359 2013 34 18 pro-

968 2030 82 24 visions,
1063 2033 40 21 &c,
1114 2032 94 24 required
1219 2032 30 18 for
1265 2032 34 19 the
1316 2038 78 20 co-oper-

968 2056 54 21 ative
1035 2058 83 18 navvies
1128 2062 21 14 at
1160 2057 84 20 Galatea
1255 2065 33 12 are
1306 2062 36 15 not
1358 2066 35 18 pur-

968 2083 74 19 chased
1051 2084 90 24 through
1152 2084 61 18 thorn.
1241 2084 27 18 Of
1277 2090 71 13 course
1357 2086 47 23 they

968 2116 34 12 are
1018 2110 37 18 not
1070 2109 88 25 pleased,
1171 2109 78 19 neither
1267 2110 66 19 would
1351 2110 39 20 Mer-

967 2135 72 19 cutio's
1050 2135 113 25 employers
1175 2135 24 19 be
1209 2135 82 25 pleased
1300 2139 20 15 to
1331 2143 32 13 see
1376 2138 28 18 all

968 2161 34 19 the
1012 2161 36 25 job
1060 2162 92 25 printing
1164 2161 21 19 in
1202 2161 107 20 Auckland
1328 2163 77 26 sliding

968 2194 47 10 over
1025 2190 21 15 to
1055 2188 34 17 the
1099 2187 47 17 Star
1157 2187 61 17 office.
1241 2187 40 17 Hut
1291 2188 18 16 in

969 2213 48 19 with
1028 2214 35 19 the
1073 2213 95 26 question
1180 2214 21 18 of
1217 2213 35 19 the
1269 2215 135 24 unemployed

968 2239 34 19 the
1013 2239 139 26 storekeepers
1162 2239 21 20 of
1192 2239 91 19 llotorua
1293 2247 34 12 nro
1338 2248 66 12 aware

968 2265 45 19 that
1023 2266 16 18 it
1055 2266 17 18 is
1086 2265 117 20 incumbent
1222 2272 25 12 on
1263 2266 35 18 the
1314 2267 76 19 Govern-

968 2296 55 14 ment
1032 2294 21 16 to
1065 2292 41 24 buy
1116 2292 20 18 in
1154 2291 33 20 the
1203 2292 96 25 cheapest
1317 2294 85 22 market,

968 2317 40 20 and
1025 2318 46 19 that
1087 2318 34 19 the
1138 2318 113 24 exigencies
1265 2319 21 18 of
1305 2319 35 19 the
1359 2326 45 12 case

968 2344 74 24 permit
1050 2347 35 16 the
1108 2348 89 21 greatest
1221 2344 86 19 latitudo
1331 2345 20 19 in
1369 2346 35 19 the

968 2370 58 19 mode
1035 2370 23 19 of
1067 2371 80 25 supply.
1182 2370 41 19 The
1244 2377 45 12 men
1309 2371 94 26 working

968 2398 20 16 at
999 2396 86 19 Galatea
1095 2403 33 12 are
1147 2396 99 25 regarded
1266 2396 48 19 hero
1330 2397 20 19 in
1368 2398 35 19 the

968 2428 54 13 same
1033 2422 55 25 light
1095 2429 23 12 as
1126 2423 16 18 if
1160 2424 48 23 they
1224 2429 51 12 were
1291 2430 12 12 a
1320 2424 72 19 detach-

968 2451 55 16 ment
1035 2450 22 17 of
1067 2452 68 22 troops
1145 2455 23 12 or
1181 2448 68 25 police.
1288 2449 63 20 What
1368 2451 34 19 the

968 2474 139 26 storekeepers
1117 2481 21 12 or
1147 2475 92 18 llotorua
1250 2475 65 20 would
1329 2476 42 19 like
1383 2479 20 16 to

968 2507 32 12 see
1013 2500 21 19 in
1044 2500 41 19 this
1095 2504 72 16 matter
1177 2501 17 18 is
1215 2501 45 19 that
1276 2502 82 19 tenders
1371 2503 33 18 for

968 2526 90 26 supplies
1070 2528 21 18 be
1101 2527 65 18 called
1175 2527 20 18 in
1215 2527 74 24 future,
1303 2528 32 19 for
1353 2529 49 24 they

967 2558 34 13 are
1021 2553 114 24 persuaded
1165 2553 48 24 they
1243 2559 37 13 can
1311 2559 91 20 compete

968 2578 107 25 favorably
1086 2579 20 19 in
1114 2579 40 19 this
1162 2581 77 23 respect
1246 2579 68 25 owing
1321 2583 20 16 to
1350 2582 53 18 their

967 2605 92 24 superior
1068 2605 119 26 knowledge
1198 2606 21 18 of
1231 2606 35 18 the
1276 2606 65 23 roads,
1361 2608 40 23 &c,

968 2631 65 19 which
1042 2631 67 19 would
1121 2631 23 19 be
1155 2638 12 12 a
1176 2632 65 18 factor
1249 2632 21 18 in
1279 2632 86 26 making
1375 2639 27 19 up

968 2657 69 24 prices.
1065 2658 33 18 An
1115 2657 113 19 individual
1246 2657 66 20 called
1329 2661 21 17 at
1368 2660 34 19 the

967 2682 119 20 CnrtONicxK
1108 2683 60 20 Office
1187 2690 37 12 one
1248 2684 39 24 day
1312 2686 90 24 recently

969 2710 108 25 breathing
1085 2709 34 19 the
1128 2709 102 27 language
1239 2711 21 18 of

968 2734 36 19 but
1014 2742 21 12 as
1046 2736 25 18 he
1082 2742 41 13 was
1133 2742 54 12 more
1197 2736 40 18 like
1252 2743 12 11 a
1277 2737 123 25 discharged

966 2763 137 23 co-operative
1114 2762 49 18 than
1173 2769 12 11 a
1192 2762 129 25 storekeeper
1331 2770 28 12 we
1367 2764 35 19 did

966 2791 36 14 not
1018 2794 40 18 pay
1075 2789 60 17 much
1152 2788 51 19 heed
1220 2791 21 15 to
1256 2788 32 19 his
1303 2790 98 18 remarks.

967 2813 101 19 However
1078 2814 25 18 he
1114 2818 54 15 must
1178 2814 51 19 have
1239 2817 35 22 got
1284 2815 20 20 th
1028 2815 42 20 9
1071 2817 293 18 ear
1381 2817 21 18 of

966 2845 55 13 some
1030 2846 38 12 one
1077 2847 22 11 as
1110 2846 26 13 on
1147 2840 34 18 the
1194 2840 105 26 following
1314 2841 40 24 day
1368 2843 34 18 the

966 2865 100 25 telegram
1074 2866 101 25 appeared
1180 2873 24 12 on
1213 2866 64 19 which
1281 2867 34 19 the
1323 2867 78 20 Herald

966 2892 68 19 writer
1044 2892 58 19 bases
1114 2892 30 19 his
1155 2892 96 19 remarks.

965 2948 43 16 Tin-:
1018 2947 85 24 Railway
1112 2949 126 22 Department
1245 2949 34 17 has
1288 2955 44 11 seen
1344 2950 23 17 fit
1382 2951 18 17 to

965 2971 105 18 reconsider
1083 2972 24 17 its
1122 2972 80 22 position
1217 2972 20 17 in
1250 2973 68 21 regard
1335 2974 19 16 to
1371 2972 20 19 in-

964 2994 75 18 creased
1048 3000 64 13 means
1121 2996 20 16 of
1149 2996 158 17 communication
1315 2996 85 17 between

964 3018 100 17 Auckland
1073 3018 37 17 and
1120 3019 89 16 Rotoruu.
1234 3019 38 17 The
1278 3019 53 22 large
1339 3026 61 11 access

964 3041 20 16 of
992 3041 60 23 goods
1064 3041 60 18 traffic
1136 3041 84 18 between
1235 3041 32 18 the
1283 3043 39 16 two
1338 3043 62 21 places

964 3064 33 17 has
1006 3070 24 11 no
1039 3064 61 18 doubt
1109 3064 66 17 shown
1183 3065 32 16 the
1228 3065 74 23 futility
1314 3066 20 17 of
1345 3066 44 17 wait-

963 3087 34 23 ing
1006 3088 49 16 until
1064 3088 32 17 the
1104 3088 68 17 tourist
1188 3093 66 12 season
1267 3094 58 17 opens
1338 3089 38 17 and
1389 3095 11 11 a

964 3111 73 22 change
1046 3111 38 17 will
1093 3111 43 17 take
1144 3111 52 22 place
1205 3117 24 11 on
1235 3111 37 17 and
1279 3112 49 17 after
1333 3112 55 17 Satur-

963 3133 37 23 day
1016 3135 52 19 next,
1086 3134 50 17 June
1155 3135 14 16 1.
1202 3134 100 23 Although
1321 3141 11 11 a
1349 3135 51 23 daily

962 3158 51 16 train
1021 3158 34 16 has
1064 3159 34 16 not
1106 3157 47 17 been
1162 3157 77 17 decided
1247 3163 52 17 upon
1313 3159 38 16 two
1365 3159 23 16 ad-

962 3180 80 18 ditional
1057 3180 59 18 trains
1130 3180 38 17 will
1182 3180 23 17 be
1218 3186 42 15 run,
1275 3181 61 17 which
1353 3182 46 17 with

962 3203 33 17 the
1003 3203 55 17 other
1066 3204 53 16 three
1131 3209 44 11 now
1187 3203 92 18 available
1292 3205 39 16 will
1347 3205 52 17 leave

962 3226 100 18 Auckland
1070 3227 45 17 each
1124 3227 37 21 day
1169 3228 68 20 except
1245 3227 70 22 Friday
1323 3229 21 16 at
1357 3229 42 16 9.35

962 3256 44 11 a.m.
1023 3250 85 23 arriving
1124 3250 20 17 in
1160 3250 84 17 Rotorua
1260 3252 21 15 at
1298 3252 40 16 7.15
1352 3257 46 16 p.m.

962 3273 39 17 The
1009 3279 77 16 express
1093 3273 50 17 train
1150 3273 49 17 from
1206 3273 99 17 Auckland
1310 3280 25 11 on
1340 3274 47 17 Tues-

962 3296 47 22 days
1017 3296 38 17 and
1064 3297 43 16 that
1115 3296 48 17 from
1171 3297 85 16 llotorua
1268 3303 25 11 on
1305 3297 94 23 Mondays

963 3320 38 17 will
1009 3320 23 16 be
1041 3319 137 20 discontinued,
1187 3319 89 22 ordinary
1284 3320 59 17 trains
1355 3319 33 18 tak-

962 3342 35 23 ing
1003 3342 112 23 theirpiace.
1124 3343 39 17 The
1169 3342 110 18 trainsfrom
1286 3343 113 18 Rotoruaon

962 3366 100 22 Mondays,
1077 3365 125 22 Wednesdays
1215 3365 37 17 and
1267 3366 78 22 Fridays
1361 3366 38 18 will

962 3388 52 18 leave
1022 3391 21 15 at
1051 3389 11 17 9
1071 3395 51 14 a.m.,
1133 3389 83 22 arriving
1229 3389 19 16 in
1263 3389 100 18 Auckland
1377 3391 21 16 at

962 3412 41 17 7.50
1011 3418 54 16 p.m.,
1075 3412 38 17 and
1125 3418 25 11 on
1162 3412 96 21 Tuesdays
1274 3412 38 17 and
1328 3413 59 17 Thurs-

962 3434 46 23 days
1016 3437 21 15 at
1045 3436 41 17 4.45
1096 3441 43 11 a.m.
1149 3434 84 23 arriving
1241 3435 19 17 in
1269 3435 99 18 Auckland
1376 3438 22 15 at

962 3459 41 16 li.ai)
1018 3464 45 17 p.m.
1089 3459 26 16 As
1127 3464 27 10 we
1172 3458 38 16 will
1227 3457 44 17 thus
1288 3459 111 22 practically

962 3481 47 17 have
1018 3487 12 12 a
1042 3481 52 23 daily
1107 3481 69 17 service
1189 3481 46 17 with
1251 3481 31 17 the
1300 3482 99 22 exception

962 3505 20 16 of
990 3510 35 11 one
1033 3504 39 23 day
1079 3505 20 16 in
1108 3504 32 17 the
1148 3504 52 17 week
1208 3504 15 17 it
1232 3504 15 17 is
1262 3506 19 15 to
1296 3505 23 16 he
1336 3504 63 24 hoped

961 3528 43 16 that
1012 3528 33 17 the
1054 3528 46 17 Post
1106 3527 58 17 Office
1170 3527 110 17 authorities
1286 3528 38 17 will
1332 3534 55 17 recog-

961 3551 40 17 nise
1009 3551 33 17 the
1050 3550 122 22 advisability
1180 3551 20 16 of
1208 3550 111 23 instituting
1326 3557 12 10 a
1346 3553 52 15 town

961 3574 84 22 delivery
1053 3575 21 16 of
1088 3574 70 17 letters.
1188 3573 65 18 Under
1266 3574 32 17 the
1312 3580 42 11 new
1366 3580 21 11 ar-

961 3600 113 19 rangement
1088 3596 52 18 there
1155 3596 38 18 will
1202 3601 25 12 no
1243 3596 67 23 longer
1326 3596 23 18 be
1366 3597 32 17 the

961 3620 92 22 necessity
1062 3620 20 17 of
1090 3619 80 22 rushing
1178 3620 20 16 to
1207 3619 32 17 the
1248 3619 47 17 Post
1303 3620 57 17 Office
1369 3620 30 17 for

961 3643 66 17 letters
1042 3648 21 12 so
1079 3643 44 17 that
1142 3642 45 22 they
1203 3648 44 16 may
1263 3642 23 17 be
1302 3643 97 17 answered

962 3666 105 21 forthwith,
1077 3666 63 17 unless
1144 3666 20 16 in
1170 3671 50 12 cases
1227 3666 20 16 of
1255 3665 38 18 dire
1299 3666 98 22 necessity.

962 3689 39 17 The
1015 3689 125 22 establishing
1154 3689 20 17 of
1187 3694 12 11 a
1211 3694 68 17 proper
1292 3690 70 21 system
1378 3690 21 16 of

962 3712 61 22 postal
1043 3712 84 22 delivery
1147 3711 62 17 would
1230 3711 73 17 besides
1324 3712 74 22 greatly

961 3735 86 23 simplify
1055 3735 33 17 the
1095 3735 52 17 work
1155 3735 21 16 of
1184 3734 32 17 the
1222 3734 48 17 local
1277 3735 77 17 officials
1361 3735 38 17 and

962 3760 79 20 prevent
1048 3758 57 17 much
1114 3758 20 17 of
1146 3758 32 17 the
1193 3758 98 16 confusion
1305 3758 61 17 which
1382 3758 15 17 is

961 3787 21 11 so
990 3782 94 20 apparent
1091 3787 25 11 on
1125 3781 44 17 mail
1178 3781 70 21 nights.

961 3827 45 18 TnE
1021 3828 92 22 necessity
1130 3829 20 16 of
1165 3827 33 17 the
1213 3827 99 18 extension
1329 3828 20 17 of
1365 3828 32 17 the

962 3851 98 22 telegraph
1080 3851 68 17 service
1170 3852 20 15 to
1212 3850 79 18 Galatea
1307 3851 16 17 is
1339 3851 58 23 again

961 3874 84 22 brought
1053 3873 128 23 prominently
1188 3874 64 16 before
1266 3874 33 17 the
1315 3874 81 17 district.

961 3897 27 17 At
995 3898 77 21 present
1080 3896 70 23 during
1162 3897 32 17 the
1209 3896 88 18 TJrewera
1313 3897 84 17 troubles

962 3920 68 22 special
1038 3920 62 22 relays
1108 3920 21 17 of
1136 3920 64 16 horses
1210 3919 39 17 and
1257 3926 43 10 men
1313 3920 47 17 have
1377 3922 20 15 to

961 3943 23 17 be
993 3943 46 22 kept
1047 3943 59 23 going
1115 3944 20 16 to
1143 3948 53 16 carry
1204 3942 33 17 the
1243 3947 51 12 news
1301 3943 37 17 and
1343 3943 55 17 other

961 3966 85 17 business
1055 3968 20 15 to
1084 3966 90 17 Rotorua.
1198 3965 45 17 Tbis
1251 3967 52 15 must
1311 3968 40 15 cost
1365 3966 33 17 the

962 3989 128 17 Government
1104 3995 13 11 a
1132 3988 127 18 considerable
1278 3994 42 12 sum
1336 3989 62 17 which

961 4011 63 18 would
1033 4012 23 17 be
1065 4012 42 17 well
1120 4011 98 23 expended
1230 4011 20 18 in
1266 4011 80 23 making
1359 4011 39 18 this

960 4035 44 17 line.
1029 4035 69 23 Again,
1113 4035 15 16 if
1142 4035 32 17 the
1187 4034 129 17 Government
1330 4034 68 18 intend

961 4058 89 23 carrying
1057 4059 35 17 out
1100 4058 50 17 their
1157 4058 76 21 present
1240 4057 64 22 policy
1312 4058 20 17 of
1338 4063 48 17 open-

960 4081 35 23 ing
1010 4086 26 17 up
1052 4081 33 17 the
1101 4081 89 17 Urewera
1206 4081 81 21 country
1303 4086 20 11 so
1340 4086 20 12 as
1377 4082 20 16 to

960 4104 109 22 eventually
1076 4104 92 22 purchaso
1176 4104 15 17 it
1199 4109 29 11 we
1236 4103 56 17 think
1305 4104 32 17 the
1351 4104 46 17 time

1439 135 34 16 hits
1482 130 72 21 arrived
1562 130 26 17 for
1602 134 11 11 a
1626 127 63 17 better
1702 131 65 12 means
1782 125 19 16 of
1817 130 39 11 com-

1440 154 114 17 munication
1563 154 19 16 to
1588 151 20 18 be
1616 149 121 19 established.
1770 147 38 18 The
1824 153 33 15 pre-

1440 176 41 13 sent
1488 174 38 16 line
1534 176 52 17 could
1594 175 20 16 bo
1622 173 72 23 tapped
1702 178 24 11 on
1732 172 32 16 the
1772 171 95 16 Rotorua-

1439 195 64 22 Taupo
1512 197 48 22 wire,
1570 198 62 17 within
1641 194 121 25 twenty-five
1781 193 52 17 miles
1848 193 20 15 of

1439 217 32 17 the
1480 218 75 21 Galatea
1564 221 126 18 schoolhouse.
1700 225 20 11 as
1725 219 33 17 the
1764 222 48 12 crow
1821 216 46 18 ilies,

1438 241 36 17 nd
1483 243 31 17 tlie
1526 244 114 23 advantages
1653 242 69 21 would,
1741 248 20 10 as
1777 246 28 11 we
1821 240 48 16 have

1438 264 68 21 shown,
1516 273 51 12 more
1575 268 46 17 than
1630 266 119 24 compensate
1756 264 32 16 the
1797 262 71 22 outlay.

1437 287 36 17 'Die
1483 291 96 16 extension
1588 292 20 16 of
1615 291 39 17 this
1662 289 56 18 could
1726 289 23 17 be
1766 286 71 18 carried
1845 291 24 11 on

1436 312 18 14 to
1464 312 24 16 To
1497 312 70 18 Whaita
1576 314 61 15 where
1646 313 32 16 the
1690 311 127 17 Government
1825 314 33 16 pro-

1434 339 45 14 pose
1487 334 84 20 erecting
1579 340 11 9 a
1598 333 129 16 schoolhouse.
1738 331 37 16 and
1784 331 44 15 thus
1838 330 31 16 the

1435 354 87 16 Urewera
1536 356 79 17 country
1633 353 61 16 would
1711 353 23 15 he
1751 351 84 21 brought
1850 351 19 16 in

1434 375 56 14 touch
1500 373 44 17 with
1554 373 113 18 civilization
1677 373 73 17 instead
1761 375 20 15 of
1789 373 69 17 remain-

1434 396 33 21 ing
1475 402 11 9 a
1494 398 51 14 terra
1553 396 97 21 incognita
1658 403 20 9 as
1687 399 19 14 at
1718 398 81 20 present.

1445 445 103 24 LOCAL
1562 445 84 24 NEWS
1667 445 63 24 AND
1751 445 104 24 NOTES

1456 509 39 16 The
1516 510 44 16 Rev.
1583 511 21 17 F.
1629 511 67 23 Finlay
1723 513 20 16 of
1768 512 101 17 Pukckohc

1433 532 92 22 preached
1528 535 21 14 to
1553 534 48 20 good
1606 535 145 21 congregations
1755 535 46 17 botli
1806 541 50 11 morn-

1433 555 34 22 ing
1474 554 38 18 and
1521 556 80 22 evening
1615 556 19 17 in
1649 557 32 17 the
1695 558 122 17 schoolhouse
1833 558 37 17 last

1434 578 84 22 Sunday.

1456 610 39 16 The
1504 610 45 16 Rev.
1563 610 21 16 F.
1599 610 26 17 H.
1640 610 81 22 Spencer
1734 611 92 23 preached
1841 612 29 16 for

1434 632 32 18 the
1474 633 37 17 last
1520 633 44 17 time
1573 633 51 22 prior
1633 636 19 14 to
1664 633 28 17 his
1706 633 100 24 departure
1821 634 48 17 from

1434 656 84 17 Rotorua
1534 656 19 17 in
1568 656 32 17 the
1615 656 75 17 Church
1704 658 20 15 of
1741 657 88 22 England
1845 663 25 10 on

1434 679 77 22 Sunday
1520 679 41 16 last.
1587 679 31 16 Mr
1627 679 82 22 Spencer
1717 680 34 16 left
1764 680 29 16 for
1807 680 50 17 Auck-

1434 702 44 17 land
1487 702 38 17 this
1534 702 88 22 morning
1627 709 23 10 en
1657 704 54 16 route
1718 703 30 16 for
1757 703 46 16 New
1810 703 59 17 South

1434 725 61 17 Wales
1504 725 37 17 and
1547 725 38 17 will
1591 725 23 17 be
1621 725 67 17 absent
1695 726 29 16 for
1731 726 53 16 three
1788 726 81 16 mouths.

1456 756 39 18 The
1507 757 126 22 temperature
1648 759 20 15 at
1685 757 32 17 the
1734 757 70 17 Priests
1820 757 49 17 Bath

1434 780 69 20 during
1511 780 33 16 the
1552 781 42 21 past
1603 781 51 16 week
1663 781 72 22 ranged
1747 781 48 16 from
1812 781 22 15 !>!
1850 782 20 14 to

1436 803 31 17 108
1477 803 43 22 dog.
1546 803 38 17 The
1593 803 75 18 rainfall
1678 805 29 16 for
1714 804 32 17 the
1752 810 50 11 same
1807 803 63 22 period

1434 826 101 17 amounted
1544 828 21 15 to
1575 827 39 16 P33
1622 827 51 17 inch.

1457 854 30 16 On
1494 853 37 17 and
1539 854 50 16 after
1603 855 28 16 Ist
1642 854 51 17 June
1714 854 54 17 mails
1789 854 37 16 will
1847 853 23 17 be

1434 876 54 17 made
1497 883 26 16 up
1531 878 19 16 at
1559 877 32 17 the
1600 877 48 17 local
1655 878 43 22 post
1706 878 53 16 office
1764 883 20 11 as
1791 877 79 17 follows:

1434 900 37 16 For
1480 900 86 16 Vi'aikato
1575 899 37 19 and
1621 901 106 18 Auckland.
1734 900 93 21 Mondays
1834 900 36 16 and

1434 922 126 24 Wednesdays
1569 925 10 13 S
1588 930 45 11 a.m.
1642 924 38 17 and
1690 925 9 16 7
1711 930 18 16 p.
1740 929 24 13 ni,
1775 922 4 24 :
1793 923 77 22 Fridays

1435 948 19 14 at
1464 948 10 13 8
1483 953 44 10 a.m.

1457 978 33 17 We
1499 980 62 20 regret
1567 980 20 15 to
1595 984 98 11 announce
1699 979 32 16 the
1737 978 56 17 death
1803 979 19 16 of
1831 979 39 16 Mrs

1434 1001 108 21 Houghton,
1553 1007 23 10 an
1587 1001 31 18 old
1640 1002 81 16 resident
1739 1002 21 17 of
1781 1002 88 19 Kotorua,

1434 1024 60 17 which
1504 1024 44 17 took
1557 1024 53 22 place
1618 1025 20 16 in
1660 1025 76 22 Sydney
1757 1024 60 18 where
1839 1025 31 17 she

1434 1047 101 22 proceeded
1545 1048 48 16 after
1601 1047 33 18 the
1643 1048 57 16 death
1707 1048 20 16 of
1735 1048 34 16 her
1777 1048 92 17 husband.

1457 1076 23 16 In
1490 1076 46 16 view
1545 1076 20 16 of
1574 1075 31 19 the
1614 1077 39 16 fact
1662 1076 44 18 that
1714 1077 87 21 building
1815 1082 44 17 oper-

1434 1099 61 17 ations
1503 1106 31 9 arc
1544 1098 57 24 being
1610 1100 71 16 carried
1690 1107 24 10 on
1725 1101 43 16 with
1776 1101 94 16 increased

1434 1122 54 21 vigor
1496 1122 69 17 Messrs
1575 1122 46 17 Karl
1631 1123 51 17 Bros,
1693 1123 37 18 and
1739 1124 90 17 Williams
1835 1130 23 11 an-

1433 1151 73 11 nounce
1514 1145 19 17 in
1542 1145 79 18 another
1636 1146 75 17 column
1725 1148 43 16 that
1781 1147 44 22 they
1839 1153 31 10 are

1433 1167 90 24 prepared
1534 1171 19 14 to
1562 1169 70 17 deliver
1645 1170 19 16 in
1680 1172 57 16 town,
1753 1172 79 19 country
1849 1176 21 10 or

1433 1193 19 15 at
1462 1192 69 17 station
1541 1192 67 17 timber
1615 1193 20 16 of
1644 1193 32 16 the
1690 1193 42 17 best
1745 1192 72 23 quality
1833 1193 36 16 and

1433 1214 55 17 finish
1497 1216 19 15 at
1526 1215 32 16 the
1574 1215 65 17 lowest
1653 1218 75 15 current
1744 1217 54 15 rates.
1831 1215 39 17 The

1433 1238 57 16 firm's
1499 1238 88 17 sawmills
1596 1245 31 10 are
1637 1238 82 18 situated
1728 1239 18 17 in
1756 1239 32 16 the
1795 1239 62 16 Marae-

1433 1267 32 10 roa
1478 1262 71 16 Oturoa
1558 1261 48 17 bush
1616 1261 60 17 which
1685 1262 16 16 is
1714 1261 58 19 noted
1782 1262 30 16 for
1824 1268 34 10 con-

1433 1284 74 22 taining
1516 1284 31 17 the
1556 1285 40 16 best
1606 1285 56 17 I'imu
1671 1285 117 22 procurable.

1455 1316 39 17 The
1503 1316 85 21 dressing
1599 1316 58 17 boxes
1666 1318 21 15 at
1695 1317 32 17 the
1734 1316 47 18 New
1787 1316 83 22 Sulphur

1433 1339 59 17 Baths
1500 1344 32 13 are
1540 1345 41 11 now
1591 1339 26 17 all
1631 1339 54 17 fitted
1702 1340 46 16 with
1767 1342 48 14 seats
1832 1339 37 17 and

1433 1362 61 19 doors,
1501 1362 38 17 and
1547 1362 16 17 it
1572 1363 14 16 is
1595 1362 140 24 contemplated
1744 1363 63 17 before
1823 1363 46 21 long

1433 1387 19 15 to
1461 1386 78 17 connect
1548 1392 10 10 a
1568 1385 42 24 pipe
1624 1387 46 16 with
1680 1386 31 17 the
1721 1386 51 17 main
1781 1388 19 15 to
1809 1386 50 17 intro-

1432 1409 47 17 duce
1488 1416 11 9 a
1507 1409 68 22 supply
1584 1410 20 16 of
1617 1409 42 17 cold
1676 1412 59 14 water
1752 1410 29 16 for
1797 1410 72 16 shower

1432 1432 37 17 and
1478 1432 72 17 douche
1559 1437 95 18 purposes.
1681 1433 19 17 It
1709 1433 14 16 is
1732 1433 40 17 also
1781 1433 38 16 said
1827 1433 41 16 that

1432 1461 11 10 a
1459 1457 92 20 tramway
1568 1456 37 17 will
1622 1456 23 16 be
1662 1456 38 17 laid
1716 1456 84 18 between
1817 1456 52 17 these

1432 1478 56 17 baths
1496 1478 38 17 and
1548 1479 32 17 the
1597 1479 119 17 Sanatorium
1732 1480 89 21 specially
1840 1480 29 16 for

1431 1501 33 17 the
1473 1501 122 17 convenience
1603 1503 21 15 of
1632 1502 86 23 cripples,
1746 1503 14 16 A
1768 1503 47 20 good
1826 1503 42 17 deal

1433 1530 50 11 more
1491 1525 39 16 still
1539 1525 79 17 remains
1627 1527 21 16 to
1656 1526 24 16 be
1692 1525 49 18 done
1757 1526 63 17 before
1836 1526 33 17 the

1432 1548 70 17 invalid
1511 1554 68 16 proper
1587 1555 34 10 can
1631 1549 46 16 with
1686 1550 62 21 safety
1756 1549 78 21 indulge
1849 1549 19 16 in

1432 1571 52 17 these
1492 1571 61 17 baths.
1579 1572 50 21 They
1644 1578 31 10 Hie
1690 1572 64 17 rather
1761 1572 54 23 jairy,
1830 1572 38 17 and

1431 1595 85 16 sufferers
1526 1595 62 17 would
1596 1595 25 17 do
1630 1595 43 17 well
1681 1597 20 15 to
1711 1596 66 16 choose
1791 1602 12 10 u
1819 1595 49 17 calm

1431 1617 38 22 day
1478 1618 29 17 for
1515 1617 49 18 their
1573 1618 48 17 visit.
1647 1619 39 16 The
1697 1620 125 21 temperature
1831 1619 37 16 last

1432 1640 51 17 week
1492 1641 71 22 ranged
1572 1642 48 16 from
1632 1642 32 17 100
1673 1647 20 11 to
1704 1643 38 16 ill).

1454 1674 41 16 Her
1503 1674 98 22 Majesty's
1611 1674 90 24 birthday
1716 1682 37 10 was
1767 1675 89 22 appropri-

1431 1697 50 22 ately
1490 1697 136 18 characterised
1640 1699 26 21 by
1683 1699 51 17 what
1751 1704 28 11 we
1796 1698 71 22 loyally

1431 1720 97 23 designate
1565 1719 82 20 'Queen's
1664 1722 82 17 weather
1779 1722 36 16 and
1830 1728 38 10 was

1431 1743 108 24 recognised
1548 1750 19 10 as
1576 1751 11 10 a
1596 1744 49 18 close
1654 1744 83 24 holiday.
1763 1746 16 16 A
1786 1746 35 16 few
1828 1745 29 22 pri-

1431 1769 42 15 vate
1481 1767 70 22 parties
1561 1770 49 14 went
1618 1770 34 15 out
1661 1768 95 23 picnicing
1765 1770 19 15 to
1793 1769 74 15 various

1430 1790 63 22 points
1502 1791 19 16 of
1530 1791 82 18 interest,
1623 1791 32 17 the
1666 1792 80 21 bracing
1754 1792 28 17 air
1791 1791 65 17 render-

1430 1814 33 21 ing
1473 1814 31 16 the
1513 1814 67 21 outing
1593 1814 92 17 healthful
1696 1816 18 16 in
1730 1816 31 16 tlie
1777 1817 89 15 extreme.

1431 1836 40 18 One
1480 1837 19 16 of
1507 1837 32 17 the
1549 1839 58 15 steam
1621 1837 90 19 launches
1728 1838 39 17 also
1784 1838 54 17 made
1856 1845 11 9 a

1430 1860 37 22 trip
1477 1863 19 14 to
1505 1861 76 16 Mokoia
1593 1861 62 17 Island
1667 1861 60 17 which
1742 1867 38 11 was
1794 1861 72 22 largely

1429 1883 57 16 taken
1495 1884 106 21 advantage
1610 1885 26 16 of.
1662 1885 23 16 In
1695 1885 32 17 the
1739 1885 82 21 evening
1834 1885 32 16 the

1429 1906 66 23 specisl
1504 1907 49 17 train
1560 1906 85 25 brought
1659 1914 10 10 a
1683 1908 37 17 few
1734 1908 132 17 excursionists

1429 1930 49 16 from
1488 1930 103 19 Auckland,
1602 1931 41 16 who
1654 1937 47 11 weru
1710 1931 62 22 busily
1781 1931 85 21 engaged

1429 1952 116 24 sightseeing
1556 1953 68 23 during
1638 1955 32 16 the
1685 1954 80 18 interval
1782 1954 84 17 between

1429 1976 48 17 their
1490 1977 67 16 arrival
1573 1977 37 17 and
1624 1976 101 24 departure
1741 1983 24 12 on
1782 1977 84 23 Monday

1429 2000 93 21 morning.
1548 2000 51 17 Most
1615 2001 21 17 of
1652 2001 52 16 these
1721 2001 63 17 would
1800 2001 66 21 gladly

1429 2022 46 17 have
1485 2023 93 17 remained
1587 2030 11 10 a
1612 2023 37 22 day
1663 2030 21 10 or
1698 2026 38 15 two
1748 2024 66 21 longer
1828 2024 37 17 had

1429 2045 48 18 their
1485 2046 67 17 tickets
1561 2047 46 16 been
1616 2047 98 17 available.

1451 2075 39 16 The
1506 2075 68 19 service
1595 2077 20 15 of
1635 2082 48 16 soug
1723 2077 59 16 Uncle
1802 2077 62 16 Tom's

1526 2098 56 22 given
1602 2099 19 16 in
1638 2099 33 16 the
1689 2099 123 17 schoolhouse
1828 2099 38 17 last

1427 2121 118 22 Wednesday
1554 2122 80 21 evening
1643 2122 19 17 in
1675 2122 31 17 aid
1720 2123 19 16 of
1754 2122 32 17 the
1801 2122 52 17 build-

1428 2144 32 22 ing
1470 2145 46 16 fund
1526 2145 20 17 of
1553 2145 31 17 tin;
1593 2144 132 24 Presbyterian
1735 2145 75 19 Church
1827 2151 38 11 was

1427 2174 11 9 a
1454 2167 77 18 decided
1552 2174 71 11 success
1644 2168 39 17 and
1699 2167 115 24 augmented
1833 2169 32 17 the

1429 2191 69 18 'v,iy>
1520 2197 23 11 ;in
1544 2191 13 17 d
1672 2193 20 15 to
1709 2187 32 22 tlie
1762 2193 66 16 extent
1845 2193 20 16 of

1427 2214 65 22 nearly
1502 2213 32 19 3.
1565 2215 30 16 Mr
1608 2215 26 16 H.
1650 2215 29 16 W.
1695 2214 112 24 Neighbour
1820 2215 44 17 read

1427 2237 32 17 the
1468 2237 93 17 narrative
1570 2238 37 17 and
1616 2237 121 24 appropriate
1751 2244 56 16 songs
1817 2244 47 11 were

1427 2266 49 16 sung
1497 2261 25 21 by
1542 2261 40 17 Mrs
1603 2261 78 22 Murray
1699 2261 36 17 and
1753 2262 32 16 the
1798 2261 66 17 Misses

1428 2284 83 21 Murray,
1528 2284 89 19 Hickson,
1633 2284 21 18 C.
1672 2285 96 16 Robinson
1789 2285 37 16 and
1841 2285 21 17 P.

1418 2303 1 22 i
1427 2307 84 17 Griffiths
1520 2307 38 17 and
1567 2308 68 16 Messrs
1645 2308 82 17 Wallace
1733 2308 38 17 and
1776 2308 86 17 Webber.

1427 2331 38 16 Tin;
1474 2331 45 16 Rev.
1530 2331 30 16 Mr
1570 2331 66 22 Finlay
1651 2330 85 23 presided
1753 2331 38 17 and
1806 2332 57 21 spoke

1427 2360 11 9 a
1451 2354 36 16 few
1496 2353 60 18 words
1574 2354 18 17 in
1601 2355 94 16 reference
1704 2356 20 15 to
1733 2355 32 16 the
1774 2355 63 22 object
1844 2355 20 17 of

1426 2377 32 16 the
1473 2377 150 18 entertainment.

1450 2405 101 19 Constable
1572 2407 78 21 Murray
1664 2407 38 16 will
1717 2407 5 16 1
1730 2412 38 13 save
1783 2407 43 16 here
1840 2412 24 11 on

1427 2429 68 22 Friday
1502 2430 29 16 for
1537 2430 99 17 Auckland
1644 2432 20 14 to
1669 2430 66 17 attend
1743 2430 32 17 the
1779 2430 84 17 criminal

1427 2452 75 23 sittings
1512 2454 20 16 of
1540 2453 32 17 tlie
1581 2453 90 22 Supreme
1680 2453 65 17 Court.
1770 2453 38 17 The
1822 2459 42 11 case

1426 2475 19 17 in
1455 2476 59 18 which
1525 2477 22 16 he
1557 2477 37 16 will
1604 2477 43 21 give
1655 2477 88 16 evidence
1756 2477 15 16 is
1788 2477 41 16 that
1843 2477 20 16 of

1426 2499 25 16 Te
1459 2500 55 19 Tarn,
1525 2500 109 17 committed
1642 2499 24 23 by
1672 2499 32 17 tin;
1713 2500 82 17 Rotorua
1803 2500 59 17 bench

1426 2522 29 17 for
1472 2523 31 16 the
1521 2523 49 16 theft
1587 2523 20 16 of
1622 2530 12 9 a
1651 2523 76 23 cheque.
1761 2523 102 17 Constable

1426 2546 78 22 Murray
1513 2546 38 17 will
1561 2546 22 17 be
1592 2546 66 17 absent
1667 2546 30 17 for
1706 2553 19 10 as
1735 2546 53 17 short
1796 2553 11 10 a
1819 2546 44 17 time

1426 2575 20 10 as
1462 2569 86 22 possible.
1582 2569 58 17 Much
1662 2569 57 19 work,
1741 2569 73 17 outside
1835 2569 28 17 his

1426 2592 59 22 police
1495 2593 59 16 duties
1568 2599 73 15 proper,
1658 2593 34 16 has
1707 2592 91 17 devolved
1813 2599 49 15 upon

1426 2615 38 18 him
1474 2616 20 17 of
1502 2616 37 17 late
1553 2616 63 21 owing
1629 2618 20 14 to
1664 2616 33 17 the
1710 2616 71 17 advent
1796 2616 21 17 of
1831 2616 32 17 the

1426 2639 125 22 unemployed
1558 2639 36 17 and
1603 2639 33 17 the
1645 2639 92 22 breaking
1750 2641 34 15 out
1796 2640 21 16 of
1831 2640 32 16 the

1426 2663 73 16 trouble
1507 2663 20 16 in
1540 2663 33 16 the
1586 2663 89 16 Urewera
1690 2664 85 21 country,
1792 2662 35 17 but
1843 2663 19 17 in

1425 2691 55 17 every
1490 2691 110 17 emergency
1608 2685 62 18 which
1680 2686 33 17 has
1722 2686 61 17 arisen
1797 2687 64 16 ('oust.

1425 2709 79 22 Murray
1513 2709 33 17 lias
1556 2708 46 18 been
1611 2708 55 24 equal
1676 2710 19 16 to
1705 2709 32 17 the
1746 2708 91 19 occasion.

1449 2736 39 17 Our
1497 2735 72 18 readers
1579 2736 38 17 will
1626 2738 62 19 regret
1698 2738 20 15 to
1727 2736 45 17 hear
1781 2736 41 17 that
1831 2737 32 16 Mr

1426 2760 24 16 H.
1460 2760 29 16 W.
1499 2760 77 18 Martin,
1594 2759 80 20 saddler,
1690 2759 43 17 who
1748 2759 59 22 lately
1819 2766 32 11 suc-

1425 2783 67 17 ceeded
1501 2785 20 15 to
1530 2783 31 17 the
1570 2783 85 17 business
1664 2783 19 16 of
1698 2783 32 17 Mr
1744 2783 117 21 McFadyen,

1424 2806 33 17 has
1467 2806 46 17 been
1527 2806 68 17 unable
1609 2807 20 16 to
1645 2806 67 17 attend
1725 2807 21 16 to
1763 2806 28 17 his
1808 2806 54 17 usual

1424 2829 108 17 avocations
1549 2829 70 22 during
1634 2829 33 17 the
1684 2830 43 21 past
1741 2829 56 17 week.
1830 2830 32 16 Mr

1424 2853 72 16 Martin
1503 2853 33 17 has
1546 2852 78 17 suffered
1634 2853 49 16 from
1695 2858 25 11 an
1728 2853 91 22 incipient
1831 2854 20 16 at-

1424 2876 43 17 tack
1477 2876 20 17 of
1505 2875 79 23 typhoid
1594 2876 51 16 fever
1653 2876 35 16 but
1697 2875 84 23 through
1791 2876 70 17 careful

1424 2899 79 21 nursing
1511 2900 16 15 is
1535 2905 42 10 now
1586 2899 19 16 in
1615 2906 10 9 a
1635 2899 36 16 fair
1680 2905 41 15 way
1730 2900 21 16 of
1767 2905 93 16 recovery.

1424 2923 16 16 A
1450 2922 70 17 violent
1530 2922 40 17 cold
1580 2922 108 17 contracted
1704 2927 24 12 on
1743 2922 32 17 the
1790 2922 36 22 day
1841 2923 21 17 of

1424 2945 31 17 the
1481 2946 196 20 Rotorua-Taurunga
1701 2945 80 17 football
1798 2946 63 16 match

1424 2968 114 17 culminated
1546 2969 19 16 in
1575 2969 31 16 the
1615 2968 65 17 attack
1688 2969 21 16 of
1718 2969 51 16 fever
1779 2969 82 16 referred

1423 2993 27 16 to.
1476 2992 39 17 Mrs
1532 2992 71 17 Martin
1615 2991 73 17 arrived
1703 2992 20 16 iu
1736 2992 85 17 Rotorua
1836 2998 25 11 on

1424 3015 70 22 Friday
1506 3015 38 17 last
1561 3014 72 23 having
1648 3014 59 18 taken
1720 3014 106 23 advuntage
1841 3016 20 16 of

1423 3039 32 16 the
1464 3038 98 17 excursion
1572 3044 24 11 on
1605 3038 43 16 that
1656 3038 38 22 day
1702 3039 20 16 to
1731 3044 38 16 pay
1781 3038 33 17 her
1827 3044 34 11 son

1422 3068 12 10 a
1443 3062 44 17 visit,
1494 3061 38 18 and
1540 3067 38 11 was
1586 3061 97 21 naturally
1692 3061 56 17 much
1761 3061 100 18 distressed

1423 3086 20 15 to
1451 3085 39 16 find
1498 3085 39 16 him
1547 3084 86 17 confined
1641 3086 20 15 to
1670 3084 29 17 his
1712 3084 42 17 bed.

1446 3112 91 22 Building
1557 3112 107 22 operations
1685 3112 38 17 will
1744 3112 73 22 shortly
1837 3112 23 17 be

1422 3135 120 17 commenced
1551 3136 20 16 to
1580 3141 50 11 some
1639 3141 88 16 purpose,
1737 3135 19 17 in
1766 3141 20 11 so
1796 3136 28 16 far
1838 3142 21 10 as

1422 3159 47 17 local
1479 3158 91 18 residents
1579 3164 30 10 are
1618 3157 81 23 directly
1714 3158 108 21 interested,
1840 3159 19 17 in

1422 3182 75 17 various
1505 3183 53 21 parts
1567 3181 20 17 of
1595 3181 32 17 the
1641 3187 42 11 new
1700 3181 101 23 township.
1828 3182 33 17 Mr

1422 3205 78 20 Corlett,
1509 3204 96 21 architect,
1615 3204 16 17 is
1640 3204 63 22 busily
1716 3205 87 22 engaged
1816 3211 32 16 pre-

1421 3228 69 23 paring
1498 3228 55 22 plans
1561 3227 37 17 and
1615 3228 136 21 specifications
1764 3225 30 20 for
1807 3228 42 17 busi-

1422 3258 41 10 ness
1472 3251 89 23 premises
1569 3251 38 16 and
1616 3251 91 23 dwelling
1712 3251 67 17 houses
1786 3251 73 23 shortly

1422 3276 20 16 to
1451 3275 23 16 be
1483 3274 80 17 erected.

1446 3307 16 16 A
1476 3308 108 20 competent
1600 3306 103 21 authority,
1720 3306 42 16 who
1775 3307 84 21 recently

1422 3329 68 18 visited
1506 3329 84 17 Botorua
1603 3329 50 16 after
1667 3329 78 21 making
1758 3335 11 10 a
1782 3331 44 15 tour
1838 3330 21 17 of

1421 3352 106 22 inspection
1535 3352 20 17 of
1563 3352 32 16 the
1600 3352 80 17 Thames
1687 3352 96 22 goldfield,
1791 3352 55 22 speak-

1421 3376 34 22 ing
1463 3376 20 16 of
1492 3375 32 17 the
1532 3374 120 23 possibilities
1661 3376 20 16 of
1689 3375 33 17 the
1735 3375 61 17 Waihi
1808 3376 44 16 mint

1421 3399 53 22 gives
1481 3399 17 16 it
1506 3404 20 11 as
1535 3398 28 17 his
1572 3398 76 22 opinion
1663 3398 43 17 that
1720 3400 47 15 next
1782 3404 44 13 year
1842 3399 17 17 it

1421 3421 39 18 will
1469 3423 44 16 turn
1522 3423 34 15 out
1565 3420 92 21 200,000
1671 3421 61 17 worth
1747 3422 21 16 of
1777 3421 78 18 bullion.

1421 3444 73 18 Should
1501 3444 79 17 another
1591 3445 32 16 100
1637 3444 49 17 head
1699 3445 21 16 of
1732 3446 92 21 stampers
1836 3451 21 11 as

1420 3468 98 22 projected
1526 3468 23 16 be
1558 3467 72 17 erected
1639 3467 37 17 this
1685 3467 39 17 will
1733 3468 20 16 of
1761 3474 64 11 course
1834 3468 23 17 be

1421 3496 51 12 more
1481 3491 46 17 than
1539 3491 87 19 doubled,
1645 3490 38 17 and
1700 3491 45 17 with
1761 3491 96 22 improved

1420 3514 108 22 appliances
1544 3513 37 17 and
1594 3513 141 23 developments
1753 3514 20 17 in
1794 3514 63 17 future

1420 3537 92 22 working,
1525 3537 42 17 1897
1577 3543 21 11 or
1614 3536 33 18 the
1664 3537 44 17 20th
1723 3538 78 21 century
1817 3537 39 18 will

1420 3566 30 11 see
1459 3566 10 11 a
1478 3560 64 22 yearly
1551 3561 70 21 output
1627 3561 21 15 at
1657 3560 38 16 this
1704 3560 49 17 mine
1768 3561 54 16 alone
1836 3561 21 16 of

1420 3583 147 18 half-a-inillion
1582 3588 34 17 per
1631 3588 78 14 annum,
1720 3583 109 23 emploj'ing
1845 3590 12 11 a

1420 3606 47 22 busy
1476 3606 44 17 hive
1528 3606 20 17 of
1560 3606 97 17 workmen
1669 3606 21 17 in
1703 3606 32 17 the
1748 3612 74 16 process
1836 3607 21 16 of

1420 3629 118 23 production.

1444 3657 69 17 Messrs
1522 3656 77 20 Nelson,
1609 3656 65 18 Moate
1683 3656 38 17 and
1730 3656 31 18 Co.
1777 3656 35 18 call
1825 3658 20 15 at-

1420 3680 74 16 tention
1511 3679 21 17 in
1552 3685 34 11 our
1601 3679 118 23 advertising
1735 3679 84 17 columns
1835 3681 20 15 to

1420 3703 49 16 their
1478 3702 89 22 specially
1575 3702 81 17 blended
1664 3703 72 21 Ceylon
1741 3702 38 17 and
1788 3702 67 17 Indian

1420 3727 46 16 teas.
1491 3726 51 16 With
1550 3731 20 11 go
1579 3731 57 16 many
1643 3726 79 17 inferior
1734 3727 40 16 teas
1787 3726 20 16 in
1822 3726 33 16 the

1420 3749 74 17 market
1501 3749 16 17 it
1525 3749 15 16 is
1549 3748 42 17 well
1599 3749 20 16 to
1627 3749 48 17 have
1684 3749 32 17 the
1725 3750 102 21 guarantee
1835 3749 20 16 of

1420 3778 21 11 so
1449 3771 97 23 reputable
1555 3778 12 10 a
1577 3771 42 18 firm
1632 3778 20 11 as
1666 3773 20 16 to
1702 3771 33 18 the
1751 3771 104 18 excellence

1420 3796 20 15 of
1449 3795 51 16 what
1514 3794 46 22 they
1574 3794 45 17 offer
1631 3796 21 15 to
1665 3794 33 17 the
1714 3794 70 22 pubbc.
1816 3794 39 17 The

1420 3818 40 17 fact
1467 3818 44 16 that
1518 3818 45 21 they
1572 3823 31 11 are
1611 3817 20 17 in
1636 3817 70 18 almost
1711 3817 94 17 universal
1810 3823 33 11 con-

1420 3841 96 22 sumption
1525 3841 15 16 is
1549 3846 11 11 a
1572 3841 55 21 proof
1640 3841 21 17 of
1673 3841 50 17 their
1736 3840 118 22 superiority.

1443 3869 81 17 Tenders
1533 3874 31 12 are
1579 3869 59 17 called
1651 3869 20 17 in
1684 3869 80 17 another
1780 3869 75 17 column

1420 3893 30 16 for
1458 3892 70 17 certain
1535 3892 109 17 alterations
1652 3894 21 15 to
1687 3892 33 17 the
1733 3891 122 18 schoolhouse

1420 3917 54 21 gates
1481 3915 40 17 also
1530 3916 30 16 for
1567 3915 33 16 the
1605 3915 88 22 cleaning
1698 3916 21 17 of
1723 3916 33 16 the
1761 3915 69 17 school.

1443 3942 32 17 Mr
1483 3942 19 17 S.
1511 3942 90 21 Howard,
1611 3943 20 16 of
1639 3942 32 17 the
1680 3942 67 18 Comet
1755 3944 49 15 store
1820 3949 23 10 an-

1419 3971 83 11 nounces
1509 3965 29 17 his
1546 3964 52 23 early
1607 3965 100 22 departure
1718 3966 49 17 from
1775 3966 32 17 the
1816 3965 29 18 dis-

1420 3989 45 17 trict
1473 3988 37 17 and
1518 3988 67 17 wishes
1593 3989 20 16 to
1622 3988 89 23 signalise
1720 3989 32 17 the
1767 3995 50 11 same
1829 3989 26 22 by

1420 4017 11 11 a
1440 4011 97 18 sacrificial
1544 4011 38 17 sale
1591 4011 20 17 of
1619 4011 87 23 drapery,
1716 4011 91 23 clothing,
1822 4012 33 17 &c.

1420 4034 26 17 As
1454 4034 46 17 each
1507 4034 39 17 line
1560 4034 20 17 of
1592 4034 60 22 goods
1664 4034 35 17 has
1715 4034 48 17 been
1779 4035 77 16 marked

1420 4057 56 17 down
1492 4058 20 16 to
1528 4056 61 18 below
1603 4058 40 16 cost
1657 4057 50 22 price
1724 4058 32 16 Mr
1772 4058 84 17 Howard

1419 4086 45 16 may
1472 4079 102 23 anticipate
1582 4086 12 10 a
1601 4080 49 22 busy
1658 4080 46 18 time
1718 4080 30 18 for
1764 4081 32 17 the
1810 4083 47 15 next

1419 4103 52 17 week
1480 4109 21 11 or
1509 4104 45 17 two.

1915 126 38 17 The
1970 125 82 17 Phoenix
2069 125 104 15 Assurance
2193 125 97 23 Company
2307 128 18 16 of

1892 149 85 16 London,
1984 148 33 16 the
2025 147 45 17 advt
2080 147 19 16 of
2108 144 61 19 Which
2177 152 79 16 appears
2264 153 26 13 on
2293 149 32 18 the

1891 172 50 16 third
1959 176 55 18 page,
2035 170 15 17 is
2071 175 35 11 one
2127 169 20 17 of
2166 169 32 17 the
2215 170 59 17 oldest
2288 172 37 17 and

1890 194 104 16 wealthiest
2003 194 33 16 tire
2045 192 61 18 offices
2115 193 19 16 in
2143 192 31 16 the
2184 193 58 16 world
2255 193 70 24 having

1889 217 47 17 beer,
1950 217 83 17 founded
2050 216 19 16 in
2085 217 42 16 17*2
2153 215 86 21 upwards
2256 217 19 16 of
2294 217 31 18 113

1890 246 54 17 years
1951 246 44 17 ago.
2021 239 74 20 During
2103 240 24 15 its
2136 239 46 20 long
2190 243 62 12 career
2264 239 16 16 it
2292 240 33 17 has

1890 263 44 23 paid
1944 269 44 11 over
1998 262 120 20 20,000,000
2138 262 19 16 in
2165 261 34 16 fire
2214 261 64 17 claims
2287 264 37 16 and

1891 287 24 17 its
1926 287 32 17 lire
1971 285 92 23 premium
2077 285 72 17 income
2165 283 15 17 is
2196 284 129 24 considerably

1892 315 44 11 over
1944 316 11 9 a
1964 308 71 17 million
2052 307 73 25 pounds
2138 312 33 18 per
2185 313 77 12 annum.
2295 309 30 17 Mr

1892 331 28 17 W.
1931 333 22 14 A.
1963 330 91 19 Williams
2062 332 16 16 is
2086 332 32 16 the
2135 330 113 22 Company's
2262 336 53 18 repre-

1892 354 59 16 sents
1956 354 28 17 ive
1993 354 19 17 in
2021 355 90 16 Rotorua.

1950 422 52 18 THE
2015 421 153 19 YORKSHIRE
2189 421 77 19 GREY.

1915 479 31 16 Ax
1958 482 39 14 otD
2011 479 79 16 Fiur.xn
2100 481 53 13 with
2163 482 12 12 a
2184 482 47 13 new
2243 479 59 16 Face.

1914 509 39 17 The
1962 509 153 24 rejuvenescence
2129 509 21 16 of
2163 509 32 16 the
2212 509 31 18 old
2260 511 67 16 Palace

1892 532 57 17 Hotel
1959 533 15 16 is
1982 539 44 10 now
2035 539 24 10 an
2073 532 137 21 accomplished
2227 533 44 19 fact,
2290 533 38 17 and

1892 554 33 18 the
1932 555 85 22 hostelry
2029 561 25 11 on
2067 556 23 16 its
2104 560 42 11 new
2160 554 87 20 location,
2262 558 21 14 at
2296 556 32 18 the

1891 583 66 11 corner
1965 579 20 16 of
1994 579 102 17 Tutanekai
2110 577 38 17 and
2165 579 66 15 Arawa
2249 579 76 20 Streets,

1891 601 38 16 and
1947 601 60 17 under
2023 602 32 17 the
2071 607 55 11 name
2142 601 21 16 of
2179 601 31 16 the
2225 601 103 18 Yorkshire

1892 623 56 22 Grey,
1956 630 45 11 onee
2008 630 52 12 more
2064 629 58 18 opens
2130 624 25 16 its
2161 623 105 24 hospitable
2273 624 55 19 doors

1892 647 19 15 to
1921 646 32 16 the
1961 648 103 21 travelling
2076 647 68 22 public.
2171 647 48 17 Host
2233 648 95 18 Johnston

1892 669 37 16 and
1938 669 29 18 his
1975 671 80 17 amiable
2064 671 62 16 better
2134 670 41 17 half
2189 671 37 17 will
2244 672 85 16 minister

1892 694 19 13 to
1921 692 32 16 the
1962 695 60 16 wants
2033 694 20 16 of
2066 695 64 19 guests
2144 694 37 16 and
2193 694 49 17 their
2259 695 70 17 former

1892 719 132 17 management
2034 717 20 17 of
2062 716 32 18 the
2101 716 74 17 Jubilee
2182 717 58 17 Hotel
2246 718 19 16 in
2272 718 42 17 New-

1892 737 78 23 market,
1986 740 37 16 and
2038 740 32 16 the
2082 739 31 18 old
2127 739 102 17 Yorkshire
2243 742 50 21 Grey
2309 741 20 17 in

1892 760 106 24 Tauraugn,
2016 763 15 16 is
2048 769 11 10 a
2074 761 91 19 sufficient
2180 765 64 20 surety
2297 763 32 18 the

1892 783 136 23 completeness
2033 787 20 15 of
2059 786 31 17 the
2095 786 81 17 internal
2181 789 148 19 arrangements.

1894 806 17 16 It
1921 812 38 12 was
1967 808 69 18 amidst
2044 809 25 17 all
2079 809 32 17 the
2127 809 76 17 turmoil
2214 810 38 16 and
2268 810 62 16 bustle

1893 829 20 16 of
1921 831 121 21 preparation
2051 833 41 15 that
2102 831 32 18 the
2144 832 56 16 house
2210 839 37 10 was
2262 833 67 17 visited

1893 852 32 17 tin;
1934 851 54 19 other
1996 854 38 22 day
2042 851 3 27 ;
2061 855 92 17 furniture
2169 861 38 11 was
2220 856 58 22 lxung
2294 862 24 11 un-

1893 875 77 22 packed,
1981 877 81 22 pictures
2071 878 59 21 hung,
2141 878 50 21 glass
2197 878 37 17 and
2242 880 88 21 crookery

1894 904 49 11 ware
1957 899 81 22 washed,
2056 901 37 17 and
2115 901 55 17 floors
2179 902 97 19 scrubbed,
2295 903 34 17 but

1894 921 48 18 from
1951 922 33 17 the
1993 923 55 17 chaos
2057 925 21 16 of
2082 923 87 19 material
2172 925 94 18 scattered
2271 925 59 19 about

1893 944 19 17 in
1927 951 55 16 every
1999 946 90 17 direction
2107 948 55 16 order
2176 954 37 11 was
2229 949 100 22 gradually

1893 967 58 22 being
1959 969 84 17 evolved.
2068 970 39 18 The
2116 971 49 17 main
2174 973 88 16 entrance
2271 974 19 15 to
2297 973 32 17 the

1893 991 51 17 hotel
1953 991 15 17 is
1978 993 48 16 from
2036 993 103 17 Tutanekai
2149 995 66 18 Street,
2226 996 43 19 and,
2285 1002 33 16 pas-

1894 1014 42 22 sing
1944 1015 26 22 by
1978 1022 11 10 a
1998 1022 50 15 snug
2057 1017 48 16 little
2115 1017 57 19 office,
2182 1018 31 17 the
2224 1019 47 22 busy
2285 1021 33 20 tap-

1893 1037 48 22 ping
1948 1038 20 18 of
1977 1039 32 16 the
2018 1041 112 20 carpenters'
2140 1041 93 17 hammers
2247 1037 82 22 directed

1893 1062 93 16 attention
1996 1064 19 15 to
2025 1063 32 17 the
2067 1062 33 19 bar
2109 1062 60 20 which
2184 1070 37 12 was
2235 1065 95 22 receiving

1892 1083 24 18 its
1926 1083 91 26 finishing
2025 1087 83 17 touches.
2134 1087 38 17 The
2179 1088 80 21 fittings,
2268 1088 61 17 which

1892 1113 31 11 are
1932 1109 21 16 of
1960 1114 85 17 cunning
2054 1109 66 21 design
2137 1110 38 17 and
2193 1111 60 16 clever
2268 1111 49 17 work-

1892 1132 93 21 manship,
1996 1138 31 11 are
2036 1133 19 16 in
2064 1132 73 17 stained
2146 1133 54 16 kauri
2205 1134 38 16 and
2249 1134 80 22 entirely

1892 1159 41 11 new
1942 1155 19 16 in
1970 1161 56 16 every
2043 1156 108 21 purticular.
2181 1156 38 17 The
2233 1156 97 22 pediment

1892 1177 60 17 which
1963 1180 108 15 surmounts
2085 1179 32 16 the
2132 1179 67 16 mirror
2213 1180 59 16 frame
2289 1180 15 16 is
2319 1187 11 9 a

1892 1205 44 16 very
1946 1200 36 16 fine
1991 1201 51 21 piece
2050 1202 21 15 of
2082 1201 140 23 workmanship
2235 1202 37 17 and
2287 1203 15 16 is
2319 1210 11 10 a

1892 1222 82 21 striking
1983 1224 72 16 feature
2064 1224 19 16 in
2092 1224 33 17 the
2132 1224 33 17 bar
2170 1226 159 17 ornamentation.

1892 1244 30 17 He
1932 1246 42 16 who
1984 1246 46 17 with
2235 1249 52 22 sighs
2301 1250 29 16 for

1935 1275 14 15 A
1958 1275 77 20 draught
2042 1276 19 15 of
2073 1276 71 20 vintage
2153 1276 38 16 that
2201 1277 42 15 hath
2252 1277 42 16 been

1913 1294 63 18 Cooled
1984 1302 11 9 a
2010 1297 40 21 long
2062 1303 59 10 seiwm
2135 1298 17 15 ia
2169 1298 29 16 the
2212 1298 115 21 deep-delved

1892 1343 37 17 will
1939 1344 47 17 view
2001 1346 46 16 with
2062 1346 117 17 satisfaction
2195 1347 31 16 the
2243 1348 86 22 spacious

1891 1367 93 22 cellarage
2000 1369 162 17 accommodation
2177 1370 42 17 that
2233 1370 34 18 has
2282 1371 46 17 been

1891 1389 90 20 afforded.
2007 1391 39 18 The
2054 1392 114 17 dimensions
2177 1394 20 16 of
2205 1394 32 16 the
2249 1394 34 16 bar
2297 1400 32 12 ii.ro

1894 1414 19 15 IS
1923 1419 12 11 x
1946 1414 49 19 lift;
2008 1415 15 16 it
2033 1415 15 16 is
2063 1416 41 16 well
2120 1416 78 21 lighted,
2217 1417 37 17 and
2271 1424 58 16 opens

1891 1436 48 17 from
1949 1437 32 17 the
1990 1444 65 10 comer
2064 1439 20 16 of
2092 1438 32 18 the
2134 1439 92 22 building.
2258 1441 19 16 It
2294 1447 35 10 can

1890 1459 40 17 also
1939 1460 22 16 be
1970 1461 119 22 approached
2099 1461 24 23 by
2132 1464 38 14 two
2179 1468 88 18 passages
2280 1465 49 16 from

1891 1482 32 18 the
1931 1483 104 23 respective
2043 1485 73 18 streets.
2141 1485 39 17 The
2188 1486 34 17 bar
2236 1487 63 21 parlor
2313 1487 16 17 is

1890 1512 11 10 a
1910 1512 43 17 cosy
1963 1507 49 17 little
2022 1513 96 17 snuggery
2127 1510 20 15 to
2156 1508 32 17 the
2197 1510 51 21 right
2262 1510 20 16 of
2297 1510 32 17 (lie

1891 1529 67 17 Arawa
1967 1530 62 18 .Street
2038 1533 94 17 entrance,
2147 1532 42 19 and,
2206 1532 18 17 in
2242 1539 87 11 common

1891 1553 45 16 with
1946 1553 24 17 all
1980 1554 32 16 the
2022 1554 67 22 sitting
2098 1560 67 12 rooms,
2175 1555 34 17 has
2218 1563 10 9 :t
2237 1556 92 21 fireplace

1891 1576 44 17 with
1946 1577 89 21 requisite
2043 1580 60 19 grate.
2129 1578 38 17 The
2181 1578 75 18 billiard
2269 1585 59 13 room,

1891 1599 59 17 which
1960 1600 15 16 is
1984 1601 77 16 entered
2078 1602 48 16 from
2144 1601 31 17 the
2192 1602 34 17 bar
2242 1607 85 19 passage,

1890 1622 15 16 is
1913 1622 55 21 lofty,
1980 1624 126 21 well-lighted
2122 1624 36 17 and
2176 1625 103 17 ventilated
2288 1626 37 17 and

1890 1651 35 11 can
1931 1647 60 16 afford
1997 1652 51 12 room
2055 1648 30 16 for
2090 1650 38 14 two
2137 1648 59 16 tables
2203 1649 16 16 if
2224 1654 103 17 necessary.

1890 1669 16 16 A
1915 1670 128 17 smoke-room
2049 1671 38 16 and
2096 1671 64 22 parlor
2167 1673 62 16 enters
2238 1673 49 16 from
2297 1672 32 18 the

1890 1692 49 16 main
1949 1697 86 19 passage,
2045 1694 37 17 and
2099 1694 79 22 directly
2195 1696 85 21 opposite
2293 1696 15 16 is
2316 1702 12 10 a

1880 1714 1 25 I
1889 1714 53 24 larg.;
1957 1717 117 17 commercial
2091 1723 58 13 room,
2169 1718 67 18 21x14
2243 1718 23 21 ft,
2276 1725 39 11 com-

1880 1737 1 26 i
1890 1739 82 22 t'ortably
1982 1740 54 17 fitted
2045 1746 32 16 up.
2090 1741 39 16 The
2139 1741 50 17 main
2198 1741 67 22 dining
2274 1748 51 10 room

1880 1761 1 25 :
1889 1761 15 17 is
1920 1769 11 10 a
1948 1764 128 16 commodious
2093 1765 113 21 apartment,
2225 1766 20 15 'M
2254 1771 12 11 x
2283 1766 44 18 lHft,

1880 1785 1 23 ;
1890 1785 45 17 with
1944 1792 11 10 a
1965 1786 52 22 large
2028 1793 57 11 recess
2099 1787 19 17 in
2135 1787 60 17 which
2209 1788 15 16 is
2237 1788 32 17 the
2285 1789 34 16 fire-

1890 1809 58 21 place.
1974 1810 25 16 At
2009 1810 32 17 the
2050 1810 57 18 lowor
2121 1810 36 18 end
2170 1810 16 17 is
2201 1811 32 17 the
2250 1812 79 22 carving

1889 1837 52 12 roun
1958 1833 38 17 and
2017 1835 75 21 pantry,
2104 1833 59 17 which
2181 1834 146 18 communicates

1890 1855 44 16 with
1945 1856 31 16 the
1986 1856 66 21 dining
2062 1863 51 11 room
2123 1857 25 22 by
2157 1863 63 11 means
2229 1859 20 16 of
2257 1865 12 10 a
2281 1858 47 17 slide

1890 1878 85 18 window.
2002 1880 49 18 This,
2062 1880 36 17 and
2108 1887 10 10 a
2128 1880 75 23 general
2217 1883 109 17 storeroom,

1889 1904 30 14 cut
1930 1903 26 15 off
1963 1902 32 17 the
2005 1903 82 18 kitchen,
2097 1903 37 17 and
2144 1906 20 14 at
2173 1904 32 17 the
2218 1911 50 11 same
2282 1905 45 17 time

1888 1924 102 23 intercepts
2000 1926 31 17 the
2040 1927 52 17 smell
2102 1927 71 21 arising
2182 1928 47 16 from
2238 1928 87 21 cooking,

1888 1954 21 10 so
1930 1948 138 23 objectionable
2088 1951 20 16 to
2126 1950 32 17 the
2174 1950 79 23 epicure.
2287 1951 39 18 The

1888 1971 75 19 kitchen
1985 1972 15 17 is
2021 1973 90 22 provided
2129 1974 43 16 with
2190 1979 24 12 an
2231 1975 96 16 extensive

1888 1994 81 24 cooking
1978 2001 59 16 range
2046 1997 37 16 and
2097 1997 26 16 nil
2137 1997 32 16 the
2183 1997 143 22 paraphernalia

1888 2018 42 17 that
1939 2018 32 18 the
1981 2022 49 14 most
2039 2019 98 18 fastidious
2147 2020 42 17 chef
2198 2021 55 16 could
2260 2021 65 17 desire.

1887 2042 39 16 The
1935 2041 63 19 cook's
2007 2042 88 17 bedroom
2105 2043 75 21 adjoins
2195 2044 32 17 the
2242 2044 83 19 kitchen,

1887 2064 38 18 and
1934 2071 10 10 a
1953 2066 81 21 scullery
2043 2066 51 17 leads
2103 2066 40 17 into
2153 2066 31 18 the
2198 2067 52 22 yard.
2282 2068 45 17 This

1887 2088 75 21 portion
1972 2090 20 14 of
2001 2089 32 16 the
2042 2089 87 21 building
2138 2090 15 16 is
2162 2090 79 21 entirely
2250 2096 42 11 new
2305 2097 21 10 as

1887 2110 15 17 is
1911 2111 39 16 also
1960 2111 32 17 the
2005 2112 68 17 second
2088 2112 68 21 dining
2169 2118 52 12 room
2234 2113 38 17 and
2287 2120 29 10 ser-

1887 2134 61 16 vant's
1958 2136 122 20 apartments.
2106 2136 29 16 On
2145 2136 32 16 the
2186 2136 73 22 ground
2272 2136 51 19 floor,

1887 2157 19 16 in
1915 2157 85 17 addition
2007 2160 19 14 to
2033 2158 32 17 the
2071 2165 61 11 rooms
2140 2158 75 23 already
2222 2158 102 22 described,

1887 2186 31 11 are
1927 2179 35 19 five
1971 2180 53 22 large
2038 2181 179 18 double-bedroom:;
2231 2182 26 18 all
2272 2189 39 11 com-

1887 2204 83 22 fortably
1980 2205 96 16 furnished
2087 2205 123 21 throughout.
2241 2206 72 17 Ascend-

1887 2226 33 23 ing
1931 2228 19 16 to
1959 2228 32 16 the
2001 2233 60 17 upper
2069 2228 47 17 floor
2125 2235 35 10 one
2173 2228 15 17 is
2203 2228 122 24 successively

1887 2250 80 18 ushered
1975 2251 40 17 into
2026 2258 10 10 a
2047 2251 52 22 large
2113 2252 87 22 drawing
2212 2258 59 14 room,
2287 2252 38 18 and

1887 2273 74 18 various
1970 2274 68 22 sitting
2051 2280 62 12 rooms
2128 2281 23 11 on
2169 2275 31 17 the
2217 2276 108 16 decoration

1886 2296 20 16 of
1915 2296 61 17 which
1986 2296 56 19 much
2057 2305 40 10 care
2113 2298 34 17 has
2161 2298 46 17 been
2222 2299 101 17 bestowed.

1886 2319 38 17 The
1934 2320 43 18 wall
1986 2326 73 18 papers,
2069 2321 46 17 both
2125 2322 49 19 here,
2184 2322 37 17 and
2230 2322 82 22 through-

1887 2345 33 14 out
1937 2343 31 18 the
1985 2345 64 17 house,
2068 2345 47 16 have
2130 2345 45 17 been
2193 2345 68 17 chosen
2278 2346 45 16 with

1887 2368 52 18 great
1956 2367 155 18 discrimination.
2141 2368 52 22 They
2209 2375 31 10 are
2257 2369 67 22 chiefly

1886 2389 63 17 flower
1958 2392 85 20 patterns
2058 2392 20 15 of
2091 2391 64 17 varied
2168 2391 65 23 design
2247 2392 19 17 in
2284 2399 26 10 em-

1886 2412 66 18 bossed
1970 2413 45 23 gold
2029 2414 37 17 and
2083 2414 120 23 appropriate
2218 2415 105 23 colouring.

1886 2435 38 17 The
1939 2437 78 22 ceilings
2032 2444 32 10 are
2081 2439 19 15 of
2116 2437 59 19 kauri,
2192 2439 77 21 painted
2286 2439 37 17 and

1887 2459 105 18 varnished.
2022 2461 129 22 Twenty-two
2165 2461 104 19 bedrooms,
2285 2462 29 17 sin-

1886 2482 30 21 gle
1925 2483 37 16 and
1972 2483 75 22 double,
2057 2490 44 16 may
2109 2484 24 16 be
2147 2485 80 16 counted
2243 2491 25 11 on
2286 2485 37 18 this

1885 2505 47 18 floor
1941 2506 60 20 alone,
2012 2507 72 17 besides
2093 2507 116 20 bath-room,
2220 2508 51 18 linen
2286 2508 37 18 and

1886 2529 119 18 housemaids
2014 2536 59 14 room,
2080 2530 38 18 and
2123 2530 55 18 other
2182 2531 140 19 conveniences.

1887 2552 54 17 From
1949 2553 32 17 the
1991 2553 94 18 verandah
2101 2553 60 18 which
2176 2560 70 17 sweeps
2262 2555 61 17 round

1885 2575 32 17 the
1934 2578 38 15 two
1989 2578 61 15 fronts
2067 2583 12 10 a
2095 2577 122 21 magnificent
2236 2581 87 20 prospect

1885 2604 43 17 may
1937 2599 23 16 be
1969 2600 96 18 obtained.
2090 2600 30 18 On
2130 2601 32 17 the
2175 2607 35 11 one
2225 2601 50 17 hand
2291 2601 32 18 the

1885 2621 42 18 lake
1935 2623 80 20 glistens
2023 2623 20 17 in
2052 2624 32 16 the
2092 2624 94 18 sunshine,
2195 2624 45 17 with
2247 2625 76 17 Mokoia

1887 2645 69 20 Island,
2019 2653 44 16 gem
2077 2649 27 15 set
2119 2647 19 16 in
2151 2653 11 10 a
2171 2647 64 23 silv'ry
2303 2649 20 16 in

1885 2668 31 17 the
1926 2669 37 17 mid
1973 2670 90 17 distance.
2089 2671 59 21 Away
2160 2672 19 15 to
2193 2670 32 17 the
2242 2671 36 17 left
2290 2672 33 16 the

1885 2692 56 17 white
1950 2693 48 17 cliff's
2006 2694 21 16 of
2038 2694 25 16 Tc
2076 2694 55 21 Ngae
2144 2699 31 11 are
2189 2694 97 23 projected
2303 2695 19 16 in

1885 2714 43 19 bold
1938 2716 77 20 outline,
2026 2717 37 16 and
2080 2717 33 17 the
2129 2719 59 15 steam
2205 2718 20 16 of
2241 2718 82 17 Tikiterc

1883 2739 78 17 ascends
1975 2739 20 17 in
2012 2740 85 21 graceful
2106 2739 66 23 spirals
2189 2740 83 22 through
2290 2741 32 17 the

1884 2761 33 17 air.
1944 2763 28 16 On
1991 2763 32 17 the
2040 2763 54 17 other
2111 2763 51 17 hand
2178 2770 11 10 a
2205 2764 81 22 glimpse
2302 2765 21 16 of

1883 2785 99 18 Tarawera
1996 2792 35 11 can
2045 2786 23 18 bo
2081 2788 34 19 got
2129 2786 82 23 through
2229 2787 32 17 the
2273 2788 39 16 tree-

1884 2809 48 21 tops,
1942 2809 38 17 and
1989 2809 174 19 Whakarowarewa
2169 2810 37 17 and
2212 2810 24 17 its
2245 2816 64 12 numer-

1883 2837 34 11 ous
1938 2838 76 16 geysers
2031 2839 35 11 can
2082 2833 23 17 be
2125 2832 72 24 plainly
2217 2833 103 18 discerned.

1883 2854 51 18 Thus
1943 2856 46 16 ends
2003 2856 33 17 the
2051 2858 43 15 tour
2108 2857 20 16 of
2142 2856 104 22 inspection
2260 2857 61 17 which

1883 2877 33 17 has
1934 2878 47 18 been
2001 2885 25 11 an
2046 2880 80 21 entirely
2142 2880 120 23 satisfactory
2279 2887 41 11 one.

1883 2901 38 16 The
1941 2902 60 17 whole
2021 2903 21 16 of
2062 2903 37 17 this
2116 2903 95 17 extensive
2228 2905 92 17 contract,

1883 2924 61 17 which
1961 2926 89 17 included
2064 2926 31 17 the
2110 2926 81 17 removal
2207 2927 20 16 of
2243 2927 32 16 the
2289 2927 31 17 old

1883 2947 51 18 hotel
1951 2955 20 10 as
1984 2949 42 17 well
2040 2955 20 11 as
2073 2950 24 16 its
2112 2950 109 16 renovation
2236 2950 38 17 and
2289 2950 31 17 the

1883 2970 81 19 erection
1973 2973 20 16 of
2002 2973 24 15 its
2035 2978 40 11 new
2085 2973 93 22 adjuncts,
2189 2978 37 12 was
2235 2973 85 17 confided

1883 2995 19 15 to
1912 2994 30 17 Mr
1951 2995 23 17 A.
1984 2996 52 21 Keys
2045 2996 19 17 of
2073 2995 99 18 Auckland
2181 2996 42 17 who
2229 2997 33 16 has
2268 3002 39 12 com-

1883 3016 62 23 pleted
1955 3018 28 17 his
1992 3019 82 16 arduous
2088 3019 42 17 task
2145 3019 20 16 in
2178 3025 24 11 an
2217 3020 103 21 eminently

1883 3040 135 18 workmanlike
2039 3048 83 11 manner.
2156 3042 39 17 The
2211 3043 54 22 plans
2282 3042 37 18 and

1882 3063 136 23 specifications
2027 3066 21 16 of
2055 3066 33 16 the.
2096 3066 61 16 whole
2165 3065 50 17 work
2221 3072 48 10 were
2275 3071 33 16 pre-

1882 3087 57 21 pared
1949 3087 25 23 by
1988 3089 31 16 Mr
2031 3088 52 17 John
2097 3089 72 19 Currie,
2184 3089 96 19 architect,
2299 3089 20 17 of

1882 3110 99 17 Auckland
1990 3112 43 17 who
2042 3112 33 17 has
2083 3112 47 17 been
2139 3112 43 17 hero
2196 3114 19 15 at
2229 3112 89 17 intervals

1881 3134 20 15 to
1916 3135 96 20 supervise
2026 3135 32 17 the
2071 3141 87 16 progress
2174 3135 21 17 of
2210 3135 32 17 the
2260 3135 56 17 work.

1882 3156 37 17 For
1927 3162 55 13 even'
1991 3159 91 21 practical
2090 3164 80 17 purpose
2182 3158 32 18 the
2229 3158 31 16 old
2273 3164 33 16 por-

1881 3180 40 16 tion
1930 3181 21 16 of
1958 3181 33 17 the
2000 3181 88 22 building
2095 3182 16 17 is
2120 3188 20 10 as
2149 3181 49 23 good
2206 3187 20 11 as
2235 3181 54 18 when
2302 3181 16 18 it

1881 3202 40 18 first
1932 3203 35 17 left
1982 3204 33 17 the
2031 3205 89 17 builder's
2137 3204 65 20 hands,
2218 3210 24 11 no
2259 3204 57 18 detail

1881 3225 72 24 having
1960 3227 48 17 been
2017 3228 78 17 omitted
2104 3227 61 18 which
2175 3227 62 17 would
2246 3227 37 18 add
2297 3230 19 15 to

1880 3249 33 17 the
1921 3250 86 23 stability
2015 3251 38 17 and
2062 3256 122 18 permanence
2193 3251 19 16 of
2217 3251 32 17 the
2255 3253 51 15 struc-

1880 3274 47 15 ture.
1953 3274 59 17 There
2021 3274 15 17 is
2045 3280 54 11 even'
2106 3274 103 17 indication
2217 3274 21 17 of
2245 3281 12 10 a
2262 3280 43 13 pros-

1880 3301 68 16 porous
1956 3303 63 11 career
2028 3298 19 16 in
2061 3300 50 15 store
2125 3302 28 12 lor
2168 3296 32 18 the
2213 3297 103 18 Yorksaire

1880 3319 50 22 Grey
1939 3320 38 17 and
1985 3320 25 17 its
2020 3321 70 16 urbane
2099 3321 43 16 host
2151 3320 37 16 and
2196 3320 79 18 hostess.

2481 121 168 31 JOTTINGS.

2372 186 31 16 Mr
2411 185 23 17 D.
2443 184 19 17 J.
2473 184 68 18 Quinn,
2551 184 21 18 of
2577 185 32 17 the
2616 185 76 22 Sydney
2698 185 88 21 Evening

2348 209 61 18 Xews,
2419 206 59 23 lately
2506 207 66 17 visitor
2580 210 20 15 to
2609 209 89 17 Rotorua,
2714 207 60 18 contri-

2347 231 54 18 butes
2410 236 25 11 an
2443 230 113 22 interesting
2564 231 65 18 article
2633 231 20 18 in
2660 231 37 17 this
2703 230 83 19 month's

2369 254 75 17 Review
2452 252 21 18 of
2587 261 25 10 on
2640 254 102 17 Musicians
2748 253 37 17 and

2348 276 80 18 Musical
2437 276 55 16 Taste
2500 276 20 16 in
2532 277 135 17 Australasia.''

2372 308 17 17 A
2403 306 56 18 social
2474 307 102 24 gathering
2588 309 20 16 in
2618 308 111 17 connection
2739 308 45 16 with

2348 331 32 17 the
2390 329 54 19 Band
2453 329 20 17 of
2482 330 54 22 Hope
2545 331 38 17 will
2593 332 43 16 take
2651 331 53 22 place
2718 331 19 16 in
2754 331 32 17 the

2349 353 117 18 schoolroom
2475 359 24 10 on
2508 354 118 22 Wednesday
2638 354 81 23 evening
2734 358 50 13 next.

2349 377 24 16 Iu
2386 375 85 18 addition
2487 378 19 15 to
2523 378 59 16 music
2599 377 37 17 and
2654 377 83 21 singing,
2747 378 37 19 tea,

2349 397 131 24 ac3o'mpanied
2489 398 25 24 by
2523 400 25 17 all
2554 402 48 15 sorts
2611 400 21 18 of
2643 400 90 20 luxuries,
2747 400 39 18 will

2349 422 23 16 b:
2380 421 96 22 provided.

2374 454 26 16 As
2408 453 32 17 the
2469 454 41 17 Pull
2520 455 46 16 Mall
2678 455 15 16 is
2701 461 43 10 now
2753 455 22 17 de-

2350 477 53 16 funct
2412 483 35 11 our
2456 477 79 22 Library
2544 478 113 16 Committee
2666 478 38 17 will
2713 478 48 18 have
2765 480 20 16 to

2350 503 39 13 cast
2403 500 56 17 about
2475 501 30 16 for
2519 506 11 11 a
2547 501 70 16 similar
2634 501 115 23 publication
2766 504 20 14 to

2351 522 43 18 take
2401 523 26 18 its
2433 523 60 23 place.
2520 523 48 16 How
2582 525 63 16 would
2659 525 31 16 the
2706 525 68 16 West-

2350 546 77 17 minster
2546 546 37 18 suit
2615 548 18 16 It
2645 548 15 16 is
2674 554 35 11 run
2723 550 63 20 pretty

2351 569 54 17 much
2426 575 24 10 on
2471 569 33 16 the
2524 575 50 11 same
2592 570 56 22 lines;
2669 577 21 11 or
2706 570 80 23 perhaps

2351 592 129 17 Liboucheres
2622 594 62 17 would
2706 594 28 17 till
2755 593 32 16 the

2351 619 88 18 vacancy.

2375 646 46 17 Miss
2430 645 90 20 Stoddart
2528 647 16 17 is
2553 648 31 17 the
2593 649 115 21 biographer
2721 647 21 17 of
2755 647 32 16 the

2351 670 73 16 famous
2440 669 78 18 Grecian
2532 672 21 15 of
2566 672 32 16 the
2612 671 112 21 Edinburgh
2740 670 35 17 Uni-

2353 692 74 22 versity,
2445 692 95 18 Professor
2556 694 82 18 BLickie.
2673 694 36 16 She
2724 693 15 17 is
2756 693 31 17 the

2352 715 94 22 daughter
2454 717 21 15 of
2483 717 31 15 the
2524 717 108 17 well-kown
2647 717 72 17 Ettrielc
2734 717 42 22 poet-

2352 738 71 21 angler,
2441 739 80 17 Thomas
2534 740 39 17 Toil
2586 740 95 21 Stoddart,
2698 745 42 12 now
2755 739 22 16 de-

2353 762 69 17 ceased,
2433 762 36 17 ami
2479 762 54 17 sister
2541 765 20 14 to
2570 764 31 16 Mr
2611 764 77 21 Priugle
2698 764 20 15 I'.
2732 763 45 16 S;..d-

2353 785 47 17 dart.
2411 785 42 17 who
2462 785 43 22 kept
2516 793 11 9 a
2540 789 49 14 store
2606 792 46 11 near
2667 786 85 17 Moeraki
2768 786 19 17 in

2353 808 31 17 the
2393 808 69 18 sixties,
2473 809 36 16 and
2518 809 15 16 is
2542 815 42 11 now
2593 811 20 15 in
2622 808 94 19 Dunediu.

2375 840 16 16 A
2401 840 66 16 debate
2485 840 43 17 took
2546 841 52 22 place
2615 842 20 15 at
2651 841 85 22 Paparoa
2752 841 35 17 last

2353 863 50 17 Week
2413 863 32 17 the
2459 863 72 23 subject
2547 864 57 20 being
2642 865 64 15 Which
2724 865 16 15 is
2756 865 32 15 the

2353 889 47 14 most
2410 886 90 22 powerful
2511 887 32 16 the
2551 887 52 16 voice
2612 893 21 10 or
2642 886 32 19 the
2678 892 38 18 pen
2756 887 32 16 We

2351 915 32 11 are
2403 909 92 17 informed
2513 909 41 17 that
2571 915 24 11 an
2615 910 47 17 Irish
2680 910 107 23 gentleman

2352 933 44 16 took
2413 932 32 16 the
2631 934 36 16 and
2688 934 33 16 the
2741 934 47 16 local

2352 956 108 21 clergyman
2470 955 32 16 the
2512 957 126 19 'negative."
2657 958 29 16 Oil
2696 957 38 16 Ibis
2740 957 48 16 basis

2351 979 16 16 it
2376 978 62 17 would
2448 978 22 15 be
2480 978 62 16 rather
2551 979 78 18 difficult
2639 981 20 15 to
2669 979 60 17 arrive
2742 981 19 15 at
2778 986 10 10 a

2351 1001 89 18 decision,
2445 1000 33 17 but
2484 1006 27 12 WO
2513 1006 32 13 arc
2549 1002 39 17 told
2593 1003 41 16 that
2641 1000 40 24 the'
2752 1003 36 16 had

2351 1025 21 18 it,
2383 1024 60 17 which
2453 1024 61 16 leaves
2528 1025 32 16 the
2573 1027 70 15 matter
2656 1028 64 20 pretty
2734 1026 54 17 much

2352 1054 20 10 as
2381 1047 15 17 it
2405 1053 38 10 was
2452 1047 69 17 before.

2375 1076 38 17 The
2434 1076 99 20 Tauraiiga
2554 1078 146 22 correspondent
2722 1079 20 15 of
2757 1078 31 16 the

2352 1098 72 19 Herald
2433 1098 46 17 calls
2488 1105 21 10 us
2518 1098 31 19 the
2558 1100 41 18 Hot
2608 1101 106 22 Springers.
2737 1100 50 20 Well,

2353 1121 80 24 perhaps
2442 1122 38 16 this
2493 1122 14 16 is
2522 1122 61 18 better
2599 1124 47 17 than
2663 1124 32 17 the
2709 1124 68 18 Rot-or-

2353 1145 52 17 ruins
2413 1145 4 17 !

2376 1173 58 17 There
2444 1175 50 15 must
2502 1173 47 18 have
2558 1176 46 16 been
2613 1183 51 10 some
2676 1176 48 17 hard
2739 1182 49 10 cases

2353 1197 20 16 of
2381 1197 93 21 swearing
2483 1197 17 16 in
2511 1197 83 19 Rotorua
2603 1199 19 17 in
2632 1200 53 17 times
2700 1204 49 18 gone
2764 1199 24 22 by

2352 1218 84 26 judging
2443 1220 49 18 from
2500 1220 33 18 the
2542 1221 96 19 condition
2653 1223 21 21 pf
2685 1222 34 18 the
2736 1222 52 17 Bible

2353 1242 60 18 which
2423 1243 37 17 still
2470 1244 43 16 does
2523 1244 47 23 duty
2578 1246 20 17 i
2615 1246 32 17 the
2663 1252 42 11 new
2721 1246 56 17 Court-

2353 1265 63 18 house.

2377 1294 54 18 Some
2439 1295 21 17 of
2467 1295 33 19 the
2507 1295 32 19 old
2547 1296 61 19 tables
2616 1298 43 17 that
2673 1298 46 17 used
2732 1300 21 14 to
2765 1298 23 17 do

2353 1318 67 16 service
2429 1318 17 16 in
2457 1319 32 16 the
2498 1319 30 17 old
2538 1320 118 18 Courthouse
2669 1327 31 11 are
2714 1320 39 18 (till
2770 1323 18 15 to

2352 1341 22 16 be
2384 1347 41 11 seen
2434 1342 73 17 outside
2521 1343 32 16 the
2570 1343 94 22 building.
2698 1345 23 16 In
2738 1344 50 18 these

2352 1364 76 17 modern
2438 1365 45 22 days
2493 1366 20 16 of
2521 1368 139 16 retrenchment
2669 1366 45 24 they
2727 1367 61 23 might

2351 1394 21 10 as
2380 1388 42 16 well
2431 1388 24 16 be
2463 1388 40 17 sold
2513 1389 29 17 for
2551 1390 50 17 what
2611 1391 44 22 they
2662 1390 39 19 will
2706 1390 58 18 fetch.

2375 1416 38 18 The
2427 1416 97 18 bachelors
2540 1424 48 17 gave
2601 1426 12 9 a
2624 1420 39 16 ball
2676 1421 19 14 at.
2707 1420 68 20 Manga-

2353 1440 33 16 wai
2396 1440 31 16 the
2436 1441 54 15 other
2499 1441 54 21 night
2563 1442 38 17 and
2608 1444 88 21 amongst
2714 1442 33 17 the
2756 1442 22 18 de-

2351 1463 93 17 corations
2453 1463 67 21 which,
2536 1465 102 22 according
2647 1467 20 16 to
2676 1466 31 16 the
2718 1466 70 17 Herald

2352 1486 150 22 correspondent,
2542 1493 47 11 were
2599 1489 20 17 of
2636 1489 111 23 surpassing
2756 1494 22 13 ex-

2459 1515 36 11 was
2505 1510 31 17 the
2544 1512 76 21 prettily
2629 1512 92 17 inscribed
2729 1514 59 15 motto

2372 1532 69 17 United
2452 1538 27 10 we
2600 1535 45 17 This
2654 1536 15 16 is
2678 1535 65 19 rather
2747 1541 28 13 am-

2352 1554 86 24 biguous,
2449 1555 37 18 and
2495 1556 15 16 is
2520 1557 111 23 susceptible
2645 1560 21 15 of
2674 1564 51 11 more
2742 1559 46 17 than

2352 1584 34 11 one
2395 1578 149 22 interpretation.
2571 1581 48 17 Does
2629 1582 15 17 it
2660 1582 49 17 refer
2725 1583 20 16 to
2754 1588 22 11 an-

2352 1601 106 22 ticipations
2467 1602 20 17 of
2495 1608 11 10 a
2515 1603 56 17 union
2580 1605 43 16 with
2634 1605 32 16 the
2673 1605 115 17 demoiselles

2353 1625 41 16 who
2403 1623 68 25 graced
2480 1625 32 17 the
2521 1626 37 17 ball
2569 1627 44 17 with
2629 1628 49 17 their
2694 1634 93 17 presence,

2351 1654 21 10 or
2382 1650 19 14 to
2410 1654 10 10 a
2427 1648 64 17 united
2500 1649 54 17 stand
2565 1650 57 17 about
2632 1653 20 15 to
2660 1652 23 16 be
2700 1651 54 17 made
2763 1651 25 23 by

2352 1671 32 17 the
2394 1671 95 17 bachelors
2506 1673 20 16 of
2542 1673 72 22 Manga
2615 1675 35 16 wai
2667 1675 77 21 against
2756 1675 32 16 the

2371 1694 46 16 Xew

2375 1722 38 16 The
2424 1722 97 21 following
2537 1724 80 17 sensible
2636 1725 102 17 resolution
2755 1725 33 17 has

2351 1745 46 17 been
2406 1745 81 22 adopted
2497 1746 24 22 by
2531 1747 32 16 the
2577 1747 104 19 Masterton
2700 1748 87 17 Football

2351 1768 54 17 Club:
2431 1769 72 16 Should
2511 1775 38 15 any
2558 1770 84 18 member
2647 1771 20 18 of
2676 1771 31 17 tin-
2717 1771 43 17 club
2765 1771 23 17 be

2351 1790 83 19 disabled
2445 1791 82 24 through
2537 1793 78 22 injuries
2627 1801 24 10 on
2669 1795 31 17 the
2718 1795 49 18 Held,
2777 1802 11 9 a

2351 1815 42 21 levy
2402 1815 20 17 of
2430 1815 23 16 (id
2462 1820 33 17 per
2504 1816 50 17 week
2564 1816 48 18 shall
2620 1818 23 16 be
2652 1818 64 17 struck
2729 1825 24 10 on
2763 1818 25 17 all

2351 1838 91 17 members
2449 1839 20 16 of
2476 1839 31 16 the
2513 1839 49 18 club,
2570 1841 45 16 such
2621 1841 43 22 levy
2671 1843 18 15 to
2697 1841 23 17 be
2727 1841 48 17 hand-

2350 1861 23 17 ed
2379 1867 44 11 over
2431 1863 21 16 to
2460 1862 32 17 the
2501 1862 62 22 injure
2570 1863 5 16 1
2585 1864 83 17 member
2683 1870 50 16 upon
2744 1870 33 19 pro-

2350 1884 77 18 duction
2436 1885 21 16 of
2465 1891 11 10 a
2485 1886 76 17 medical
2580 1887 101 18 certificate
2690 1888 40 16 that
2742 1888 22 16 he
2773 1888 14 17 is

2351 1908 69 16 unable
2426 1909 20 15 to
2455 1908 64 17 follow
2528 1908 28 18 his
2573 1910 56 17 usual
2646 1910 117 23 occupation.

2374 1936 31 16 Mr
2417 1935 50 17 John
2488 1936 88 19 Menzies,
2596 1939 89 20 formerly
2702 1940 20 15 of
2738 1939 40 17 Tiiu-

2350 1964 65 16 ranga.
2426 1965 51 11 more
2486 1959 82 24 recently
2578 1962 20 16 of
2607 1962 50 16 Like
2670 1962 70 18 House,
2751 1962 36 17 and

2350 1988 43 10 now
2400 1988 88 16 manager
2494 1983 19 16 of
2521 1982 32 19 the
2558 1983 96 19 Northern
2662 1985 54 19 Club,
2724 1985 51 17 Auck-

2350 2005 50 17 land.,
2410 2005 43 22 paid
2463 2012 11 10 a
2483 2006 59 22 flying
2560 2007 43 17 visit
2619 2009 20 16 to
2657 2008 85 18 Rotorua
2751 2008 35 17 last

2351 2029 55 17 week.
2422 2029 30 17 He
2460 2029 65 22 stayed
2531 2032 19 14 at
2560 2030 180 19 Whakarewarewa.

2373 2056 37 17 The
2419 2056 58 16 Town
2486 2057 61 17 Board
2557 2058 83 21 meeting
2650 2059 59 17 which
2720 2060 67 16 should

2349 2079 47 16 have
2405 2079 55 16 taken
2475 2079 52 22 place
2536 2080 36 17 last
2589 2082 117 21 Wednesday
2724 2082 61 21 night,

2350 2107 37 11 was
2396 2102 104 21 adjourned
2510 2103 29 16 for
2551 2105 51 16 want
2610 2104 21 17 of
2635 2110 12 11 a
2652 2109 87 18 quorum.

2373 2129 30 16 Mr
2412 2129 28 17 W.
2450 2128 97 24 Shephard
2558 2129 61 23 Allen,
2626 2131 21 18 of
2651 2131 134 20 Morrinsville,

2349 2152 44 22 paid
2402 2158 10 11 a
2421 2152 77 23 passing
2507 2153 44 16 visit,
2559 2156 19 14 to
2588 2154 85 20 Rotor.ua
2681 2156 20 15 at
2710 2154 32 19 the
2751 2155 35 17 end

2349 2176 20 16 of
2377 2175 36 17 last
2422 2176 57 18 week,
2486 2177 133 22 accompanied
2628 2177 25 24 by
2670 2180 37 15 two
2724 2178 63 20 junior

2349 2198 91 18 members
2448 2199 20 16 of
2478 2199 27 17 his
2514 2200 72 22 family.

2372 2227 38 17 The
2419 2227 99 22 following
2526 2228 85 23 problem
2628 2236 39 11 was
2683 2229 102 19 submitted

2348 2252 20 15 to
2377 2257 11 10 a
2397 2251 46 17 local
2453 2251 118 23 storekeeper
2579 2253 33 16 the
2620 2253 55 17 other
2688 2253 42 23 day,
2749 2253 37 17 and

2348 2274 38 16 still
2396 2274 54 17 waits
2460 2274 29 17 for
2497 2281 11 10 a
2517 2275 81 17 solution
2606 2274 86 25 :What
2699 2276 50 23 price
2754 2282 31 12 are

2347 2303 47 16 eggs
2404 2303 11 11 a
2423 2297 58 17 dozen
2488 2298 54 17 when
2551 2299 39 17 two
2594 2305 53 12 more
2652 2300 29 17 for
2689 2307 11 9 a
2709 2299 76 24 shilling

2348 2321 63 16 makes
2428 2321 52 17 them
2497 2326 11 12 a
2513 2326 64 19 penny
2582 2328 12 11 a
2598 2322 60 18 dozen
2666 2323 79 22 cheaper
2753 2323 8 17 ?

2391 2348 38 16 The
2594 2350 16 16 is
2619 2356 24 11 on
2650 2350 103 17 exhibition
2763 2350 18 18 in

2348 2371 104 18 Auckland.
2479 2371 18 17 If
2506 2372 50 17 what
2567 2378 26 12 we
2608 2373 43 17 here
2667 2374 15 16 is
2699 2375 47 17 true,
2756 2379 28 11 we

2347 2394 39 17 will
2395 2400 45 11 soon
2449 2394 48 17 have
2505 2401 11 10 a
2525 2396 75 17 tatooed
2610 2403 42 10 man
2668 2397 19 16 of
2696 2403 35 10 our
2740 2402 42 11 own

2347 2423 24 12 on
2381 2418 31 16 the
2422 2419 63 15 return
2499 2419 21 16 of
2528 2425 11 10 a
2555 2419 48 17 local
2620 2420 81 17 resident
2714 2420 49 17 from
2772 2427 11 10 a

2347 2441 38 22 trip
2397 2443 19 14 to
2426 2441 31 16 the
2473 2441 88 18 Urowera
2577 2444 85 21 country.
2695 2443 47 17 Like
2751 2443 32 17 the

2347 2464 99 17 Auckland
2455 2470 43 11 man
2508 2465 28 18 he,
2547 2467 37 17 too,
2595 2466 38 17 will
2649 2467 73 21 require
2731 2468 20 15 to
2761 2466 22 17 be

2347 2493 42 11 seen
2399 2490 19 14 to
2427 2487 23 16 be
2459 2487 125 23 appreciated.

2370 2515 36 17 Mr.
2417 2515 28 17 W.
2456 2515 22 16 G.
2488 2515 75 20 Geldis.
2573 2516 20 17 of
2598 2516 32 17 the
2636 2516 99 17 Auckland
2744 2516 26 17 Ob-

2347 2544 61 10 server
2417 2543 38 11 was
2464 2540 20 15 at
2495 2538 178 23 Whakarewarewa,
2683 2540 100 22 Thursday

2347 2564 20 14 to
2377 2561 83 22 Monday
2469 2561 42 17 last.

2393 2616 122 24 SCHOOL
2526 2615 198 25 COMMITTEE.

2369 2669 16 17 A
2394 2668 83 23 meeting
2486 2668 19 18 of
2514 2668 31 18 the
2554 2669 92 18 members
2655 2670 21 16 of
2684 2670 32 17 the
2723 2670 57 17 above

2345 2693 45 16 took
2400 2693 52 21 place
2461 2691 19 18 in
2489 2691 32 17 the
2530 2691 121 19 Schoolroom
2662 2698 24 13 on
2696 2693 84 22 Monday

2345 2715 81 23 evening
2434 2715 36 17 last
2479 2715 53 16 when
2542 2715 25 17 all
2576 2715 33 17 the
2622 2717 93 16 members
2733 2722 47 12 were

2345 2740 75 22 present
2429 2738 30 17 Mr
2467 2737 73 18 Purcoll
2550 2738 103 24 presiding.

2369 2762 31 17 Mr
2415 2760 90 19 Williams
2521 2762 92 22 proposed
2629 2762 38 18 and
2682 2763 31 17 Mr
2729 2762 41 18 Fitz-

2345 2784 64 24 gerald
2418 2783 91 18 seconded
2517 2785 44 16 that
2569 2785 32 17 the
2611 2785 112 19 Committee
2735 2791 34 18 sup-

2345 2809 43 23 port
2396 2808 31 17 the
2433 2807 122 17 candidature
2561 2808 19 18 of
2587 2809 31 16 Mr
2623 2809 66 22 Henry
2696 2808 84 26 Wilding

2345 2833 29 16 for
2382 2831 31 17 the
2422 2830 81 23 position
2512 2837 24 10 on
2551 2832 32 16 the
2596 2832 107 18 Education
2719 2832 61 19 Board

2344 2854 88 18 rendered
2442 2854 68 17 vacant
2518 2853 25 24 by
2552 2855 33 16 the
2594 2855 56 17 death
2658 2856 19 16 of
2683 2856 31 16 Mr
2723 2856 27 16 W.
2759 2856 20 17 P.

2343 2879 59 16 Moat.
2428 2877 44 16 This
2482 2883 37 11 was
2528 2877 70 19 carried
2609 2878 138 24 unanimously.

2366 2901 46 17 Miss
2433 2900 62 23 Selby,
2517 2900 182 23 assistant-teacher,
2722 2903 58 16 wrote

2343 2923 122 24 announcing
2469 2924 5 5 *
2479 2923 43 18 that
2539 2924 33 17 she
2592 2924 38 18 had
2647 2924 82 18 received
2747 2925 33 17 her

2343 2947 100 18 certificate
2452 2953 23 10 on
2485 2947 77 24 passing
2575 2948 52 16 Class
2642 2948 22 18 E.
2682 2949 84 16 examina-

2342 2971 40 16 tion
2390 2970 38 17 and
2436 2970 58 17 asked
2503 2970 31 17 the
2544 2971 112 18 Committee
2665 2974 19 15 to
2693 2971 57 23 apply
2759 2973 19 15 to

2342 2994 32 17 the
2383 2993 62 18 Board
2457 2994 29 16 for
2500 2994 33 17 the
2547 2994 82 17 increase
2644 2995 19 16 in
2681 2995 61 21 salary
2759 2997 19 14 to

2342 3017 60 17 which
2412 3017 32 17 she
2453 3023 38 11 was
2500 3017 85 17 entitled.

2365 3041 29 16 On
2403 3041 32 16 the
2444 3041 72 16 motion
2525 3041 20 15 of
2554 3041 30 16 Mr
2590 3041 101 18 Robinson,
2700 3041 66 17 second-

2342 3063 22 17 ed
2379 3063 25 22 by
2421 3063 31 17 Mr
2465 3063 97 20 Williams,
2578 3064 16 17 it
2609 3070 39 11 was
2665 3063 76 18 decided
2757 3066 20 15 to

2342 3087 80 16 forward
2432 3087 46 16 Miss
2488 3087 71 21 Selby's
2569 3087 55 16 letter
2633 3090 20 14 to
2670 3087 31 17 the
2715 3088 62 17 Board

2341 3110 46 17 with
2397 3117 11 9 a
2417 3110 170 17 recommendation
2597 3110 42 17 that
2654 3110 31 17 the
2702 3112 74 20 request

2340 3133 23 17 be
2372 3133 91 23 complied
2473 3133 51 17 with.

2363 3157 39 16 The
2411 3156 140 21 head-teacher,
2558 3157 32 16 Mr
2594 3156 85 19 Webl>er,
2688 3157 88 21 reported

2340 3185 23 11 an
2373 3180 82 17 increase
2463 3180 19 16 in
2493 3180 31 16 the
2530 3180 118 16 attendance.
2674 3180 38 16 The
2719 3186 42 11 num-

2340 3203 33 17 ber
2381 3210 42 10 now
2432 3209 24 11 on
2465 3203 32 17 the
2506 3203 34 17 roll
2550 3203 14 17 is
2573 3203 31 16 104
2611 3203 38 16 and
2656 3203 32 17 the
2695 3209 80 17 average

2339 3226 112 18 attendance
2460 3227 22 16 60
2485 3225 3 19 -
2491 3227 16 16 :5.
2533 3226 31 17 Mr
2576 3225 92 18 Goodwin
2682 3227 42 16 who
2738 3227 37 16 had

2338 3250 96 22 inspected
2443 3250 32 16 the
2484 3248 63 19 school
2556 3255 24 10 on
2589 3250 46 20 May
2646 3250 20 16 10
2675 3250 37 16 iiad
2729 3256 34 15 sug-

2340 3272 65 24 gosted
2414 3279 22 11 an
2446 3272 82 18 increase?
2536 3272 20 16 in
2570 3272 32 16 the
2616 3272 40 18 oral
2670 3273 70 17 lessons
2755 3274 19 16 in

2339 3296 107 17 arithmetic
2454 3295 37 17 and
2500 3295 42 17 that
2550 3295 47 17 Miss
2606 3295 57 17 Sclbv
2672 3297 44 22 give
2724 3302 51 11 more

2338 3319 71 17 lessons
2422 3321 20 15 to
2451 3319 32 16 the
2497 3324 60 16 upper
2565 3318 100 18 standards
2674 3319 59 17 under
2742 3319 32 17 the

2338 3342 134 17 headmaster's
2486 3341 121 22 supervision.
2644 3342 77 22 Beyond
2736 3342 37 17 this

2338 3366 32 17 Mr
2378 3365 92 17 Goodwin
2479 3364 99 22 expressed
2584 3364 76 18 himself
2667 3372 19 11 as
2691 3364 82 18 satisfied

2338 3389 47 17 with
2392 3389 31 16 the
2434 3387 58 18 work.

2361 3412 32 17 Mr
2401 3411 80 17 Webber
2489 3411 39 17 also
2536 3411 82 18 referred
2627 3413 21 16 to
2658 3411 70 18 certain
2743 3417 20 10 re-

2337 3434 50 24 pairs
2395 3435 43 16 that
2446 3440 49 11 were
2502 3440 98 16 necessary
2608 3436 20 16 to
2637 3435 32 16 the
2677 3436 44 21 gate
2735 3434 37 17 and

2337 3458 114 23 approaches
2460 3459 20 15 to
2489 3457 32 17 the
2530 3457 69 20 school,
2609 3458 38 17 and
2656 3458 62 17 others
2727 3457 21 17 of
2761 3464 11 10 a

2337 3481 62 17 minor
2414 3483 73 15 nature.
2518 3481 30 16 He
2562 3481 117 22 complained
2696 3480 39 17 also
2752 3481 20 16 of

2337 3505 32 16 the
2378 3504 117 17 defacement
2503 3505 20 16 of
2531 3504 54 17 desks
2594 3504 38 17 and
2637 3504 135 22 displacement

2336 3528 21 17 of
2365 3527 58 17 books
2432 3527 61 17 which
2503 3527 88 17 occurred
2600 3532 23 12 on
2634 3526 86 22 Sundays
2733 3526 38 18 and

2336 3550 102 23 suggested
2452 3550 42 17 that
2510 3556 51 11 more
2575 3549 114 23 supervision
2703 3549 68 18 should

2336 3575 23 16 be
2368 3573 94 18 exercised
2470 3579 44 12 over
2522 3573 32 17 the
2564 3578 66 18 grown
2645 3578 26 17 up
2686 3573 85 17 children

2336 3604 25 11 on
2369 3597 44 17 that
2424 3596 43 22 day.

2360 3620 20 17 It.
2387 3626 38 11 was
2434 3618 83 18 resolved
2526 3620 20 16 to
2561 3618 35 18 call
2610 3619 29 17 for
2652 3618 75 19 tenders
2742 3620 29 16 for

2336 3643 82 21 altering
2426 3643 32 17 the
2467 3643 81 21 position
2556 3642 38 16 and
2602 3642 61 21 fixing
2672 3642 32 16 flu-
2717 3644 54 19 gates

2336 3662 101 26 according
2453 3667 20 16 to
2488 3665 134 22 specifications
2638 3665 91 22 prepared
2746 3666 25 22 by-

2335 3690 33 17 Mr
2383 3689 80 18 Purcell,
2481 3688 37 17 and
2534 3688 43 17 that
2590 3688 32 16 Mr
2638 3688 94 23 McAuley
2749 3689 22 16 be

2336 3712 57 18 asked
2402 3714 20 15 to
2430 3711 66 18 attend
2505 3712 19 16 to
2533 3711 32 16 the
2574 3711 54 17 other
2637 3713 84 16 matters.

2359 3736 39 16 The
2406 3736 99 16 Treasurer
2512 3733 87 23 reported
2608 3734 42 17 that
2658 3735 25 17 he
2690 3735 38 17 had
2741 3740 20 11 re-

2336 3758 63 19 ceived
2409 3759 30 16 12s
2448 3758 23 16 (id
2480 3758 48 15 from
2536 3756 33 17 the
2577 3756 133 24 Presbyterian
2721 3758 50 22 body

2336 3783 29 16 for
2373 3782 36 17 five
2418 3780 66 18 weeks'
2493 3781 42 15 rent
2543 3780 20 16 of
2569 3780 65 18 school
2643 3781 29 17 for
2686 3781 83 19 services,

2335 3805 38 17 and
2382 3806 15 16 it
2406 3810 37 11 was
2451 3803 77 17 decided
2536 3803 43 17 that
2585 3803 33 17 the
2626 3804 54 17 Band
2689 3805 20 15 of
2716 3804 55 21 Hope

2335 3829 48 17 have
2403 3827 32 18 the
2452 3832 32 11 use
2500 3826 19 17 of
2535 3825 47 18 both
2598 3832 62 12 rooms
2677 3827 30 17 for
2723 3827 48 16 their

2335 3851 84 21 meeting
2427 3855 24 12 on
2460 3849 49 17 June
2519 3850 16 15 5.

2359 3874 94 17 Accounts
2462 3872 113 23 amounting
2583 3874 20 16 to
2613 3872 26 18 o
2652 3875 20 15 4s
2686 3872 23 18 Gd
2723 3878 47 11 were

2335 3897 67 23 passed
2411 3897 28 16 for
2448 3897 95 21 payment.

2360 3920 23 17 In
2392 3919 31 17 the
2432 3919 70 16 matter
2509 3919 20 16 of
2543 3919 98 17 absentees
2655 3919 15 16 it
2684 3925 39 10 was
2737 3918 22 17 de-

2336 3942 54 19 cided
2401 3944 19 15 to
2434 3940 33 18 ask
2481 3942 32 16 the
2526 3942 62 17 Board
2604 3942 16 16 if
2636 3942 81 17 Maor;es
2733 3940 38 18 and

2336 3966 110 18 half-castes
2455 3965 55 17 could
2518 3965 23 17 be
2550 3965 103 21 compelled
2662 3966 20 16 to
2698 3964 72 17 attend.

2359 3989 21 16 It
2388 3994 37 11 was
2434 3987 84 18 resolved
2527 3989 20 16 to
2561 3987 35 18 call
2609 3988 31 17 for
2653 3987 75 18 tenders
2742 3987 30 18 for

2336 4012 88 22 cleaning
2432 4011 33 17 the
2473 4010 69 18 school.

2359 4035 70 17 Messrs
2437 4034 97 17 Robinson
2548 4032 37 18 and
2601 4032 112 23 Neighbour
2724 4039 48 11 were

2336 4057 103 23 appointed
2456 4064 11 10 a
2480 4056 77 23 visiting
2571 4057 106 17 committee
2694 4057 30 16 for
2740 4057 33 16 the

2336 4083 47 16 next
2394 4081 73 17 month.

2360 4104 39 17 The
2408 4104 83 20 meeting
2499 4102 46 17 then
2554 4102 111 22 adjourned.

2797 117 2 17 !
2855 117 54 17 THE
2929 117 130 17 UREWERA
3071 117 125 17 TROUBLE.

2795 134 3 24 1

2831 162 78 24 Tidings
2927 163 48 16 from
2997 162 33 17 the
3052 162 87 18 Urew-era
3159 162 83 24 Country

2795 182 2 27 I
2808 186 47 17 have
2864 185 47 18 been
2929 191 75 18 meagre
3018 184 20 18 in
3055 185 32 19 the
3103 186 88 17 extreme,
3210 186 30 18 but

2796 207 1 24 i
2808 214 77 12 rumour
2902 209 46 17 with
2969 209 24 17 its
3012 208 84 18 hundred
3115 210 80 21 tongues
3211 209 34 17 has
3267 207 4 24 '

2796 231 1 24 !
2807 231 5 16 1
2821 237 33 12 een
2862 233 65 22 pretty
2935 232 60 17 active
3003 231 20 18 in
3033 231 111 23 circulating
3153 238 10 11 a
3173 232 70 23 variety
3268 231 3 24 1

2796 255 33 18 jof
2834 254 107 24 imaginary
2951 254 91 19 incidents
3053 254 110 24 interesting
3172 261 23 11 on
3212 261 31 11 ac-
3267 254 4 24 1

2796 277 2 24 !
2808 280 56 14 count
2873 278 21 18 of
2902 278 32 18 the
2942 277 100 24 ingenuity
3052 277 96 23 displayed
3163 278 82 18 injlieir
3268 277 3 24 .

2796 301 2 18 !
2808 301 115 18 concoction.

2795 318 3 26 I
2831 324 38 17 The
2889 324 122 18 detichment
3032 324 20 17 of
3075 324 31 17 the
3132 324 110 18 Permanent
3268 318 3 26 ;

2796 344 2 28 j
2810 347 87 23 Artillery
2910 347 62 18 under
2984 347 56 17 Lieut
3057 345 63 19 Hume
3132 346 64 23 joined
3212 348 31 16 li.-

2807 370 253 23 spectorEmerson'sposse
3073 370 19 17 of
3106 370 59 22 police
3179 371 17 16 at
3212 370 32 18 the

2796 390 2 26 j
2808 399 53 17 camp
2871 400 23 10 on
2904 393 33 18 the
2946 393 80 18 Galatea
3035 393 50 21 plain
3094 395 21 16 at
3120 393 32 18 the
3156 394 89 18 entrance
3268 390 3 26 '

2796 412 31 25 jf
2843 417 33 17 the
2892 417 26 17 To
3020 421 65 17 gorge,
3101 423 20 10 or
3137 416 59 17 about
3213 418 30 15 ten
3266 416 5 19 ]

2808 440 53 17 miles
2869 442 48 14 from
2928 439 32 17 the
2969 440 25 16 To
3003 438 69 18 Whaiti
3081 445 30 16 pa.
3137 439 29 18 On
3175 439 70 18 Thurs-
3266 436 5 19 )

2796 458 2 27 !
2808 463 37 21 day
2854 463 35 17 last
2899 462 80 18 another
2988 463 55 22 party
3052 462 20 17 of
3085 462 89 22 Artillery
3189 468 54 11 num-
3267 458 4 27 1

2796 483 2 25 I
2807 485 67 23 bering
2895 487 23 15 20
2939 491 42 12 men
3003 485 60 18 under
3069 485 175 23 Sergeant-MajcH
3266 494 5 13 i

2796 508 2 18 i
2809 508 116 17 Richardson
2934 508 38 17 and
2982 508 51 17 Bush
3041 508 74 17 arrived
3124 508 43 18 here
3174 508 37 17 and
3220 515 23 10 on
3266 520 5 5 .

2796 530 2 23 j
2810 531 68 22 Friday
2896 531 103 22 proceeded
3016 535 20 13 to
3053 531 32 17 the

2796 553 2 25 ]
2808 553 75 19 ardson.
2894 554 42 18 who
2945 554 37 18 hod
3005 553 132 24 accompanied
3153 555 33 16 the
3203 560 41 12 men
3266 566 5 6 ,

2809 578 48 16 from
2867 577 123 21 Wellington,
3000 578 106 19 returning.
3127 578 43 17 This
3180 578 63 17 makes

2797 598 2 28 j
2809 600 32 17 the
2850 600 93 18 available
2952 602 50 15 force
3010 601 20 16 in
3039 600 32 18 the
3083 600 87 18 Drewera
3187 607 58 11 coun-

2810 624 30 21 try
2849 628 25 18 up
2883 625 20 15 to
2912 625 23 15 M
2944 629 48 12 men.
3026 623 38 18 The
3073 623 60 19 whole
3141 623 50 23 body
3201 625 44 16 then
3266 625 5 19 1

2798 646 2 23 I
2810 646 102 22 proceeded
2921 652 25 13 on
2954 650 21 13 to
2986 647 26 16 Te
3029 647 76 19 Whaiti,
3123 647 61 16 where
3200 647 45 22 they
3266 647 5 16 t

2798 669 2 22 I
2811 669 44 18 wait
2862 670 33 16 the
2904 670 69 17 arrival
2982 671 19 15 of
3010 670 32 16 the
3051 670 51 17 Hon.
3111 670 18 17 J.
3144 670 78 17 Carroll,
3265 676 6 15 f

2833 693 47 17 List
2887 692 57 21 night
2953 693 31 17 Mr
2993 692 100 19 Lawrence
3102 693 70 18 Cussen
3181 694 20 16 of
3214 693 32 17 the
3265 696 6 20 j

2798 715 2 23 j
2810 715 202 23 Surveyor-General's
3032 715 124 23 Department
3174 717 71 16 arrived
3265 729 6 3 .

2810 739 19 17 in
2838 739 90 19 Rotorua.
2937 738 39 18 and
2979 738 103 24 proceeded
3092 745 26 16 up
3124 741 79 21 country
3208 739 39 17 this

2798 762 2 24 !
2810 762 89 23 morning
2909 762 44 17 with
2963 769 11 10 a
2983 763 46 15 view
3038 764 21 15 to
3067 762 60 18 ascert
3133 762 25 17 dn
3172 762 32 17 the
3212 769 33 10 ex-
3265 762 6 24 J

2798 783 2 25 ;
2810 788 30 14 act
2850 785 80 23 position
2940 786 20 16 of
2968 786 78 17 matters
3055 785 18 17 in
3088 786 79 16 relation
3181 787 20 15 to
3215 786 32 16 the
3266 783 5 12 '

2798 808 2 23 I
2810 814 66 15 survey
2887 808 61 18 under
2956 809 31 16 Mr
2997 808 83 23 Phillips.
3106 809 31 16 Mr
3149 809 70 17 Cussen
3232 809 15 16 is
3264 809 7 12 J

2798 831 2 23 '
2811 831 40 18 well
2862 831 65 18 versed
2935 831 19 18 in
2964 832 112 22 everything
3086 832 80 22 relating
3181 833 19 16 to
3215 832 25 17 tin
3264 835 6 11 i

2798 854 2 23 I
2811 854 60 17 Maori
2886 854 96 18 character
2995 854 72 23 having
3080 855 71 17 carried
3165 856 34 16 out
3215 855 26 17 the
3264 861 7 11 \

2799 877 1 24 :
2811 878 38 16 first
2861 884 67 15 survey
2937 877 40 18 into
2986 879 32 15 the
3029 879 51 20 King
3089 884 45 11 can.
3147 884 20 17 *y
3181 879 38 16 ami
3232 879 16 17 in
3264 880 7 18 i

2799 900 1 25 \
2811 901 96 21 naturally
2914 900 114 24 acquainted
3035 901 43 16 w'th
3087 901 32 18 the
3123 901 125 23 peculiarities
3264 913 7 12 (

2799 923 2 24 !
2812 924 20 17 of
2839 924 50 17 their
2896 923 118 24 disposition,
3024 924 39 17 and
3069 924 51 17 their
3134 924 113 23 supcrsensi-
3264 933 7 8 i

2799 945 2 24 !
2811 946 81 18 tivenoss
2909 947 19 17 in
2943 953 56 16 many
3014 949 77 15 matters
3108 948 59 16 which
3186 948 53 16 other

2799 970 2 23 ,
2811 970 36 16 less
2856 971 42 16 well
2910 970 65 18 versed
2992 971 18 16 in
3025 970 32 18 the
3071 971 141 22 idiosyncrasies
3229 974 17 14 oi

2799 990 2 25 I
2812 993 32 16 the
2859 999 42 11 race
2916 994 62 21 might
2996 994 84 16 consider
3096 1000 20 10 as
3133 994 31 17 (he
3181 996 66 15 merest
3264 992 6 12 3

2812 1015 54 18 trifle.
2892 1016 60 17 There
2961 1018 14 15 ij
3055 1016 113 23 probability
3182 1017 21 17 of
3218 1017 17 17 M
3264 1018 7 14 0

2812 1039 71 17 Cussen
2890 1039 60 24 being
2956 1040 44 18 able
3007 1042 21 16 to
3036 1041 36 22 put
3079 1046 11 11 a
3105 1040 63 22 period
3184 1041 20 17 to
3217 1040 32 17 the
3264 1044 5 12 l

2812 1062 74 18 trouble
2895 1063 37 17 and
2946 1063 54 18 effect
3016 1064 45 16 su-h
3076 1068 23 12 an
3116 1066 133 20 arrangement
3263 1070 8 12 r

2812 1086 45 16 with
2867 1087 32 16 the
2908 1086 73 18 natives
2989 1093 20 10 as
3019 1087 37 16 will
3066 1087 67 21 permit
3142 1087 31 16 the
3183 1092 65 16 survey
3263 1092 6 16 t

2811 1108 58 23 being
2876 1109 109 18 continued.
3012 1110 31 17 Mr
3049 1110 71 17 Cussen
3137 1112 76 20 expects
3230 1113 20 14 to

2799 1127 2 23 !
2812 1134 49 15 meet
2869 1133 32 16 Mr
2909 1133 73 17 Carroll
2991 1136 18 14 at
3020 1133 89 17 Galatea.

2835 1156 15 16 A
2861 1156 83 21 meeting
2961 1157 20 16 of
3001 1155 72 19 natives
3094 1156 15 17 is
3125 1162 42 11 now
3184 1155 58 23 being

2800 1177 1 25 i
2812 1177 43 18 held
2864 1181 19 14 at
2893 1180 25 15 Te
2928 1180 69 16 Whaiti
3007 1180 17 15 in
3036 1178 66 24 regard
3111 1180 20 17 to
3137 1179 33 17 the
3173 1178 75 19 trouble
3264 1177 7 11 *

2800 1201 1 21 j
2813 1201 54 17 From
2877 1209 11 9 a
2897 1202 64 18 native
2970 1209 64 11 source
3043 1208 27 12 we
3087 1203 49 16 learn
3146 1202 40 18 that
3198 1202 52 17 then;
3264 1203 7 11 '

2800 1225 1 18 I
2812 1230 38 10 was
2864 1231 24 10 no
2902 1225 94 17 intention
3014 1227 19 15 to
3049 1225 88 18 interfere
3153 1225 47 17 with
3217 1226 31 16 the
3264 1228 6 11 i

2800 1247 1 23 1
2812 1253 73 17 survey.
2913 1249 17 16 It
2940 1254 38 11 was
2987 1249 91 21 certainly
3091 1248 77 17 decided
3184 1251 21 14 at
3218 1248 31 18 the
3263 1254 8 13 a

2800 1271 1 26 j
2812 1271 62 16 native
2884 1272 116 17 Parliament
3014 1272 59 17 which
3087 1275 30 14 sat.
3129 1273 20 16 at
3165 1272 82 16 Rotorua
3264 1274 5 19 ]

2800 1290 1 29 I
2812 1294 36 16 last
2857 1294 66 18 month
2941 1295 41 17 that
2998 1302 11 10 a
3026 1295 61 22 policy
3104 1296 20 16 of
3139 1294 108 19 non-inter-
3262 1300 9 19 :,

2800 1317 1 26 j
2812 1318 76 16 volition
2898 1318 67 17 should
2979 1318 22 18 bo
3018 1317 181 19 maintainedthat
3212 1323 23 12 no-

2800 1340 1 24 |
2812 1340 55 22 thing
2878 1341 62 17 would
2949 1341 23 17 be
2981 1341 48 18 done
3038 1344 21 14 to
3069 1343 79 21 prevent
3161 1341 33 17 the
3207 1347 31 10 sur

2800 1362 1 26 J
2812 1369 34 16 vey
2863 1364 34 17 but
2915 1365 42 16 that
2974 1371 25 10 no
3021 1365 100 16 assistance
3142 1364 67 17 should
3226 1364 22 17 l>c

2812 1387 61 20 given.
2899 1388 27 16 Th
2937 1388 43 21 .ugh
2990 1388 32 17 the
3037 1387 128 24 employment
3178 1388 20 16 of
3214 1385 33 19 ha-

2812 1410 37 17 five
2859 1410 66 24 guidos
2934 1411 24 23 by
2969 1412 31 16 Mr
3012 1411 80 22 Phillips
3106 1417 36 11 was
3157 1409 90 25 regarded
3262 1413 9 11 <

2813 1432 44 19 with
2867 1434 84 16 disfavor
2957 1434 82 21 nothing
3045 1441 38 10 was
3090 1434 47 17 done
3144 1436 19 15 to
3170 1435 78 21 prevent
3262 1439 9 12 :<

2812 1456 20 18 it.
2843 1457 49 17 until
2901 1463 35 11 one
2948 1458 20 16 of
2981 1458 52 16 these
3048 1463 37 11 was
3101 1457 58 17 found
3176 1456 71 18 outside
3262 1460 9 17 jj

2812 1479 29 17 his
2849 1485 44 12 own
2901 1482 87 21 country.
3014 1481 52 16 Then
3075 1487 19 10 as
3108 1481 42 17 that
3163 1478 79 24 particu-
3266 1490 5 13 j

2812 1502 28 17 lar
2849 1502 50 24 hapu
2909 1503 108 18 considered
3026 1504 32 17 tin-
3068 1509 54 13 nuinu
3131 1505 20 16 of
3159 1506 32 15 the
3201 1502 46 19 tribe
3263 1517 8 11 3

2812 1531 38 11 was
2864 1526 120 24 endangered
3002 1527 45 22 they
3062 1527 105 17 interfered.
3200 1527 19 16 It
3235 1526 15 17 in

2812 1550 97 22 generally
2918 1550 93 23 supposed
3021 1551 42 16 that
3071 1551 15 16 if
3094 1550 32 18 the
3134 1550 73 17 natives
3212 1550 35 16 had
3266 1562 5 4 .

2812 1572 36 17 had
2856 1574 32 15 (he
2897 1574 82 21 position
2990 1574 65 21 placed
3065 1573 63 17 before
3137 1574 50 16 them
3196 1574 20 16 in
3224 1568 23 27 it;
3264 1580 5 3 -
3269 1568 2 27 1

2812 1597 41 15 true
2862 1596 51 22 light
2937 1597 42 19 viz.,
2989 1597 42 16 that
3040 1597 32 17 the
3081 1602 67 16 survey
3157 1595 64 19 would
3226 1595 21 18 be
3262 1595 9 13 H

2812 1619 102 21 proceeded
2925 1620 44 17 with
2979 1621 19 16 at
3008 1620 25 17 all
3042 1620 78 17 ha/.ards
3129 1620 44 22 they
3186 1619 60 18 would
3262 1615 9 20 I

2800 1642 1 24 i
2812 1642 47 16 have
2868 1642 54 18 made
2931 1644 142 22 arrangements
3083 1644 85 21 whereby
3184 1642 64 22 guides
3263 1642 8 19 1

2800 1661 1 28 i
2812 1665 61 17 would
2888 1666 47 17 have
2949 1667 47 17 been
3010 1666 88 23 properly
3115 1666 85 19 allotted.
3233 1667 12 16 A
3262 1675 9 13 j

2800 1683 1 31 I
2811 1688 49 17 little
2871 1689 40 18 tact
2927 1695 25 12 on
2966 1690 32 17 the
3018 1692 42 20 part
3075 1690 20 18 of
3111 1689 31 19 the
3160 1695 87 18 surveyor
3262 1694 6 16 ?
3268 1683 3 31 (

2800 1712 1 24 I
2812 1712 61 21 might
2883 1713 47 16 have
2939 1713 79 17 avoided
3027 1719 11 10 a
3047 1714 69 16 serious
3126 1714 97 22 difficulty.

2836 1736 12 16 A
2861 1736 24 16 Te
2896 1736 69 17 Whaiti
2975 1736 63 18 native
3047 1742 37 11 was
3094 1736 19 18 in
3118 1738 50 17 town
3176 1738 55 21 yester-

2811 1757 36 23 day
2857 1759 37 17 and
2903 1759 103 22 proceeded
3015 1766 25 10 on
3048 1759 29 17 his
3091 1762 62 15 return
3167 1760 67 22 journe
3240 1757 2 25 .

2799 1781 31 18 lin
2840 1782 31 17 the
2880 1783 106 16 afternoon.
3018 1783 30 17 He
3062 1783 70 18 earned
3146 1783 45 17 with
3208 1783 36 18 him
3263 1788 8 13 r'

2799 1804 2 24 I
2810 1804 103 24 telegrams
2921 1806 50 17 from
2979 1806 57 17 Hone
3048 1806 60 21 Hekc,
3125 1807 86 18 M.H.R..
3228 1808 16 16 tu
3263 1804 4 24 l

2799 1828 2 19 I
2811 1828 32 16 the.
2852 1829 62 17 native
2924 1829 58 17 chiefs
2991 1830 104 16 assembled
3104 1832 20 15 at
3132 1830 24 17 Te
3170 1830 74 17 Whaiti.

2867 1877 312 33 CORRESPONDENCE.

2960 1949 20 10 to
2991 1948 35 10 tiik
3040 1948 66 11 f.ditor.

2834 1967 40 20 Sin,
2878 1968 33 17 I
2920 1974 38 12 was
2968 1968 54 19 much
3030 1968 93 24 surprised
3130 1975 24 12 on
3161 1969 81 23 entering

2812 1990 31 18 the
2853 1990 142 25 reading-room
3004 1992 20 17 of
3031 1992 32 17 the
3070 1992 79 23 Library
3154 1992 33 19 the
3194 1993 36 18 othi

2810 2014 36 22 day
2855 2016 20 15 to
2884 2020 30 12 see
2923 2021 11 11 a
2942 2016 62 16 notice
3012 2015 101 19 addressed
3122 2017 19 17 to
3150 2017 92 23 strangers

2810 2037 73 23 stating
2890 2037 45 18 that
2941 2044 21 11 as
2980 2045 20 10 so
3017 2044 56 17 many
3090 2041 53 21 petty
3160 2039 59 18 theftti
3227 2042 14 15 oi

2810 2060 110 22 periodicals
2927 2062 36 16 had
2970 2061 56 20 taken
3036 2062 51 22 place
3097 2062 48 19 from
3148 2063 33 18 the
3188 2063 24 17 tal
3221 2063 21 18 Icm

2809 2084 16 16 it
2834 2084 61 16 would
2905 2084 23 17 bo
2937 2090 96 15 nooosgiuy
3043 2085 29 17 for
3081 2086 23 14 nil
3122 2087 91 20 strangest
3226 2089 15 13 tv

2809 2105 22 18 bo
2840 2105 111 19 introduced
2960 2107 40 16 into
3010 2107 32 16 tin?
3050 2112 52 12 room
3116 2107 18 17 in
3149 2107 57 18 futun
3219 2107 19 23 bj

2810 2129 31 16 the
2860 2130 37 16 lion
2915 2130 94 17 treasurer
3025 2135 21 12 or
3063 2132 98 20 secretary,
3181 2131 60 22 failinp

2810 2151 59 19 which
2878 2153 45 21 they
2937 2152 62 17 would
3016 2153 22 17 be
3055 2153 77 17 ordered
3149 2155 48 16 from
3214 2155 24 16 tin

2808 2181 58 11 room.
2892 2176 9 16 I
2911 2175 68 19 should
2989 2182 44 15 very
3041 2176 54 17 much
3108 2176 36 18 like
3153 2179 19 15 to
3189 2177 49 20 know

2808 2201 14 14 it
2830 2201 44 15 such
2881 2199 72 18 drastic
2958 2201 50 20 stops
3014 2206 20 10 as
3041 2199 37 17 this
3085 2206 47 10 were
3137 2200 91 18 takenaft<
3237 2199 2 22 i

2808 2222 138 17 consideration
2955 2222 25 22 by
2989 2222 32 19 the
3035 2223 111 19 committee,
3165 2230 21 11 or
3200 2224 15 17 is
3230 2225 12 16 it.

2808 2244 32 18 the
2849 2246 51 16 work
2909 2246 21 16 of
2939 2252 49 11 some
2998 2248 31 15 too
3043 2246 74 17 zealous
3133 2247 67 17 officer.
3226 2248 14 16 1:

2807 2267 15 17 is
2832 2268 81 23 scarcely
2923 2269 19 16 in
2951 2269 67 17 accord
3031 2269 46 17 with
3095 2270 32 16 the!
3143 2271 95 17 statement

2807 2292 20 15 of
2836 2291 31 18 the
2876 2292 44 17 hon.
2932 2293 93 23 secretary
3036 2295 19 15 to
3065 2292 30 18 Sir
3099 2292 76 19 Patrick
3179 2294 47 18 Buck-

2807 2313 36 24 ley,
2854 2316 32 16 the
2895 2315 54 17 other
2960 2316 43 22 day,
3022 2316 42 17 that
3080 2316 25 17 nil
3122 2317 77 17 tourists
3215 2324 16 10 re-

2808 2338 62 18 ceived
2879 2345 11 10 a
2899 2338 70 18 cordial
2979 2338 87 19 welcome
3083 2340 19 17 to
3120 2340 31 17 the
3167 2340 74 21 reading

2799 2360 1 25 I
2807 2366 58 16 room,
2881 2361 38 17 and
2940 2368 48 11 were
3008 2362 80 23 granted
3109 2363 24 17 its
3154 2364 38 17 free
3212 2370 24 11 us.

2807 2384 59 17 There
2874 2385 15 17 is
2898 2387 33 15 not
2941 2386 56 16 much
3007 2385 98 25 cordiality
3122 2387 19 16 in
3157 2394 11 10 a
3183 2387 58 17 notice

2807 2408 60 17 which
2878 2413 123 18 presupposes
3010 2409 43 18 that
3062 2408 32 19 the
3103 2410 95 24 strangers
3207 2417 32 10 am:

2807 2430 73 20 visitors
2890 2433 19 15 to
2918 2432 33 18 the
2960 2432 53 23 place
3017 2437 31 13 are
3113 2435 83 21 suspects
3224 2434 15 17 ii.

2807 2454 32 16 tin!
2848 2455 69 17 matter
2926 2456 20 16 of
2955 2455 31 17 the
2996 2455 144 24 disappearance
3149 2458 19 16 of
3177 2463 49 18 maga-

2807 2477 139 20 zincs.Besides,
2953 2479 15 16 if
2974 2479 44 16 such
3027 2484 13 13 a
3045 2479 62 18 notice
3111 2479 16 18 is
3136 2480 102 18 considered

2807 2505 102 19 necessary,
2920 2502 64 17 would
2993 2502 15 17 it
3017 2504 33 15 not
3059 2502 22 17 be
3090 2509 20 10 as
3120 2503 41 17 well
3177 2505 20 16 to
3213 2505 17 16 in-

2807 2524 47 17 form
2864 2525 96 23 strangers
2970 2526 19 16 of
2998 2525 31 17 the
3039 2531 63 11 names
3119 2526 37 18 and
3172 2528 57 17 where-

2807 2547 66 17 abouts
2882 2549 20 15 of
2911 2554 76 16 persons
2996 2549 43 16 who
3054 2554 31 12 are
3101 2552 107 19 competent
3224 2552 17 16 to

2806 2569 97 20 introduce
2913 2571 57 20 them,
2981 2571 78 18 because
3067 2572 15 17 it
3091 2578 34 11 can
3132 2574 80 23 scarcely
3223 2577 14 14 !w

2807 2594 92 22 supposed
2906 2595 41 16 that
2955 2595 74 16 visitors
3036 2597 19 14 to
3063 2594 32 19 the
3097 2596 54 22 place
3155 2602 34 12 can
3197 2597 43 18 have

2806 2622 23 11 an
2838 2617 87 18 intuitive
2935 2617 111 24 knowledge
3054 2618 103 23 regarding
3162 2620 35 18 the
3199 2626 30 17 per-

2806 2640 81 24 sonality
2896 2641 20 17 of
2925 2641 53 17 those
2987 2641 42 20 who
3040 2648 31 10 are
3087 2643 88 21 qualified
3184 2646 20 14 to
3213 2647 28 15 act

2805 2669 21 10 as
2834 2669 87 17 sponsors
2930 2665 19 16 in
2958 2665 37 17 this
3008 2666 77 21 respect.
3120 2666 82 23 Perhaps
3211 2668 23 16 tin-

2805 2686 39 18 fact
2853 2688 20 16 of
2880 2688 92 23 stopping
2987 2690 21 15 at
3024 2694 11 10 a
3052 2688 70 17 certain
3139 2689 89 25 boarding-

2805 2709 57 17 house
2871 2717 21 11 or
2900 2711 51 17 hotel
2961 2711 62 22 might
3031 2711 24 17 be
3061 2711 76 19 deemed
3144 2714 94 18 sufficient,

2805 2738 20 12 so
2834 2733 46 23 long
2888 2740 20 11 as
2923 2733 31 19 the
2972 2734 106 23 proprietor
3094 2735 15 17 is
3125 2742 10 10 a
3153 2737 85 18 member.

2805 2756 19 17 It
2833 2757 14 16 is
2856 2758 20 16 of
2890 2763 71 13 course,
2979 2759 124 16 unfortunate
3120 2759 41 18 that
3175 2766 51 12 maga-

2805 2779 49 19 zines
2861 2779 69 19 should
2935 2780 25 18 be
2966 2780 101 24 purloined
3074 2781 49 18 from
3136 2783 31 16 the
3181 2789 56 12 room,

2803 2802 35 18 but
2847 2803 43 17 such
2900 2804 16 16 is
2925 2806 33 14 not
2968 2804 85 17 confined
3062 2806 20 15 to
3092 2805 83 19 Rotorua
3187 2806 51 18 alone

2803 2826 37 17 and
2849 2827 54 16 other
2911 2827 118 17 institutions
3039 2829 77 16 content
3130 2829 107 19 themselves

2803 2849 45 17 witli
2859 2850 78 23 posting
2944 2857 12 10 a
2965 2851 31 16 list
3007 2851 20 16 of
3043 2851 31 16 the
3090 2851 78 23 missing
3184 2858 39 13 num-

2803 2871 40 19 bers
2852 2872 38 18 and
2899 2873 24 17 do
2932 2875 35 15 not
2975 2874 59 17 insult,
3042 2876 95 21 strangers
3145 2876 38 16 and
3195 2877 33 16 visi-

2802 2897 39 15 tors
2850 2898 19 15 to
2878 2897 33 16 the
2920 2898 51 16 town
2981 2897 24 22 by
3022 2897 72 22 having
3107 2898 45 18 such
3165 2905 26 11 an
3208 2900 21 16 ill-

2802 2919 75 17 advised
2887 2918 76 24 placard
2974 2921 73 21 staring
3055 2921 51 17 them
3120 2922 19 16 in
3154 2923 32 16 the
3200 2923 38 17 face

2801 2947 20 11 as
2831 2948 44 11 60on
2885 2949 20 10 as
2920 2944 45 21 they
2979 2950 49 11 cross
3046 2944 31 17 the
3094 2945 102 18 threshold.
3229 2947 5 16 )

2801 2971 36 14 am,
2847 2966 39 21 &c,

3090 2991 16 16 A
3119 2991 95 17 Membeii.

2801 3038 429 46 CABLEGRAMS

2823 3128 84 19 London.
2918 3129 46 21 May
2982 3130 78 17 28,1n
3073 3136 126 18 consequence
3215 3138 17 12 or

2799 3152 107 16 Australian
2915 3152 65 17 butter
2989 3153 57 22 being
3052 3154 58 16 found
3118 3155 19 16 in
3144 3154 30 19 the
3184 3161 36 12 mar-

2798 3175 32 17 ket
2838 3175 118 17 adulterated
2966 3176 45 17 with
3022 3177 72 21 foreign
3104 3178 33 18 fat,
3147 3178 24 17 all
3182 3178 48 19 dairy

2798 3197 88 23 products
2895 3197 38 19 will
2943 3199 19 16 in
2980 3199 64 18 future
3060 3199 23 18 be
3099 3201 84 22 sampled
3197 3203 35 17 and

2797 3220 88 23 analysed
2895 3220 24 24 by
2929 3222 128 18 Government
3070 3223 93 18 chemists.

2820 3244 67 22 Heavy
2894 3245 85 22 fighting
2991 3246 15 16 is
3027 3246 86 22 reported
3134 3248 18 16 in
3170 3248 55 17 Bonn

2797 3269 84 21 country.
2896 3269 77 17 Central
2982 3269 69 17 Africa.
3092 3269 85 23 Kabbah,
3196 3272 27 16 for-

2797 3290 58 22 merly
2865 3290 45 19 with
2920 3291 148 21 ZohehrPasha,
3078 3293 59 17 seized
3145 3295 32 16 the
3187 3301 33 16 cap-

2796 3314 40 19 ital,
2846 3315 49 16 after
2903 3320 11 11 a
2923 3317 55 19 great
2987 3315 54 22 fight,
3051 3316 19 16 in
3079 3316 61 18 which
3146 3317 32 17 the
3187 3317 32 18 Sul-

2796 3338 33 15 tan
2837 3338 21 16 of
2865 3337 33 17 the
2907 3340 81 20 country
2996 3338 37 18 lost
3043 3340 52 18 3,000
3104 3345 48 11 men.

2818 3360 71 20 Berlin,
2898 3361 47 22 May
2955 3362 28 16 28.
2985 3361 113 23 Through
3107 3368 12 11 a
3131 3363 59 17 boiler
3198 3370 22 11 ex-

2795 3382 72 22 plosion
2893 3390 24 11 on
2934 3385 32 16 the
2982 3384 82 18 Turkish
3080 3386 78 22 torpedo
3177 3387 51 18 boat.

2795 3406 107 23 Destroyer,
2912 3408 19 17 in
2949 3408 32 17 the
2997 3408 68 19 Baltic,
3082 3408 28 17 six
3125 3415 42 12 men
3184 3416 48 11 wen>

2794 3429 58 17 killed
2860 3431 38 17 and
2907 3431 68 17 twelve
2983 3437 49 11 were
3045 3431 90 24 seriously
3148 3433 79 22 injured.

2818 3453 103 22 Shanghai.
2940 3455 46 21 May
3010 3455 93 17 28.The
3138 3455 92 23 Japane?-

2794 3476 43 17 fleet
2846 3476 15 17 is
2874 3477 109 23 mobilising
3000 3478 27 16 off
3041 3478 82 19 Tamsui,
3140 3484 11 12 a
3167 3481 61 21 treaty

2793 3502 50 21 port.
2868 3500 93 23 Fighting
2980 3500 16 18 is
3016 3501 96 22 expected.

2794 3556 207 33 AUSTRALIAN
3017 3557 204 34 TELEGRAMS.

2817 3634 81 21 Sydney.
2913 3634 46 21 May
2977 3635 47 16 28.-
3030 3635 39 17 The
3085 3636 77 23 railway
3178 3643 36 12 rate-

2793 3657 52 17 tariff
2851 3662 40 11 war
2898 3657 16 16 is
2922 3657 58 22 being
2988 3658 86 17 resumed
3090 3658 83 20 between
3182 3660 41 19 Nev.

2794 3679 59 17 South
2862 3680 62 17 Wales
2944 3681 38 16 and
3002 3681 84 17 Victoria
3112 3683 45 17 with
3177 3690 41 12 mor

2793 3703 54 22 vigor
2851 3703 47 16 than
2905 3709 49 11 over.
2960 3703 51 23 Very
3019 3704 36 17 low
3066 3707 48 16 rates
3122 3712 30 11 are
3157 3712 54 17 quou
3222 3703 1 26 !

2793 3727 20 15 to
2822 3731 62 12 secure
2893 3726 32 18 the
2942 3727 89 17 Riverina
3039 3728 59 17 trade.

2884 3776 237 34 TELEGRAPHIC.

2815 3826 78 19 Pneroa,
2903 3826 124 29 Wednesday.
3029 3828 62 17 The
3107 3830 39 17 reef
3154 3829 61 19 discov-

2792 3848 43 18 ered
2844 3848 25 24 by
2882 3849 79 22 Lowrio,
2972 3851 68 16 Corbet
3042 3853 7 14 t
3063 3851 35 18 find
3116 3854 60 21 party,
3195 3855 16 16 b.

2792 3873 61 15 tween
2862 3873 83 17 Komara
2954 3873 37 17 and
2999 3873 115 19 Waitekauri
3129 3876 14 16 is
3158 3873 68 26 prove-1

2792 3896 21 15 to
2821 3895 23 17 bo
2855 3895 38 18 15ft
2901 3896 49 17 wide
2959 3897 36 16 and
3005 3897 140 23 gold-bearing.

2815 3918 123 23 Wellington,
2957 3920 122 22 Wednesday.
3129 3922 38 17 The
3184 3923 41 17 Po.-J

2793 3942 58 16 states
2860 3942 42 16 that
2910 3942 33 17 the
2950 3942 87 18 Midland
3046 3944 85 23 Railway
3140 3944 31 19 Co.
3182 3946 40 17 hav.

2794 3964 55 22 given
2857 3965 63 17 notice
2928 3967 20 15 to
2957 3966 105 22 employees
3070 3968 35 16 not
3113 3969 20 17 to
3147 3974 37 17 pay
3193 3975 22 11 ar

2793 3987 48 17 heed
2848 3989 21 16 to
2877 3988 33 17 the
2919 3989 70 16 seizure
3004 3989 25 23 by
3046 3990 32 16 the
3099 3991 110 18 Governmei
3219 3998 7 10 \

2793 4010 52 23 They
2853 4012 73 21 protest
2935 4012 76 22 against
3058 4012 63 19 action
3129 4014 56 17 taken
3195 4022 16 10 ai

2793 4033 16 17 if
2816 4034 92 21 persisted
2920 4034 20 17 in
2957 4035 33 17 the
3007 4034 98 25 Company
3122 4037 38 17 will
3176 4038 30 17 all.
3220 4049 6 4 ..

2794 4056 32 17 the
2835 4057 86 22 question
2930 4058 20 16 of
2958 4058 53 22 right
3020 4060 19 15 to
3051 4060 70 16 reiciin
3138 4061 19 16 in
3173 4060 43 23 abey-

2794 4084 46 13 ance
2848 4080 48 17 until
2905 4080 33 17 the
2947 4081 118 18 Arbitration
3071 4082 58 18 Court
3138 4083 14 17 is
3161 4084 41 17 able

2794 4102 42 17 deal
2844 4103 46 17 with
2900 4104 32 16 the
2941 4104 61 17 whole
3010 4106 69 16 matter
3088 4111 24 11 on
3122 4106 25 17 its

1314 75 59 19 THE
1398 73 57 21 HOT
1595 61 178 25 CHRONICLE,.
1794 60 192 22 WEDNESDAY,
2015 61 63 18 MAY
2107 64 32 19 29,
2156 63 47 17 189-5

175 123 145 45 iters'
349 123 119 48 List.

191 206 66 22 i.ake
271 206 96 24 House.

66 243 82 18 e/Lcstmd
165 245 11 14 .'
190 249 15 11 -s
214 243 62 20 Tibbs,
285 244 101 18 Auckland

80 267 11 17 [i
150 267 3 20 .
172 281 5 2 .
201 267 116 20 jlitchelson,
330 268 100 17 Auckland

120 289 45 20 Jure
170 289 28 17 M.
208 290 55 22 Tilly,
273 290 99 18 Auckland

69 313 3 23 :
77 316 21 14 'i\
108 313 7 12 '
124 318 38 12 ss;r
170 313 75 21 Brown,
255 313 109 23 University
372 313 47 20 Col.,
430 314 45 15 Aus.

64 336 48 17 Jicv.
120 336 19 17 J.
150 336 22 17 B.
181 337 104 19 Uruneson,
294 336 81 17 London

71 359 23 17 ;I:
107 358 15 19 J.
134 359 64 17 Potior
216 358 97 19 Auckland

102 382 2 21 :
128 384 36 11 --:
178 382 61 21 Davis,

103 405 78 18 *.:'';iU.el
190 406 92 18 ilrcniitin,
292 404 80 17 Heefton

102 428 79 18 Sdward
259 427 60 16 China

127 452 82 18 Jentles,
219 450 115 21 Wellington

98 475 20 17 C.
129 476 21 16 B.
158 475 68 20 Stung,
237 473 115 21 Wellington

97 498 18 17 J.
126 497 25 17 H.
165 496 73 19 Laurie,
254 494 127 22 Newmarket,
397 494 99 17 Auckland

96 520 18 17 J.
124 520 19 17 S.
151 520 89 21 Kilgour,
255 518 128 19 Newmarket,
398 517 98 17 Auckland

95 544 23 16 G.
128 543 66 19 Bruce,
211 543 27 16 St.
254 542 69 17 John's
339 542 40 16 Col.
397 541 99 17 Auckland

95 566 19 17 J.
124 565 71 23 Seclye,
205 565 88 18 Danedin

96 590 22 16 A.
128 590 23 17 O.
161 589 114 22 Higginson,
284 587 101 19 Montreal,
396 586 77 18 Canada

84 614 45 16 Gert.
139 612 80 20 Harper,
227 612 83 16 Toronto

96 635 29 17 W.
132 636 23 16 R.
165 635 103 21 Mowbray,
279 633 99 17 Auckland

96 659 22 16 R.
129 659 22 16 E.
162 659 67 18 Isaacs,
239 657 98 17 Auckland

95 682 83 16 William
186 680 109 19 Buchanan,
305 678 100 18 Auckland

95 704 52 18 Johu
155 704 76 20 Dennis,
242 702 99 18 Auckland

97 728 21 16 A.
127 728 23 16 R.
160 727 88 19 Graham,
258 726 27 17 St.
294 725 69 18 John's
372 725 40 18 Col.
422 724 72 18 Auck'd

95 751 80 16 Earnest
183 750 54 19 Caro,
247 748 100 18 Auckland

124 773 62 20 Davis,
197 772 99 18 Auckland

58 797 47 17 New
114 796 83 18 Zealand
205 795 84 22 Torpedo
298 795 59 22 Corps
367 794 33 23 (j).

59 821 47 16 New
114 819 83 18 Zealand
205 818 95 22 Artillery,
310 817 27 24 (8)

91 864 102 24 Brent's
210 863 129 23 Batheate
358 861 96 24 House.

57 896 41 16 Mrs
106 895 87 18 Duncan,
203 893 70 18 Nelson

57 919 47 17 Miss
113 918 100 19 Clements,
225 916 71 18 Dublin

57 942 32 16 Mr
98 941 20 17 C.
128 941 19 17 S.
157 941 70 19 Moore,
238 939 77 23 Sydney

92 964 97 20 Wilbems,
199 962 99 19 Auckland

92 987 119 20 Wainhouse,
221 986 70 17 Nelson

91 1011 19 16 J.
121 1011 28 16 W.
159 1011 67 17 Gower
234 1009 111 17 Manawat.u

91 1033 27 18 H.
127 1033 97 19 Bennetts,
235 1031 134 18 Christchurch

91 1056 38 17 and
137 1056 46 17 Miss
191 1056 94 17 Scrutton.
296 1054 76 23 Sydney

91 1080 19 17 J.
120 1080 25 17 H.
156 1080 57 21 Pope,
223 1078 116 23 Wellington

168 1120 53 24 The
233 1120 139 29 Langham.

53 1153 41 18 Mrs
102 1153 19 18 J.
131 1154 22 17 A.
163 1153 77 18 Wilson,
251 1151 99 18 Auckland
356 1151 5 23 J

54 1177 47 16 Miss
110 1177 71 21 Henry,
192 1176 79 18 Thames

71 1200 68 21 ;.-;and
148 1200 71 16 Master
227 1198 55 21 Mair,
293 1198 80 17 Thames

53 1223 65 22 Judge
127 1223 76 19 Wilson,
214 1221 98 17 Auckland

54 1246 31 17 Mr
94 1247 23 16 A.
126 1245 114 20 McDonald,
251 1244 99 18 Auckland

88 1269 134 19 MacPhorson,
233 1268 99 17 Auckland
341 1272 10 18 J

88 1292 68 22 Keyes,
166 1291 99 18 Auckland

89 1315 68 20 Smith,
167 1314 99 18 Auckland

88 1339 71 20 Carter,
170 1337 98 18 Auckland

88 1362 79 22 Speedy,
181 1361 51 17 Hutt

87 1385 23 17 E.
120 1385 69 19 Evans,
199 1383 116 22 Wellington

165 1418 115 23 Rotorua
294 1416 87 24 Hotel.

50 1453 32 17 Mr
90 1453 29 18 W.
129 1453 62 22 Kelly,
202 1452 85 20 M.H.R.,
298 1451 100 18 Auckland

86 1477 22 17 A.
118 1477 105 18 H.Wilson,
244 1475 3 22 '
254 1475 74 20 Times,'
352 1475 135 17 Christchurch

50 1501 30 21 jjr;
85 1500 86 22 Phillips,
181 1498 133 19 Christchurch

85 1523 77 20 Cussen,
176 1522 99 17 Auckland

48 1544 2 24 ;
84 1546 38 17 and
131 1546 57 22 Keys,
198 1545 37 17 and
244 1546 10 16 2
264 1545 89 21 children,
360 1544 101 18 Auckland

63 1568 4 24 ,
81 1569 112 23 McDougil,
204 1568 78 18 Maketu

64 1592 2 22 :
84 1593 26 16 H.
120 1592 78 20 Arnold,
208 1592 113 22 Cambridge

84 1615 65 21 Atkin,
160 1614 99 18 Auckland

51 1639 12 3 ~
71 1639 3 21 '
84 1639 69 20 Rimer,
164 1639 70 21 Napier

49 1662 102 17 Constable
159 1661 71 21 Butler,
240 1660 117 23 Wellington

105 1720 64 43 H.
222 1719 199 52 KOHN,

45 1780 254 22 MANUFACTURING
319 1780 163 24 JEWELLER,

160 1815 89 26 Queen
273 1814 92 29 Street,

45 1913 42 14 and
110 1907 28 24 B.
154 1906 171 24 PETERSON
338 1906 23 23 &
378 1905 27 30 Cf
406 1919 27 22 o>>

158 1945 75 20 HIGH
252 1945 118 31 STREP?,

181 1989 173 25 CnisTf^ucn.

69 2051 44 21 The
122 2052 78 25 largest

50 2087 23 20 of
82 2086 104 26 jewellery
196 2085 55 25 kflpt.

204 2355 126 22 ASKiFOR

48 2407 436 49 HANCOCKS'

173 2480 193 23 CELEBRATED'

227 2533 86 33 xxxx

160 2592 212 52 A.LES,

181 2659 120 14 JfADE.FROM
311 2658 42 14 THE

49 2710 111 27 riNESI
190 2717 83 19 mflL.l
299 2718 65 17 nnu
384 2718 97 21 nur*,

87 2799 54 15 FREE
152 2798 55 15 FROM
219 2799 40 13 ALL
272 2797 129 14 ANTISEPTICS
413 2797 27 13 OR

155 2834 138 15 DELETERIOUS
310 2835 67 13 ACIDS.

47 2898 141 33 CAPTAIN
209 2897 83 32 COOK
310 2897 173 38 BREWERY,

154 2955 194 21 NEWMARKET.

138 3023 249 47 NOTICE.

51 3159 197 34 FRANXTON
272 3158 210 33 JUNCTION

214 3201 113 32 HOTEL.

49 3312 206 49 PASSENGERS
268 3312 28 25 by
311 3311 55 20 train
381 3312 21 19 to
417 3311 65 20 Auck'

240 3338 55 19 land.

47 3389 73 21 Trains
142 3391 44 22 stop
205 3389 77 23 twenty
300 3387 89 19 minutes
409 3389 22 17 at
449 3386 36 20 the

94 3415 108 20 Frankton
209 3413 97 20 Junction
315 3413 33 19 for
358 3412 80 20 dinner.

74 3464 46 20 The
141 3462 138 26 undersigned
305 3462 39 19 has
375 3461 110 20 first-class

49 3490 66 20 Meals
127 3490 63 24 ready
199 3488 41 20 and
249 3488 72 19 served
329 3495 28 12 on
371 3488 76 19 arrival
463 3487 22 20 of

48 3516 30 21 all
87 3517 71 19 trains.

47 3564 222 47 William
281 3563 201 54 Geateh,

128 3643 298 26 PROPRIETOR.

205 3721 98 25 XXXX
311 3721 65 23 Ales
383 3720 102 31 always

183 3756 35 17 on
226 3748 127 29 Draught.

140 3815 31 31 J.
190 3813 29 35 F.
240 3810 160 36 PEATSON,

180 3872 168 25 FRUITERER,

80 3913 57 20 Next
146 3909 102 23 Saddler's
258 3909 56 25 shop,
326 3907 132 23 Ohinemutu,

54 3951 46 21 Has
110 3950 72 24 always
193 3954 13 14 a
215 3947 52 26 good
287 3944 77 26 supply
381 3943 22 20 of
421 3942 65 21 Fresh

127 3975 64 24 Fruit,
200 3973 51 21 both
261 3972 50 20 local
320 3971 42 20 and
371 3970 24 20 im-

181 3999 71 27 ported
261 4005 25 13 on
297 3998 60 19 hand.

242 4026 57 19 Also

54 4056 21 20 A
82 4051 146 24 well-assorted
237 4050 57 21 stock
301 4050 22 19 of
330 4048 97 24 Biscuits,
433 4047 39 21 Con-

92 4080 113 25 fectionery
214 4077 42 20 and
264 4078 92 19 Summer
365 4074 84 25 Drinks,

132 4106 28 19 all
168 4107 22 18 at
198 4109 117 16 KODKBATK
325 4108 13 14 S
340 4106 70 15 BIOKi.
421 4114 11 11 *

717 120 57 19 THE

539 149 73 37 'HOT
626 151 101 33 LAKES
741 151 205 33 CHRONICLE'

611 254 150 17 PUBLISHED
778 255 90 18 EVERY

559 292 181 25 WEDNESDAY
778 293 177 21 AFTERNOON.

571 402 85 17 TERMS
669 403 33 17 OF
715 403 186 18 ADVERTISING:

520 434 67 18 Casual
595 434 166 23 Advertisements,
773 437 19 16 2s
801 434 24 20 63
836 442 34 17 per
884 437 42 17 inch
942 438 13 16 if

542 458 45 22 paid
595 459 20 17 at
627 459 31 16 the
672 459 45 17 time
731 460 19 16 of
764 458 101 25 ordering;
887 461 20 17 3s
922 466 33 17 per

542 481 43 17 inch
594 481 15 17 if
617 481 79 18 booked.

519 508 57 17 Short
585 508 160 19 Advertisements
758 510 20 17 of
792 511 34 16 not
841 516 50 11 more
908 511 47 16 than

542 531 53 17 three
614 532 47 16 lines
681 532 60 17 under
766 533 32 16 the
823 533 92 23 headings
935 535 20 16 of

693 556 37 16 For
811 561 21 12 or
861 556 26 18 To

542 577 38 17 will
589 577 22 17 be
620 578 82 17 inserted
707 581 20 15 at
736 579 32 17 the
776 581 40 15 rate
822 579 20 17 of
851 580 17 16 Is
875 580 44 16 each
926 581 29 16 for

541 600 40 17 first
596 600 52 18 three
664 601 105 21 insertions,
787 602 38 17 and
842 603 113 22 subsequent

541 623 99 17 insertions
649 625 20 16 at
677 624 42 17 half
730 625 57 22 price,
803 625 15 17 if
830 626 45 22 paid
889 626 29 17 for
934 629 20 14 at

541 646 32 17 the
582 647 45 16 time
635 647 21 17 of
663 647 95 22 ordering.

518 677 94 23 Standing
618 678 160 18 Advertisements
784 680 30 17 for
818 680 53 17 three
878 682 76 17 months

541 706 21 12 or
576 701 65 22 longer
656 702 45 18 with
716 702 53 23 right
782 703 21 17 of
816 703 100 19 alteration
935 706 19 16 at

541 724 61 17 stated
611 725 79 21 periods,
701 731 34 11 can
748 725 23 17 be
786 727 94 17 arranged
893 728 29 16 for
934 729 20 15 at

540 753 12 9 n.
560 747 63 15 liltf.!
634 749 41 13 rw*

638 811 199 19 SUBSCRIPTION:

517 842 38 17 Ten
564 842 90 23 Shillings
663 850 33 16 per
704 850 70 12 annum
792 847 81 21 payable
886 847 19 17 in
919 847 22 17 ad-

563 871 64 12 vance.
652 867 74 18 Twelve
733 868 87 24 shillings
827 869 78 18 booked.

536 898 65 23 Agent
609 899 30 17 for
647 899 47 17 New
707 901 151 24 TownshipR.
868 903 64 17 Wake.

517 956 212 26 STATIONERY
741 960 211 24 STATIONERY

526 1024 61 18 JUST
600 1026 117 19 ARRIVED
726 1028 33 17 AT
767 1029 53 16 THE
830 1028 93 18 CHRONI-

653 1054 49 17 CLE
715 1055 99 18 OFFICE.

625 1118 187 19 CONSIGNMENT
824 1120 20 17 of
853 1120 83 19 Commer-

579 1141 35 17 cial
632 1142 38 17 and
686 1143 79 17 General
783 1143 108 23 Stationery
907 1150 43 12 now

604 1165 71 22 opened
684 1171 31 17 up,
725 1166 105 23 consisting
838 1167 20 17 of

515 1191 83 24 Boxes
605 1191 66 25 Note
678 1193 83 30 Paper
769 1194 22 23 &
801 1194 146 31 Envelopes

514 1221 130 31 Drawing,
656 1223 129 29 Exercise,
795 1224 84 25 Memo
897 1226 52 23 and

566 1247 118 25 Account
694 1249 101 29 Books,*

514 1280 118 27 Ledgers.
656 1281 131 30 Journals,
815 1282 58 29 Day
897 1285 51 23 and

566 1306 65 26 Gash
642 1307 94 29 Books,

513 1342 96 23 Official
619 1343 154 31 Envolopes,
788 1344 51 24 and
857 1345 72 31 Wrap-

564 1369 63 29 ping
635 1369 92 30 Paper,

513 1402 133 31 Stephen's
651 1404 107 30 writing
764 1405 66 23 Inks
835 1405 36 24 all
881 1406 67 24 sizes

511 1433 119 29 Blotting
639 1433 91 31 Paper,
750 1435 126 24 Business
896 1438 52 23 and

562 1460 118 31 Visiting
689 1461 87 27 Cards,

510 1490 77 30 Pens,
599 1493 111 24 Pencils,
724 1494 93 28 Slates,
830 1494 73 29 Gum,

592 1524 51 27 &c-,
700 1525 50 26 &c,
810 1525 42 23 &c.

524 1577 151 24 LEAVING
688 1579 68 23 THE
769 1579 161 24 DISTRICT.

524 1630 102 13 !...,:.
637 1629 57 15 Cl*
715 1637 14 10 ft
729 1631 14 16 f
757 1630 117 17 nmnanr
893 1638 11 9 a
938 1634 7 13 1

524 1644 103 9 luiutue
637 1644 57 9 waic
714 1644 26 10 ui
757 1644 113 17 Lsxapvsijr
893 1644 54 13 CillU

660 1656 129 30 Clothing.

533 1707 55 20 FOR
601 1708 19 19 A
634 1708 65 21 FEW
716 1708 104 24 WEEKS
834 1711 85 21 ONLY.

521 1759 95 21 EVERY
639 1760 127 24 ARTICLE
788 1764 143 22 REDUCED.

515 1822 101 23 LfAvHjs
634 1816 203 21 urrutIXUNITY
858 1818 32 17 for
912 1819 33 18 the

514 1848 43 16 jLIj
586 1843 72 19 Public
668 1846 20 15 to
694 1844 100 24 purchase
801 1842 53 19 thoir
864 1843 83 20 Winter

512 1870 67 19 Goods
585 1872 21 17 at
613 1870 39 19 less
659 1870 49 19 than
717 1869 118 20 Wholesale
844 1869 74 20 Prices.

541 1922 49 46 S.
629 1921 288 56 HOWARD,

629 1987 93 20 COMET
736 1988 93 19 STORE.

646 2051 162 24 ROTORUA.

700 2114 56 10 i.Uii

511 2131 429 72 Lansfham.

533 2226 48 23 (Ono
588 2226 87 18 minute's
684 2227 50 17 walk
743 2227 49 17 from
799 2227 32 18 the
837 2228 72 17 Govern-

661 2252 53 16 ment
722 2251 75 22 Baths.)

626 2298 190 22 TGRMS:

535 2331 45 23 35s
588 2338 46 23 per
651 2333 89 27 week;
760 2333 29 22 6s
805 2339 46 23 per
859 2333 58 29 day.

534 2366 62 23 Two
606 2366 89 24 weeks
706 2374 27 16 or
743 2366 100 29 longer,
861 2367 55 23 30s.

543 2416 28 31 C.
603 2403 305 51 HAWKEJTWILSON,

637 2458 186 19 PROPRIETOR.

641 2513 64 24 FOR
722 2513 89 25 SALE.

646 2566 95 20 HOUSE
748 2566 107 20 BLOCKS
856 2581 5 9 ;
867 2566 29 21 Sti
901 2566 40 21 aim

575 2598 39 20 ers,
625 2592 41 19 and
675 2592 138 20 Government
822 2592 41 21 size
875 2593 66 22 Posts,

510 2617 20 19 in
541 2623 40 19 any
590 2618 101 25 quantity,
703 2618 103 20 delivered
816 2621 20 16 to
846 2625 40 18 any
895 2622 47 22 part

508 2643 22 18 of
539 2644 35 18 the
583 2644 181 26 district.Apply
776 2648 22 16 at
809 2645 33 19 the
855 2645 87 20 Auction

509 2668 60 21 Mart.

691 2696 21 20 J.
728 2696 29 20 H.
770 2696 119 20 TAYLOR.

534 2762 174 24 WYNYARD
722 2762 190 29 &PURCHAS,

569 2797 131 19 Barristers
708 2804 42 13 and
761 2798 123 23 Solicitors,

508 2827 82 26 Temple
597 2827 118 25 Chambers,
724 2828 58 26 High
788 2828 29 24 St,
826 2828 107 19 Auckland

602 2885 52 20 have
664 2892 72 20 money
746 2889 20 17 to
776 2885 47 20 lend
835 2893 26 12 on
878 2885 65 21 Mort-

598 2918 14 18 S
613 2918 12 12 a
626 2918 13 19 K
641 2918 10 12 e
661 2912 21 19 f
697 2912 100 20 Freehold
813 2912 41 19 and
869 2912 61 19 Lease-

508 2936 47 20 hold
564 2941 96 22 property
668 2940 22 17 at
701 2942 81 16 current
791 2941 64 16 rates.

508 3023 98 47 Ehr
607 3024 193 47 enMed
817 3025 122 46 Bros

649 3103 148 25 BREWERS,

585 3135 109 20 ALBERT
710 3136 150 25 BREWERY,

527 3176 220 26 QUEEN-STREET,
761 3178 158 21 AUCKLAND

527 3239 67 17 WINE
606 3239 50 16 AND
668 3239 80 17 SPIRIT
760 3240 156 21 MERCHANTS,

549 3266 122 16 BOTTLERS
682 3267 52 16 AND
750 3267 145 21 IMPORTERS,

598 3345 51 12 FBIZB
660 3345 60 12 S4EDAL
731 3347 35 11 AND
777 3347 72 12 AWARDS

508 3375 24 17 At
539 3375 28 17 the
580 3375 41 17 folio
623 3376 33 15 win
660 3382 10 13 [?
688 3376 111 16 Exhibitions
815 3376 27 16 for
851 3382 33 11 our
891 3377 48 17 well*

601 3397 62 16 known
677 3397 44 16 Balk
729 3398 35 16 and
772 3397 69 17 Bottled

619 3422 49 17 ALE
679 3422 51 17 AND
740 3423 87 16 STOUT:

507 3452 69 21 Sydney
583 3451 127 17 International
717 3453 108 19 Exhibition,
837 3453 47 17 1879.

508 3473 100 16 Melbourne
616 3473 126 17 International
748 3474 110 19 Exhibition,
867 3476 69 15 1880-81

508 3493 42 17 New
556 3494 74 16 Zealand
637 3494 94 17 Industrial
734 3495 110 20 Exhibition,
848 3490 78 27 Welling-

550 3517 36 17 ton,
597 3516 47 15 1885.

508 3536 43 17 New
569 3536 75 17 Zealand
658 3537 33 16 and
706 3538 53 16 South
771 3538 43 16 Seas
828 3538 109 17 Exhibition.

550 3557 87 18 Dnnedin.
647 3559 80 16 1889-90.

508 3579 21 16 In
536 3579 78 16 addition
622 3581 18 15 to
649 3580 53 16 above
710 3580 44 16 have
771 3580 43 16 been
827 3580 80 17 awarded
920 3582 19 15 at

550 3600 104 16 Taemanian
684 3600 110 22 Exhibition,
821 3601 117 21 Lannoestou,

552 3622 78 16 1891-92.

594 3646 56 17 FIVE
661 3647 71 17 FIRST
748 3648 105 17 AWARDS

708 3678 33 11 FOB

508 3699 66 17 BULK
585 3699 110 17 BOTTLED
707 3700 61 17 ALES
785 3700 52 17 AND
855 3700 79 18 STOUT

594 3764 252 33 CHAMPIONSHIP

534 3809 66 25 Gold
612 3810 86 24 Medal
708 3811 28 23 of
746 3811 167 25 Australasia

614 3845 72 12 AOAINBT
696 3846 99 12 ALLCOMERS
806 3846 32 12 FOE

508 3867 89 23 BULK
609 3867 71 24 AND
698 3868 148 24 BOTTLED
860 3869 65 23 ALE

602 3931 72 22 Having
682 3938 11 11 a
699 3932 57 22 Large
766 3933 50 16 Stock
825 3933 18 16 of

621 3961 48 17 ALE
680 3961 51 17 AND
743 3962 83 21 STOUT,

509 3992 69 17 Bottled
585 3992 18 16 in
609 3994 52 19 quart
670 3993 34 17 and
718 3993 41 21 pint
771 3993 68 20 bottles,
856 3994 83 22 specially

509 4013 67 17 brewed
583 4014 27 16 for
618 4013 28 17 the
654 4018 74 12 summer
736 4014 56 20 trade,
802 4014 57 16 which
865 4020 30 11 are
900 4020 40 12 now

508 4034 105 22 thoroughly
620 4035 84 20 matured,
716 4041 32 10 can
762 4036 44 15 with
820 4041 51 16 every
884 4037 54 16 oonfi-
949 4030 1 27 |

508 4056 51 16 dence
571 4056 106 16 recommend
691 4061 47 11 same
753 4057 18 15 to
785 4062 118 12 connoisseurs
920 4063 19 11 as
949 4056 1 18 I

508 4077 60 16 (second
576 4078 18 15 to
601 4082 45 11 none
654 4077 19 16 in
682 4076 28 18 the
718 4077 81 22 Colony.!
806 4076 4 23 _
825 4076 49 23 ta^g

978 169 83 42 ANY
1067 169 101 17 PERSON
1175 170 60 16 found
1243 172 117 21 trespassing
1369 176 44 15 with

1046 192 39 22 dog
1094 198 21 10 or
1124 198 38 16 gun
1172 198 23 10 on
1209 198 38 16 any
1259 195 76 20 portion
1349 196 21 16 of
1384 196 30 16 thf

978 214 47 17 N.Z.
1046 215 79 17 Thames
1143 215 66 22 Valley
1230 216 55 17 Land.
1301 218 113 22 Company'*

978 238 66 16 Estate
1053 238 38 17 will
1100 238 23 16 be
1132 238 117 22 prosecuted.

1114 261 75 17 MARK
1202 261 140 23 HARRISON,

1291 285 99 20 Manaser.

978 1006 26 23 JL
1035 1009 83 23 refixing
1132 1011 56 16 Gates
1204 1016 24 11 on
1243 1011 67 17 School
1327 1011 83 21 ground.

972 1032 31 17 All
1019 1033 112 21 particulars
1148 1035 20 15 to
1181 1033 23 17 be
1218 1033 88 18 obtained
1316 1034 48 17 from
1383 1034 27 17 H.

973 1055 27 18 W.
1011 1056 130 19 Neighbour,
1152 1056 103 23 Secretary.

996 1083 82 18 Tenders
1087 1084 49 17 close
1145 1084 90 21 Monday,
1244 1084 50 17 June
1300 1086 17 17 15,
1325 1086 20 15 at
1353 1086 57 19 Ip.m.

972 1183 143 30 rpENDERS
1135 1184 75 17 wanted
1227 1185 29 16 for
1273 1185 87 21 cleaning
1377 1185 33 17 the

985 1202 10 21 I
1035 1207 68 17 Public
1120 1207 73 17 School.
1225 1207 114 18 Particulars
1353 1210 19 15 to
1386 1208 24 17 be

972 1230 89 17 obtained
1070 1231 48 16 from
1127 1230 25 17 11.
1163 1230 27 17 W.
1200 1230 130 22 NEIGHBOUR,
1345 1231 40 18 Sec.

995 1258 82 18 Tenders
1086 1259 50 17 close
1145 1265 22 10 on
1178 1259 90 22 Monday,
1277 1259 50 17 June
1336 1261 17 16 .'{.

973 1308 23 23 A
1023 1308 156 24 SOCIAL
1200 1308 211 25 EVENING

983 1370 171 21 WEDNESDAY,
1179 1371 69 17 JUNE
1273 1373 45 19 sth,
1346 1373 51 20 IH'Jo,

1066 1403 22 14 in
1096 1404 42 12 the
1147 1399 74 19 Public
1230 1399 85 19 School.

1100 1428 38 17 Tea
1146 1430 21 15 at
1178 1430 10 14 (i
1197 1428 78 19 o'clock.

1052 1474 116 20 Admission,
1184 1474 40 19 One
1238 1475 88 23 Shilling.

1077 1497 97 18 Children.
1183 1499 125 22 Threepence.

1097 1525 67 18 NEST
1165 1527 16 16 A
1193 1526 145 20 GRIFFITHS,

1219 1550 51 16 Hon.
1280 1549 105 24 Secretary.

975 1596 13 25 \
1012 1599 87 17 OSTA
1105 1598 49 17 Gold
1161 1598 72 17 Brooch
1242 1598 45 17 with
1296 1597 112 24 turquoises.

1005 1625 6 17 J
1036 1621 81 18 Reward
1125 1628 24 11 on
1158 1623 65 15 return
1233 1623 19 15 to
1258 1621 52 17 Miss
1317 1622 90 20 M.vuri.v,

974 1646 49 15 Lake
1031 1646 60 15 View.

1950 3392 53 18 ABE
2023 3391 54 18 YOU
2102 3391 142 18 AFFLICTED

2075 3414 46 17 with

1926 3438 150 18 DYSPEPSIA,

1949 3460 194 21 CONSTIPATION,

1973 3483 103 18 KIDNEY
2084 3484 139 21 TROUBLES,

1996 3506 145 20 BACKACHE,

2018 3530 101 17 ACHING
2128 3530 86 20 LIMBS,
2224 3537 22 11 or

2043 3552 80 18 LIVER
2130 3554 160 18 COMPLAINT?

1879 3576 19 17 If
1905 3582 26 14 so,
1942 3576 39 16 safe
1989 3575 90 17 remedies
2088 3582 31 11 are
2128 3576 66 18 within
2203 3583 48 15 your
2258 3578 56 16 reach

1877 3600 21 17 at
1905 3605 12 11 a
1925 3599 84 17 nominal
2018 3600 45 16 cost.
2091 3599 136 18 CLEMENTS
2236 3600 78 18 TONIC

1877 3622 37 17 and
1921 3622 157 17 FLETCHER'S
2088 3622 73 17 PILLS
2167 3623 47 16 have
2218 3629 58 11 never
2282 3625 33 20 yet

1878 3645 56 17 failed
1942 3646 21 16 to
1971 3650 44 12 cure
2026 3646 32 16 the
2072 3647 58 16 worst
2145 3652 56 11 cases.
2234 3646 80 18 General

1877 3668 84 22 debility,
1971 3674 129 14 nervousness,
2110 3669 101 19 weakness,
2220 3669 38 17 and
2266 3676 36 16 gen-

1877 3691 39 17 eral
1924 3691 112 22 complaints
2044 3692 21 17 of
2073 3692 32 17 the
2116 3692 92 22 digestive
2224 3693 38 16 and
2270 3699 32 11 ner-

1877 3719 46 12 vous
1939 3716 80 20 systems
2035 3715 97 22 promptly
2148 3715 56 17 cured
2219 3715 26 22 by
2262 3716 52 17 these

1876 3737 77 17 reliable
1961 3738 96 17 remedies.
2082 3738 52 21 They
2142 3744 31 10 are
2189 3739 91 22 prepared
2288 3739 26 22 by

1877 3760 77 17 scietific
1968 3766 101 17 processes,
2095 3761 37 17 and
2149 3766 31 12 are
2193 3763 35 16 not
2243 3762 71 18 merely

1877 3783 115 18 mechanical
2001 3784 91 17 mixtures
2100 3784 55 17 made
2169 3784 45 22 only
2222 3785 21 16 to
2272 3784 42 22 gull

1877 3806 32 17 the
2039 3807 39 17 The
2087 3812 76 12 renown
2176 3807 138 19 CLEMENTS

1876 3829 78 18 TONIC
1963 3830 38 17 and
2009 3829 157 18 FLETCHER'S
2182 3830 75 18 PILLS
2265 3831 48 17 have

1942 3859 5 10 l
1956 3853 117 17 Australasia
2086 3853 16 16 is
2118 3853 55 22 proof
2189 3853 20 17 of
2225 3853 33 18 the
2274 3854 40 17 fact

1913 3889 6 3 .
1937 3876 44 23 .hey
1997 3876 56 17 stand
2069 3876 128 22 pre-eminent
2219 3877 30 17 for
2264 3877 50 17 their

1877 3899 68 22 special
1954 3899 47 17 class
2010 3900 20 16 of
2038 3899 76 17 disease.
2134 3899 30 17 No
2173 3900 89 16 remedies
2271 3906 43 11 ever

1877 3921 40 18 sold
1926 3928 48 16 gave
1983 3922 47 17 such
2038 3923 59 16 entire
2110 3922 118 17 satisfaction
2236 3924 21 15 to
2265 3923 50 16 their

1877 3946 82 20 patrons,
1970 3946 38 16 and
2016 3945 87 18 evidence
2109 3946 15 16 is
2131 3945 129 23 forthcoming
2265 3946 49 17 from

1877 3973 56 16 every
1941 3968 44 22 city,
2003 3970 52 16 town
2075 3968 37 17 and
2133 3968 70 23 village
2222 3970 21 16 to
2257 3974 57 17 prove

1877 3991 49 16 their
1934 3991 77 17 virtues.
2041 3991 30 18 No
2080 3991 60 17 doubt
2156 3997 34 11 can
2206 3997 44 11 now
2266 3993 49 15 exist

1877 4019 21 12 as
1906 4015 20 16 to
1935 4013 50 18 their
2000 4014 60 20 value,
2070 4014 35 17 but
2114 4014 110 22 purchasers
2232 4016 51 15 must
2291 4015 23 16 be

1878 4036 71 17 careful
1965 4038 20 16 to
2002 4038 34 21 get
2051 4037 33 17 the
2100 4037 82 23 genuine
2204 4037 74 18 articles
2295 4043 19 11 as

1878 4065 58 16 many
1944 4060 137 23 unscrupulous
2090 4060 72 17 traders
2178 4060 39 17 will
2234 4061 81 21 attempt

1879 4083 21 16 to
1908 4083 51 21 palm
1968 4083 28 17 off
2003 4089 10 11 a
2019 4083 102 17 substitute
2129 4083 16 17 if
2149 4083 87 22 possible,
2246 4083 69 23 for.tho

1879 4105 44 18 sake
1931 4106 21 17 of
1959 4107 54 16 extra
2018 4106 63 22 profit.

945 4193 102 40 Ask
1074 4194 73 41 for
1172 4192 269 41 Hancock's
1466 4193 281 40 Celebrated
1772 4193 189 40 XXXX
1984 4194 113 40 Ales
2125 4196 95 38 and
2245 4194 150 41 Stout.
