3290 4320
29 106 115 67 FEMALE
163 115 117 22 FRANCE
292 114 32 19 SE
345 114 34 19 IN
399 114 57 20 THE

122 145 77 22 GOOD
215 142 54 19 OLD
282 140 80 20 DAYS.

137 192 106 27 nnveillirig
254 200 10 13 a
275 195 67 18 statue
351 192 16 19 oi
384 192 70 22 Burke,

28 223 82 26 Acted
132 227 18 17 at
170 220 81 23 Bristol,
273 219 56 20 Lord
354 218 100 26 Kcsebery

37 247 44 23 .E-;
98 247 2 24 .
117 251 36 20 {fee
162 255 25 13 on
196 247 35 19 the
238 247 99 18 relations
344 251 23 13 ox
372 247 82 17 temaJes

76 274 129 26 hefranebise
215 272 38 20 100
267 277 58 19 years
343 277 43 17 ago.
424 270 30 19 He

72 297 4 29 j
85 301 90 23 .—Will,
198 298 118 26 gentlemen,
340 303 38 19 you
402 297 52 18 must

72 328 158 24 iember:tbar,as
248 324 11 18 I
278 324 48 18 have
344 322 47 23 said,
416 328 37 18 you

72 366 14 13 ■e
104 357 47 19 tb<m
169 352 33 19 the
225 349 70 20 second
321 350 40 23 city
381 354 19 12 in
421 348 33 18 the

73 385 46 25 pire,
128 380 39 21 and
186 383 49 19 your
254 378 43 16 seat
315 380 40 13 was
374 374 37 18 not
429 380 24 12 an

72 404 9 30 f
90 415 36 14 one
132 409 21 17 to
160 405 45 19 win.
219 402 47 19 You
273 407 43 13 now
324 401 35 23 get
366 399 86 24 through

73 444 10 12 r
90 434 44 26 poll
140 433 20 19 in
180 438 11 12 a
209 429 52 25 day..
287 427 42 19 Hie
348 425 40 26 poll
405 425 47 19 then

72 465 22 17 ed
104 462 50 18 from
165 458 55 19 three
229 458 21 17 to
260 455 36 18 live
313 453 68 19 weeks.
419 453 33 17 All

27 485 52 27 gsat
96 488 48 18 time
161 489 42 14 now
222 481 84 19 electors
325 485 50 11 were
394 477 58 25 being

27 512 100 23 ■milted
137 511 61 20 widir
221 508 22 18 i.e.
252 505 54 26 guise
319 504 22 19 of
356 503 96 24 freemen,

26 537 76 24 ■das
113 539 55 20 often
184 543 20 11 a«
224 535 43 32 '!";)'
287 538 14 11 *
304 537 26 13 cr(
330 537 6 21 ?
355 530 95 19 admitted

27 566 51 22 •iKey
88 566 64 20 voted.
179 563 43 18 Two
242 556 95 21 thousand
356 557 21 18 of
398 558 54 17 tnese

26 588 93 27 Sfeeinen
148 588 36 21 and
208 591 51 14 more
282 588 51 14 were
356 582 94 19 admitted

26 618 135 23 'dirincthr.
162 620 61 15 :..uive
235 612 20 18 of
266 610 31 18 the
315 609 55 18 three
381 608 64 19 weeks,

32 646 41 21 Bbll
83 646 54 17 wl-tn
148 643 32 18 .Mr
191 638 65 20 l>tirki
266 642 38 13 was
315 635 81 23 elected,
414 635 37 18 and

33 673 35 20 the
77 670 113 20 certificates
198 665 20 18 of
228 663 33 19 the
271 663 179 23 freemen—copies

26 705 29 14 ■as
76 698 47 18 tliev
142 698 49 14 were
206 689 140 20 .'ailed—were
368 687 81 25 begged,

31 722 108 23 borrowed,
151 726 19 12 or
181 716 62 20 stolen
254 714 46 19 with
313 714 32 19 the
362 715 89 23 greatest

31 750 98 22 readiness
139 752 18 12 m
168 743 32 19 the
214 740 236 24 world,—(laughter)—

26 774 45 22 'mid
83 775 51 19 when
145 772 15 18 it
178 776 39 12 was
236 767 113 25 impossible
367 769 21 16 to
407 766 42 24 beg,

25 791 88 32 Sferow,
126 797 54 22 steal,
201 801 21 13 or
245 792 140 21 manufacture
412 798 38 18 any

26 815 48 28 BgL
76 835 9 12 e
94 827 19 18 of
121 825 54 17 those
186 820 125 22 certificates,
327 825 36 13 one
371 818 68 24 desper-

32 842 39 33 ate'
81 858 67 14 course
166 854 38 13 was
220 850 20 15 at
259 846 38 18 last
315 844 88 20 resorted
423 846 26 21 to,

31 880 61 22 which,
111 883 38 13 was
171 872 100 21 this—the
289 872 69 18 widow
377 870 21 19 of
417 870 33 19 the

29 907 40 20 dan
136 902 20 19 of
167 907 10 13 a
187 900 87 19 freeman
281 896 21 20 of
309 896 75 21 Bristol
393 896 56 20 could

26 933 71 21 Scourer
107 936 23 13 on
141 929 33 18 her
184 924 71 21 second
265 923 98 23 husband,
374 929 23 13 or
415 923 35 19 her

31 957 96 23 husband,
137 955 33 18 the
181 950 93 27 privilege
284 949 22 19 of
313 949 125 20 enfranchise-

26 976 56 30 ment
102 983 25 20 bv
147 975 301 27 marriage—(.laughter)—and

25 1002 3 30 •
29 1018 9 14 8
40 1018 12 13 o
66 1005 55 25 these*
134 1004 113 23 interesting
265 1002 63 19 ladies
342 1007 51 13 were
410 1002 39 23 dug

80 1036 36 19 and
136 1031 107 21 discovered
264 1027 113 20 .whereever
400 1027 48 24 they

105 1060 53 21 exist-
183 1055 97 25 .laughter
287 1059 78 14 ,—even
384 1053 21 19 in
415 1053 34 19 the

31 1095 84 17 recesses
126 1086 19 19 uf
156 1085 31 18 the
200 1081 120 21 workhouse,
339 1079 38 19 and
397 1086 51 12 weie

24 1105 4 31 :
28 1116 60 20 takeu
100 1116 19 17 to
130 1110 70 21 church
207 1111 19 16 to
236 1108 24 18 ho
269 1105 84 20 married
363 1107 21 17 to
395 1112 52 12 some

29 1139 135 26 enterprising
174 1135 36 21 aud
221 1133 104 20 ambitious
343 1131 104 25 politician

29 1168 44 20 who
81 1164 72 22 wished
160 1167 21 15 to
189 1160 84 21 exercise
279 1159 29 18 for
316 1158 33 19 the
356 1164 90 13 occasiou

29 1194 35 22 the
70 1192 93 25 privilege
170 1189 21 19 of
198 1187 33 19 Ibe
238 1185 103 19 franchise.
356 1183 81 25 (Laugh

25 1222 34 19 ier
104 1219 16 18 It.
138 1217 15 18 is.
169 1212 88 22 recorded
274 1211 45 19 that
335 1210 56 20 theso
400 1216 35 13 con-

26 1246 108 22 scientious
144 1240 84 25 couples,
236 1245 21 12 as
264 1237 45 25 they
320 1243 50 13 were
377 1236 62 19 called

25 1269 53 24 ■were
108 1267 94 24 imaiibly
233 1263 101 26 separated
367 1265 21 16 at
411 1262 21 20 th
435 1275 11 13 0

22 1298 72 22 ishtrch
104 1297 53 21 door,
167 1293 33 19 the
208 1290 89 20 husband
312 1290 81 19 hurried
413 1291 22 18 to

23 1325 53 21 fulfil
87 1323 33 19 the
130 1328 38 12 new
181 1319 62 18 duties
264 1316 60 21 which
341 1316 38 19 had
391 1316 49 19 been

23 1349 88 27 imposed
122 1354 51 19 uiion
184 1345 37 19 him
236 1344 25 24 by
271 1343 30 18 his
317 1342 67 24 union,
405 1342 38 19 and

22 1384 58 14 wnen
90 1376 23 18 he
123 1373 37 20 had
175 1372 48 18 done
233 1371 42 18 tiiat
294 1369 33 19 the
338 1375 104 18 ceremony

22 1403 23 24 p£
59 1403 76 19 divorce
154 1406 37 12 was
214 1403 48 18 gone
283 1394 86 25 through
393 1394 47 19 with

22 1429 58 26 equal
97 1425 115 27 expedition.
240 1420 124 26 (Laughter.)
396 1421 33 19 Pro-

22 1456 83 22 ceeding
113 1457 19 15 to
143 1452 32 19 the
188 1448 131 25 church-yard
327 1447 33 19 the
369 1447 70 25 couplo

22 1481 59 26 ptood
92 1479 46 21 each
149 1484 24 13 on
180 1483 37 12 one
223 1476 41 19 side
273 1474 21 19 of
305 1481 11 12 a
327 1479 64 19 grave,
403 1472 39 21 and

23 1509 24 19 in
56 1507 83 20 allusion
151 1507 19 16 to
179 1504 33 18 the
222 1502 72 19 solemn
304 1500 63 19 words
377 1499 22 19 of
409 1500 34 19 the

22 1533 99 25 marriage
140 1535 70 14 service
230 1528 45 23 they
295 1526 40 19 said
355 1528 20 17 to
395 1526 47 19 each

22 1560 66 20 Wilier
97 1557 71 26 (which
187 1562 37 11 was
243 1557 45 15 true
306 1554 20 17 in
344 1559 11 12 a
374 1552 66 24 sense)

22 1585 74 24 .'JDeath
107 1585 46 18 does
163 1589 23 12 us
195 1580 55 26 part,'
262 1580 37 19 and
309 1578 47 20 both
366 1578 76 26 parties

22 1610 54 24 %ent
88 1611 52 19 their
151 1615 40 18 way
200 1606 98 26 rejoicing.
313 1604 128 26 (Laughter.)

22 1627 54 37 Hpat
102 1642 39 15 was
170 1632 109 22 considered
307 1639 9 12 a
344 1631 98 20 sufficient

22 1656 79 32 iaivorce
110 1664 32 19 for
153 1661 47 20 such
211 1666 10 12 a
231 1658 99 25 marriage,
342 1658 37 20 and
391 1658 11 20 I
412 1665 29 12 am

22 1691 38 23 flbt
78 1697 43 14 sure
141 1688 45 20 that
203 1686 33 19 the
259 1685 79 26 opinion
358 1691 39 13 was
412 1685 23 19 ill-

22 1714 94 30 founded.
155 1714 81 25 (Cheers
252 1711 38 20 and
313 1711 126 26 laughter)—

22 1744 103 20 Northern
140 1742 157 22 contemporary.

22 1805 166 36 INTERESTING
203 1805 31 36 TO
249 1805 15 36 C
286 1805 155 22 HAIRMEN

21 1852 99 125 IPOWEK
129 1868 23 14 TO
166 1867 83 15 COMPEL
269 1864 148 16 WITHDRAWAL

180 1893 96 15 WASTED.

50 1945 16 21 A
76 1943 89 29 question
175 1941 21 20 of
205 1941 35 19 the
248 1946 68 20 power
326 1940 22 19 of
357 1945 12 12 a
379 1938 53 20 chair-

22 1977 46 19 man
90 1968 84 28 cropped
196 1974 27 18 up
247 1967 21 20 at
285 1966 35 19 the
342 1964 100 21 Taranaki

21 1997 81 26 iOomity
113 1995 80 21 Council
203 1993 85 25 meeting
299 1998 27 13 on
346 1992 96 24 Monday.

21 2022 27 401 I
52 2025 36 21 ben
95 2023 34 21 the
136 2022 68 26 report
219 2020 21 19 of
260 2019 33 19 the
312 2018 90 19 foreman
421 2016 21 20 of

48 2059 9 13 e
66 2050 46 20 M6a
117 2048 75 26 Biding
200 2053 40 14 was
248 2044 46 21 read
314 2044 35 19 Mr
368 2043 74 21 Adlam

48 2078 37 20 ited
96 2076 43 19 that
146 2075 33 19 the
196 2073 56 20 roads
269 2072 21 19 in
311 2070 45 19 that
375 2070 67 24 riding

48 2112 25 12 •re
82 2110 9 13 a
103 2103 87 22 dispra.ee
199 2100 45 22 and,
255 2097 91 21 reflected
363 2103 26 12 on
408 2096 34 19 the

48 2135 67 14 reman.
144 2127 33 19 Mr
186 2119 79 31 Bewfey
276 2123 62 20 called
358 2128 25 13 on
406 2121 35 20 Mr

48 2157 47 19 dlatn
104 2157 21 17 to
134 2152 102 20 withdraw
247 2151 45 18 that
302 2150 109 18 statement
421 2154 20 12 as

113 2206 84 24 bridges,
208 2204 37 18 and
254 2202 58 20 could
323 2203 35 18 not
376 2201 55 19 there-

50 2242 18 13 re
78 2234 66 20 devote
164 2230 31 20 his
210 2229 61 20 whole
295 2228 48 19 time
364 2230 20 16 to
407 2227 34 19 the

49 2259 39 22 ads.'
111 2260 34 19 Mr
160 2256 69 21 Adlam
250 2258 21 17 at
287 2254 46 20 first
351 2253 90 26 objected

59 2286 93 22 withdraw
163 2283 33 20 the
214 2281 84 24 remark,
318 2281 37 19 but
372 2279 70 26 finally

50 2314 37 20 ned
94 2313 15 20 it
116 2312 56 19 down
181 2310 26 25 by
217 2308 76 25 staling
302 2307 35 20 the
352 2308 50 17 stato
422 2305 21 19 of

48 2347 13 14 16
77 2347 53 12 rcau:-.
147 2336 90 21 reflected
255 2341 27 13 on
300 2334 34 19 the
353 2333 89 19 Council,

48 2367 21 20 be
83 2364 93 22 chairman
203 2361 43 21 said
266 2361 24 19 he
314 2359 65 20 would
402 2359 40 19 like

51 2392 81 25 mething
149 2388 89 28 specified
262 2388 19 19 in
304 2387 35 19 the
358 2385 84 26 by-laws

34 2417 59 27 ■v'ing
100 2418 36 20 him
145 2422 62 20 power
217 2417 20 17 to
251 2416 32 18 act
292 2414 21 18 in
323 2419 43 13 case
377 2411 65 20 where

28 2435 24 35 %
63 2453 7 12 a
75 2445 43 20 *ked
127 2442 90 21 members
226 2443 21 17 to
262 2439 102 21 withdraw
381 2440 50 18 state-

29 2474 66 19 ments.
134 2467 140 26 Subsequently
303 2467 66 19 notice
402 2472 38 12 was

25 2498 57 27 given
93 2498 41 18 that
144 2503 7 12 a
163 2496 109 19 committee
289 2493 24 20 be
332 2491 108 27 appointed

21 2522 26 21 H
54 2524 59 20 frame
120 2522 41 20 such
172 2528 10 14 a
193 2521 76 25 by-law.

94 2601 9 19 A
113 2599 69 21 VERY
193 2598 54 20 OLD
262 2596 108 21 FRIEND.

54 2651 27 19 At
91 2657 9 12 a
112 2648 36 21 ball
160 2646 82 26 recently
254 2652 9 13 a
273 2651 69 20 young
357 2644 82 20 medical

47 2677 59 20 udeni
117 2674 89 24 suddenly
221 2679 52 14 came
292 2672 44 19 face
355 2674 21 16 to
397 2670 44 20 face

46 2703 26 20 ith
88 2710 12 12 a
117 2702 49 23 dear,
185 2700 50 23 kind,
255 2698 88 25 fatherly
360 2697 81 24 looking

46 2721 95 31 imtlemiui,
159 2726 43 20 with
213 2726 59 19 white
293 2724 43 20 hair
357 2723 39 20 and
420 2723 21 19 of

46 2756 47 25 ighly
116 2751 205 28 respectable-looking
352 2756 76 19 appear-

46 2789 36 15 ucc.
110 2781 50 24 They
182 2779 45 19 both
249 2777 56 21 stood
325 2776 114 20 transfixed.

46 2808 19 19 he
75 2815 52 12 same
136 2807 40 20 idea
186 2806 70 19 Hashed
267 2810 67 14 across
350 2802 49 21 both
420 2802 21 20 of

46 2841 38 12 IflU.

128 2860 39 19 face
177 2859 15 20 is
203 2857 86 22 familiar
303 2859 21 17 to
335 2862 105 20 me—very

46 2882 125 25 imiliar--but
180 2886 6 18 J
200 2885 51 20 can't
261 2883 108 21 remember
376 2882 64 20 where

46 2920 7 13 e
62 2914 48 19 have
119 2915 38 16 met

52 2941 100 22 However,
161 2938 31 20 the
201 2938 86 25 friendly
298 2936 85 27 impluse
402 2940 39 15 was

46 2967 53 20 itrned
106 2968 40 16 out.
162 2965 50 24 They
220 2965 59 19 shook
288 2963 62 20 hands
357 2962 84 25 warmly

46 2993 60 19 artjok
113 2992 21 19 of
144 2998 11 12 a
167 2991 51 25 glass
235 2991 21 20 of
275 2997 57 16 wine,
351 2989 38 19 and
408 2989 22 18 de-

46 3019 53 24 arted,
109 3018 39 20 still
160 3018 87 25 ignorant
261 3018 21 19 of
300 3016 47 20 each
367 3015 74 19 other's

46 3052 34 13 auie
89 3045 38 20 and
137 3045 120 24 occupation.

51 3072 39 20 But
100 3071 33 20 the
141 3077 65 19 yount;
216 3077 41 13 man
268 3076 39 13 was
318 3067 122 21 determined

46 3094 1 28 )
54 3098 53 20 solve
117 3097 33 19 the
164 3097 92 25 problem,
275 3096 38 20 and
334 3095 25 20 he
378 3094 62 20 seized

46 3121 3 24 a
59 3132 12 13 a
80 3125 66 20 waiter
160 3123 39 19 and
215 3123 41 20 said
273 3125 22 17 to
313 3122 47 20 him.

46 3159 8 12 ic
65 3151 71 23 waiter,
144 3149 41 21 who
195 3150 15 18 is
228 3149 44 19 that
295 3146 145 27 distinguished

46 3184 68 19 ranger
121 3176 44 20 with
175 3177 32 18 the
217 3176 47 24 long
277 3175 61 19 white

51 3205 45 19 And
106 3203 32 19 the
155 3204 66 18 waller
238 3201 109 26 whispered
366 3200 75 24 slowly,

46 3231 66 23 Please,
124 3228 31 25 sir;
166 3229 58 19 that's
233 3228 33 20 the

493 115 50 19 THE
553 114 119 19 ARMADA
686 112 161 21 ACCORDING
857 113 33 19 TO

603 140 34 19 MR
654 140 119 19 FROUDE.

509 190 40 22 Tlie
571 192 93 23 Armada,
692 190 108 26 according
824 194 19 15 to
870 190 30 19 Mr

473 218 96 20 Eroude's
579 221 87 20 account,
685 216 93 26 perished
788 216 71 26 chiefly
871 216 20 19 be-

473 251 59 12 cause
547 244 26 18 its
587 244 110 25 projectors
716 242 62 19 relied
796 245 32 16 too
845 241 55 19 omcL

473 277 24 12 on
508 276 76 18 prayer,
597 265 39 23 and
641 271 33 17 too
684 268 52 20 little
746 270 20 18 to
776 268 124 24 keeping-the

473 296 80 25 powder
562 296 43 23 dry.
632 294 33 19 Mr
675 294 80 20 Frou.de
765 294 85 27 says:—:
863 294 1 27 .

499 324 144 23 Qiuxotowhen
657 322 65 18 beset
739 322 36 18 out
783 319 67 21 on-Ms
855 325 30 14 .ex-

472 352 90 25 pedition
588 350 38 18 and
645 349 68 24 forgot
736 352 71 19 money
827 345 39 19 and
890 350 10 13 a

472 378 77 24 change
555 376 22 19 of
582 375 61 23 linen,
654 380 42 13 was
704 374 36 18 not
756 373 20 17 in
792 378 11 12 a
820 373 51 16 state
880 372 20 16 of

472 403 69 20 wilder
547 401 112 19 exaltation
664 399 52 19 than
720 397 91 21 Catholic
821 397 79 24 Europe

472 435 19 13 r.x
501 428 33 20 the
545 426 101 26 sailingof
658 425 32 19 the
703 423 95 21 Armada.
835 422 64 24 Every

471 454 59 20 noble
539 453 71 24 family
619 452 22 18 in
649 450 61 26 Spain
725 449 37 19 had
778 451 44 16 sent
832 455 38 12 one
879 455 21 11 or

471 480 56 20 other
537 480 21 18 oi
567 479 26 19 its
602 484 45 12 sons
656 479 19 17 to
683 476 51 25 light
743 475 31 20 for
784 474 67 20 Christ
861 474 39 19 and

471 506 41 20 Out
521 504 62 25 Lady.
611 504 39 18 Lor
658 503 57 18 throe
719 508 59 18 years
786 500 34 19 the
827 503 72 16 stream

470 535 21 16 oi'
504 536 72 21 prayer
593 529 40 19 hud
651 529 52 19 been
721 527 110 25 ascending
847 526 52 19 from

471 557 81 24 church,
563 555 107 23 cathedral,
690 561 23 12 or
732 555 88 23 oratory.
857 552 42 19 The

470 585 48 25 king
527 582 40 21 had
576 581 87 27 emptied
672 580 32 20 his
723 582 100 22 treasury.
857 578 42 19 The

459 605 2 30 j
471 611 77 24 hidalgo
558 609 40 19 and
605 608 35 19 the
649 609 114 18 tradesman
774 606 36 18 had
822 605 77 19 offered

470 637 52 19 their
548 634 153 21 contributions.
751 632 42 18 The
816 632 83 19 crusade

469 664 77 25 against
563 662 33 19 the
612 661 97 19 descent
728 658 58 20 itself
804 657 38 20 had
863 658 36 19 not

470 689 81 20 kindled
562 695 12 13 a
583 694 53 13 more
643 686 81 19 intense
732 691 23 13 or
765 690 54 13 more
830 684 67 19 sacred

469 715 129 21 enthusiasm.
626 713 33 20 All
675 712 57 26 pains
743 717 52 13 were
805 711 61 19 taken
878 714 20 17 to

469 743 56 19 make
534 743 31 18 the
572 739 115 27 expedition
696 734 114 30 spiritually
819 738 78 26 worthy

469 770 21 19 of
507 769 27 20 its
552 773 90 20 purpose.
663 764 1 29 ■
737 764 77 25 impure
833 764 64 26 thing,

469 796 93 25 specially
577 801 25 12 no
618 794 79 23 impure
716 797 82 18 woman,
818 799 39 12 was
877 794 20 18 to

469 821 97 27 approach
577 820 33 19 the
619 818 61 26 yards
691 824 22 12 or
722 818 62 24 ships.
823 818 62 21 Swear-

469 849 39 24 ing,
518 846 127 28 quarrelling,
661 843 105 26 gambling
783 851 50 12 wera
853 851 33 19 pro-

468 874 74 21 hibited
553 872 63 20 under
629 870 84 20 terrible
723 871 105 24 penalties.
855 872 42 19 The

468 901 88 25 galleons
564 905 51 12 were
623 897 71 20 named
704 897 54 19 after
765 898 34 19 the
809 898 87 25 apostles

467 927 39 19 and
517 926 62 19 saints
589 926 21 18 to
618 924 65 18 whose
694 923 73 26 charge
777 924 49 25 they
844 931 52 13 were

468 951 120 24 committed,
608 950 39 20 and
675 956 59 19 every
758 957 79 12 seaman
856 950 40 19 ai:d

467 979 73 18 soldier
555 976 104 21 confessed
679 976 39 19 and
739 977 157 19 communicated

466 1012 26 12 on
501 1005 61 25 goiug
571 1011 26 12 on
607 1003 67 20 board.
703 1002 41 20 The
763 1003 101 26 ship-boys
875 1006 20 16 at

466 1031 78 19 sunrise
563 1037 52 12 were
633 1030 21 19 to
673 1029 45 24 sing
742 1029 53 19 their
814 1029 81 20 Buenos

466 1058 49 19 l)ios
525 1059 22 17 at
556 1056 33 20 the
600 1056 45 18 foot
656 1056 21 18 of
687 1055 33 19 the
732 1056 52 18 main
789 1058 54 21 mast,
856 1056 36 18 and

466 1083 52 20 their
527 1084 43 18 Ave
581 1082 67 20 Maria
659 1089 21 12 as
691 1081 34 21 the
736 1090 36 12 sun
793 1081 49 21 Bank
853 1082 41 20 into

466 1110 33 19 the
509 1116 68 13 ocean.
605 1109 31 19 On
654 1110 35 17 the
708 1108 91 26 imperial
819 1108 76 20 banner

466 1143 50 12 were
525 1135 138 20 embroidered
673 1134 33 19 the
716 1134 76 26 figures
795 1133 22 21 of
826 1135 68 19 Christ

465 1163 40 18 and
514 1162 39 19 His
562 1161 87 22 Mother,
659 1160 40 20 and
709 1168 21 12 as
748 1168 13 12 a
779 1163 62 17 motto
860 1161 34 19 the

465 1188 88 25 haughty
726 1187 22 19 of
767 1187 83 19 Charles
868 1188 24 20 V.

464 1222 40 12 was
520 1214 90 25 replaced
635 1213 49 19 with
708 1213 35 19 the
766 1220 55 13 more
835 1214 58 24 pious

464 1239 237 26 aspiration,''Exsurge,
711 1240 63 24 Deus,
784 1243 21 16 et
814 1239 78 21 vindica

464 1273 79 14 causam

490 1294 83 18 Infinite
583 1293 56 23 pains
650 1293 39 19 had
701 1293 51 19 been
762 1292 62 21 taken
843 1293 47 19 with

463 1320 34 19 the
508 1319 92 26 spiritual
617 1321 54 17 state
690 1319 21 19 of
730 1326 61 19 every
810 1326 37 12 one
866 1326 24 13 on

463 1346 68 19 board.
559 1345 41 20 The
614 1345 132 19 carelessness
765 1352 23 12 or
806 1352 84 19 roguery

462 1373 21 19 of
494 1374 127 18 contaactora
633 1371 40 19 and
683 1378 112 19 purveyors
805 1371 38 19 had
854 1377 35 15 not

462 1399 49 19 been
522 1398 85 25 thought
617 1398 26 19 of.
672 1397 43 20 Tho
722 1400 63 17 water
795 1398 38 19 had
841 1398 49 20 been

462 1425 60 19 taken
534 1425 19 19 in
563 1425 57 18 three
630 1424 81 19 months
715 1424 76 20 before.
819 1425 21 18 It
850 1432 39 12 was

461 1451 61 20 found
543 1451 42 19 foul
596 1450 38 20 and
654 1450 99 26 stinking.
790 1451 41 19 The
850 1451 39 20 salt

461 1478 51 24 beef,
520 1477 35 20 the
565 1477 39 20 salt
612 1476 47 26 pork
668 1477 38 19 and
716 1477 35 19 fish
761 1483 51 13 were
821 1478 67 25 putrid

461 1504 33 19 tho
506 1505 58 18 bread
575 1503 38 19 full
624 1504 21 18 of
659 1505 92 24 maggots
772 1504 38 18 and
827 1504 50 19 cock-

461 1530 87 19 roaches.
570 1530 51 19 Cask
631 1536 40 13 was
682 1530 78 24 opened
770 1530 54 19 after
834 1530 53 20 cask.

461 1558 21 17 Jt
502 1563 37 13 was
560 1556 31 19 the
608 1563 53 12 same
678 1559 57 22 story
755 1556 132 24 everywhere.

460 1583 54 25 They
522 1582 35 21 bad
570 1584 19 17 to
601 1582 23 19 be
633 1582 28 19 all
671 1582 80 19 thrown
772 1583 115 20 overboard.

460 1610 25 19 In
495 1610 34 19 the
548 1609 63 19 whole
628 1609 47 19 Meet
688 1608 56 20 there
765 1616 38 12 was
822 1611 36 17 not
877 1617 11 12 a

460 1635 64 21 sound
534 1635 72 20 morsel
615 1634 22 21 of
643 1634 96 21 food-but
756 1636 74 19 biscuit
848 1636 40 19 and

460 1662 55 20 dried
525 1662 58 19 fruit.
612 1661 42 19 The
664 1668 46 13 men
721 1665 53 16 went
791 1663 56 18 down
867 1662 20 19 in

460 1688 102 20 hundreds
570 1688 48 19 with
627 1688 102 26 dysentry.
757 1688 74 26 Phillip
839 1688 36 20 him-

460 1715 38 20 self
520 1714 116 21 meanwhile
664 1715 98 26 expected
784 1716 102 25 evidently

459 1741 44 20 that
513 1741 24 20 he
547 1741 65 20 would
629 1744 53 16 meet
699 1742 47 22 wjth
763 1747 27 15 no
809 1744 67 23 opposi-

461 1768 48 20 tion.
535 1768 27 19 Of
570 1769 72 25 priests
653 1768 24 19 he
689 1768 37 19 had
740 1768 96 25 provided
845 1770 44 22 ISO;

460 1795 21 19 of
492 1801 94 19 Burgeons
597 1794 38 19 and
651 1794 101 26 surgeons'
774 1795 113 23 assistants,

459 1820 121 26 eighty-five
589 1821 46 25 only
646 1820 32 20 for
690 1822 33 19 the
734 1821 64 20 whole
809 1821 52 20 fleet.

499 1887 56 20 THE
572 1886 150 19 RAILROAD
737 1886 36 21 OF
793 1887 56 19 THE

609 1913 121 19 FUTURE.

487 1967 101 20 Theodore
596 1965 101 21 Voorhees
708 1965 102 27 publishes
821 1966 19 19 in
854 1966 35 20 the

462 1993 133 25 Enginceriiji/
607 1992 108 26 Magazine
732 1992 34 21 for
784 1992 104 26 February

461 2027 10 12 a
482 2020 71 19 review
563 2019 21 20 of
597 2018 77 26 coming
693 2018 157 26 improvements
868 2020 19 18 in

461 2046 102 19 rai'roads.
590 2045 53 25 They
663 2044 71 28 chiefly
754 2046 48 19 have
821 2049 21 15 to
861 2046 25 19 do

461 2072 48 20 with
519 2072 33 19 the
562 2072 76 19 United
650 2072 72 24 States,
739 2072 37 19 but
795 2079 53 12 some
867 2072 22 19 of

460 2100 30 17 his
499 2098 127 25 suggestions
636 2105 44 18 may
696 2098 24 19 be
729 2098 22 19 of
762 2098 85 19 interest
866 2100 21 17 to

462 2124 79 25 English
552 2124 37 19 and
602 2124 83 19 colonial
697 2124 86 19 readers.
802 2124 33 19 Ho
843 2131 44 18 says

460 2150 43 20 that
514 2150 19 19 in
544 2150 35 19 the
589 2152 119 22 permanent
719 2157 69 19 way—

485 2177 75 19 Before
569 2182 56 19 many
635 2183 59 19 years
704 2176 35 19 the
757 2176 83 20 wooden
860 2177 28 19 tie

459 2203 39 19 and
508 2203 56 19 short
574 2202 56 25 spike
650 2203 42 18 will
711 2202 106 26 disappear
836 2202 52 20 from

459 2236 37 13 our
506 2228 75 21 tracks.
612 2229 18 18 It
645 2235 47 18 goes
713 2229 85 19 without
817 2230 70 24 saying

459 2256 51 24 that,
520 2256 21 19 in
551 2255 34 20 the
596 2255 138 19 construction
751 2256 22 18 of
792 2255 34 20 the
844 2256 35 19 rail-

460 2289 42 19 way
512 2282 22 19 of
542 2281 35 20 the
586 2281 76 24 future,
675 2282 80 19 wooden
768 2284 119 23 structures,

460 2308 48 20 such
518 2316 21 12 as
550 2308 93 23 culverts,
655 2308 89 24 trestles,
751 2308 40 20 and
801 2309 86 24 bridges,

459 2335 39 20 will
509 2336 35 19 not
555 2334 23 20 be
588 2335 115 24 permitted.
743 2335 104 26 Openings
867 2335 21 19 of

459 2368 38 19 any
508 2366 42 15 sort
561 2361 18 19 in
591 2361 33 19 the
641 2361 79 20 surface
740 2362 22 18 of
781 2361 33 19 the
831 2362 45 19 road-

459 2388 37 20 bed
507 2388 62 25 ought
580 2388 32 19 not
625 2390 20 18 to
656 2389 58 19 exist.

566 2414 33 20 the
617 2416 118 23 permanent
756 2421 42 19 way
816 2415 17 18 is
852 2415 24 19 im-

459 2442 80 25 proved,
549 2442 126 18 locomotives
686 2441 37 19 will
736 2442 24 19 be
775 2441 54 19 built
847 2442 39 18 and

459 2468 63 18 trains
533 2470 37 23 put
580 2467 90 24 together
682 2475 21 11 so
713 2474 20 14 as
751 2470 21 18 to
783 2467 51 20 offer
852 2467 35 21 the

459 2494 51 19 least
520 2498 108 16 resistance
635 2498 21 15 to
668 2494 35 20 the
722 2494 57 20 wind.
817 2494 67 20 AVTen

459 2520 39 20 this
507 2521 16 19 is
534 2521 51 19 doue
597 2520 22 20 he
632 2521 121 24 anticipates
765 2527 10 14 a
795 2520 59 27 speed
864 2521 22 19 of

459 2549 38 18 100
517 2548 55 18 miles
588 2554 25 12 an
631 2547 50 20 hour
699 2548 40 20 vvili
755 2549 37 18 not
812 2547 22 19 be
850 2554 24 13 un-

461 2574 95 20 usual:—

486 2601 32 19 An
529 2600 72 26 engine
616 2601 15 19 is
650 2601 90 25 running
756 2601 70 25 to-day
842 2599 43 21 that

460 2627 34 20 has
501 2627 66 20 moved
581 2634 9 12 a
600 2628 51 19 tiain
663 2635 10 11 a
685 2627 46 20 mile
741 2627 21 20 in
781 2627 105 24 thirty-six

459 2655 82 19 seconds
542 2662 37 11 —a
589 2658 43 15 rate
642 2655 21 19 of
673 2661 37 13 one
720 2653 92 20 hundred
831 2653 54 20 miles

459 2688 24 12 au
496 2681 54 19 hour.
584 2681 53 19 With
654 2681 104 26 improved
778 2679 64 23 track,
861 2686 25 13 no

459 2707 142 22 obstructions,
612 2715 25 11 no
648 2707 116 26 possibility
783 2707 22 19 of
824 2706 54 20 collis-

459 2735 40 22 ion,
511 2734 36 18 and
559 2740 25 12 an
593 2734 111 25 alignment
715 2734 43 19 free
769 2733 50 19 from
827 2733 60 25 sharp

458 2766 75 17 curves,
549 2766 37 13 one
605 2760 91 20 hundred
716 2759 56 20 miles
792 2766 25 12 an
837 2759 50 19 hour

459 2787 63 25 ought
536 2789 20 17 to
570 2787 24 18 be
613 2793 20 13 as
653 2794 46 18 easy
716 2786 22 20 of
757 2785 119 26 accomplish-

458 2815 55 17 ment
523 2820 21 12 as
555 2813 52 26 sixty
617 2814 16 18 is
643 2815 77 24 to-day.

485 2840 40 19 The
536 2839 52 20 chief
607 2841 113 19 revolution
741 2841 21 17 to
779 2839 63 19 which
863 2839 25 19 he

458 2866 57 20 looks
525 2866 87 20 forward
626 2869 22 18 to
659 2868 39 19 will
711 2867 23 19 he
749 2865 35 21 the
802 2865 75 20 utilisa-

459 2893 42 19 tion
513 2893 21 19 of
543 2893 36 19 the
593 2893 55 21 sun's
658 2901 46 19 rays
713 2893 3 27 :

486 2919 92 26 Possibly
602 2920 33 19 the
654 2921 70 19 future
742 2926 44 19 may
806 2918 81 25 develop

459 2952 54 13 some
520 2946 47 25 plan
579 2945 20 20 of
610 2946 89 26 drawing
718 2953 68 19 power
804 2945 84 25 directly

460 2973 51 19 from
522 2971 34 20 the
565 2979 45 19 rays
621 2973 21 19 of
653 2973 35 19 the
704 2980 44 12 sun.
786 2972 27 24 If,
833 2971 54 24 then,

461 2999 40 19 this
516 3005 66 19 power
602 3006 34 12 can
656 3000 25 19 be
700 2998 126 20 transferred
845 2999 43 18 into

460 3025 112 25 electricity
582 3026 37 19 and
629 3027 74 23 stored,
713 3026 57 20 there
777 3025 38 19 will
828 3031 60 13 ensue

460 3058 11 14 a
481 3052 111 19 revolution
604 3059 21 13 as
635 3055 57 23 great
711 3060 21 12 as
751 3052 58 19 when
830 3051 59 19 Watt

461 3079 43 18 first
515 3078 114 20 discovered
645 3081 71 17 steam.
750 3078 56 20 Then
823 3084 66 20 power

462 3104 38 20 will
511 3104 25 20 be
547 3104 83 24 limited,
650 3108 37 16 not
697 3105 26 26 by
734 3105 35 20 the
786 3107 45 17 cost
849 3103 39 20 aud

461 3131 119 26 production
587 3132 22 18 of
616 3132 49 24 coal,
676 3132 38 20 but
724 3132 26 25 by
760 3131 33 19 the
803 3130 86 20 number

461 3158 21 19 of
492 3157 48 25 days
555 3158 21 19 of
595 3159 97 19 sunshine
708 3158 48 20 each
775 3164 53 19 year,
849 3157 39 19 and

461 3186 162 23 transportation
634 3185 41 19 will
685 3185 25 20 be
719 3184 90 26 brought
817 3183 70 21 within

461 3210 33 19 the
504 3217 67 13 means
581 3211 21 19 of
611 3211 32 19 all.

474 3271 121 22 DANGER
600 3271 39 21 IN
656 3272 57 20 THE
723 3271 79 21 MILK
812 3271 57 20 CAN.

488 3325 47 20 Two
549 3324 70 20 deaths
633 3325 50 19 Lave
701 3324 90 20 resulted
809 3324 51 19 from
878 3331 11 13 a

462 3351 127 20 remarkable
596 3351 97 26 epidemic
702 3351 23 20 of
735 3351 82 26 typhoid
827 3351 62 20 which

461 3385 17 13 is
499 3378 71 25 raging
589 3377 21 19 in
630 3378 65 19 Great
718 3377 106 24 Harwood,
842 3384 47 13 near

461 3405 124 19 Blackburn.
612 3404 65 19 There
687 3411 33 13 aie
735 3404 69 24 nearly
814 3411 10 12 a
835 3404 41 19 hun-

461 3431 48 20 dred
519 3437 60 13 cases,
587 3431 38 18 and
635 3431 31 19 Dr
675 3431 102 25 Sergeant,
785 3430 34 19 the
828 3431 49 19 modi-

463 3458 30 19 cal
503 3458 66 19 officer
579 3457 31 19 for
629 3456 130 24 Lancashire,
779 3456 110 20 attributes

464 3484 33 19 the
508 3482 97 21 outbreak
617 3485 19 17 to
647 3483 35 19 the
692 3482 157 21 contamination
868 3484 21 19 of

461 3511 35 19 the
513 3509 47 20 milk
579 3509 73 26 supply
671 3510 25 24 by
714 3516 62 12 sewer
795 3516 41 18 gas.
869 3510 20 19 A

461 3537 80 19 disused
551 3536 57 20 drain
618 3543 39 12 was
677 3536 116 19 discovered
812 3542 25 13 on
855 3536 34 19 the

461 3562 94 26 premises
565 3562 41 23 of,a
615 3562 57 26 dairy
682 3562 109 25 supplying
802 3561 34 20 the
849 3562 30 19 dis-

462 3592 49 17 trict
521 3588 46 19 with
578 3587 56 26 milk,
644 3588 39 21 and
694 3595 11 12 a
715 3588 74 19 female
809 3591 80 16 servant

461 3616 43 19 who
515 3615 83 19 assisted
609 3615 20 18 in
639 3615 85 25 milking
744 3615 33 18 the
788 3621 51 12 cows
849 3621 40 13 was

461 3642 63 19 found
535 3641 97 24 suffering
646 3642 52 18 from
717 3640 87 21 feverish
824 3647 52 19 symp-

462 3670 56 17 toms.
571 3668 160 24 Extraordinary
761 3668 127 24 precautions

461 3702 34 12 aro
504 3694 87 26 adopted
600 3696 21 17 to
631 3694 86 24 prevent
727 3694 35 19 the
779 3694 71 25 spread
868 3694 21 19 of

462 3720 35 20 the
506 3721 82 23 disease,
598 3720 35 19 the
643 3720 77 19 sudden
734 3720 39 19 and
792 3720 97 25 alarming

461 3750 74 17 nature
544 3747 21 18 of
575 3746 61 19 which
649 3746 36 19 has
703 3745 79 21 created
803 3746 56 25 quite
878 3754 11 11 a

461 3780 59 19 pav'C
529 3774 20 19 in
561 3773 32 19 the
603 3772 168 25 neighbourhood.

956 114 194 22 TWENTY-TWO
1161 117 72 19 DAYS
1242 117 33 20 IN
1282 118 39 20 AN

1056 143 73 18 OPEN
1137 143 77 18 BOAT.

947 195 65 21 Three
1021 204 51 17 men,
1084 201 40 17 two
1129 199 22 19 of
1157 199 54 19 them
1220 199 131 24 Frenchmen,

920 221 38 18 and
971 223 33 18 the
1013 223 55 19 third
1078 230 11 13 a
1099 225 66 19 Swiss,
1178 232 49 12 were
1244 226 69 18 driven
1331 227 20 17 in

920 253 12 12 a
941 247 47 24 gale
997 249 52 18 from
1058 250 34 17 the
1102 250 50 20 New
1158 251 106 19 Hebrides
1282 254 21 16 to
1317 252 34 18 the

920 274 38 17 S<j!(
969 279 44 14 mon
1023 274 86 20 Islands.
1137 276 27 18 In
1176 283 13 12 a
1196 277 62 19 direct
1266 277 42 19 line
1317 277 34 19 the

920 298 89 20 distance
1018 300 18 19 is
1047 303 36 17 700
1093 302 64 22 miles,
1167 302 37 19 but
1214 303 34 19 the
1255 303 49 19 boat
1310 310 41 12 was

919 328 34 14 out
961 326 31 17 for
1000 328 24 15 22
1031 326 49 25 days
1087 328 70 19 before
1164 328 47 19 land
1216 334 40 13 was
1263 329 86 25 sighted,

919 350 51 27 ami;
974 350 39 19 hen
1022 352 15 17 it
1042 353 76 24 proved
1126 357 20 15 to
1152 354 25 20 be
1183 361 26 12 an
1217 354 134 19 uninhabited

918 378 62 21 atoi,;
999 376 38 19 but
1056 378 15 19 it
1089 385 41 13 was
1149 386 11 12 a
1178 380 93 19 welcome
1287 380 63 24 sight.

918 400 87 27 Captain
1021 403 109 25 Williams,
1157 406 22 18 of
1203 405 35 20 the
1264 408 87 17 steamer

918 426 77 25 JTelloe,
1007 429 90 26 arriving
1107 433 22 16 at
1146 430 81 26 Sydney
1244 432 53 18 from
1315 431 35 19 the

918 453 94 19 Solomon
1031 455 80 19 Islands
1132 463 12 12 a
1162 457 39 18 few
1228 457 49 25 days
1303 463 46 19 ago,

918 478 89 25 brought
1025 486 12 13 a
1058 481 93 26 thrilling
1173 486 83 15 account
1271 483 23 18 of
1308 483 42 18 this

917 505 111 19 adventure
1042 508 21 17 at
1080 514 41 12 sea.
1148 508 43 19 Tho
1208 508 63 20 men's
1280 515 69 12 names

917 536 34 13 are
961 531 80 23 l.'ouret,
1049 532 59 24 Jean,
1116 534 91 25 Eengen,
1216 535 40 18 and
1263 535 85 18 Fraehet

917 556 89 20 Clmiles.
1035 558 56 24 They
1108 559 60 19 could
1193 562 35 16 not
1255 560 63 25 speak
1336 567 12 11 a

917 583 85 23 syllable
1029 584 21 18 of
1076 584 93 25 English,
1197 585 37 19 but
1262 586 85 25 Captain

919 608 105 24 Williams,
1033 609 47 20 with
1088 611 35 18 the
1131 611 33 18 aid
1168 611 21 19 of
1193 618 25 12 an
1221 612 124 25 interpreter,

917 634 107 20 succeeded
1034 635 21 19 in
1070 637 81 25 getting
1169 637 52 19 from
1240 637 54 19 them
1313 638 34 18 tho

917 660 104 25 following
1029 662 101 19 narrative
1139 663 22 18 of
1169 662 52 20 their
1226 663 119 26 sufferings:

916 686 67 20 r—The
993 686 49 19 boat
1051 688 48 24 they
1108 687 38 20 left
1155 688 47 21 Vila
1211 688 97 20 Harbour
1325 689 22 18 in

915 712 17 19 is
942 718 37 13 one
989 712 21 19 of
1019 712 63 19 about
1091 714 46 18 four
1143 715 50 18 tons.
1222 714 41 19 She
1278 715 41 19 had
1335 721 12 13 a

915 738 94 24 quantity
1023 738 22 19 of
1059 739 85 19 biscuits
1159 740 41 19 and
1218 747 54 12 some
1289 741 57 19 other

915 766 68 21 stores,
995 764 40 19 and
1044 764 16 19 it
1070 770 40 14 was
1120 765 94 19 intended
1224 769 21 16 to
1254 773 26 18 go
1294 767 52 18 from

915 790 65 18 island
990 792 20 17 to
1018 790 66 19 island
1097 790 22 19 in
1136 790 57 19 short
1209 794 67 22 stages
1294 792 52 19 until

915 815 63 19 Santa
986 816 51 19 Cruz
1047 823 40 13 was
1105 816 92 20 reached.
1225 818 65 19 There
1309 825 37 12 one

915 841 21 19 of
944 842 35 18 tho
988 846 60 21 party
1056 842 38 20 has
1103 848 12 14 a
1129 843 81 19 station.
1237 844 43 19 The
1298 844 48 19 boat

914 867 41 19 had
964 866 72 27 barely
1042 870 36 23 got
1087 869 78 19 outside
1183 869 47 19 Vila
1248 869 98 19 Harbour

914 893 59 19 when
991 900 11 12 a
1022 895 46 24 galo
1089 901 78 18 sprang
1193 901 33 20 up,
1255 896 41 18 and
1313 896 33 19 for

913 921 77 23 twenty
1012 919 62 20 hours
1101 920 52 20 blew
1178 921 106 25 furiously.
1311 922 35 19 All

913 945 55 24 sight
977 945 21 19 of
1004 946 48 18 land
1063 953 40 13 was
1111 946 39 19 lost
1160 947 19 18 in
1195 953 12 13 a
1221 947 40 20 few
1276 948 67 19 hours.

913 971 41 18 The'
962 971 51 19 little
1019 973 52 18 craft
1077 973 60 19 drove
1145 972 69 20 before
1221 973 16 18 it
1243 980 12 12 a
1256 973 12 12 ll
1268 971 2 28 ,
1278 974 65 25 night,

913 997 39 18 and
971 999 20 17 at
1019 998 109 25 daybreak,
1150 999 47 18 18th
1214 999 77 24 March,
1310 1000 35 18 the

912 1022 57 19 three
986 1029 47 13 men
1051 1024 64 19 found
1131 1025 118 19 themselves
1266 1032 26 12 on
1310 1026 35 18 the

912 1055 52 19 open
971 1056 67 12 ocean.
1067 1050 124 26 Navigation
1205 1057 41 13 was
1263 1058 26 12 an
1306 1058 25 12 un-

911 1074 74 19 known
995 1076 76 19 science
1089 1079 20 16 to
1119 1077 60 23 them,
1200 1083 21 13 so
1240 1077 49 25 they
1306 1084 38 13 ran

912 1100 67 25 along,
990 1102 76 19 carried
1075 1102 28 24 by
1111 1102 36 19 tho
1156 1102 45 19 S.E.
1209 1103 57 19 trade
1271 1103 71 20 winds.

911 1126 28 19 At
957 1126 34 19 tho
1009 1127 38 19 end
1066 1128 21 18 of
1104 1128 35 19 the
1157 1129 44 18 first
1217 1129 55 19 week
1291 1129 42 20 then-

910 1152 113 26 provisions
1032 1160 52 13 were
1090 1154 51 19 used
1150 1160 33 20 up,
1199 1155 39 19 and
1247 1156 35 19 the
1300 1156 43 19 first

910 1178 47 19 iced
975 1179 21 19 of
1021 1180 57 19 dried
1096 1183 96 17 cocoanut
1219 1181 85 26 (copra),
1331 1188 12 13 a

911 1205 94 25 quantity
1023 1206 21 18 of
1062 1206 66 19 which
1151 1207 49 24 they
1217 1207 42 19 had
1273 1208 21 19 in
1308 1208 35 19 the

910 1230 54 24 boat,
974 1237 42 14 was
1032 1232 70 19 served
1118 1234 41 17 out.
1188 1232 30 19 On
1236 1234 41 18 this
1294 1234 49 24 they

910 1257 101 19 subsisted
1021 1258 50 18 until
1086 1258 36 19 tho
1140 1259 135 19 uninhabited
1293 1260 49 19 atoll

909 1283 89 19 referred
1005 1284 22 18 to
1037 1290 41 13 was
1087 1284 85 20 reached
1179 1291 26 13 on
1215 1285 34 20 the
1258 1288 72 24 twenty-

909 1309 72 19 second
999 1309 41 25 day
1047 1312 42 17 out.
1118 1311 32 24 By
1168 1310 44 21 that
1228 1312 49 19 time
1293 1312 48 25 they

908 1335 41 18 had
958 1335 82 19 become
1057 1342 21 13 so
1097 1337 117 24 emaciated,
1235 1338 106 25 especially

907 1360 58 24 Jean,
977 1361 46 20 that
1032 1361 48 26 thoy
1096 1363 59 19 could
1174 1363 47 26 only
1237 1364 59 20 crawl
1315 1371 25 13 on

907 1386 34 19 the
951 1387 51 19 sand
1014 1394 26 12 on
1057 1389 54 19 their
1129 1389 64 19 hands
1212 1390 39 19 and
1270 1390 68 24 knees,

907 1411 62 26 being
975 1413 53 20 little
1037 1420 55 14 more
1097 1411 52 26 thani
1157 1415 47 20 skin
1222 1417 39 18 and
1280 1417 58 19 bono.

905 1438 60 19 After
974 1445 12 13 a
995 1441 42 18 rest
1045 1440 41 19 and
1104 1441 35 19 tho
1155 1447 82 14 succour
1251 1443 44 19 thai
1313 1449 27 13 an

906 1464 120 21 abundance
1036 1467 21 17 of
1062 1466 58 19 fresh
1127 1470 106 18 cocoanuts
1240 1469 96 24 afforded,

906 1490 47 25 they
961 1491 75 24 gained
1044 1493 93 24 strength
1144 1494 80 25 enough
1234 1497 20 17 to
1264 1497 30 17 set
1304 1498 35 16 out

906 1517 61 24 again
977 1516 51 21 with
1038 1517 34 20 tho
1091 1519 110 20 conviction
1221 1521 45 19 that
1284 1521 54 19 what

904 1542 49 25 they
963 1549 41 13 saw
1018 1550 57 19 away
1085 1551 26 12 on
1120 1545 35 19 the
1171 1545 81 21 horizon
1271 1547 67 19 would

904 1575 62 18 prove
976 1571 20 17 to
1006 1570 25 18 be
1041 1576 13 13 a
1064 1570 113 26 hospitable
1195 1572 72 20 haven.
1295 1573 43 20 Tho

904 1595 54 19 wind
972 1595 98 21 favoured
1085 1598 56 17 thorn
1159 1604 21 13 so
1198 1599 61 19 much
1277 1606 22 12 as
1317 1602 21 17 to

905 1627 57 19 carry
980 1622 56 19 them
1051 1629 57 19 away
1126 1623 52 20 from
1205 1625 55 19 what
1284 1628 55 17 must

905 1647 96 25 certainly
1011 1648 52 19 have
1072 1649 89 19 resulted
1171 1650 20 19 in
1207 1651 53 20 their
1278 1652 61 19 death

906 1674 111 25 —namely,
1028 1674 85 26 landing
1123 1679 93 22 amongst
1234 1677 34 20 the
1277 1678 48 19 head-

904 1698 85 21 hiviters
1002 1701 21 19 of
1042 1700 97 26 Makiyta,
1158 1702 35 19 tho
1209 1703 66 20 island
1290 1711 49 13 near

906 1725 65 20 which
981 1733 25 12 no
1017 1726 60 21 white
1084 1728 68 19 trader
1157 1734 22 14 in
1189 1735 12 12 a
1207 1730 58 19 small
1275 1730 64 20 vessel

906 1752 47 19 dare
970 1752 107 27 approach!
1105 1753 83 21 Instead
1206 1756 21 19 of
1248 1756 90 26 Malayta

907 1779 34 20 the
952 1780 46 19 boat
1009 1786 35 13 ran
1054 1780 66 19 inside
1128 1787 10 14 a
1148 1782 43 19 reef
1208 1785 21 16 at
1249 1783 77 20 Guadal-

906 1812 67 17 canal',
985 1807 41 18 and
1036 1806 57 20 there
1101 1807 34 19 the
1155 1808 89 26 friendly
1263 1810 75 20 natives

906 1832 33 19 led
948 1832 53 20 them
1011 1834 22 18 to
1043 1839 12 14 a
1065 1833 86 20 trader's
1164 1834 45 25 (Mr
1219 1836 117 22 Svenson's)

908 1858 82 25 station,
1002 1859 66 20 where
1076 1859 48 26 they
1139 1867 51 14 were
1205 1863 75 19 nurßod
1299 1864 39 19 and

907 1885 117 26 hospitably
1029 1886 83 19 treated.
1139 1888 85 25 Captain
1228 1888 110 26 Williams,

908 1911 21 19 of
939 1912 35 19 the
983 1912 80 24 Kelloe,
1071 1912 77 21 offered
1155 1914 56 19 them
1224 1922 12 12 a
1254 1922 84 19 passage

907 1939 22 18 to
939 1939 87 25 Sydney,
1045 1940 38 19 but
1106 1940 48 25 they
1169 1941 82 20 decided
1258 1953 6 13 ;
1266 1947 21 15 to
1306 1945 33 24 try

907 1963 53 21 their
970 1965 47 19 lack
1028 1966 21 19 in
1059 1965 33 21 the
1103 1967 104 20 Solomons
1218 1968 32 20 for
1259 1975 12 12 a
1291 1970 47 19 time

955 2053 82 19 NONE
1047 2053 56 21 BUT
1113 2054 58 20 THE
1181 2054 95 21 BRAVE

931 2109 26 18 In
977 2116 12 12 a
1008 2110 74 26 village
1110 2117 48 13 near
1176 2110 124 23 Slamannan
1326 2120 11 12 a

906 2134 78 27 homely
995 2136 83 26 looking
1088 2137 33 19 old
1129 2137 51 20 maid
1186 2138 45 19 who
1238 2145 40 13 was
1289 2145 48 20 very

905 2161 119 22 ill-natured
1054 2163 99 26 suddenly
1172 2165 103 23 surprised
1303 2166 34 19 the

905 2194 76 19 gossips
993 2192 24 22 by
1027 2192 104 22 becoming
1139 2197 11 12 a
1160 2190 63 20 bride.

932 2214 42 20 The
1158 2216 106 27 althought
1280 2218 57 26 quite

906 2247 11 13 a
927 2243 92 24 stranger
1030 2244 21 17 to
1070 2242 34 20 the
1117 2243 62 24 place,
1200 2250 40 13 was
1259 2251 26 13 an
1304 2245 32 19 old

906 2267 56 19 lover
971 2270 22 17 oil
1004 2268 52 25 hers,
1064 2270 39 18 and
1114 2275 11 14 a
1144 2273 89 21 veteran,
1252 2272 40 18 and
1311 2279 25 12 on

906 2293 34 20 the
948 2294 139 26 wedding-day
1099 2296 26 19 lie
1135 2297 82 24 sported
1225 2305 12 12 a
1245 2298 91 19 Victoria

908 2326 53 13 cross
971 2328 71 19 among
1054 2322 29 19 his
1094 2322 82 21 medals.

932 2346 49 20 Ihis
1004 2348 76 25 trophy
1109 2355 48 14 soon
1185 2352 100 19 attracted
1303 2352 34 19 the

906 2373 111 24 particular
1033 2374 104 21 attention
1157 2376 21 19 of
1198 2378 85 19 another
1301 2378 35 20 old

906 2399 80 26 soldier,
997 2401 43 19 who
1051 2402 71 19 waited
1132 2402 30 19 till
1181 2402 35 21 the
1232 2411 104 19 ceremony

905 2432 39 13 was
955 2433 52 18 over,
1019 2428 40 18 and
1067 2428 47 20 then
1126 2428 60 20 asked
1197 2435 12 14 a
1219 2430 82 27 nephew
1315 2432 21 18 oil

905 2452 33 20 the
950 2453 55 19 bride
1014 2453 54 21 what
1078 2455 30 19 his
1122 2455 59 20 uncle
1196 2456 39 21 had
1254 2460 36 22 got
1306 2458 30 19 his

904 2486 53 13 cross
965 2481 37 19 for.

967 2508 56 19 don't
1122 2508 43 20 said
1176 2508 34 21 the
1218 2510 40 26 boy
1268 2510 38 21 but
1325 2512 11 19 I

904 2533 60 19 think
974 2534 24 19 he
1006 2537 53 17 must
1068 2535 47 20 have
1126 2536 34 25 got
1168 2536 16 18 it
1191 2536 33 20 for
1233 2538 103 26 marrying

904 2560 57 19 Aunt

904 2617 18 19 A
950 2617 157 22 MARRIAGE
1126 2620 60 19 AND
1207 2620 129 24 VILLAGE

931 2643 181 27 SETTLEMENT
1117 2646 116 21 SCHEME
1241 2650 52 20 COM-

1056 2672 96 21 BINED.

1114 2708 12 12 *

931 2720 41 20 The
997 2721 72 21 details
1090 2723 22 19 of
1133 2730 25 13 an
1183 2725 153 27 extraordinary

905 2747 98 26 marriage
1019 2749 77 19 seheino
1106 2750 65 19 which
1181 2750 36 20 has
1225 2751 45 25 just
1286 2752 49 21 beeD

905 2773 111 21 ccneluded
1036 2775 49 20 have
1107 2782 45 14 now
1180 2778 116 25 transpired
1316 2782 21 17 at

906 2798 109 27 Montreal,
1026 2803 38 18 aud
1075 2802 34 20 the
1120 2803 60 19 affair
1187 2803 18 19 is
1224 2806 113 25 attracting

905 2832 12 12 a
927 2830 56 20 great
992 2827 43 20 deal
1046 2829 21 19 of
1077 2830 101 19 attention
1189 2831 66 25 owing
1264 2833 21 18 to
1302 2832 35 20 the

905 2853 82 25 novelty
997 2854 21 18 of
1025 2854 34 20 the
1069 2857 100 24 proposal.
1198 2857 41 20 The
1258 2858 79 20 scheme

905 2878 36 20 has
951 2879 50 20 been
1011 2880 99 21 launched
1120 2882 22 20 iu
1156 2886 121 18 connection
1289 2885 47 20 with

905 2911 12 12 a
924 2905 54 25 large
987 2907 117 26 contingent
1111 2908 22 20 of
1139 2910 81 19 settlers
1230 2911 21 19 of
1258 2911 78 20 French

905 2931 55 20 birth
976 2939 22 12 or
1017 2935 111 19 extraction
1148 2935 42 20 who
1218 2937 49 19 have
1282 2944 54 14 come

906 2958 50 19 from
963 2959 109 26 Michigan,
1081 2961 38 19 and
1127 2961 48 20 have
1183 2963 49 19 been
1241 2964 95 25 gathered

905 2985 96 25 together
1017 2986 25 25 by
1058 2994 11 12 a
1088 2987 64 24 priest
1171 2991 72 18 named
1263 2991 74 20 lather

906 3010 90 22 Paradis.
1024 3012 54 26 They
1088 3020 34 13 are
1133 3022 42 13 now
1197 3017 108 26 prepaiicg
1316 3020 20 18 to

906 3039 51 17 start
983 3038 33 19 for
1042 3039 177 28 iSemiceamingue,
1252 3043 22 19 in
1303 3045 33 19 the

907 3064 94 24 province
1009 3065 22 19 of
1046 3066 87 24 Quebec,
1143 3069 66 19 where
1220 3070 57 19 lands
1286 3070 50 20 have

907 3090 50 19 been
971 3092 90 19 secured.
1089 3093 81 27 Among
1189 3095 34 20 the
1241 3097 95 20 colonists

906 3123 34 14 are
950 3118 39 19 200
1000 3117 102 21 bachelors
1108 3121 38 18 and
1154 3128 25 12 an
1185 3123 59 25 equal
1251 3124 85 19 number

907 3142 21 20 of
939 3144 90 19 maidens
1039 3144 43 19 who
1091 3152 36 13 are
1136 3149 99 19 severally
1246 3151 90 24 engaged

906 3171 21 17 to
936 3170 25 19 be
971 3170 91 25 married,
1072 3171 36 20 but
1114 3173 53 20 their
1175 3170 101 31 weddings
1285 3176 51 20 have

906 3200 36 15 not
951 3199 36 22 yet
995 3197 61 19 taken
1064 3198 55 24 place
1126 3199 83 21 because
1216 3202 21 17 of
1245 3205 91 24 poverty.

907 3222 76 21 Eather
995 3223 89 24 Paradis,
1095 3227 21 17 to
1133 3232 50 20 urge
1197 3220 55 28 each*
1265 3232 71 23 couple

907 3250 21 18 to
944 3249 43 26 join
1007 3252 34 17 the
1060 3250 101 27 colonists,
1190 3255 101 24 promised
1316 3259 20 17 to

907 3278 48 17 each
975 3283 12 13 a
1005 3276 58 25 farm,
1082 3278 40 19 and
1142 3280 20 19 to
1185 3279 51 21 Lave
1251 3288 12 13 a
1280 3285 57 22 great

908 3309 100 20 marriage
1023 3309 107 21 ceremony
1148 3306 20 19 in
1186 3307 74 25 public,
1278 3309 58 20 when

907 3329 33 20 the
951 3328 64 21 whole
1025 3330 39 19 400
1081 3337 33 12 are
1131 3333 21 18 to
1171 3332 25 20 be
1214 3335 84 19 married
1316 3339 21 16 at

907 3355 35 20 the
950 3362 53 14 same
1010 3356 57 19 time.
1089 3356 32 21 On
1129 3358 40 20 this
1176 3360 101 20 condition
1291 3361 45 27 they

905 3382 75 24 joined.

1450 122 58 19 THE
1516 123 112 18 SPONGE
1642 123 86 19 TRICK.

1397 164 42 19 Tho
1454 165 137 19 white-haired
1611 165 32 19 eld
1661 172 44 12 man
1725 166 75 23 pushed

1371 197 52 18 open
1435 190 34 20 the
1480 191 79 24 folding
1577 191 59 18 doors
1654 192 39 18 and
1717 191 83 19 shuffled

1370 219 42 16 into
1421 216 35 19 the
1466 217 91 24 blinding
1567 214 55 26 glare
1631 217 22 19 of
1670 225 39 11 one
1727 218 23 18 of
1768 217 33 19 the

1371 242 99 25 principal
1488 242 63 20 hotels
1568 242 20 19 in
1602 243 138 24 Wellington.
1769 243 32 19 lie

1370 268 67 25 pulled
1452 275 13 13 a
1482 267 57 21 black
1557 268 63 19 bottle
1643 269 52 19 from
1713 269 35 19 the
1764 269 37 18 tail

1371 293 71 25 pocket
1452 295 22 18 of
1484 295 33 18 his
1527 300 70 20 greasy
1609 297 46 17 coat
1665 295 39 19 and
1715 295 58 19 stood
1785 295 15 18 it

1368 326 24 13 on
1404 320 35 19 the
1448 322 91 17 counter.

1472 346 17 18 o'
1634 346 24 19 he
1676 346 50 24 said,
1746 347 19 17 in
1788 353 11 12 a

1368 372 53 19 voice
1428 372 64 24 husky
1502 372 47 19 with
1559 379 36 18 age
1606 373 39 18 and
1654 372 91 25 dryness.

1394 398 42 19 The
1450 398 83 19 barman
1552 403 54 14 crew
1625 398 34 19 the
1675 399 67 24 liqnor
1760 398 38 19 and

1368 424 49 25 kept
1429 423 30 20 his
1468 424 51 19 hand
1527 431 25 11 on
1560 423 35 20 tho
1613 424 63 19 bottle
1694 424 54 19 until
1764 424 34 19 the

1367 457 70 17 money
1458 450 70 19 should
1545 450 22 19 bo
1586 450 142 24 forthcoming.
1757 450 41 19 The

1367 476 32 19 old
1420 483 45 12 man
1486 476 81 19 i'umhed
1581 476 65 19 about
1664 476 33 19 the
1725 476 72 24 ragged

1366 502 97 25 openings
1477 502 21 18 in
1506 502 31 19 his
1557 502 82 23 clothes,
1659 503 39 18 and
1719 502 47 19 then
1787 509 11 11 a

1365 528 50 19 dark
1423 527 97 19 shawdoiv
1534 528 21 18 of
1562 528 142 25 despondency
1719 528 76 19 settled

1366 561 25 11 on
1401 554 30 19 his
1441 553 96 24 features,
1550 560 21 12 as
1583 554 29 18 his
1621 554 52 19 hand
1691 560 54 14 came
1761 560 36 13 out

1365 580 21 20 of
1397 580 34 19 the
1442 579 38 19 last
1491 580 75 25 pocket
1576 583 75 22 empty.

1392 605 57 20 "I've
1466 606 51 18 lorst
1541 605 36 20 the
1601 607 66 23 rhino,
1670 605 3 25 -
1677 605 3 25 '
1705 606 24 18 ho
1753 605 40 19 said

1364 631 108 28 piteously.

1533 659 103 19 answered
1646 659 34 19 the
1698 659 83 19 barman
1791 657 4 26 ;

1363 685 40 19 and
1413 685 25 18 be
1447 683 129 26 deliberately
1586 685 89 24 emptied
1687 685 35 20 the
1731 685 64 19 bottls

1364 711 22 19 of
1396 712 15 17 it
1421 712 92 17 contents
1520 710 40 19 and
1568 711 95 19 returned
1673 711 24 19 it.

1392 736 46 19 "I'll
1456 737 25 18 bo
1499 736 51 20 back
1567 737 58 25 again
1651 737 56 19 afore

1364 769 50 14 were
1424 762 34 19 the
1468 762 32 19 old
1511 763 63 19 man's
1592 764 38 18 last
1645 764 66 18 words
1727 770 23 12 as
1769 763 24 19 he

1364 788 83 21 shuffled
1457 788 32 19 his
1499 796 42 18 way
1552 794 41 14 out.

1390 816 49 18 Pive
1446 815 87 19 minutes
1543 815 50 19 later
1603 815 25 20 he
1639 816 57 19 could
1713 816 23 19 be
1746 822 46 12 seen

1364 841 75 26 poking
1449 843 35 18 the
1492 841 65 20 iuside
1567 842 21 19 of
1599 843 33 18 the
1642 843 65 19 bottle
1723 841 47 20 with
1781 848 11 12 a

1363 868 57 20 stick.
1448 868 62 19 After
1524 875 58 18 every
1607 869 53 25 poke
1678 869 24 19 he
1722 868 72 19 turned

1363 895 37 19 out
1406 901 11 12 a
1439 893 115 20 thimbleful
1574 895 22 18 of
1616 895 87 25 whiskey
1724 894 43 20 into
1783 901 11 12 a

1363 927 44 19 cup,
1414 920 54 20 until
1474 919 25 20 he
1509 920 38 19 had
1557 921 36 24 got
1602 921 79 27 enough
1700 923 20 17 to
1738 921 27 18 '.!!!
1783 927 10 13 a

1364 946 101 25 wine-gin-
1479 946 2 25 .
1499 946 4 25 t
1505 947 28 18 nd
1549 947 48 19 then
1615 948 24 19 lie
1658 947 85 20 drained
1761 946 33 20 the

1362 973 35 19 lot.
1426 972 42 20 Tlie
1478 973 32 19 eld
1527 980 44 13 man
1595 973 59 20 knew
1673 981 12 12 a
1705 974 56 24 thing
1773 980 21 11 or

1362 1003 44 19 two,
1416 998 40 19 and
1467 998 39 20 had
1517 999 60 19 taken
1588 1000 36 19 tho
1635 1002 117 23 precaution
1773 1001 20 17 to

1362 1032 52 13 cram
1432 1032 12 12 a
1462 1025 115 25 good-sized
1601 1033 77 19 spouge
1698 1028 43 17 into
1760 1025 33 20 the

1362 1052 64 19 bottlo
1445 1050 69 21 befora
1531 1052 24 19 ho
1572 1055 54 16 wont
1651 1055 21 18 to
1699 1054 41 23 buy
1760 1051 33 20 the

1362 1078 87 25 whiskey
1470 1078 48 19 with
1534 1078 33 19 the
1592 1086 73 13 monev
1688 1080 46 19 that
1754 1085 39 12 was

1361 1107 43 16 not.

1400 1153 46 20 SIR
1455 1153 83 19 ISAAC
1546 1153 147 21 NEWTON'S
1705 1154 32 20 EX-

1496 1179 169 22 PERIMENTS

1388 1228 66 21 When
1475 1228 32 20 Sir
1523 1229 57 20 Isaac
1599 1229 87 20 Newton
1703 1228 89 25 changed

1360 1255 30 20 his
1411 1254 102 21 residence
1536 1256 39 18 and
1601 1257 55 19 went
1675 1257 19 18 to
1713 1255 39 20 live
1771 1255 19 18 in

1361 1282 100 19 Leicester
1474 1282 65 23 Place,
1553 1282 28 19 ins
1597 1283 108 19 next-door
1722 1280 57 26 neigh-

1360 1308 49 20 bour
1419 1315 40 12 was
1470 1314 11 13 a
1492 1308 68 19 widow
1572 1308 44 26 lady
1627 1308 43 19 who
1682 1315 39 12 was
1731 1308 59 19 much

1361 1334 81 26 puzzled
1454 1334 25 24 by
1489 1335 34 18 the
1534 1334 52 21 little
1598 1335 35 20 she
1644 1335 39 19 had
1694 1332 95 22 observed

1360 1360 19 19 of
1406 1360 35 19 tho
1468 1360 138 26 philosopher.
1635 1363 42 16 One
1708 1361 22 18 of
1756 1359 34 20 tho

1360 1387 84 19 Fellows
1453 1387 22 18 of
1480 1386 35 19 tho
1526 1386 64 25 Royal
1602 1386 80 25 Society
1701 1387 21 18 of
1738 1386 52 19 Lou-

1812 114 1 31 I
1826 119 39 18 don
1873 118 64 19 called
1947 123 54 18 upon
2014 116 37 18 her
2068 122 38 12 one
2124 116 45 24 day.
2189 114 60 21 when

1919 143 57 18 otlier
2009 141 95 18 domestic
2138 148 60 16 news,
2214 146 37 18 she

1820 168 116 21 mentioned
1949 168 46 18 that
2008 169 54 17 sorcis
2081 173 37 13 one
2135 167 41 19 had
2195 174 56 15 come

1819 198 21 16 to
1850 196 65 18 reside
1922 194 21 18 in
1957 193 35 19 tho
2009 192 106 25 adjoining
2132 192 63 20 house
2204 196 47 24 why

1820 221 35 19 site
1873 220 38 19 felt
1930 219 76 19 certain
2024 224 42 12 was
2088 224 12 12 a
2124 224 49 19 poor
2208 227 43 14 craz

1820 246 89 24 gcutlcni
1919 251 32 16 an,
2090 243 36 19 she
2143 245 107 21 continued

1820 269 40 21 "'he
1871 271 76 19 diverts
1962 269 84 19 himself
2051 269 21 18 in
2081 269 34 18 the
2126 269 71 19 oddest
2205 278 45 19 way

1818 296 131 26 imaginable.
1985 295 68 24 Every
2080 295 94 25 morning
2206 298 45 18 who

1818 323 35 19 the
1863 329 37 12 sun
1920 321 68 19 shines
2006 326 21 13 so
2046 320 92 26 brightly
2156 321 45 20 that
2220 330 31 12 we

1818 355 34 12 arc
1860 347 83 25 obliged
1952 349 21 17 to
1984 346 55 19 draw
2047 346 35 19 the
2088 347 162 20 window-blinds

1817 374 26 19 ho
1853 373 57 19 takes
1919 373 33 18 his
1961 375 43 16 scat
2013 372 21 18 in
2041 372 55 19 front
2106 372 21 19 of
2145 379 12 13 a
2173 374 38 19 tub
2228 375 23 19 of

1816 399 114 25 soap-suds,
1949 398 41 19 and
2008 398 91 24 occupies
2117 398 82 20 himself
2216 400 33 19 for

1817 425 70 22 hours,
1920 420 188 28 blowing-bubbles
2117 424 89 26 through
2237 433 12 12 a

1816 457 91 12 common
1918 450 44 23 clay
1968 450 53 24 pipe,
2027 449 40 18 and
2071 449 86 25 intently
2161 451 88 20 watches

1816 476 56 19 them
1881 476 31 18 till
1922 475 49 24 they
1980 475 65 18 burst.
2074 474 33 19 lie
2119 475 17 18 is
2147 476 102 20 doubtless

1815 508 45 13 now
1871 503 21 17 at
1901 501 32 19 his
1943 500 101 19 favourite
2209 503 37 19 she

1817 527 64 19 added
1889 525 4 25 ;
1955 532 55 12 come
2020 526 39 18 and
2068 525 47 19 look
2124 529 21 17 at

1842 553 44 18 Tho
1905 552 116 25 gentleman
2044 551 77 23 smiled,
2141 553 40 18 and
2199 554 49 19 then

1815 580 53 17 went
1886 578 94 25 upstairs,
2008 577 66 23 when,
2095 578 53 18 after
2165 578 84 26 looking

1815 603 89 26 through
1914 604 35 20 the
1960 603 84 19 window
2054 603 42 18 into
2114 603 35 18 tho
2168 604 67 23 adjoin-

1814 630 37 24 ing
1860 629 56 25 yard;
1928 630 26 18 ho
1964 629 73 19 turned
2056 629 65 18 round
2137 629 37 18 and
2195 631 51 23 said,

1880 656 49 18 dear
1943 655 87 23 madam,
2042 654 35 19 the
2089 661 73 19 person
2181 655 67 20 whom

1813 688 41 18 you
1865 688 86 18 suppose
1961 683 20 17 to
1991 681 26 18 be
2027 688 12 11 a
2051 687 14 19 p
2072 687 30 12 jor
2110 680 76 19 lunatic
2195 682 18 19 is
2222 688 26 13 no

1814 704 58 23 other
1882 708 49 19 than
1941 707 35 19 the
1985 709 58 23 groat
2054 706 31 19 Sir
2094 706 58 19 Isaac
2161 707 87 20 Newton

1814 734 98 25 studying
1920 734 35 18 the
1965 733 109 19 refraction
2090 732 21 19 of
2120 732 53 26 light
2191 740 55 18 upon

1813 760 45 19 thin
1869 760 73 24 platea,
1958 766 12 12 a
1988 759 140 25 phenomenon
2147 758 66 20 which
2231 761 17 18 is

1814 785 124 25 beautifully
1956 784 105 19 exhibited
2079 791 54 18 upon
2150 784 34 20 the
2204 793 33 12 sur-

1813 812 44 18 face
1867 812 22 18 of
1896 812 116 18 a'common

1839 838 48 19 This
1898 838 98 19 anecdote
2007 844 67 12 serves
2082 843 21 12 as
2113 843 25 12 an
2145 838 102 19 excellent

1813 864 62 19 moral
1887 867 36 16 not
1933 865 22 17 to
1965 863 84 20 ridicule
2063 863 53 19 what
2127 870 28 12 wo
2174 864 27 19 do
2211 867 37 17 not

1814 890 131 25 understand,
1966 890 36 18 but
2022 889 71 26 gently
2117 890 38 19 and
2174 890 62 20 indus-

1814 916 86 25 triously
1910 918 21 17 to
1943 916 71 25 gather
2032 916 81 19 wisdom
2124 917 52 18 from
2187 924 61 18 every

1812 942 147 19 circumstance
1969 942 76 19 around
2057 949 30 12 us.

1098 59 58 21 THE
1169 59 60 21 HOT
1244 61 94 20 LAKES
1354 61 168 22 CHRONICLE
1536 62 183 22 WEDNESDAY
1739 66 39 22 29„
1802 63 66 20 MAT
1879 64 51 19 1895

47 3300 93 23 .Carbine,
151 3305 41 13 now
202 3305 23 12 on
242 3298 29 19 Iris
291 3305 43 19 way
350 3300 22 17 to
390 3297 40 24 Eng-

45 3329 23 20 ml
79 3335 25 12 on
113 3325 36 22 tho
159 3324 88 25 Orizaba,
257 3325 36 19 lias
306 3324 87 25 housing
412 3330 21 12 ac-

44 3352 120 23 immodation
181 3351 58 19 which
255 3357 39 13 was
312 3351 53 19 built
381 3349 52 26 speci-

45 3382 18 21 ly
74 3382 32 19 for
115 3379 40 20 him
166 3384 23 13 on
200 3378 31 18 the
240 3384 63 19 upper
313 3376 49 21 deck
378 3377 22 19 of
409 3376 34 19 tho

44 3414 69 13 earner.
150 3404 33 20 Ha
200 3404 33 19 has
250 3411 10 12 a
277 3404 39 19 box
334 3403 45 19 H»:'t
388 3409 14 13 x
412 3403 31 19 Bft

44 3434 18 19 id
71 3434 33 19 7ft
117 3431 34 20 Cin
160 3430 51 26 high.
238 3431 32 24 Up
284 3431 21 18 to
316 3436 11 14 a
338 3428 67 27 height
423 3429 20 19 of

45 3462 10 18 t
77 3460 52 19 from
146 3457 34 19 the
204 3457 47 19 floor
271 3456 34 20 the
335 3455 55 19 v.lla
411 3462 32 12 are

44 3483 150 23 mble-boar.ded
205 3483 35 19 ar.d
251 3482 81 26 padded.
353 3483 19 19 A
383 3488 60 18 space

43 3516 69 16 stween
128 3509 34 20 the
176 3509 76 19 wooden
270 3509 80 24 ceilings
370 3508 21 19 of
409 3508 34 18 the

43 3537 136 27 impartments
188 3535 37 19 and
234 3535 33 19 the
277 3535 66 19 saloon
358 3534 49 20 deck
426 3534 17 19 is

44 3564 54 21 icked
120 3561 47 21 with

44 3598 37 13 jrso
97 3596 46 19 may
164 3591 35 15 not
218 3588 21 18 bo
257 3596 16 10 u.
284 3587 2 28 .
297 3587 2 28 .
309 3587 15 28 _.
334 3589 9 17 .'.
364 3587 4 28 1
378 3594 10 17 y
405 3593 38 18 any

43 3617 38 21 oise
89 3613 108 24 overhead.
224 3613 39 20 The
270 3613 50 21 floor
328 3613 17 21 is
360 3613 83 20 covered

44 3650 8 19 y
62 3651 11 12 a
82 3643 42 20 coir
134 3642 42 19 mat
184 3639 34 19 oin
228 3639 19 19 in
265 3639 104 21 thickness.
405 3641 26 18 Ac-

44 3674 114 21 jmpanying
182 3665 89 23 Carbine,
295 3665 19 20 in
336 3674 10 12 a
370 3666 73 19 similar

43 3696 98 22 sckhouae,
156 3693 17 19 is
183 3691 35 20 the
228 3690 215 22 Carbine—Novelette

43 3723 27 23 jit,
87 3723 41 19 also
153 3718 75 26 bought
244 3717 25 27 by
291 3718 31 19 the
340 3719 60 19 Duke
423 3718 20 20 of

50 3794 91 20 ''"Where
157 3791 33 21 did
206 3796 40 19 you
262 3795 23 18 go
301 3789 39 19 last

43 3822 20 18 .id
73 3828 11 12 a
93 3815 3 28 !
97 3815 1 28 .
103 3815 95 28 Rivalling
212 3822 45 14 man
268 3817 21 17 to
299 3822 11 12 a
328 3821 114 22 newspaper

44 3854 28 13 an.

84 3874 50 19 went
144 3869 77 23 arounil
240 3869 23 17 to
276 3872 34 14 fiee
326 3873 35 13 our
378 3868 63 20 friend

43 3900 106 20 endelson's
164 3903 44 14 new
224 3895 54 25 play.
316 3892 23 20 It
350 3900 38 13 was
400 3901 32 19 pro-

43 3926 47 19 mted
99 3927 33 19 for
141 3925 35 19 the
186 3924 44 19 first

51 3949 173 26 "Interesting?''

51 3980 10 12 '•'
70 3979 57 24 Well,
137 3983 20 15 to
169 3974 141 24 befiank.ao.fc
320 3973 60 24 very.'

151 4010 40 14 was
214 4001 34 21 the
271 3999 74 20 motive
367 3999 22 18 of
411 3999 32 20 the

43 4038 33 14 ,ece

116 4057 81 22 motive!
225 4055 29 20 As
264 4053 34 21 far
317 4057 21 15 as
358 4051 10 19 I
388 4051 55 19 could

50 4082 34 27 dg'e
92 4085 32 21 the
134 4083 73 21 motive
217 4088 39 14 ivas
271 4080 35 19 the
325 4079 107 20 exfermina-

44 4113 11 18 p
64 4113 22 17 of
96 4113 34 18 the
139 4109 63 22 whole
216 4109 74 22 human

490 3861 121 22 Subscribers
627 3859 41 20 will
684 3859 65 25 please
763 3859 57 19 leave
837 3863 49 15 «\,rci

461 3892 22 17 .it
493 3889 35 20 the
538 3888 61 19 office,
613 3887 68 19 should
697 3887 47 23 they
763 3889 35 15 not
816 3885 69 19 receive

461 3916 51 19 their
518 3922 62 19 paper
589 3912 104 27 regularly,
704 3913 38 18 and
753 3912 32 18 the
796 3911 89 20 rmissioi:

461 3942 39 20 will
511 3943 23 16 be
544 3940 132 21 immediately
691 3939 92 19 rectified.

479 3984 43 15 Pure
535 3981 79 17 Blood'is
629 3980 27 16 the
665 3980 53 17 scpret
732 3979 18 16 of
758 3979 62 16 licaltli,
822 3979 45 15 —I>r
873 3979 12 15 I

461 3996 81 23 (lordon's
550 4000 73 17 BLOOD
631 4000 62 15 PILLS
702 3996 97 21 cleaneVtiie
806 3998 60 20 system
871 3999 15 15 oi

461 4024 20 14 :i!i
491 4017 2 22 ;
497 4028 7 9 n
519 4027 33 10 lure
559 4020 54 18 blood,
618 4017 267 22 curelnfligestiqaJCoußtipatior

461 4042 46 16 Liver
512 4039 7 3 *
523 4039 105 21 Complaints,
644 4038 51 16 Pains
711 4038 16 16 in
745 4038 42 15 ba<-k
804 4037 32 16 ami
846 4038 39 15 side:

461 4061 102 18 Billousucssi
573 4059 38 15 Kick
624 4057 101 19 Headaches;
740 4061 65 12 remove
813 4056 72 21 pimplees

461 4080 78 19 Scrofula;
548 4080 67 18 Scurvy,
621 4079 31 15 etc.
674 4077 52 20 Largo
733 4077 38 18 box,
780 4077 16 15 Ga
801 4077 33 15 two
839 4078 46 14 boxes

697 4100 54 13 \TTON
762 4097 32 16 bos
801 4097 29 14 -oi
839 4096 47 16 Du.ii-

933 3440 95 20 Brudder
1038 3440 110 20 Snowball:
1295 3445 42 19 said

907 3466 25 20 be
943 3473 40 13 saw
1000 3466 77 20 suthin'
1094 3469 68 23 pretty
1178 3470 48 18 neat
1245 3469 21 19 in
1282 3471 55 25 print

907 3494 29 18 tb'
947 3493 58 20 otber

933 3520 93 19 Brudder
1033 3520 62 19 Jones
1103 3519 4 25 :
1177 3527 42 13 cow
1226 3519 4 25 !
1242 3523 64 19 What

933 3546 93 19 Brudder
1037 3546 113 28 Snowball;
1165 3547 40 19 His
1214 3548 44 20 best
1268 3550 38 24 girl
1315 3558 21 12 in

907 3579 10 13 a
925 3572 61 20 calico

933 3607 139 20 Sub-Editor:
1174 3608 44 20 told
1244 3617 31 13 me
1298 3612 38 20 last

907 3633 69 21 month
986 3636 37 17 not
1033 3635 21 17 to
1065 3634 57 20 allow
1131 3641 38 18 any
1179 3636 157 22 mother-in-law

907 3659 57 26 jokes
974 3660 21 20 in
1004 3660 35 20 the
1047 3667 62 19 paper
1120 3667 45 13 now
1176 3661 71 26 you're
1254 3665 82 25 putting

907 3693 36 13 one
953 3687 27 24 in,
996 3688 80 19 written
1087 3687 26 26 by
1123 3688 96 24 yourself.

932 3713 73 19 Editor
1012 3713 4 26 :
1026 3713 82 21 'That's
1116 3714 27 18 all
1150 3714 61 25 right;
1221 3714 39 21 last
1268 3718 67 18 month

907 3739 10 19 I
929 3745 38 13 was
978 3741 36 17 not

932 3774 87 20 Doctor:
1115 3782 41 18 you
1174 3775 49 20 have
1242 3784 11 12 a
1273 3777 62 23 heavy

907 3800 76 20 chill?'.'
1323 3792 10 12 J

932 3826 48 19 Eair
990 3826 93 24 Patieut:
1143 3829 78 20 seemed

932 3852 76 20 Doctor
1018 3852 3 28 :
1099 3860 52 20 your
1159 3855 54 20 teeth
1225 3856 80 20 chatter

932 3878 48 20 Eair
990 3878 94 30 Patient:
1141 3881 59 20 don't
1218 3882 60 20 think
1299 3890 21 13 so
1332 3878 4 30 ;

907 3904 46 26 they
965 3912 50 13 were
1023 3906 20 19 in
1051 3913 33 18 my

928 3952 32 12 J-tie
972 3952 78 13 Customs
1058 3952 68 14 returns
1139 3956 53 14 provo
1200 3952 66 20 beyond
1277 3956 58 15 contra

908 3967 61 17 diction
984 3969 39 15 that
1034 3970 67 19 Nelson,
1110 3968 57 19 Moate
1179 3972 34 16 and
1223 3973 39 16 Co's
1270 3974 31 15 tino
1310 3975 25 15 ten

908 3992 28 10 live
950 3988 50 20 being
1014 3989 107 19 appreciated
1136 3989 21 21 by
1168 3991 29 15 the
1204 3993 86 19 majority,
1311 3995 25 15 for

908 4012 17 10 in
940 4008 41 18 spite
994 4008 17 15 of
1025 4008 27 15 tlie
1059 4014 89 10 numerous
1161 4011 45 15 firms
1216 4012 17 14 in
1242 4017 50 15 every
1299 4015 36 18 pari

934 4026 26 16 the
973 4028 78 15 Colonies
1059 4028 38 15 that
1112 4033 28 10 arc*
1158 4030 72 20 copying
1244 4032 51 20 them,
1311 4034 24 15 the

906 4050 78 12 turnover
998 4047 14 15 is
1019 4053 19 9 as
1045 4047 46 20 large
1104 4052 18 10 as
1131 4053 43 15 ever,
1188 4051 34 14 and
1232 4051 27 15 the
1268 4051 67 17 demand

906 4069 16 11 so
941 4067 47 18 great
999 4066 40 16 that
1051 4067 40 18 they
1106 4067 30 15 soil
1147 4073 44 11 more
1202 4069 66 21 Indian,
1282 4071 54 17 Coyon

906 4085 32 15 and
956 4085 71 17 blended
1044 4087 36 14 teas
1097 4087 42 15 than
1155 4087 28 16 tho
1202 4089 52 16 whole
1270 4091 18 14 of
1308 4092 29 16 the

906 4104 68 19 imports
991 4106 34 15 and
1039 4106 64 16 dealers
1126 4107 31 18 put
1181 4108 77 19 together
1269 4109 18 17 in
1303 4111 33 16 last

906 4125 68 18 quarter
981 4125 17 16 of
1005 4125 29 16 the
1045 4125 70 18 Colony.

1993 1048 48 18 '■"■

1812 1153 82 21 Lo3ses
1918 1153 63 19 Paid.

2083 1151 164 28 ..'£20,000,000

1812 1259 161 21 AocojiuiiiT?:r>
2023 1258 71 19 Funds

1812 1337 22 22 Y/.
1851 1338 58 22 \7.iRB
1919 1339 73 25 BAKER,
2038 1336 48 22 IW.
2094 1338 12 20 A
2121 1338 101 24 WILLIAMS

1851 1364 70 22 l/.in-iut
1929 1363 82 27 Manager,
2084 1362 50 22 Local
2149 1364 58 27 Agent,

1907 1390 93 21 Auckland.
2038 1389 1 22 I
2121 1390 78 21 Rotorua.

1429 1580 64 54 PA
1530 1581 113 51 AM

1944 1616 179 50 MM

1356 1788 487 61 .Manufacturers
1862 1787 58 58 &
1933 1787 312 71 Importers

1364 2168 58 20 J~*4
1529 2167 33 22 JL

1652 2221 105 15 .„;..._•-,;...*
1769 2225 10 7 <<

1419 2637 787 56 [MiKwriiflttKwimraliar.

1512 2718 242 102 Drapry
1791 2723 65 74 of
1902 2745 185 72 every

1548 2826 420 78 description.

1357 2993 242 59 TailoHn

1838 3089 121 47 ei°y,

1449 3262 208 65 Ulßlilil
1738 3279 207 48 OUIIJJI
1992 3271 50 60 UO
2046 3319 16 14 M
2112 3271 65 59 LTD.

1628 3674 351 28 THURKNGK

1356 3704 82 41 Smith
1468 3705 48 39 and
1535 3704 114 52 Carriage
1671 3709 106 46 Works,
1809 3708 81 40 Coach
1918 3709 49 40 and
1997 3709 112 50 Waggon
2143 3708 104 51 Factory

1562 3781 216 24 ESTABLISHED
1794 3784 82 21 OVER
1893 3785 26 20 10
1935 3784 107 21 YEARS.

1356 3829 5 20 ]
1368 3828 45 21 jThe
1420 3828 118 20 undersigned
1545 3833 30 12 arc
1582 3830 142 17 manufacturers
1732 3832 19 15 of
1759 3832 23 15 all
1790 3833 63 16 classes
1862 3833 18 16 of
1889 3832 81 17 Vehicles
1978 3833 14 15 &
2001 3833 121 20 Agricultural
2130 3832 120 22 Imj-lemenvF.

1376 3849 37 16 Our
1421 3849 112 16 well-known
1541 3850 100 20 reputation
1649 3857 19 10 as
1676 3852 86 17 Practical
1778 3852 103 19 Mechanica
1897 3854 34 15 and
1945 3854 59 16 W.P's
2016 3855 21 16 27
2052 3859 51 16 years
2114 3854 100 21 experience
2231 3849 3 26 i

1355 3871 30 16 tho
1390 3870 122 17 Australasian
1520 3871 85 20 Colonies,
1614 3873 65 20 justify
1686 3878 22 12 us
1715 3875 18 15 in
1751 3875 84 21 claiming
1847 3876 39 16 that
1901 3881 26 10 wo
1943 3880 33 11 can
1990 3875 69 16 furnish
2074 3881 10 10 a
2099 3876 57 16 better
2170 3876 44 16 class
2232 3883 18 10 n

1355 3892 80 18 vehicles,
1444 3892 94 16 consistent
1545 3892 43 16 with
1595 3892 63 17 honest
1666 3896 49 15 work
1724 3897 19 14 at
1751 3901 10 10 a
1770 3896 75 20 cheaper
1856 3899 37 14 rate
1901 3897 43 15 than
1953 3902 35 14 any
1996 3897 19 15 of
2022 3902 32 10 our
2062 3897 116 20 competitors.

1376 3913 36 16 The
1420 3913 61 16 Public
1489 3913 35 16 will
1536 3913 35 16 find
1580 3914 14 15 it
1605 3915 18 14 to
1637 3913 45 17 iheir
1699 3916 100 22 advantage
1815 3919 18 14 to
1849 3918 152 16 ENCOURAGE
2020 3918 81 16 LOCAL
2119 3918 131 23 INDTJSTkY,

1355 3935 56 15 where
1423 3934 42 20 they
1475 3939 32 10 can
1515 3934 44 16 have
1564 3934 30 16 the
1599 3935 81 20 pleasure
1688 3937 19 16 cf
1714 3938 61 20 seeing
1789 3939 93 16 first-class
1898 3939 80 16 material
1992 3939 35 16 and
2042 3939 129 21 workmanship
2185 3942 33 20 put
2232 3941 17 15 in

1355 3935 56 15 where
1423 3934 42 20 they
1475 3939 32 10 can
1515 3934 44 16 have
1564 3934 30 16 the
1599 3935 61 20 pleasu

1354 3955 80 17 Vehicles
1441 3955 50 15 made
1498 3956 19 14 to
1525 3955 46 16 their
1576 3956 65 16 valued
1649 3962 9 10 o

1376 3976 46 19 N,B.
1424 3976 100 16 —Vehicles
1532 3977 18 15 of
1556 3977 24 15 all
1588 3977 69 21 descrip

1355 3999 18 15 to
1381 4003 46 11 new.

1716 3981 86 20 repaired,
1813 3981 79 21 palatod,
1903 3982 97 17 renovated
2009 3982 35 16 and
2052 3982 51 16 made
2118 3983 26 15 to'
2151 3983 41 16 look
2208 3988 42 16 cqun

1356 4045 203 28 WILLIAM
1578 4045 188 37 PARKER;
1787 4050 253 28 Coaclibuilder

1712 4086 141 28 JAMES
1873 4089 134 31 HAUA,
2027 4088 216 29 Blacksmith

1608 4117 154 19 DEVONPORT
1774 4120 75 16 ROAD.
1863 4120 151 18 TAURANGA.

701 4211 115 50 &sk
849 4210 308 52 Hancocks
1202 4209 91 54 for
1321 4214 342 57 Celebrated
1695 4229 204 43 xxxx
1926 4220 138 52 Ale*.
2129 4219 187 52 Stout.

2489 112 35 37 M.
2547 111 151 47 SIMON.,

2465 154 58 25 (Late
2533 154 21 17 of
2563 153 137 23 Melbourne.)

2491 189 96 26 Practical
2597 190 73 25 Tailor.

2465 238 122 27 Clothes
2609 238 90 26 made

2455 271 8 18 i
2480 275 32 22 to
2533 271 84 29 order
2642 279 39 18 on

2516 310 138 26 shortest

2526 344 111 27 notice.

2465 431 90 18 Prices
2572 430 69 18 from
2655 430 37 17 *i3

2488 454 45 16 Mi?.
2543 455 134 19 u|nvai'(ii>.

2476 490 55 25 Style
2541 491 41 19 and
2590 490 34 18 Fit
2633 492 36 17 not
2679 491 21 17 to

2462 516 26 19 be
2500 517 94 24 equalled
2606 518 21 18 in
2640 519 60 17 town.

2387 557 11 24 i
2398 557 44 24 555?
2463 557 96 21 Address
2613 558 56 20 Next
2680 560 19 17 tc

2462 583 92 22 Larkins,
2568 585 131 19 Ohincmuiu.

2270 660 153 39 Roturua
2444 662 157 38 Sawmill
2615 661 84 45 Coy.

2274 736 55 31 \\r
2336 731 71 24 JdLLTE
2416 736 60 19 AND
2485 736 57 19 RED
2556 736 71 19 PINE
2636 736 21 19 of
2666 734 35 20 the

2284 767 11 15 T
2307 771 10 12 »
2345 762 59 19 finest
2415 761 78 26 quality
2503 762 39 19 and
2552 762 98 24 carefully
2660 763 40 16 cut.

2271 832 90 23 'iin'.iii,
2390 830 122 19 Pukatea
2539 830 53 17 sun!
2617 830 83 17 Tawa

2268 853 130 22 Shingles,
2409 852 117 25 Paliirjrs,
2538 851 96 21 Blocks
2648 851 52 17 ami

2270 875 80 20 Posts.

2293 923 19 19 A
2322 922 53 26 good
2388 922 40 19 and
2443 921 90 20 assorted
2543 920 74 27 supply
2627 920 75 24 always

2267 955 26 12 on
2303 948 56 21 hand
2369 950 21 18 at
2399 948 35 19 the
2441 947 81 20 Timber
2532 947 64 19 Yard.

2401 972 170 23 BO.TOETJ.A.

2267 1021 198 27 N.B.—Special
2483 1026 58 16 care
2568 1021 83 21 taken
2674 1020 28 22 in

2375 1049 47 21 the
2448 1049 144 23 seasoning.

2299 1103 84 38 Prices
2404 1102 25 38 at
2465 1100 104 39 Current
2583 1100 87 39 Rates.

2268 1171 28 25 W.
2312 1169 122 33 HEHSHAW,

2604 1169 95 27 Manager.

2343 1248 148 21 INSURE
2519 1247 106 21 WITH

2267 1280 47 16 THE
2328 1275 75 21 SOrj'rn
2416 1278 92 17 BBITISH
2522 1278 50 16 FIEB
2585 1277 14 16 &
2615 1276 85 20 MABI.N

2347 1308 43 15 Coy.
2400 1307 29 15 OF
2439 1306 53 16 NEW
2503 1305 113 17 ZEALAND.

2269 1347 71 15 Cawtai
2607 1342 96 20 .£1.900,000

2328 1377 92 17 Unlimited
2427 1376 64 20 lihality
2496 1376 18 16 of
2520 1374 123 18 Shareholders.

2268 1402 53 19 Being
2328 1407 10 11 a
2345 1401 74 17 Colonial
2426 1400 96 16 Institution
2529 1400 60 16 rrofits
2595 1404 28 11 aro
2629 1398 73 16 invested

2453 1420 64 19 locally.

2267 1490 50 16 Local
2333 1490 56 20 Agent
2559 1488 46 15 J.W.
2613 1486 65 16 Wrurle
2690 1491 10 15 y

2293 1545 69 46 W.
2389 1541 288 54 THOMAS,

2294 1599 74 22 MOK
2375 1599 48 21 UM
2429 1597 119 22 EKTAL
2559 1597 118 21 MASOX

2316 1632 139 23 VICTOEIA
2465 1632 104 21 STREET
2578 1632 75 23 EAST,

2399 1667 170 21 AUCKLAND.

2300 1722 92 24 Order.?
2413 1721 28 25 in
2462 1721 109 28 Marble,
2592 1719 108 25 Granite

2265 1757 51 23 and
2422 1754 130 33 promptly
2563 1754 50 24 and
2621 1753 65 25 faith-

2265 1790 68 31 fully
2346 1788 133 26 executed.

2293 1849 110 32 Designs
2415 1849 51 24 and
2478 1848 82 33 prices
2570 1848 55 24 free
2637 1856 35 16 on

2398 1882 164 33 application.

2297 1942 30 31 J.
2352 1942 37 29 H.
2412 1939 250 39 BUCHANAN,

2303 1989 117 23 STONE
2436 1987 216 23 MERCHANT.

2359 2023 170 18 ESTABLISHED
2540 2023 46 17 1892.

2263 2074 105 21 Statuary,
2389 2072 142 19 Monumental
2554 2072 37 18 aed
2611 2070 86 19 General

2436 2095 78 17 Mason.

2291 2117 118 19 MARBLE
2426 2115 62 21 AND
2508 2114 164 22 FREESTONE

2264 2148 156 22 OHIMNEYC
2431 2148 88 23 PLEES,
2534 2147 101 24 MISES,
2648 2147 38 19 Etc

2303 2184 130 32 VICTORIA
2453 2182 108 33 STREET
2589 2182 74 36 EAST,

2354 2227 250 33 AUCKLAND.

2289 2295 65 24 Desig
2397 2293 39 19 and
2456 2292 67 20 Prices
2540 2291 113 21 forwarded
2672 2298 25 12 no

2263 2321 124 24 application
2399 2321 20 18 to
2429 2326 39 18 aDy
2476 2321 47 23 part
2530 2319 22 19 of
2557 2319 37 19 the
2600 2317 98 21 Province

2263 2348 82 25 Colony.

2312 2397 40 42 A,
2383 2396 32 40 &
2440 2394 208 48 G.BROOK,

2265 2452 87 24 Boob
2362 2450 67 24 and
2446 2450 89 24 Shoe
2549 2449 148 26 Makers.

2342 2487 80 20 Fenton
2432 2486 72 22 Street,
2519 2485 99 20 Eotorua.

2263 2515 47 20 And
2333 2517 21 16 at
2380 2512 83 20 Parnell
2490 2512 40 19 a-nd
2557 2512 140 23 Newmarket.

2289 2568 68 26 Large
2367 2566 41 19 and
2416 2566 70 19 varied
2500 2565 60 20 Slock
2570 2566 21 19 of
2605 2564 93 26 English,

2263 2594 90 24 Foreign
2362 2594 41 18 and
2413 2592 90 20 Colonial
2514 2592 61 19 Boots
2585 2592 40 19 and
2636 2592 62 19 Shoos

2330 2622 21 17 to
2361 2620 71 19 choose
2442 2620 53 18 from
2504 2620 21 18 at
2534 2618 35 19 the
2582 2621 52 16 most

2331 2695 95 20 Football
2435 2695 58 19 boots
2503 2701 12 12 a
2521 2693 111 27 speciality.

2265 2728 35 20 All
2319 2728 68 19 orders
2406 2726 41 20 and
2463 2726 77 26 repairs
2550 2725 150 27 expeditiously

2433 2752 102 20 executed.

2267 2798 54 25 X>l
2330 2797 74 20 ANO
2416 2796 19 24 S,
2461 2796 48 20 lIA
2516 2796 19 20 E
2543 2796 101 20 MONIU
2651 2795 47 26 NS,

2432 2822 148 21 ORGANS.

2450 2860 66 12 ALSO

2266 2887 76 25 Harps,
2361 2884 85 23 Violins,
2458 2883 141 24 Violoncellos,
2611 2883 89 21 Guitar?,

2291 2912 78 26 Bonjos
2388 2911 41 19 and
2435 2909 81 21 smaller
2526 2911 133 18 instruments
2668 2911 33 18 too

2292 2944 109 14 numerous
2413 2939 21 17 to
2448 2936 146 27 particularise.

2294 2974 164 46 JJoFFMAN
2483 2984 55 21 AND
2563 2972 96 49 §ONS.

2266 3032 102 27 QUEEJ\
2385 3031 122 26 STREET,
2525 3028 174 23 AUGKbAN©-

2265 3063 44 18 Tho
2318 3062 78 25 largest
2405 3062 107 24 importers
2526 3060 21 19 of
2561 3060 28 19 all
2603 3060 61 19 kinds
2680 3058 22 20 of

2291 3088 86 20 musical
2380 3088 132 19 instruments
2519 3086 76 20 inNew
2604 3085 96 20 Zealand.

2265 3121 34 19 All
2307 3121 60 19 kinds
2377 3120 22 19 of
2408 3119 85 19 musical
2499 3119 132 19 instruments
2638 3114 64 23 tuned

2336 3201 92 31 H.C
2449 3198 193 33 WRIGHT,

2342 3238 138 23 SURGEON
2491 3238 130 20 DENTIST.

2319 3294 117 24 (Successor
2447 3293 20 18 to
2477 3294 27 16 A.
2516 3292 24 19 L.
2550 3290 103 26 AVn'ght),

2295 3347 89 19 Notifies
2394 3345 46 20 that
2451 3345 25 19 he
2495 3345 17 18 is
2530 3343 121 25 continuing
2669 3342 34 19 the

2268 3373 93 20 business
2372 3372 22 20 of
2404 3379 11 12 a
2425 3372 85 19 Dentist
2520 3373 22 17 at
2552 3371 34 20 the
2597 3370 105 19 Premises.

2268 3398 229 23 SHOiiTLAND-ST.,
2513 3397 86 20 assisted
2620 3397 26 24 by
2664 3396 39 19 Mr

2270 3427 32 19 W.
2312 3426 28 20 H.
2350 3425 108 20 Wright.
2477 3424 42 19 The
2529 3424 110 25 high-class
2649 3422 54 19 work

2267 3453 21 19 of
2301 3453 35 19 the
2346 3453 42 18 late
2398 3452 36 19 Mr
2443 3452 26 18 A.
2480 3451 23 19 L.
2514 3450 87 26 Wright
2620 3449 41 19 will
2679 3448 24 19 be

2268 3478 88 22 adhered
2366 3481 28 21 to,
2403 3478 39 19 and
2453 3484 40 18 any
2503 3477 39 19 left
2552 3475 117 20 unfinished
2677 3475 26 24 by

2269 3507 33 18 hat
2313 3505 116 26 gentleman
2441 3503 40 20 will
2500 3503 24 20 be
2542 3502 115 26 completed
2671 3501 26 25 by

2361 3532 35 19 tho
2406 3537 43 13 new
2460 3531 150 23 management.

2284 3565 73 61 ~p
2380 3580 28 16 «
2460 3578 215 46 rjOELETT,

2365 3619 225 34 VpTchitect.

2357 3660 101 24 Building
2465 3660 101 23 Surveyor
2576 3659 34 19 <Src.

2269 3697 67 24 Agnot
2345 3695 31 19 for
2389 3693 34 20 the
2431 3690 100 21 National
2541 3690 47 19 Firo
2598 3688 40 20 and
2648 3687 41 20 Mar-

2269 3725 33 18 ino
2312 3722 111 18 Insuarnce
2430 3718 34 20 Co.

2300 3813 22 14 v
2323 3777 51 50 r
2375 3779 7 17 j
2384 3773 155 49 -M°c
2550 3772 79 21 AijLE
2633 3772 44 66 \

2271 3839 116 21 Plumber
2402 3840 16 17 &
2443 3833 101 24 General
2564 3832 139 22 Mechanic.

2375 3868 113 21 Tutanekai
2528 3866 71 20 Street.

2340 3907 31 24 R
2387 3906 26 24 O
2429 3903 65 25 TO
2508 3901 72 25 RU
2592 3900 42 25 A.

2335 3977 37 44 J.
2408 3971 142 46 LARK

2291 4042 407 38 BOOfMKKea

2760 114 28 26 J.
2806 115 51 28 W.
2877 117 217 34 WEIGLEY,

2731 168 416 27 ARCHITECT.

2860 223 136 22 ROTOKUA.

2718 274 17 17 &
2745 274 80 19 Marine
2836 274 112 22 Insurance
2959 277 108 24 Company.

2785 317 209 37 Established
3015 335 61 20 1826.

2719 394 58 16 Under
2799 395 29 17 tho
2853 391 37 24 ,dst

2720 415 31 15 His
2765 415 62 17 Excel-
2852 409 8 12 8

2720 437 87 16 Governor
2834 436 7 17 1

3052 401 95 22 Patronage

3050 422 49 21 leacy
3118 424 28 17 the

3050 444 18 15 of
3079 444 23 17 N.
3114 444 19 18 Z.

2784 474 96 36 John
2911 477 36 36 J.
2978 477 105 48 Keys,
3100 481 38 38 X

2721 521 127 31 Builder
2877 524 59 26 and
2962 525 175 29 Contractor

2789 575 238 27 ROTORTT
3039 582 26 20 A
3078 575 4 27 .

2721 641 106 22 Estimates
2846 644 58 25 given
2918 646 33 19 for
2962 647 114 26 Buildings,
3086 648 53 21 alter-

2737 668 77 20 tations
2824 671 39 18 and
2872 672 77 24 repairs
2958 674 21 18 in
2989 674 26 19 all
3026 674 97 21 branches

2876 698 21 18 of
2907 698 35 20 the
2949 700 64 20 trade.

2746 726 103 26 Painting,
2860 728 163 29 Paperhaug-ing,
3038 733 40 19 and
3093 733 47 20 Glaz-

2721 752 39 25 ing,
2772 752 102 21 Venetian
2885 756 17 19 &
2913 756 57 20 other
2982 757 70 21 Blinds
3062 761 21 17 to
3093 761 59 19 order

2732 785 23 12 or
2769 780 115 24 re-painted
2899 782 40 19 and
2947 784 99 25 re-taped.

2733 810 58 20 Good
2800 811 67 20 stocks
2882 813 21 19 of
2916 814 89 20 Funeral
3018 815 120 26 Requisites.

2763 866 139 20 FUNERaL
2923 869 171 21 furnisher.

2813 951 40 26 H.
2884 952 181 28 MARTIN.

2721 997 127 28 Saddler
2857 1003 20 22 &
2892 999 134 28 Harness
3041 1000 107 30 Maker.

2868 1043 93 19 Larkin's
2974 1044 52 18 Boot
3039 1044 65 23 Shop.)

2842 1079 187 21 OHINEMUTU.

2744 1119 89 24 Saddles,
2844 1119 87 25 Bridles,
2941 1120 83 24 Collars,
3034 1121 32 19 &c.
3076 1121 49 26 kept
3131 1122 21 20 in

2721 1145 68 20 Stock.

2782 1182 35 20 All
2827 1183 134 25 descriptions
2971 1184 22 19 of
3003 1183 83 20 harness

2853 1211 58 18 made
2922 1212 20 17 to
2954 1210 65 20 order.

2773 1251 84 26 Repairs
2867 1253 52 19 done
2935 1253 47 19 with
2993 1253 104 25 despatch.

2721 1288 55 25 Style
2786 1290 38 19 and
3014 1290 131 25 guaranteed.

2721 1358 232 38 JECKLIN&
2973 1360 164 39 COTTER

2789 1422 113 22 FAMILY
2932 1424 154 26 BUTCHERS,

2803 1465 73 20 Arawa
2892 1465 72 25 Street,
2979 1466 97 25 Rotorua,

2750 1507 59 21 Ha«c
2820 1510 22 18 to
2852 1509 64 19 thank
2932 1509 34 20 the
2977 1509 69 25 public
3060 1509 22 19 of
3091 1509 51 19 Roto-

2724 1540 37 13 rua
2771 1534 33 20 for
2810 1537 47 22 past
2868 1536 67 20 favors
2950 1536 41 19 and
3008 1536 38 25 beg
3062 1538 22 17 to
3101 1537 54 18 state

2725 1560 48 27 they
2784 1561 41 19 will
2836 1562 95 20 continue
2939 1565 22 16 to
2968 1563 59 19 merit
3036 1563 85 24 support
3127 1561 27 26 by

2728 1587 106 26 pronding
2854 1588 34 20 tho
2908 1589 44 19 best
2972 1589 78 26 quality
3064 1589 23 19 of
3102 1592 53 18 meat

2789 1624 31 27 At
2847 1624 106 28 lowest
2979 1627 108 33 prices.

2815 1697 132 21 'ZEOT
2975 1698 154 23 HOTEL.

2839 1728 94 23 Wakefield
2944 1729 32 26 St,,
2986 1728 93 23 Auckland,

2773 1763 138 34 Newman
2960 1766 123 32 Meider

2737 2197 69 20 Having
2817 2197 50 15 taV-ii
2878 2194 28 17 t*>e
2921 2194 51 16 abovo
2983 2194 89 15 well-knov

2719 2217 33 16 will
2764 2217 68 21 begglad
2845 2217 17 14 to
2873 2219 26 11 seo
2909 2215 34 14 and
2954 2214 77 15 welcomo
3041 2213 23 15 all

2900 2234 68 16 friends.

2806 2262 54 19 ONLY
2871 2262 39 18 THE
2919 2260 52 18 BEST
2980 2259 84 18 BRANDS

2777 2299 17 15 of
2801 2299 57 15 Winea
2867 2297 33 16 and
2908 2297 62 19 Spirits
2978 2296 42 19 kept
3027 2295 16 16 in
3052 2295 49 16 Stock

2762 2326 114 19 SPARKLING
2886 2325 55 17 XXXX
2950 2324 39 17 ALE
2997 2328 21 12 on
3033 2323 80 21 draught.

2719 2354 53 20 Every
2780 2354 109 16 convenience
2901 2351 87 17 combined
2999 2351 40 15 with
3047 2350 64 25 civility
3121 2349 33 17 and
3161 2349 3 26 .

2737 2373 72 17 comfort
2815 2375 27 14 for
2850 2372 70 21 country
2934 2372 64 15 visitors
3006 2370 32 16 and
3046 2370 35 16 Boa

2719 2478 150 38 Custom
2887 2476 121 38 House
3020 2475 118 38 Street

2812 2546 247 34 AUCKLAND.

2721 2594 47 17 Close
2776 2595 18 16 to
2803 2593 82 22 Itailwny
2893 2593 69 16 Sfation
2975 2591 33 17 and
3022 2590 40 17 Post
3074 2589 58 18 Office.

2740 2633 82 20 Superior
2840 2631 145 17 aeeonnnodalion
3008 2629 26 16 for
3053 2628 78 17 Tourists

2764 2654 98 16 Travellers
2879 2653 34 15 and
2934 2652 76 20 Countly
3026 2650 84 17 .Farmers.

2785 2692 104 21 TERMS
2916 2690 170 22 MODERATE.

2720 2728 71 18 None
2812 2728 46 19 but
2879 2727 133 17 first-class
3020 2723 92 19 brands
3129 2722 25 18 of

2740 2750 63 21 Ales,
2813 2749 90 17 Wines
2914 2748 50 17 and
2972 2748 88 20 Spirits
3070 2746 62 21 kept,

2718 2792 57 20 THE
2820 2790 147 21 NATIONAL
3017 2786 139 22 CARBOLIC

2826 2815 222 23 DISENFECTANT.

2719 2854 49 21 The
2778 2854 56 21 best
2845 2852 48 21 and
2907 2852 124 26 cheapest
3041 2848 112 23 Carbolic

2721 2882 171 21 Disenfectant
2934 2878 100 22 Powder
3075 2877 81 21 before

2858 2908 44 20 the
2925 2906 93 28 public.

2720 2937 91 26 Strong
2823 2942 22 16 in
2866 2936 93 23 action,
2981 2932 131 28 agreeable
3133 2933 23 20 in
3177 2937 5 7 '

2898 2962 83 25 smell,

2722 2991 105 17 Purifies
2845 2991 43 17 the
2908 2990 38 17 air
2968 2987 51 18 and

2892 3012 101 16 disease.
3169 3008 22 21 'v.

2836 3044 120 36 carbolic
2973 3043 70 34 sobp.
3107 3037 40 43 7
3169 3028 24 50 1

2848 3084 101 23 WARNOCK
2985 3083 46 25 Bros,
3064 3106 5 7 ,
3106 3087 21 14 :.■
3175 3077 18 36 %

2795 3111 58 22 Works
2864 3111 41 21 Coxs
2912 3108 56 23 Creek.
2977 3106 99 23 Richmond.
3182 3106 9 20 S

2721 3136 101 23 Warehouse
2856 3135 73 21 Durham
2965 3134 61 24 Street,
3061 3130 95 23 Auckland,

2770 3182 163 37 Rotopua
2947 3179 164 43 Library.

2723 3243 113 44 OPEN
2852 3243 54 20 from
2918 3244 25 18 10
2955 3249 45 13 a.m.
3010 3242 21 19 to
3042 3238 116 27 Sp.m.'and

2783 3272 46 20 G3O
2839 3272 19 17 to
2869 3271 25 18 10
2902 3276 47 20 p.m.
2961 3268 94 24 Sundays
3063 3266 31 19 till
3103 3267 55 18 fln.m
3179 3273 6 7 -■

2723 3302 194 23 Subscription:
2926 3301 52 18 SOs
2991 3304 50 18 per
3053 3301 116 17 annum..,

2747 3333 153 25 Visitors-may
2919 3337 86 21 procure
3020 3328 68 20 Books
3103 3327 54 21 from

2722 3360 34 20 tho
2773 3360 87 24 Library
2878 3366 25 13 on
2921 3357 82 26 making
3020 3363 12 13 a
3045 3354 80 26 deposit
3134 3354 22 20 of
3175 3364 5 12 ,•

2722 3389 37 18 not
2774 3386 40 20 less
2834 3386 48 19 than
2900 3393 29 16 us,
2947 3384 40 20 and
3002 3381 122 27 purchasing
3134 3382 23 19 la
3175 3386 5 23 j

2722 3419 81 19 coupon
2813 3413 32 20 for
2855 3419 62 18 ever}'
2927 3412 55 19 Four
2992 3409 72 20 hecks.

2748 3445 43 20 The
2809 3445 88 25 Library
2915 3443 18 20 is
2956 3448 52 20 open
3031 3440 73 26 during
3122 3439 35 20 the
3168 3439 2 31 '<
3178 3439 4 31 ■

2722 3520 241 43 STEELE
2998 3516 154 43 Bros.

2759 3605 162 38 Mararoa
2949 3600 172 41 Sawmill.

2723 3654 116 39 DESIRE
2862 3654 24 17 to
2897 3652 68 19 thank
2982 3652 36 18 the
3037 3649 67 23 public
3126 3648 32 20 for

2784 3677 46 20 past
2839 3675 76 18 favors,
2928 3674 40 18 and
2976 3673 38 21 beg
3022 3673 23 17 to
3053 3675 105 15 announce

2721 3697 48 18 that
2791 3697 76 21 having
2878 3701 12 14 a
2905 3697 56 20 large
2984 3694 59 18 stock
3055 3693 23 18 of
3099 3692 46 18 well-

2723 3719 95 18 seasoned
2841 3718 106 18 first-class
2968 3715 75 19 timber
3062 3719 26 13 on
3102 3718 55 14 nana

2723 3741 49 20 they
2794 3745 34 13 are
2847 3739 99 22 prepared
2958 3739 22 17 to
2992 3736 54 19 fulfil
3055 3736 69 19 orders
3135 3735 23 19 at

2723 3762 85 18 reduced
2818 3762 65 17 rates.

2854 3849 171 22 FRUITERER.

2749 3884 54 20 Next
2814 3882 102 21 Saddler's
2931 3882 55 25 shop,
2999 3880 129 22 Ohinemutu,

2723 3918 45 19 Has
2783 3918 74 24 always
2872 3924 13 12 a
2900 3915 52 26 good
2968 3914 74 25 supply
3057 3913 21 19 of
3092 3911 65 21 Ereab.

2777 3941 64 26 Fruit,
2861 3943 51 19 lioth
2930 3941 52 19 local
3004 3939 41 19 and
3067 3939 25 18 im-

2829 3969 71 26 ported
2935 3974 28 12 ou
2984 3965 2 30 .
2997 3965 56 19 hand
3066 3965 3 30 •
3080 3985 5 2 .
3108 3965 2 30 .
3143 3979 23 9 ~T

2892 3993 93 20 Also

2844 4021 19 19 A
2885 4017 154 22 well—assorted

2777 4048 56 20 stock
2846 4047 20 19 of
2876 4045 93 22 Biscuits,
2978 4042 114 21 Confection-

2725 4082 35 13 erv
2769 4073 41 21 and
2818 4075 93 19 Summer
2920 4070 78 20 Drinks
3006 4073 22 16 at

2886 4101 2 14 .
2908 4101 70 14 PRICES
