3248 4184
2805 88 32 19 AN
2852 88 132 20 AMUSING
2998 88 156 20 COMPLAINT.

3020 141 74 25 Mail).

2791 175 138 24 Magistrates,
2940 175 82 20 officials
3033 176 37 18 and
3092 177 108 24 spectators

2767 206 50 13 wore
2827 201 108 19 convulsed
2953 208 12 12 a
2982 202 40 20 few
3041 203 105 23 mornings
3155 209 43 18 ago,

2767 226 58 18 when
2835 232 12 13 a
2861 232 48 19 very
2928 227 53 24 aged
2994 234 48 12 man
3056 228 74 18 named
3148 227 53 21 John

2767 251 57 26 Egau
2848 253 253 20 sued-Elizabeth-Moss
3125 256 20 17 at
3168 253 32 21 the

2767 277 130 26 Fleniington
2907 279 63 19 Court
2988 279 32 19 for
3031 281 33 17 IDs
3080 286 67 18 witges
3163 281 39 18 and

2770 305 33 17 10s
2821 304 33 18 for
2875 305 64 23 fowls,
2956 305 66 19 which
3037 306 34 18 the
3093 306 109 19 defendant

2768 336 41 13 was
2827 330 44 19 said
2887 333 21 16 to
2922 331 52 19 have
2993 331 97 19 retained.
3118 332 42 18 The
3171 332 32 19 old

2768 362 48 13 man
2839 357 102 25 appeared
2959 357 22 19 in
3001 358 62 18 Court
3078 358 125 25 respectably

2769 382 44 18 clad
2822 383 40 18 and
2873 383 47 18 took
2929 383 32 19 his
2972 386 43 16 seat
3025 387 21 15 at
3052 383 35 19 the
3090 383 113 20 barrister's

2768 408 63 19 table.
2859 408 33 19 lie
2915 408 41 20 had
2979 416 12 12 a
3014 409 104 20 lemonade
3142 409 62 20 bottle

2770 434 117 26 containing
2909 441 54 13 some
2982 435 51 19 lluid
3048 436 89 25 sticking
3159 442 33 19 pro-

2770 460 98 24 minently
2882 463 34 16 out
2927 462 21 17 of
2962 461 32 19 his
3003 462 79 24 pocket,
3094 462 39 19 and
3147 469 58 18 every

2770 492 45 13 now
2825 486 39 19 and
2874 486 48 19 then
2932 486 26 19 he
2968 488 67 18 would
3041 488 47 18 take
3095 495 12 12 a
3116 488 89 25 draught

2770 512 53 19 from
2833 512 33 19 the
2876 512 70 19 bottle.
2974 513 70 19 When
3054 514 31 18 lii.3
3104 520 44 13 case
3164 521 40 12 was

2771 538 69 23 called,
2851 538 25 19 ho
2887 539 81 18 entered
2975 539 36 19 the
3021 540 81 19 witness
3109 540 46 23 box,
3166 541 39 19 and

2772 564 52 19 after
2833 564 62 25 being
2905 571 65 12 sworn
2980 568 20 16 to
3010 566 35 18 the
3051 569 125 16 amusement
3185 567 21 18 of

2772 590 26 18 all
2808 590 22 19 in
2847 594 57 15 court
2918 591 41 18 and
2977 588 35 22 the
3026 592 146 19 astonishment
3186 594 20 17 of

2771 616 35 18 the
2815 616 75 24 Bench,
2902 617 66 19 raised
2979 617 34 19 tho
3023 618 64 19 bottle
3097 621 19 16 to
3127 618 31 19 his
3168 619 38 25 lips

2772 642 40 19 and
2831 643 47 19 took
2888 650 13 12 a
2916 643 50 25 long
2984 643 44 26 pull
3038 646 20 16 at
3076 644 34 19 tho
3125 644 81 25 already

2772 668 60 18 much
2849 669 122 19 diminished
2990 672 97 16 contents.
3115 670 34 19 lie
3158 671 48 19 then

2773 695 107 24 explained
2902 695 45 19 that
2969 695 78 25 having
3064 696 104 20 auswercd
3181 703 25 13 an

2773 720 155 20 advertisement
2937 721 21 19 in
2966 722 34 18 tho
3008 722 45 25 Age
3062 723 33 18 for
3104 729 12 12 a
3128 720 4 27 '
3139 723 67 24 handy

2773 747 61 23 man,'
2844 747 26 18 he
2888 754 41 12 was
2941 749 94 23 engaged
3045 749 26 24 by
3090 749 35 18 tho
3139 749 55 19 defen-

2773 772 49 19 dant
2829 775 20 16 at
2860 775 21 17 2s
2897 773 24 19 (id
2930 780 37 18 per
2977 773 63 19 week.
3067 774 60 19 After
3146 775 60 25 being

2773 798 56 19 thero
2839 804 12 14 a
2867 799 70 26 couple
2949 800 20 18 of
2979 800 106 19 weeks—a
3095 807 62 18 pause
3168 801 38 19 and

2773 830 12 13 a
2804 825 112 19 drink—he
2939 825 64 19 found
3014 826 33 18 tho
3068 827 57 24 place
3144 827 62 19 didn't

2775 851 4 27 '
2789 851 70 23 shuit,'
2883 851 39 19 and
2946 851 24 19 he
2989 852 78 19 wanted
3087 853 31 18 Ids
3141 859 65 19 wages

2774 876 118 26 (laughter).
2921 877 44 19 The
2982 877 112 20 defendant
3111 879 44 19 said
3174 879 32 19 tho

2773 902 33 19 old
2817 902 4 27 '
2829 905 116 23 gentleman
2957 902 3 27 '
2972 910 40 13 was
3028 905 60 24 given
3099 911 10 12 a
3120 905 58 19 homo
3186 912 20 12 as

2773 935 25 12 an
2809 930 4 24 '
2824 935 31 13 act
2865 930 20 19 of
2895 930 91 24 charity.'
3015 930 34 19 lie
3061 931 41 19 had
3120 931 41 19 told
3172 931 34 19 her

2774 956 23 17 ho
2808 955 40 18 had
2859 957 68 18 ,£2t)(,o
2937 956 21 19 in
2967 956 33 19 tho
3008 955 197 28 bank—(Plaintiff:

2774 981 4 26 '
2790 981 79 19 What's
2892 984 40 17 this
2956 985 35 22 got
3014 986 20 15 to
3053 986 25 15 do
3102 984 49 19 with
3174 984 32 19 the

2773 1013 44 12 case
2826 1006 23 26 ?')
2852 1008 66 18 —and
2935 1008 28 19 all
2976 1009 25 18 he
3021 1010 67 18 would
3102 1009 25 19 do
3137 1016 40 13 was
3188 1012 18 16 to

2772 1032 26 19 sit
2808 1033 58 19 down
2874 1034 21 18 in
2904 1034 33 18 the
2948 1035 50 23 yard
3013 1035 39 18 and
3060 1041 52 20 sing.
3142 1036 64 24 (Loud

2773 1059 100 25 laughter,
2895 1060 65 19 which
2970 1067 40 12 was
3024 1062 116 19 intensified
3151 1062 55 19 when

2774 1084 33 20 the
2817 1086 141 25 complainant,
2975 1087 53 18 after
3037 1087 76 25 having
3124 1088 82 19 another

2775 1111 3 27 •
2787 1111 57 25 pull,'
2868 1112 70 25 joined
2961 1112 38 26 in.)
3036 1113 33 19 Ho
3093 1114 41 19 had
3156 1114 50 19 been

2773 1138 63 18 asked
2852 1142 20 15 to
2895 1138 51 20 milk
2967 1139 34 19 tho
3021 1145 45 18 cow,
3085 1138 3 25 '
3097 1140 40 19 and
3155 1140 51 19 after

2772 1163 112 27 anchoring
2901 1165 33 19 the
2946 1165 93 19 animal's
3056 1166 50 19 hind
3116 1169 34 22 leg
3160 1167 46 18 with

2773 1196 12 12 a
2793 1190 35 25 log
2838 1192 22 17 of
2871 1191 55 19 wood
2936 1192 39 18 and
2986 1198 12 12 a
3008 1192 29 19 lot
3047 1193 20 18 of
3073 1192 34 19 old
3116 1192 88 24 harness,

2772 1215 35 19 tho
2817 1223 40 13 cow
2869 1217 74 19 kicked
2961 1217 42 19 him
3014 1218 59 19 over.'
3103 1218 74 25 (Koars
3187 1220 19 18 of

2773 1242 100 25 laughter,
2885 1243 75 25 during
2972 1243 64 20 which
3047 1244 89 25 plaintill
3147 1245 59 24 again

2774 1269 88 18 resorted
2871 1272 19 16 to
2910 1269 34 19 tho
2961 1269 78 26 bottle.)
3066 1271 35 19 He
3115 1271 48 19 then
3173 1273 33 23 got

2774 1301 26 18 up
2811 1295 39 18 and
2860 1295 67 25 poked
2936 1295 32 19 his
2977 1297 90 24 iingerin
3077 1297 129 19 thoanimal's

2773 1326 41 19 eye.
2843 1321 224 26 (Kenoweiilaughter).
3097 1324 59 18 After
3163 1323 43 19 that

2772 1347 25 19 ho
2808 1348 80 18 wanted
2898 1351 20 15 to
2938 1348 60 25 bring
3017 1349 81 19 witness
3112 1356 12 12 a
3140 1356 37 19 cup
3187 1349 19 20 of

2773 1377 32 15 tea
2824 1373 57 20 when
2905 1373 36 20 she
2956 1380 40 14 was
3011 1375 22 19 in
3056 1375 45 24 bed,
3118 1375 37 20 but
3173 1376 33 19 she

2774 1399 96 19 wouldn't
2879 1400 28 19 let
2917 1400 48 25 him,
2979 1399 3 26 '
2993 1406 21 14 as
3024 1401 26 19 he
3061 1408 40 13 was
3111 1408 12 13 a
3133 1402 73 20 wicked

2774 1425 33 20 old
2816 1427 60 18 man.'
2908 1427 72 25 (Groat
2998 1427 102 25 laughter,
3111 1429 22 19 in
3142 1428 64 20 which

2774 1452 33 19 the
2817 1453 129 25 magistrates
2956 1453 87 26 heartily
3050 1454 86 26 joined.)
3166 1455 40 19 Tho

2773 1479 136 25 complainuut
2918 1479 63 21 shook
2996 1479 32 21 his
3047 1482 32 18 list
3094 1485 20 15 at
3124 1482 34 19 tho
3168 1482 38 20 soft

2773 1505 154 26 impeachment.
2956 1506 33 20 He
3015 1513 40 14 was
3079 1507 62 26 again
3163 1514 43 14 con.

2773 1532 82 26 suming
2869 1539 54 13 some
2942 1533 21 19 of
2981 1533 34 19 tho
3030 1536 90 18 contents
3140 1534 20 20 of
3174 1534 32 21 tho

2774 1558 67 25 bottle,
2883 1559 58 21 when
2977 1559 99 26 Sergeant
3113 1561 93 21 O'Meara

2773 1585 92 25 pounced
2880 1592 26 14 on
2925 1586 16 19 it
2951 1586 40 20 and
3000 1590 38 22 put
3048 1587 16 19 it
3074 1594 64 20 away.
3166 1587 40 21 The

2774 1612 68 19 .Bench
2859 1612 59 20 made
2935 1619 26 13 an
2972 1615 58 17 ordor
3040 1614 31 20 for
3081 1615 34 19 the
3126 1618 80 16 amount

2774 1638 90 25 claimed,
2897 1639 40 20 and
2970 1641 80 25 getting
3082 1641 31 20 his
3146 1641 60 20 bottla

2773 1666 89 19 restored
2872 1668 20 17 to
2900 1666 48 24 him,
2960 1667 34 18 tho
3010 1671 89 21 veteran,
3120 1668 45 20 who
3177 1669 20 19 be-

2773 1698 41 19 gan
2820 1692 32 19 his
2862 1692 35 20 life
2907 1692 58 20 when
2973 1692 79 27 George
3055 1694 38 20 IV.
3102 1700 41 15 was
3152 1695 54 25 king,

2774 1718 89 20 hobbled
2873 1723 35 16 out
2918 1719 21 20 of
2949 1722 56 17 court
3015 1721 115 20 victorious.

2774 1811 122 23 MURDERS
2913 1811 35 23 IN
2965 1811 53 23 THE
3035 1811 165 23 TRANSVAAL.

2799 1875 160 26 Johannesburg
2977 1876 17 18 is
3004 1876 81 25 rapidly
3104 1875 92 21 establish-

2775 1901 35 24 ing'
2826 1907 11 13 a
2853 1902 69 18 record
2935 1902 33 18 for
2986 1902 71 19 crimes
3073 1902 22 20 of
3113 1910 12 12 a
3134 1903 72 19 violent

2774 1926 109 21 character.
2911 1928 82 19 Within
3001 1928 35 19 the
3039 1931 46 22 past
3095 1929 39 19 few
3144 1929 62 19 weeks

2775 1960 25 12 ao
2819 1954 40 19 loss
2872 1954 48 20 than
2940 1954 33 20 six
2981 1955 92 19 murders
3092 1955 52 19 have
3158 1955 48 19 been

2775 1981 121 18 committed.
2925 1980 54 20 Four
2998 1981 22 19 of
3029 1981 57 19 thoso
3104 1988 52 12 were
3170 1981 27 19 dis-

2775 2007 84 18 covered
2880 2007 22 19 iii
2925 2007 46 19 four
2994 2007 56 25 days,
3073 2007 39 19 but
3135 2014 22 13 as
3175 2007 31 19 tho

2775 2032 78 20 victims
2876 2039 52 13 were
2956 2033 86 24 natives,
3066 2034 41 18 and
3130 2034 16 18 it
3169 2040 37 12 was

2777 2058 87 26 thought
2881 2059 44 19 iiiat
2944 2059 33 19 the
3000 2063 137 22 perpetrators
3158 2067 48 13 weru

2774 2085 83 21 natives,
2869 2085 52 18 little
2927 2086 66 17 notico
3001 2092 41 11 vas
3050 2086 62 17 taken
3120 2087 22 18 o£
3149 2086 56 17 cliom,

2774 2109 41 19 But
2838 2110 88 25 recently
2949 2112 40 19 two
3017 2110 118 26 Europeans
3158 2117 48 13 were

2774 2136 64 19 found
2856 2136 113 24 murdered,
2995 2143 37 13 one
3048 2137 63 25 being
3125 2137 81 25 terribly

2775 2162 111 23 mutilated,
2914 2163 72 18 within
3009 2165 25 16 48
3057 2163 68 19 hours.
3166 2164 40 18 Tho

2774 2188 78 19 victims
2862 2195 52 13 were
2924 2189 129 20 well-known
3062 2190 40 19 and
3116 2190 89 25 popular,

2775 2215 40 18 and
2833 2215 35 19 tho
2883 2215 60 20 affair
2961 2216 74 19 caused
3050 2219 57 22 great
3116 2216 79 25 indigna-

2775 2241 47 24 tion,
2834 2242 89 18 rewards
2927 2243 158 24 aggregating!;
3090 2244 47 17 1000
3148 2242 58 25 being

2775 2267 83 25 quickly
2861 2268 125 25 guaranteed
2999 2269 26 25 by
3027 2268 84 26 leading
3120 2268 85 23 citizens,

2775 2293 19 20 in
2805 2294 92 19 addttion
2907 2296 20 17 to
2935 2295 94 19 aroward
3039 2295 21 18 of
3069 2296 56 18 £3OO
3134 2294 72 21 offered

2775 2320 26 25 by
2820 2320 35 19 the
2874 2321 136 19 Government
3033 2322 32 18 for
3079 2322 127 18 information

2775 2346 82 25 leading
2888 2349 20 17 to
2939 2347 34 19 tho
2997 2348 111 19 conviction
3132 2347 21 20 of
3174 2347 32 19 tho

2775 2373 118 19 murderers.
2923 2373 43 19 One
2985 2374 21 18 of
3022 2374 35 19 the
3070 2374 80 19 victims
3167 2380 39 13 was

2775 2405 25 13 an
2811 2399 95 20 assistant
2914 2402 121 23 postmaster
3043 2400 71 19 named
3123 2400 81 24 Carney,

2775 2425 40 19 and
2833 2425 26 19 te
2872 2432 42 13 was
2932 2432 48 13 seen
2994 2426 78 26 shortly
3087 2426 69 20 before
3175 2426 31 19 the

2775 2452 80 18 murder
2872 2453 20 18 in
2903 2453 34 19 the
2947 2459 99 19 company
3056 2453 20 19 of
3087 2459 12 13 a
3108 2459 47 13 man
3165 2452 41 19 said

2774 2479 19 18 to
2817 2478 24 18 be
2861 2485 11 12 a
2891 2481 93 23 stranger
2999 2481 21 17 at
3043 2479 162 24 Johannesburg,

2773 2504 42 18 Tho
2824 2505 92 19 murders
2926 2505 52 20 have
2982 2505 120 26 apparently
3112 2508 35 16 not
3156 2505 50 19 boon

2773 2531 113 19 committed
2896 2531 32 19 for
2937 2531 94 25 plunder,
3043 2538 21 12 as
3076 2528 35 23 the
3129 2531 76 19 victims

2775 2563 49 13 wore
2841 2557 66 19 found
2921 2557 49 19 with
2984 2557 28 19 all
3028 2558 53 19 their
3103 2557 102 20 valuables

2773 2583 66 24 intact,
2861 2584 40 18 and
2916 2584 16 18 it
2951 2584 17 18 is
2991 2585 101 18 therefore
3106 2583 99 26 supposed

2773 2609 32 19 the
2815 2610 92 18 murders
2923 2610 52 19 have
2986 2610 52 20 been
3055 2610 115 20 committed
3179 2610 26 24 by

2773 2642 11 12 a
2793 2635 107 20 homicidal
2911 2637 85 18 maniac.

2835 2727 11 19 A
2861 2727 171 21 CONJURER'S
3047 2728 93 20 HOUSE.

2796 2779 19 19 A
2830 2780 128 20 remarkable
2982 2781 123 21 illustration
3128 2782 21 19 of
3171 2781 31 20 the

2770 2805 57 25 pride
2850 2806 45 19 that
2909 2814 46 12 men
2978 2808 48 19 take
3050 2808 113 19 sometimes
3184 2808 18 19 in

2770 2831 83 27 making
2872 2833 53 19 their
2938 2833 74 20 houses
3035 2836 128 18 monuments
3184 2834 18 19 of

2770 2857 52 19 their
2841 2858 57 20 trade
2917 2860 16 18 is
2948 2866 48 13 seen
3019 2861 21 19 in
3059 2861 34 19 the
3107 2861 63 19 house
3184 2861 18 19 of

2770 2883 76 20 Robert
2865 2885 91 23 Iloudin,
2972 2887 34 19 tho
3029 2887 99 26 conjurer.
3156 2887 46 19 This

2770 2910 96 26 dwelling
2888 2911 17 19 is
2929 2912 20 18 iu
2973 2913 34 18 the
3026 2914 40 24 city
3090 2914 21 18 of
3133 2913 69 24 Tours,

2769 2936 82 20 France.
2907 2937 134 26 Everywhere
3073 2940 22 18 in
3124 2941 16 18 it
3171 2946 31 13 are

2770 2963 120 25 mysterious
2898 2964 113 25 trapdoors.
3040 2965 112 21 Entrances
3170 2972 22 19 ap-

2769 2996 49 18 pear
2827 2990 99 25 suddenly
2936 2991 21 18 in
2966 2991 56 19 walls
3036 2991 45 19 that
3091 2992 46 19 look
3147 2992 55 19 solid.

2770 3015 95 20 Servants
2872 3022 39 19 pop
2918 3019 35 16 out
2961 3023 54 18 upon
3024 3018 34 18 the
3064 3019 81 19 visitors
3153 3019 49 19 from

2769 3043 136 25 unexpeotecd
2935 3043 73 25 places.
3051 3044 42 20 The
3119 3045 83 19 hatraek

2769 3075 65 12 comes
2849 3069 88 19 forward
2956 3069 21 19 of
2991 3069 56 20 itself
3061 3073 20 17 to
3104 3071 48 19 take
3170 3071 32 19 tho

2770 3101 70 19 wraps.
2890 3095 42 19 The
2965 3095 138 26 dining-room
3130 3097 17 19 is
3169 3103 22 19 ap-

2768 3120 93 26 parently
2872 3125 66 21 empty
2951 3121 57 20 when
3016 3123 35 19 the
3061 3125 70 23 guests
3141 3125 60 20 enter,

2770 3148 35 17 hut
2816 3153 9 12 n
2837 3146 54 20 table
2900 3148 169 20 snddenlvcomes
3079 3155 28 19 up
3114 3145 88 29 through

2768 3173 34 19 the
2825 3172 51 20 floor
2898 3173 28 19 all
2948 3174 74 20 loaded
3043 3175 31 20 for
3089 3177 33 18 tho
3145 3176 57 19 feast.

2769 3199 58 19 After
2837 3205 11 12 a
2859 3200 62 19 scries
2935 3201 22 18 of
2975 3202 63 19 comic
3056 3202 105 25 surprises,
3170 3202 32 19 the

2770 3226 69 18 visitor
2857 3232 81 18 escapes
2948 3227 50 19 with
3017 3228 34 19 the
3065 3228 87 25 feelings
3162 3229 21 18 of
3192 3235 10 12 a

2770 3252 36 24 boy
2818 3251 44 19 who
2880 3252 37 18 has
2936 3253 81 24 strayed
3031 3254 41 19 into
3087 3254 115 25 Fairyland,

2770 3279 41 17 One
2821 3277 21 18 of
2851 3276 33 21 Mr
2901 3278 103 19 Iloudiri'u
3017 3280 59 24 jokes
3091 3280 17 19 is
3122 3280 68 20 exceed-

2769 3304 56 24 ingly
2843 3304 68 18 useful
2921 3306 19 17 to
2951 3304 49 21 him.
3028 3305 43 20 The
3080 3306 67 26 heavy
3157 3309 45 21 gato

2768 3330 21 18 of
2797 3330 31 18 his
2843 3329 78 25 garden
2931 3330 75 26 swings
3016 3338 49 19 very
3074 3332 58 20 hard.
3160 3332 41 19 Tho

2768 3356 68 18 visitor
2846 3355 47 25 only
2902 3356 94 19 succeeds
3004 3358 21 19 in
3036 3359 80 25 getting
3125 3359 17 19 it
3151 3359 50 19 wide

2768 3388 50 19 open
2837 3382 81 24 enough
2938 3384 20 17 to
2978 3386 56 17 enter
3050 3385 52 18 after
3111 3392 11 11 a
3137 3385 64 24 heavy

2767 3407 67 19 tussle.
2864 3407 113 28 Somebody
2987 3410 64 19 asked
3060 3411 35 19 tho
3101 3411 100 25 magician

2767 3440 36 12 one
2812 3433 39 25 day
2868 3433 16 19 if
2893 3434 26 18 lie
2938 3435 60 20 could
3016 3438 36 18 not
3069 3438 89 18 contrive
3176 3443 25 13 an

2766 3459 64 19 easier
2846 3461 53 23 gato.
2930 3460 49 25 'Oh,
3004 3463 49 24 yes,'
3072 3463 26 19 he
3112 3464 75 25 replied
3197 3459 4 30 ;

2766 3485 36 19 but
2812 3492 45 12 now
2867 3487 115 26 everybody
2991 3489 45 19 who
3041 3496 65 13 comes
3116 3489 21 20 in
3142 3489 59 20 hauls

2766 3518 12 12 a
2787 3511 75 19 bucket
2872 3513 21 18 of
2903 3508 68 24 water'
2981 3521 28 19 up
3019 3517 20 17 to
3050 3522 33 19 my
3097 3516 56 19 tank.
3181 3516 19 18 It

2766 3544 64 12 comes
2840 3545 48 18 very
2898 3539 61 24 hand,
2977 3547 38 18 you
3027 3548 38 17 see,
3076 3544 21 17 to
3116 3542 84 19 moisten

2765 3570 33 21 my
2812 3564 52 19 little
2882 3565 91 25 garden.'
3002 3567 56 19 lloro
3071 3568 19 19 if
3105 3575 12 13 a
3125 3568 46 20 hint
3180 3571 21 17 to

2764 3590 108 25 ingenious
2882 3598 70 18 young
2961 3593 120 20 mechanics.

1145 30 56 21 THE
1215 30 60 22 HOT
1290 32 94 20 LAKES
1401 32 167 21 CHRONICLE
1585 32 182 21 WEDNESDAY
1787 34 40 24 29,;
1851 34 63 20 MAY
1926 36 56 22 1895,

2762 4055 69 18 Piinled
2844 4057 32 16 and
2889 4057 91 22 published
2999 4058 27 16 for
3038 4059 29 16 tho
3086 4059 97 23 proprietor

2783 4079 18 14 nt
2826 4078 26 17 his
2867 4079 94 19 roßisterod
2966 4079 80 21 printing
3051 4079 47 18 ofßoe
3098 4078 2 22 1
3113 4081 75 18 Rotorua

2783 4099 22 21 by
2814 4099 57 17 Peboy
2883 4100 56 17 James
2949 4101 101 18 Hammond,
3063 4102 17 16 of
3090 4101 82 21 Rotorua,

2805 4125 154 22 WEDNESDAY
2975 4127 52 19 MAY
3040 4129 26 22 29,
3085 4130 48 26 1595;

63 86 34 21 An
106 87 59 19 effort
179 88 20 17 to
218 87 102 19 introduce
339 87 131 19 Freemasons

38 119 75 19 among
120 112 34 19 the
164 112 85 20 Chinese
259 113 21 18 in
293 112 82 27 Sydney
383 114 38 19 has
429 115 42 17 met

38 139 50 20 •with
104 138 63 20 check
184 138 29 26 by
230 138 34 20 the
283 140 110 19 committal
414 139 22 19 of
458 145 13 13 a

40 164 54 21 cruel
103 164 88 19 nrtirder.
219 164 42 20 The
268 167 113 18 movement
390 171 40 13 was
440 171 20 12 re-

40 190 68 20 ceived
121 190 53 20 from
183 190 36 20 the
232 193 65 18 outest
315 191 49 19 with
379 190 92 25 hostility

39 223 27 19 qy
83 223 12 12 a
114 217 74 19 certrin
206 218 75 19 section
298 218 21 19 of
337 217 34 18 the
385 216 85 20 Chinese

39 242 106 21 residents.
173 242 43 21 The
226 244 56 19 other
291 242 59 26 night
366 249 12 12 a
396 243 75 19 serieus

40 268 82 26 qyarrel
132 276 57 13 arose
198 276 47 13 ovor
255 269 33 19 the
296 270 75 17 matter
379 268 92 20 between

39 300 56 14 seine
104 295 22 19 of
135 295 36 19 the
179 295 77 19 leaders
266 295 21 18 of
294 294 35 19 the
339 297 40 16 two
389 294 82 26 parties,

38 320 78 27 during
124 321 66 20 which
199 327 13 13 a
224 327 47 13 man
282 320 72 20 named
364 320 44 27 Hip
418 320 54 20 Nam

39 353 43 14 was
91 347 86 19 stabbed
186 347 21 19 in
216 347 34 19 the
260 347 57 25 groin
332 347 28 24 by
379 353 12 13 a
405 347 67 19 fellow

40 376 139 22 countryman.
229 372 58 20 After
310 373 104 25 lingering
440 373 33 18 for

37 404 56 14 some
106 399 81 19 months
197 398 31 20 till
237 398 43 26 Hip
289 398 55 20 Nam
353 399 53 19 died.
429 398 43 19 The

40 423 64 27 police
127 424 53 20 have
205 425 89 19 arrested
316 425 32 19 his
371 425 102 26 supposed

40 449 104 21 assailant.

64 489 20 21 A
92 496 80 14 carcase
181 490 21 20 of
211 490 47 20 beef
268 497 41 13 was
327 491 106 19 exhibited
451 493 21 17 at

38 515 116 20 Dansvirko
177 522 13 14 a
207 517 40 19 few
264 517 49 25 days
336 524 45 19 ago,
405 517 67 19 which

39 542 74 20 turned
167 543 52 19 scale
229 545 20 17 at
261 543 78 24 11801b,

514 87 43 19 The
571 87 106 21 Blenheim
694 93 63 19 jiapor
776 94 52 18 says:
840 87 81 20 Carrier

488 112 85 26 pigeons
582 113 75 26 proved
666 113 121 20 themselves
797 113 68 20 useful
874 114 37 19 (lur-

489 139 35 25 ing
533 139 34 19 the
586 141 66 17 recent
670 140 62 18 storm
750 139 24 24 b}
775 139 4 26 r
798 140 94 25 carrying
909 146 12 12 a

489 171 90 19 message
609 168 22 15 to
659 164 105 20 Havelock
792 166 54 19 from
872 166 50 19 Port

489 191 134 23 Underwood,
643 192 20 17 to
686 191 34 18 the
742 191 61 20 effect
816 192 45 19 that
887 191 35 19 the

490 217 102 19 schoonorf
612 216 82 24 Falcon,
715 216 68 25 Clyde,
801 218 40 19 and
859 217 63 19 Huon

491 242 55 19 Belle
555 242 41 19 had
605 242 61 19 taken
673 243 74 19 shelter
757 244 20 18 in
788 244 44 19 that
842 242 75 22 harbor

489 269 43 18 The
539 268 62 20 Huon
609 268 58 19 Belle
677 268 41 20 had
727 269 39 20 lost
776 270 36 19 her
826 268 96 21 deckload

490 295 21 18 of
520 294 73 20 timber
602 295 23 19 in
633 294 34 19 the
678 294 69 20 Strait.

515 333 60 19 The'
575 333 48 19 Hon.
633 333 33 19 Mr
676 333 90 20 Gadman
780 339 45 18 says
835 332 45 18 that
898 331 25 19 he

491 358 36 19 has
533 359 107 19 schedided
648 359 27 19 all
683 359 34 19 the
725 359 33 19 old
764 359 83 19 soldiers
855 358 69 18 claims

491 384 66 20 which
565 392 35 12 are
605 385 45 26 just
659 385 40 19 and
709 385 108 24 equitable,
829 384 41 19 .and
879 383 45 19 that

491 411 89 24 £G6,000
590 411 42 20 will
640 411 25 19 bo
675 410 94 25 required
782 413 21 17 to
819 416 40 19 pay
869 409 54 19 them

491 437 34 19 off.
554 437 58 19 Some
622 437 114 25 legislation
751 443 26 12 on
792 437 34 18 the
844 435 80 26 subject

492 463 40 20 will
540 463 26 19 bo
575 463 117 19 introduced
699 464 49 17 next
757 463 84 19 session.

525 505 29 19 At
571 504 51 18 least
642 503 150 23 £141,000,000
820 501 65 20 worth
904 501 21 19 of

492 530 76 20 British
578 531 95 24 property
682 529 17 19 is
710 528 75 25 always
795 535 26 12 on
839 528 35 19 the
884 533 40 14 sea.

625 611 96 38 Hot
746 608 166 41 Lakes!

249 697 51 31 O-
312 697 57 29 IR,
381 697 50 29 .A.
445 696 125 29 ZE3I.A.
584 695 67 28 Is/L
666 694 8 12 '
690 693 37 30 S

134 736 99 37 Lake
273 736 122 36 .House
420 733 254 45 .Hydropathic
703 731 131 40 Hotel,

312 785 259 21 ESTAKfi,BSg9HS>
588 784 65 20 I*Bl

40 823 86 24 Under
138 823 40 23 the
192 829 129 25 patronage
335 822 25 23 of
372 822 39 23 Sir
434 822 41 23 W.
496 821 101 32 Jervois,
618 819 57 25 Earl
695 819 47 23 and
764 819 119 22 Countess
905 815 24 24 of

91 856 139 32 Hopetoun,
244 856 40 23 the
298 856 64 23 Hon.
377 855 107 24 Premier
496 855 48 23 and
558 854 124 23 Members
695 852 26 24 of
733 851 151 23 Parliament.

73 909 54 24 The
141 908 76 24 Hotel
232 909 19 22 is
261 907 105 24 situated
380 916 30 15 on
423 916 30 14 an
467 907 112 24 elevated
594 910 102 26 position
710 910 30 17 on
752 905 43 21 the
808 905 84 20 shores
905 905 23 20 ot

42 943 68 23 Lake
124 942 116 27 Rotorua,
253 940 144 25 convenient
410 946 24 18 to
453 940 30 24 all
498 940 39 23 the
555 939 77 31 sights
644 937 23 24 in
681 936 40 23 the
729 936 101 23 district.

44 981 155 32 Sulpiltir
211 980 68 27 and
296 978 149 28 Mineral
457 978 107 27 Baths
579 977 22 24 in
614 976 40 23 the
674 975 115 24 Grounds
808 974 26 23 of
847 974 83 23 Hotel.

74 1051 39 24 To
137 1056 66 18 meet
226 1050 41 23 the
290 1049 113 24 dullness
422 1049 25 23 of
459 1049 70 22 times
543 1056 13 14 a
569 1047 88 30 charge
669 1045 25 23 of
708 1044 40 29 £2
765 1053 26 15 2s
805 1053 45 24 per
862 1044 70 24 week

43 1084 47 24 will
102 1085 30 23 be
146 1084 72 22 made
231 1083 37 23 for
285 1091 13 15 a
311 1082 148 32 lengthened
473 1087 60 25 stay,
570 1080 85 23 Under
666 1087 14 14 a
693 1078 68 24 week
776 1079 35 24 Bs.
826 1087 41 22 per
880 1078 52 30 day.

182 1122 11 18 Yl
493 1126 11 12 0

42 1149 39 28 N.
93 1150 34 26 B.
129 1149 87 23 —Mrs
230 1148 106 24 Graham
350 1146 46 25 will
409 1146 51 25 also
473 1146 111 24 continue
598 1150 25 18 to
633 1143 107 33 superise
754 1143 41 24 the

138 1183 131 43 Geyser
270 1191 7 13 3
294 1181 122 37 .House
442 1178 254 45 Hydropathic
714 1177 123 39 Hotel,

377 1226 183 28 waouk.
591 1225 25 29 1,

395 1299 48 24 and
473 1298 110 24 invalids.

109 1340 25 25 A
153 1338 125 26 reduction
296 1338 20 24 is
337 1338 73 24 made
429 1343 25 17 to
475 1336 92 32 weekly
586 1344 26 15 or
625 1334 109 32 monthly
743 1333 124 24 boarders.

44 1378 82 27 Guide
139 1378 82 26 Books
230 1377 47 25 and
290 1376 155 26 information
454 1374 76 33 gratis
544 1380 24 18 at
577 1374 70 24 Cook
659 1374 22 24 &
692 1374 62 24 Sons
766 1372 62 33 (sole
838 1371 94 34 agents)

278 1410 82 25 offices
379 1409 148 33 throughont
546 1408 39 25 the
598 1407 101 32 Colony,

239 1585 35 22 Six
284 1585 57 22 miles
352 1585 52 21 from
414 1585 58 20 Lake
481 1583 71 29 Taupp
563 1583 100 26 (Eotorua
674 1581 60 28 Bide).

169 1627 218 34 SUPERIOR
420 1621 387 37 ACCOMMODATION

235 1674 54 23 ALL
299 1675 58 21 THE
367 1673 146 23 COMFORTS
523 1672 35 22 OF
569 1674 17 20 A
595 1672 82 21 HOME
688 1672 55 21 FOE

273 1715 157 29 Tourists
450 1714 69 28 and
548 1710 156 31 Invalids

39 1802 70 32 Hot
124 1802 202 33 Swimming
339 1801 110 28 Baths
585 1800 71 27 Hot
668 1795 142 31 Douche
821 1796 109 29 Baths

340 1835 118 27 Grand
477 1834 152 27 Climate.

142 1875 216 29 Elevation—
360 1875 82 26 l3so
463 1874 66 26 feet
545 1873 108 27 above
665 1879 59 21 sea
734 1872 96 29 level.

40 1955 256 30 COMPETENT
312 1954 162 27 GUIDES
486 1962 156 23 accompany
654 1952 107 24 tourists
771 1953 26 22 to
807 1951 44 25 the
863 1950 53 25 vari-

141 1999 45 15 ous
199 1990 84 32 places
296 1989 26 24 of
333 1988 118 31 interest,
465 1987 87 24 which
560 1987 75 24 baffle
648 1987 46 24 the
707 1987 65 22 most
783 1984 79 25 facile
872 1993 57 24 pen,

139 2023 52 25 and
203 2031 46 17 can
262 2022 60 29 only
333 2022 33 24 he
378 2021 109 25 realized
500 2021 77 24 when
595 2028 67 17 seen.

173 2070 87 27 MRS
273 2069 38 27 R.
330 2068 197 31 GRAHAM,
548 2066 245 34 Proprietress.

39 2158 194 28 QEYSER
246 2156 193 26 VALLEY
451 2156 93 22 contains
550 2155 37 21 the
593 2155 107 26 following
707 2152 124 28 unequalled
840 2152 83 21 Natura

119 2183 257 25 wonders:—Tuhuatahi,
397 2191 22 12 or
439 2184 66 20 Great
524 2183 132 24 Champagne
675 2180 120 25 Cauldron;
811 2180 34 19 the
864 2180 66 19 Groat

119 2211 104 21 Wairakei
233 2211 78 26 Geyser
320 2206 4 31 ;
333 2210 34 20 the
378 2210 89 26 Donkey
477 2210 80 25 Engine
566 2206 3 31 ;
582 2209 33 20 the
627 2208 84 20 Fairies'
721 2207 52 20 Bath
785 2206 3 31 ;
799 2207 36 18 the
846 2206 72 24 Lightn-

119 2239 38 24 ing
169 2233 61 30 Pool;
242 2238 36 19 the
287 2237 49 19 Case
351 2237 25 19 de
388 2237 85 25 Geyser,
487 2243 23 13 or
522 2235 101 27 Dragon's
635 2235 70 20 mouth
717 2233 4 30 ;
731 2234 35 19 the
775 2233 59 20 black
846 2233 84 24 Geyser;

120 2265 35 20 the
163 2264 51 20 Mud
227 2264 76 24 Geyser
313 2259 4 29 ;
335 2263 35 19 the
381 2263 52 20 Blue
444 2263 55 19 Lake
510 2259 4 29 ;
523 2263 35 19 the
578 2262 32 20 Oil
622 2261 53 21 Bath
685 2259 4 29 ;
708 2261 35 19 the
766 2259 78 26 Eagle's
865 2260 66 22 Nest;

120 2291 37 21 the
167 2290 79 21 Devil's
256 2289 69 21 Punch
337 2290 56 19 Bowl
404 2286 3 28 ;
419 2289 35 21 the
466 2289 72 20 Prince
554 2289 20 19 of
585 2288 76 20 Wales'
672 2287 99 22 Feathers
780 2286 3 28 ;
792 2288 33 17 the
842 2286 77 19 Mirror
928 2286 2 28 ;

122 2317 33 21 the
164 2317 57 22 Twin
230 2317 77 26 Geyßer
317 2324 5 16 ;
332 2316 36 20 the
378 2317 61 19 Coral
451 2317 78 25 Geyser
540 2311 4 32 ;
556 2315 34 20 ihe
601 2315 66 20 Green
684 2311 61 32 Pool;
764 2311 134 27 Terekerehe,
910 2319 21 12 or

121 2344 50 21 Hell
183 2343 78 25 Geyser
270 2339 3 29 ;
284 2343 35 19 the
328 2343 70 19 Steam
409 2343 105 19 Hammer.
543 2341 84 21 Guide's
638 2342 32 19 fee
681 2343 21 18 to
714 2341 79 25 Geyser
812 2339 79 25 Yalley,
903 2340 27 22 ss;

124 2371 92 19 distance
226 2370 51 19 from
288 2369 34 20 the
331 2369 62 25 hotel,
404 2376 37 13 one
453 2369 52 20 mile.

42 2424 98 26 THE
160 2422 351 32 APEATEATEA,
529 2429 23 13 or
562 2421 81 21 Ladder
652 2420 85 27 Kapids.
766 2419 42 20 The
827 2419 104 20 Grandest

120 2454 80 25 Eapids
210 2454 21 20 in
242 2454 35 20 the
287 2454 102 20 Southern
400 2453 150 26 Hemisphere;
561 2453 74 25 falling
645 2452 20 20 in
686 2452 29 20 six
733 2451 88 19 distinct
839 2450 91 20 cascades

122 2483 94 24 amongst
232 2481 61 19 weird
305 2481 40 19 and
355 2481 75 25 rugged
447 2487 91 18 scenery.
566 2479 97 20 Distance
674 2479 51 19 from
738 2477 35 20 the
792 2477 63 25 hotel,
875 2477 56 20 three

122 2508 64 20 miles.
214 2507 75 20 Saddle
298 2507 71 20 hordes
383 2509 22 17 to
416 2507 47 19 visit
474 2507 33 19 the
515 2507 84 25 Eapids,
610 2506 22 20 7s
643 2505 25 20 Cd
679 2505 55 20 each.

385 2544 11 3 ..
474 2538 20 11 :o:

44 2554 221 27 KERAFIT!
294 2562 21 12 or
325 2555 35 20 the
371 2555 77 20 Devil's
458 2555 98 25 Trumpet
566 2554 17 20 is
600 2555 42 19 said
663 2557 21 16 to
705 2553 50 20 emit
774 2560 13 13 a
808 2559 93 18 pressure
911 2552 20 19 of

123 2583 44 19 1.801
172 2588 21 13 ds
204 2582 21 19 of
240 2585 61 16 steam
313 2583 21 18 tn
345 2582 35 19 the
387 2582 53 22 inch,
456 2582 52 19 from
519 2588 25 12 an
560 2583 96 23 aperture
666 2580 21 20 of
707 2580 64 19 about
790 2581 26 18 12
832 2579 69 20 inches
910 2579 20 19 in

126 2609 100 19 *'i«mettr.
253 2608 98 20 Distance
364 2609 52 18 from
428 2608 54 20 hotel
491 2608 56 19 three
559 2609 37 19 and
610 2615 10 12 a
632 2607 42 20 half
684 2607 70 23 mi'cs;
774 2606 71 19 saddle
862 2606 69 20 horses

154 2637 47 18 v'sit
211 2635 35 20 the
256 2636 68 20 above,
337 2636 23 18 2s
367 2635 26 19 (id
404 2634 54 20 each.

162 2696 28 23 H
230 2696 64 24 KA
313 2696 155 25 FALLS
502 2696 34 20 the
555 2696 105 23 Grandest
670 2695 56 21 Falls
736 2702 19 13 m
776 2695 35 19 the
832 2694 98 20 Southern

122 2728 70 22 Hi-mV
246 2734 15 11 ».
291 2728 39 19 The
343 2727 55 20 Falls
409 2735 45 19 may
470 2728 104 19 be-visited
583 2733 26 14 on
618 2726 36 20 the
664 2733 53 14 same
724 2726 115 26 expedition
855 2733 20 12 as
898 2725 33 20 the

144 2754 46 22 evil'
273 2756 38 19 iirt.
340 2754 97 20 Distance
447 2754 53 20 from
513 2754 51 20 hotel
576 2754 59 20 three
643 2752 38 21 and
694 2761 10 11 -i
715 2752 43 21 half
769 2753 63 20 miles.
858 2753 74 19 Saddle

120 2783 12 18 h
148 2781 68 23 ri«V
228 2789 9 10 •'
254 2789 35 16 gu\
306 2782 22 18 2s
339 2781 25 20 9d
375 2781 55 20 each.

978 924 55 22 Under
1044 925 27 21 ths
1083 925 126 26 distinguished
1219 927 91 27 Patronage
1320 928 18 21 of
1346 928 27 22 his
1384 929 102 26 Excellency
1497 929 27 21 (lie
1535 929 82 21 Governor
1625 929 28 21 the
1663 929 38 21 Earl
1712 930 19 21 of
1736 930 73 22 Onslow.

1144 1125 124 44 TE

999 1217 55 23 The
1077 1219 58 23 best
1155 1218 127 29 Situated,
1301 1219 46 24 the
1369 1221 68 23 most
1460 1220 186 30 Comfortable,
1672 1221 47 24 the
1746 1221 58 24 best

1181 1252 141 32 appointed
1336 1254 80 23 Hotel
1428 1261 29 16 m
1467 1254 34 24 Te
1514 1254 94 25 Aroka.

986 1292 112 33 Adjoins
1127 1292 75 33 (with
1225 1294 108 26 Private
1355 1295 142 32 Entrance)
1517 1296 45 24 the
1588 1296 122 25 Thermal
1738 1296 105 33 Springs

955 1324 121 31 Domain,
1091 1327 95 25 Tennis
1198 1328 81 24 Court
1289 1328 28 25 in
1330 1329 121 24 Domain.

1139 1392 155 25 Terms—6s
1307 1402 46 23 per
1367 1393 57 33 day,
1444 1395 45 24 30s
1507 1402 45 24 per
1570 1395 73 24 week

1409 1461 26 38 K
1467 1462 207 48 Proprietor,

979 1540 42 20 The
1030 1541 64 21 Baths
1105 1542 40 20 and
1160 1543 96 26 drinking
1275 1545 71 19 waters
1365 1551 34 13 are
1418 1545 108 26 especially
1545 1545 111 22 efficacious
1677 1546 21 20 in
1717 1546 69 26 Gouty
1804 1546 39 21 and

952 1567 122 21 Rheumatic
1084 1569 109 25 affections,
1203 1569 76 27 Oronic,
1292 1571 120 26 Dyspepsia,
1429 1572 107 20 Disorders
1555 1572 21 21 of
1594 1572 34 20 the
1647 1572 91 27 Uriuery
1757 1573 85 26 Organs,

952 1593 115 21 Cutaneous
1077 1595 100 25 Diseases,
1197 1595 80 26 Splenic
1296 1597 40 20 and
1346 1597 88 26 liepalic
1444 1598 113 23 Disorders,
1575 1599 95 20 Diseases
1689 1600 40 20 due
1740 1602 19 18 ot
1770 1600 73 21 Excess

952 1621 85 26 Acidity,
1049 1621 120 28 Neuralgia,
1185 1622 92 22 Sciatica.

1056 1674 74 22 Public
1139 1675 50 21 Hall
1209 1675 40 21 and
1268 1676 81 26 Sample
1368 1677 65 21 Room
1444 1679 108 19 connected
1564 1679 48 20 with
1621 1678 35 22 die
1667 1679 69 20 Hotel.

1641 2035 113 68 fife

1011 2446 191 41 Wmmm

1011 2479 191 46 mmm

954 2633 455 76 CENTRAL
1493 2633 347 86 HOTEL,

1103 2719 58 28 HIGH
1179 2718 34 27 ST.
1234 2718 38 25 and
1291 2717 110 27 VICTORIA
1413 2719 32 26 ST.
1462 2719 63 31 EAST,
1550 2719 127 26 AUCKLAND.

1003 2782 43 19 The
1065 2781 64 20 above
1150 2777 108 22 Favourite
1275 2776 41 21 and
1339 2776 143 22 Commodious
1501 2778 63 20 Hotel
1582 2778 76 21 affords
1676 2780 167 20 EXCELLENT

952 2804 242 26 ACCOMMODATION
1227 2804 31 19 for
1285 2803 142 26 TOURISTS,
1463 2804 180 22 TEAVELLEES
1671 2807 16 18 &
1715 2806 128 21 YISITOES

951 2836 44 20 who
1006 2835 42 20 will
1057 2834 77 19 receive
1145 2837 59 19 every
1214 2830 90 20 Comfort
1319 2830 40 19 and
1375 2830 112 21 Attention.

1388 2863 11 14 o

991 2885 82 29 Sample
1084 2886 75 20 Rooms
1168 2884 33 19 for
1209 2882 186 22 COMMERCIAL
1405 2884 182 21 TEAVELLEES
1597 2884 101 21 available
1709 2888 19 17 at
1740 2886 28 19 all
1777 2886 64 21 times.

1391 2918 11 11 o

1004 2938 90 28 Charges
1105 2936 109 23 Moderate.
1241 2935 116 22 SPECIAL
1364 2936 89 21 KATES
1459 2937 34 21 TO
1503 2936 175 23 PERMANENT
1686 2937 155 23 BOARDERS.

1394 2971 10 12 o

1002 2993 107 20 Excellent
1119 2991 87 20 Cuisine.
1235 2989 96 27 Spacious
1345 2989 40 20 and
1404 2990 181 21 Well-Ventilated
1603 2989 117 23 Bedrooms.
1757 2990 86 23 Billiard

950 3021 66 20 Eoom
1025 3020 50 21 with
1086 3022 38 17 two
1135 3017 103 20 iirst-class
1249 3016 71 20 tables.
1348 3016 44 20 Hot
1407 3018 15 18 &
1433 3016 50 20 Cold
1496 3017 80 26 Plunge
1587 3018 14 19 &
1613 3018 82 20 Shower
1705 3019 71 20 Baths.

1119 3050 78 23 Wines,
1209 3049 73 25 Spirits
1293 3049 39 18 and
1341 3049 48 19 Ales
1400 3049 21 19 of
1431 3049 34 19 the
1477 3050 42 19 best
1528 3049 80 20 Brands
1616 3050 53 26 only.

1102 3110 41 39 S.
1174 3108 40 39 C.
1243 3114 5 27 i

952 3234 518 47 SPECIAL

997 3363 193 44 Cutlery,
1228 3361 260 40 Hardware.,
1526 3363 266 43 Brasswass,

1089 3431 148 34 House
1256 3429 282 47 Furnishing'
1552 3432 144 35 Goods

1232 3488 54 33 (In
1298 3488 99 33 great
1410 3489 145 32 variety)

948 3551 159 36 Nickle
1134 3552 87 35 and
1247 3553 96 34 E.P.
1372 3554 166 44 Spoons
1574 3554 88 35 and
1695 3554 143 35 Forks

1252 3614 95 39 E.P,
1378 3615 155 36 Cruets

1090 3673 88 35 Tea
1204 3672 114 42 Pots,
1345 3674 157 35 Butter
1530 3674 158 36 Dishes

948 3742 105 36 Jam
1072 3743 165 45 Spoons
1495 3745 157 35 Butter
1670 3744 167 36 Knives

1209 3796 147 44 Sugar
1408 3797 147 45 Tongs

1132 3853 79 33 etc.
1355 3853 79 37 etc.
1579 3854 79 33 etc.

1039 3933 273 40 SPLENDID
1363 3935 388 40 ASSORTMENT.

1162 4087 92 43 234,
1289 4087 149 45 Queen
1475 4090 150 42 Street,

480 2978 19 27 >

376 3238 57 29 :m,

171 3485 50 21 ami

187 3566 43 24 Verv
234 3567 45 24 Old
287 3567 71 23 Special

259 3608 74 31 ®M

243 3709 60 26 torn

539 3613 71 36 PLO
632 3624 72 26 and
727 3615 161 34 MELLOW

358 3652 36 40 V
410 3666 58 24 th*
488 3656 151 34 /FINEST

386 3699 209 34 SCOTLAND
626 3700 230 37 PRODUCES

404 3829 206 45 Proprietors:-

370 3888 42 49 ¥
434 3876 282 68 DISTILLERS
749 3879 151 70 Olp:

49 4059 271 38 WHOLESALE
341 4056 181 39 AGENTS,

336 4099 51 43 L,
416 4099 53 43 D.
498 4099 261 43 NATHAN
786 4099 40 42 &
853 4099 34 42 C
901 4111 25 30 o

1074 80 640 62 WAIWERA
1827 83 759 59 SANATORIUM

1797 158 124 33 AID

950 308 91 34 Only
1068 310 42 26 30
1143 309 98 28 miles
1275 311 110 28 North
1417 311 36 27 of
1479 313 191 30 Auckland,
1703 312 87 27 with
1819 312 96 33 daily
1947 313 294 27 communication
2272 316 87 25 with
2388 315 112 27 Coach
2532 323 38 19 or
2592 315 158 27 steamer

1282 352 55 21 See
1352 353 166 21 advertised
1530 354 83 20 Time
1630 354 77 20 table
1719 353 31 21 of
1759 359 44 15 s.s.
1819 354 78 20 Rose
1909 354 95 27 Casey
2017 355 59 20 and
2093 354 129 21 Butler's
2232 355 32 20 R.
2277 356 39 20 M.
2333 357 106 20 Coach.

947 386 107 64 THE
1079 387 119 24 ABOVE
1213 388 299 24 ESTABLISHMENT
1522 389 140 25 STANDS
1677 389 233 24 UNRIVALLED
1924 399 26 15 as
1968 400 14 14 a
1994 390 92 24 Health
2097 399 26 15 or
2137 391 109 31 pleasure
2259 392 98 27 Resort,
2370 393 48 22 and
2431 393 42 23 has
2487 392 88 32 special
2598 392 152 31 advantages

1036 420 38 24 for
1087 421 78 23 either
1189 421 112 25 Tourists
1317 431 26 14 or
1358 422 116 28 Invalids,

1312 528 173 27 Beautiful
1505 528 155 35 Scenery,
1682 530 240 33 Sea-Bathing,
1951 531 158 33 Boating,
2128 531 151 38 Fishing,
2295 532 55 30 &c.

1500 563 123 26 fiusine
1637 564 69 27 and
1720 565 208 26 attendance
1948 564 36 27 of
2004 565 60 26 the
2090 566 82 29 best.

948 601 96 25 Famed
1054 602 38 24 for
1105 601 31 26 its
1150 603 115 23 Curative
1277 603 94 23 natural
1385 603 103 24 medical
1503 604 52 24 Hot
1567 604 101 34 Springs
1681 607 50 22 and
1747 607 80 23 Baths.
1864 607 36 22 As
1914 606 40 23 the
1970 607 101 31 Springs
2084 607 47 22 and
2147 607 72 23 Baths
2232 616 41 14 arc
2283 607 41 24 the
2338 612 114 26 property
2465 607 25 24 of
2502 607 40 25 the
2557 607 84 28 Hotel,
2655 607 95 24 visitors

979 643 44 16 are
1032 636 115 32 supplied
1155 636 59 25 with
1223 635 105 29 Towels,
1341 637 47 22 and
1403 645 43 15 can
1455 638 57 23 take
1521 646 30 15 an
1564 638 126 24 unlimited
1705 640 103 24 number
1822 640 24 23 of
1860 639 73 23 Baths
1946 645 25 17 at
1983 648 46 23 any
2043 640 59 23 time
2115 640 25 22 of
2150 640 40 23 die
2203 641 46 23 day
2265 640 78 27 FREE
2356 640 62 22 from
2432 648 47 24 any
2486 641 89 34 charge
2588 642 132 22 whatever.

1187 678 226 38 TARIFF
1432 679 120 39 PER
1567 680 142 47 DAY,
1733 683 54 37 8s
1801 682 71 45 6d;
1909 682 121 38 PER
2046 681 194 48 WEEK,
2261 683 29 38 2
2309 682 67 38 10.

1360 733 160 33 Cottages
1535 734 33 27 to
1582 734 48 28 let
1642 735 48 34 by
1703 735 61 27 the
1783 736 105 31 week,
1905 736 132 32 month,
2055 743 44 20 or
2121 736 59 27 the
2199 744 130 19 season

950 774 49 22 For
1020 782 46 22 any
1079 773 157 25 information
1250 774 114 32 required
1385 775 82 31 please
1480 775 72 33 apply
1564 782 26 18 to
1604 777 127 32 Manager.

1510 818 41 39 A
1555 854 13 9 w
1596 819 53 38 A.
1678 819 204 47 SMITH,
2005 805 299 61 Proprietor/

2124 1369 460 47 ETWEJEN

2159 1569 94 35 ?ua
2290 1569 34 35 a

2044 1710 224 26 OFFICIAL
2293 1712 284 26 TESTIMONY.

1962 1756 2 58 ,
1966 1756 25 36 H
1999 1770 210 40 irCHEN'S
2236 1773 151 37 BLOOD
2411 1773 243 39 RESTORER

1994 1823 38 11 ours
2040 1820 18 15 at
2065 1820 28 16 tlxo
2101 1820 75 16 Colonial
2183 1820 91 17 Industrial
2282 1821 49 16 Exhil

1900 1839 57 18 report
1964 1838 89 17 submitted
2062 1841 16 13 to
2086 1839 27 17 the
2121 1839 113 17 Government
2244 1841 28 15 the
2279 1842 52 15 iollov

1959 1859 20 15 A.
1990 1859 24 15 It.
2022 1858 86 21 Hitchensj
2114 1860 94 18 Auckland,
2216 1862 47 14 sends
2270 1865 9 11 a
2286 1861 45 16 small

1862 1878 43 15 table
1913 1878 93 20 compound
2013 1879 44 14 from
2064 1879 42 15 A'ew
2114 1879 71 16 Zealand
2193 1881 53 18 herbs,
2253 1881 26 15 for
2285 1882 27 14 the
2320 1886 11 10 ci

1862 1898 47 15 Gout
1918 1898 33 14 and
1959 1898 96 19 Impurities
2063 1898 16 16 of
2086 1899 27 15 the
2121 1899 59 17 Jjjood;
2202 1900 34 15 The
2241 1901 57 15 maker
2306 1905 25 12 ani

1862 1917 91 20 important
1960 1918 83 19 qualities,
2050 1919 34 14 and
2091 1919 30 14 has
2128 1931 7 6 ~
2150 1919 37 15 inod
2196 1920 27 14 tho
2233 1921 37 15 lirst.
2277 1921 48 14 order

2335 1822 46 15 litiun
2391 1822 39 15 held
2437 1823 18 15 in
2466 1822 107 21 Wellington,
2584 1824 32 15 and
2629 1823 19 16 in
2663 1823 27 16 the
2704 1823 51 16 officii,

2339 1842 29 19 ing
2375 1843 83 15 reference
2466 1848 33 9 was
2507 1845 47 13 made
2561 1845 16 13 to
2585 1844 35 14 it.—
2637 1852 7 3 -

2337 1862 3 21 ,
2350 1862 30 15 but
2388 1863 77 15 valuable
2473 1863 69 17 exhibit,
2551 1863 92 20 consisting
2657 1863 17 16 of
2688 1869 11 10 a
2705 1868 41 15 vego-

2335 1885 24 12 ire
2367 1883 18 14 of
2399 1882 108 20 indigestion,
2522 1883 122 19 Rheumatism;
2658 1883 99 17 Rheumatic

2336 1902 3 17 i
2347 1902 83 15 exhibitor
2444 1902 56 15 claims
2514 1902 28 16 for
2558 1903 33 14 this
2602 1903 81 16 medicine
2695 1904 62 15 several

2335 1921 15 23 pf
2361 1921 49 15 merit
2417 1922 45 15 from
2470 1923 28 15 the
2509 1922 66 19 judges.
2603 1923 35 15 The
2653 1924 104 18 preparation

1862 1941 13 11 is
1881 1940 31 13 not
1918 1940 20 14 to
1945 1940 20 13 be
1971 1940 106 13 confounded
2084 1940 41 14 with
2131 1940 80 19 ordinary
2217 1940 55 19 quack
2279 1940 97 20 medicines,
2381 1940 89 17 inasmuch
2475 1946 20 11 as
2500 1942 14 15 it
2528 1942 14 15 is
2556 1942 28 16 the
2590 1942 72 19 product
2676 1943 18 14 of
2707 1948 31 10 mai

1862 1961 47 14 years
1917 1957 17 15 of
1945 1958 51 18 study
2004 1959 33 13 and
2045 1958 116 19 investigation
2169 1959 20 19 by
2196 1964 21 10 an
2225 1961 73 14 eminent
2305 1960 85 20 physician
2399 1962 18 14 of
2422 1962 28 15 the
2458 1963 52 18 Army
2517 1962 72 15 .Medical
2600 1961 48 20 Staff,
2656 1963 41 14 with
2705 1963 33 15 whe

1862 1977 28 15 the
1897 1976 85 17 exhibitor
1987 1977 60 16 servod
2053 1977 62 20 during
2121 1977 30 17 the
2161 1978 44 16 New
2211 1978 73 17 Zealand
2294 1984 36 12 war
2343 1985 18 10 as
2375 1981 79 15 assistant
2464 1982 89 19 Dispenser
2561 1983 17 14 to
2595 1982 28 15 the
2638 1982 42 15 New
2686 1982 52 15 Zeala

1862 1996 64 17 Forces.
1948 1997 27 14 Mr
1982 1997 83 14 Kitchens
2072 1997 75 20 explains
2155 1999 37 14 that
2201 1999 26 14 the
2234 2004 47 10 cures
2288 2001 18 13 of
2314 2000 123 20 Rheumatism,
2446 2001 30 17 etc,
2484 2001 69 16 effected
2561 2002 21 18 by
2596 2001 26 16 his
2632 2002 89 19 medicine,
2731 2008 7 9 u

1862 2016 31 15 due
1899 2017 71 19 entirely
1976 2018 18 13 to
2002 2017 21 15 its
2031 2017 92 15 wonderful
2131 2018 48 16 effect
2186 2024 44 13 upon
2238 2018 28 16 the
2274 2020 48 14 blood
2336 2020 21 19 by
2371 2020 23 16 its
2401 2021 90 19 cleansing,
2499 2021 92 20 purifying,
2603 2022 34 14 and
2646 2022 89 19 invigorati

1862 2039 60 16 power.
1945 2036 17 15 It
1973 2037 14 14 is
1993 2037 48 15 made
2048 2037 43 14 from
2099 2036 42 17 New
2148 2038 72 16 Zealand
2231 2039 48 14 herbs
2285 2040 34 15 and

2101 2085 223 26 NOTABLE
2359 2087 163 25 CURES.

1861 2114 93 20 Mention
1964 2116 17 19 is
1990 2116 59 19 made
2060 2116 21 19 of
2091 2116 33 20 the
2134 2117 106 26 following
2248 2125 22 12 as
2280 2125 11 12 a
2301 2119 39 20 few
2348 2120 21 19 of
2378 2119 34 20 the
2421 2119 108 20 multitude
2540 2119 21 20 of
2571 2126 56 13 cures
2637 2119 120 21 effected:—

2031 2151 29 31 f
2061 2156 5 9 l
2067 2156 8 26 f
2076 2151 4 31 <
2081 2156 6 14 l
2088 2151 40 15 u,,,u
2129 2156 15 18 ''.
2144 2157 8 9 a
2152 2162 5 20 ,'
2166 2156 8 10 s
2176 2151 3 31 -
2190 2152 18 30 ,l
2209 2151 16 16 CI
2225 2156 33 26 Pt
2259 2157 37 13 man
2298 2151 3 31 '
2321 2160 48 17 stant
2375 2159 107 22 Dysentery,
2493 2160 62 17 caused
2568 2160 22 20 by
2600 2161 79 19 working
2689 2161 18 16 in
2725 2161 32 16 bad

1861 2168 90 17 Auckland
1955 2170 57 16 whose
2018 2175 36 10 case
2061 2175 34 11 was
2100 2171 96 16 considered
2201 2172 19 16 to
2225 2172 20 15 be
2250 2173 51 19 hope-
2321 2182 26 16 uir
2356 2187 7 4 „
2366 2182 23 15 nd
2394 2167 8 13 *
2403 2184 26 13 vcl
2437 2167 56 31 mi^a
2501 2183 19 15 at
2525 2181 29 17 the
2559 2182 121 17 Thames-D.
2697 2182 59 19 ElHn.

1882 2208 113 17 Rheumatism
2002 2210 17 14 of
2024 2210 28 14 the
2056 2211 106 18 Feet—dipt
2182 2211 57 17 James
2247 2213 53 16 ivon-
2342 2203 176 17 Rheumatism—Mr
2525 2203 61 17 James
2594 2204 55 20 Pook,
2658 2204 98 17 Auckland.

1861 2228 42 19 dale,
1912 2229 91 16 Auckland
2016 2230 18 16 17
2042 2235 48 15 years
2097 2230 84 21 standing.
2343 2225 98 16 Cancerous
2468 2225 53 16 Ulcer
2540 2225 19 16 in
2578 2225 97 16 Face—JUr
2691 2225 28 18 W.
2737 2225 19 18 0.

1881 2249 100 15 Rheumatic
1990 2250 52 18 Oout,
2051 2255 17 10 so
2075 2250 32 15 bad
2116 2251 37 15 Unit
2161 2252 27 14 the
2195 2253 66 18 patient
2269 2253 32 16 bad
2321 2247 80 19 Walker,
2411 2247 100 15 Auckland.

1861 2267 37 16 obe
1903 2267 52 17 lifted
1962 2268 19 17 in
1988 2269 35 16 and
2029 2271 32 14 out
2067 2270 19 15 of
2091 2270 82 17 bed—Mr
2180 2271 28 17 W.
2224 2272 76 21 Hunter,
2341 2268 107 17 Rheumatic
2467 2268 99 16 Gout—Mr
2584 2268 85 17 Edwards
2680 2268 76 22 Wators,

1861 2287 75 17 Ormond
1942 2288 76 21 Poverty
2028 2290 44 19 Bay.
2321 2291 128 19 Confectioner,
2466 2290 95 20 Auckland;
2569 2290 30 16 Mr
2604 2290 101 17 Alexander
2715 2291 41 16 Bur-

1883 2308 105 17 Rheumatic
1997 2309 108 17 lever—Mr
2120 2310 70 23 Brown,
2208 2312 93 17 Britannia
2320 2314 39 16 rett,
2370 2312 61 18 Queen
2448 2312 62 19 Street,
2526 2312 91 16 Auckland
2628 2312 88 19 ;MrE.
2733 2313 23 16 D.

1862 2328 76 23 Height,
1953 2330 74 17 Nelson.
2321 2333 92 20 Halstead,
2422 2333 107 21 Veterinary
2537 2335 85 19 (Surgeon,
2635 2334 100 16 Auckland.

1882 2351 106 17 Rheumatic
2005 2354 54 19 Oout,
2075 2353 78 22 Dropsy,
2173 2356 59 21 Ague,
2248 2356 53 17 Liver
2331 2355 149 17 Rhoumatismin
2485 2355 31 17 the
2521 2354 59 18 Knees
2585 2356 35 16 and
2623 2354 50 21 Feet,
2680 2355 76 22 brought

1862 2372 104 21 Complaint,
1976 2375 35 15 and
2020 2375 83 16 Stomach
2119 2375 69 23 Cough',
2205 2382 46 12 most
2260 2380 36 14 din-
2320 2382 21 12 on
2350 2377 25 21 by
2383 2376 82 22 working
2472 2377 19 16 in
2498 2379 55 14 water
2554 2377 50 16 —Mr
2617 2377 87 16 Matthew
2719 2379 37 14 Box

1862 2395 128 20 treseing—Mr
2007 2396 79 22 Waugh,
2104 2398 83 21 Bombay,
2211 2399 88 21 Waikato;
2320 2399 82 16 Thames.

1861 2420 52 16 given
1922 2422 29 14 up,
1962 2422 21 11 no
1992 2417 45 21 hope
2046 2419 40 15 hold
2094 2422 38 18 out,
2141 2422 133 16 recommended
2283 2426 17 12 to
2341 2420 131 19 Rheumatism,
2482 2421 75 20 causing
2568 2420 67 17 intense
2642 2420 50 21 pain,
2702 2421 54 16 which

1861 2443 23 14 go
1892 2439 50 14 home
1950 2439 35 15 and
1997 2440 35 16 die.
2319 2443 96 20 prevented
2423 2442 30 16 the
2461 2443 67 19 patient
2537 2444 44 14 from
2590 2443 52 19 being
2649 2448 39 10 ever
2695 2443 61 16 turned

1884 2459 130 19 Inflammation
2030 2463 19 15 of
2063 2462 30 16 the
2109 2463 53 16 Liver
2181 2464 34 17 and
2232 2465 68 16 Gastric
2319 2465 17 15 in
2346 2464 34 16 bed
2387 2464 45 15 -Mr
2440 2464 60 15 David
2508 2464 62 21 Barry,
2579 2464 83 16 Newton.

1861 2480 50 17 Juice
1917 2482 18 15 of
1943 2482 30 16 the
1985 2484 134 17 Stomach—Mr
2134 2485 77 17 Thomas
2227 2486 71 22 Macky,
2341 2485 75 17 Chronic
2423 2485 155 22 Dysentery—Mr
2584 2486 23 17 A,
2615 2485 85 22 Bettany,
2709 2485 45 18 Pon-

1861 2502 98 23 Merchant,
1967 2505 101 18 Auckland.
2319 2508 54 20 sonby
2382 2507 55 19 Road,
2455 2507 97 16 Auckland.

1882 2525 62 21 Lupus
1951 2527 18 15 of
1974 2528 30 14 the
2009 2527 98 17 Face—Mr
2112 2528 83 21 Dickson,
2206 2530 93 16 Auckland
2341 2529 77 16 Chronic:
2433 2528 124 17 Rheumatism
2577 2529 16 15 in
2613 2529 30 16 the
2651 2530 55 20 spine,
2719 2530 36 21 hip,

1884 2547 105 16 Kbeumatie
1997 2550 103 16 Gout—Mr
2117 2551 102 21 Blackmail,
2234 2551 64 17 -Even-
2319 2551 49 19 knee,
2376 2551 61 20 joints,
2451 2550 35 16 calf
2495 2551 18 15 of
2522 2551 30 15 the
2566 2550 33 21 leg,
2620 2551 33 15 and
2676 2552 79 17 toes—T.

1861 2573 30 15 mg
1901 2569 46 15 Star'
1956 2569 54 21 office,
2023 2572 101 16 Auckland.
2319 2572 81 21 Morgan.
2410 2572 64 16 Mount
2480 2571 50 17 Eden
2540 2572 55 19 Road,
2604 2572 99 17 Auckland.

1882 2590 125 18 Rheumatism
2015 2593 19 15 of
2050 2594 20 16 23
2091 2593 56 22 years'
2163 2594 136 21 standing—Mr
2319 2594 108 16 Rheumatic
2434 2593 54 22 Gout,
2498 2593 59 17 which
2564 2593 81 17 confined
2652 2594 30 16 the
2688 2595 66 20 patient

1862 2611 78 16 William
1948 2612 86 23 MpEvoy,
2044 2615 38 17 Pitt
2089 2615 80 23 Terrace,
2177 2615 100 18 Auckland.
2319 2618 17 13 to
2345 2615 27 17 his
2380 2615 33 16 bed
2420 2615 28 17 for
2460 2615 108 16 weeks—Mr
2575 2615 20 16 T.
2606 2615 17 16 J.
2641 2615 45 17 Bain
2689 2616 65 22 bridge,

1883 2634 79 19 Sciatica,
1973 2636 34 15 and
2015 2637 144 21 Lumbago—Mr
2168 2637 22 17 N.
2198 2638 99 20 McMillan,
2318 2637 98 20 Ponsonby,
2427 2637 98 16 Auckland.

1862 2654 67 17 Vulcan
1938 2656 54 20 Lane,
2002 2659 99 16 Auckland.
2346 2658 76 17 General
2439 2659 82 21 Debility
2531 2659 35 15 and
2586 2658 118 22 Indigestion,
2722 2660 32 16 and

1884 2678 153 20 Lumbago—Mrs
2047 2681 53 21 Mary
2108 2681 60 20 Knox,
2178 2681 73 21 Rokeby
2263 2681 33 17 St..
2318 2680 84 21 inability
2409 2681 19 15 to
2435 2680 44 21 keep
2484 2685 35 16 any
2522 2680 50 21 thing
2586 2685 22 10 on
2616 2681 30 15 the
2655 2682 97 15 stomach-

1861 2698 99 19 Auckland.
2317 2702 30 16 Mr
2355 2700 66 18 Gerald
2428 2701 63 21 Grace,
2500 2701 61 22 Kyber
2566 2701 49 22 Pass,
2623 2702 98 18 Auckland.

1883 2721 135 18 Sciatica—Mrs
2025 2723 19 17 J.
2053 2723 92 21 Ronwiok,
2159 2725 59 15 Drake
2234 2725 62 19 Street,
2351 2723 127 17 Sciatica—Mr
2494 2723 46 16 John
2556 2723 50 20 Ross,
2623 2723 53 17 Duke
2691 2725 62 16 Street.

1862 2741 98 19 Auoklund.
2317 2745 101 16 Auckland.

1883 2764 121 18 Rheumatism
2013 2767 17 15 of
2039 2768 20 14 '2O
2068 2768 56 19 years'
2141 2768 83 20 standing
2241 2768 56 15 which
2338 2767 99 20 Discharge
2441 2766 19 17 of
2468 2767 55 16 Blood
2532 2768 43 14 from
2583 2767 30 16 the
2617 2767 135 22 Bowels—Capt

1863 2785 76 22 brought
1947 2792 21 11 on
1974 2788 76 16 Asthma
2058 2790 35 15 and
2098 2789 122 22 Dropsy—Mr
2227 2790 70 15 Samuel
2317 2789 19 16 T.
2347 2788 94 21 Aldridge.

1861 2807 55 19 Field,
1927 2808 47 16 Lorn
1982 2809 57 17 Staeot
2047 2812 98 15 Auckland.
2338 2810 54 16 Great
2400 2810 79 20 Debility
2487 2810 34 16 and
2526 2810 87 21 Bleeding
2621 2813 19 13 at
2648 2811 30 16 the
2686 2811 66 16 Nose—

1883 2828 204 20 Rheumatism—MrH.
2096 2833 64 21 Lewis,
2171 2833 60 18 Queen
2240 2833 58 15 Street
2316 2831 29 17 Mr
2353 2831 75 16 Thomas
2436 2831 83 21 Peliican,
2534 2832 100 21 Pousonby.

1862 2850 98 18 Auckland.
2338 2852 97 22 Neuralgia
2444 2854 35 15 and
2487 2854 81 15 Nervous
2575 2854 142 21 Debility—Mrs
2728 2854 24 17 11.

1884 2873 73 17 Sciatica
1966 2875 34 15 and
2008 2874 145 23 Lumbago—Mr
2161 2876 51 18 Chas,
2223 2877 72 22 Honey-
2318 2874 63 21 Waile,
2391 2874 99 18 Auckland.

1863 2894 65 22 combe,
1940 2896 97 19 Auckland.
2338 2896 119 17 Aftereffects
2472 2897 19 16 of
2496 2896 105 17 Rheumatic
2620 2897 61 19 Fever,
2698 2897 54 17 which

1889 2917 105 17 Rheumatic
2013 2918 99 17 Oout—Mr
2127 2920 60 20 Elliot,
2206 2920 89 22 McGuire,
2316 2918 32 16 left
2356 2918 31 17 the
2394 2918 70 21 patient
2472 2918 128 22 helpless—Mr
2608 2919 50 16 John
2665 2919 25 16 H.
2700 2918 52 18 Jones

1862 2937 107 23 Contractor,
1979 2941 100 17 Auckland.
2317 2941 99 14 Auckland.

1884 2960 73 17 Chronic
1977 2961 174 19 Rheumatism—Mr
2169 2963 69 17 Ronald
2258 2964 37 16 Mc-
2337 2960 71 22 Kidney
2416 2961 78 18 Disease,
2499 2961 33 17 and
2538 2961 94 22 Lumbago
2644 2963 19 16 of
2670 2962 80 22 20years'

1861 2981 75 22 Donald,
1944 2983 90 17 Rollestou
2042 2984 67 21 ;Street,
2121 2986 80 15 Thames.
2315 2983 137 20 standing—Mr
2463 2983 80 17 William
2549 2984 58 21 Trice,
2618 2984 67 21 Poplar
2700 2984 51 16 Faun

1882 3003 116 22 Indigestion,
2012 3006 74 16 Oeueral
2101 3007 84 21 Debility,
2202 3008 33 15 and
2250 3008 45 15 Con-
2366 3005 80 17 Howick.

1861 3037 64 20 Theso
1936 3045 56 13 cures
2003 3046 34 13 are
2044 3040 27 19 all
2081 3040 85 19 attested
2176 3040 28 25 by
2213 3040 140 25 testimonials,
2362 3040 66 19 which
2438 3041 35 19 the
2487 3041 151 21 manufacturer
2647 3041 42 24 has,
2702 3041 49 20 with

2098 3066 103 20 hundreds
2211 3068 22 18 of
2242 3067 73 24 others,
2326 3068 20 18 in
2352 3067 32 19 his
2394 3068 117 24 possession,

1949 3118 40 16 Sold
2001 3119 23 21 by
2035 3119 23 15 all
2065 3119 106 21 respectable
2182 3118 85 18 Chemists
2274 3120 32 15 and

1966 3144 28 20 H.
2005 3144 24 21 A.
2041 3144 28 20 11.
2081 3145 152 25 H!TOKENS.,
2245 3147 24 16 .50
2292 3145 13 21 S

1886 3199 44 39 W.
1951 3200 188 37 Blomfield
2155 3202 36 37 &
2205 3203 64 47 Co,,

1859 3255 209 21 TOTALISATOR
2087 3257 206 26 PROPRIETORS.

1884 3290 42 16 Are
1933 3288 99 25 prepared
2042 3291 20 16 lo
2076 3288 56 20 make
2140 3294 164 20 arrangements,

1859 3319 25 13 on
1903 3313 122 20 favourable
2044 3317 64 18 terms
2131 3315 32 20 for
2179 3316 35 19 the
2224 3323 38 14 use
2272 3318 21 20 of

1858 3340 54 19 their
1921 3341 110 19 machines.

2031 3368 102 21 Addkess

1860 3398 45 38 W.
1942 3398 189 38 Blomfield
2166 3399 37 38 &
2238 3401 54 41 Co.

1927 3445 107 34 QUEEN
2097 3446 128 35 STREET,

1989 3478 172 28 AUCKb/rND.

1858 3532 105 50 g.HOT
1982 3538 321 51 UKESJHRONIOLEfoI

1858 3597 16 18 is
1898 3596 34 21 the
1956 3602 47 20 only
2025 3605 63 19 paper
2102 3599 108 26 published
2224 3600 21 19 in
2258 3599 35 21 tho

1858 3622 93 21 Rotorua
1971 3623 91 26 District,
2078 3626 40 18 and
2136 3626 17 18 is
2167 3625 100 20 therefore
2282 3634 11 12 a

1911 3650 93 24 splendid
2015 3650 125 28 advertising
2149 3652 94 20 medium.

1884 3692 11 10 o
2257 3695 9 10 o

1869 3707 284 14 00000000000000000000000000O
2155 3710 127 13 000000000000

1884 3724 10 30 §
1911 3728 38 18 Job
1958 3729 95 22 Printing
2061 3731 22 18 of
2090 3736 61 16 every
2159 3732 89 21 descrip-
2256 3727 10 30 §

1884 3751 62 24 gtion
1965 3752 99 18 executed
2080 3753 51 18 with
2154 3754 96 17 neatness
2257 3759 10 14 9

1884 3772 57 24 gand
1957 3773 98 21 despatch
2072 3775 22 16 at
2109 3775 36 17 the
2161 3774 54 19 office
2231 3775 35 24 ofg

1884 3797 10 20 g
1900 3794 43 18 this
1953 3798 67 17 paper.
2256 3801 10 18 g

1881 3883 45 41 M
1931 3883 17 16 R
1977 3883 59 40 W.
2071 3885 40 36 J.
2137 3885 57 38 W
2198 3886 45 14 via

1908 3927 151 19 BARRISTEE
2073 3928 16 18 &
2099 3928 139 18 SOLICITOR.

1858 3947 153 23 ((loxuuiissiouer
2020 3949 20 17 ut'
2050 3949 31 18 tin;
2098 3949 89 24 Supreme
2203 3950 57 18 Court
2273 3951 20 16 of

1858 3993 87 19 Solicitor
1958 3996 19 16 to
1987 3995 31 18 the
2027 3996 24 17 N.
2062 3995 19 19 Z.
2093 3996 127 18 Government
2235 3996 57 19 under

1968 4018 94 18 Advances
2071 4021 19 16 to
2100 4019 75 19 Settlors

1859 4040 95 18 VrcxuniA
1963 4041 90 23 Arcade,
2062 4042 115 22 Queen-st.,
2185 4042 104 19 Auckland.

1881 4064 46 17 Moil
1959 4067 18 15 In
1989 4064 3 24 I
2003 4066 35 16 end
2048 4071 24 11 on
2084 4066 82 17 freehold
2181 4066 78 22 secilrity
2272 4069 16 14 ut

1858 4087 36 18 low
1904 4089 48 17 rates
1959 4088 19 18 of
1983 4088 82 18 interest.
2091 4090 71 23 Muuey
2171 4090 84 17 invested
2263 4090 28 17 for

1857 4110 65 21 olients
1934 4111 38 19 free
1982 4113 19 17 of
2013 4113 73 22 charge.

2309 3120 1 23 1
2321 3121 71 20 iticsji
2412 3125 24 16 rs,
2446 3120 34 16 and
2493 3121 23 21 by
2529 3120 30 18 the
2566 3121 103 22 proprietor,

2309 3151 107 14 hortland
2428 3147 83 25 Street,
2523 3146 118 21 Auckland,

2326 3205 18 19 a,
2352 3206 77 18 i'vice,
2449 3206 148 16 personally
2615 3207 31 15 os
2657 3207 30 16 by
2698 3207 36 16 let-

2313 3226 37 16 -ol
2491 3227 51 18 ter,
2553 3226 64 16 free.

2333 3266 37 14 DB.
2387 3266 56 14 NEIL
2454 3266 29 14 lias
2501 3266 73 20 pleasure
2589 3265 15 16 in
2620 3265 92 22 informing
2726 3266 19 17 his

2313 3285 72 20 patrons
2392 3286 34 15 and
2434 3286 28 15 the
2470 3286 56 18 public
2533 3285 36 16 that
2580 3286 19 14 ho
2607 3285 29 15 has
2647 3287 68 15 secured
2722 3288 23 14 the

2312 3305 70 15 services
2390 3306 17 14 of
2417 3309 11 11 a
2432 3306 94 19 competent
2531 3309 79 16 manager
2620 3305 28 16 for
2658 3306 26 14 his
2695 3307 50 16 Auct

2313 3323 40 17 land
2371 3324 78 20 business,
2469 3326 54 15 wio.se
2540 3324 69 16 medical
2626 3325 76 21 training
2718 3327 27 14 and

2312 3344 72 19 hospital
2399 3344 96 20 experience
2505 3345 68 15 enables
2590 3344 33 15 him
2641 3346 17 14 to
2670 3346 37 19 givo
2723 3346 22 16 the

2312 3364 35 14 heat
2355 3363 58 16 advice
2420 3364 28 15 for
2455 3365 27 14 the
2495 3364 86 17 treatment
2588 3363 17 16 of
2613 3363 77 19 diseease,

2333 3391 64 16 BALM
2416 3391 29 16 OF
2463 3391 146 17 GLLEAD.—The
2625 3394 74 17 greatest
2710 3393 35 16 Cold

2312 3416 47 10 curer
2378 3411 17 15 of
2406 3412 28 14 the
2444 3411 40 20 age;
2504 3411 27 15 lias
2550 3412 45 14 aued
2612 3412 45 15 colds
2675 3414 18 14 of
2707 3413 38 15 from

2311 3435 50 11 seven
2369 3432 18 13 to
2394 3433 29 14 ten
2434 3435 48 15 years
2493 3431 81 19 standing.
2597 3432 54 18 Price,
2662 3433 17 14 :>s
2690 3433 20 15 (id
2721 3436 24 14 per

2311 3450 59 16 bottle.

2332 3483 65 18 LUNG
2413 3484 150 17 BALSAM—WiII
2573 3490 38 11 cure
2629 3485 116 21 Consumption

2314 3504 16 16 in
2338 3504 21 14 its
2368 3504 41 19 earlj
2420 3509 18 10 or:
2449 3505 60 15 middle
2519 3505 60 20 stages.
2601 3506 45 16 Miss
2658 3506 87 19 RussELL,

2312 3523 77 16 Woollen
2406 3524 50 19 Mills,
2475 3525 98 18 Onclumga,
2590 3526 65 19 speaks:
2716 3529 29 11 was

2311 3547 52 16 gsven
2370 3547 22 16 up
2399 3544 23 19 by
2428 3544 33 16 two
2475 3544 64 16 doctors
2553 3544 56 16 defore
2623 3546 9 14 I
2643 3544 102 17 commenced

2312 3563 58 18 taking
2384 3568 43 14 your
2441 3563 49 20 Lung
2508 3563 72 19 Balsam,
2599 3565 33 14 and
2657 3567 7 12 1
2682 3564 63 15 declare

2312 3581 72 17 without
2395 3587 32 15 any
2438 3583 119 19 exaggeration
2569 3583 37 17 that
2623 3584 13 14 it
2653 3584 49 14 saved
2719 3588 26 14 my

2312 3602 34 16 life.
2369 3603 38 18 Any
2427 3602 69 17 sufferer
2506 3602 59 17 should
2576 3603 118 16 communicate
2707 3602 38 16 with

2378 3622 49 16 Price
2433 3623 19 15 2s
2458 3622 56 20 6dper
2520 3622 57 20 bottle;
2596 3624 30 14 rive
2637 3623 26 15 for
2674 3623 32 15 Ills.

2332 3659 104 17 OASCARA
2453 3660 149 16 BITTERS—The
2613 3660 38 19 only
2662 3661 34 14 real
2707 3665 38 11 cure

2312 3680 23 16 foi
2356 3680 39 15 costi
2401 3685 59 14 .'l'liess,
2477 3680 108 19 Indigestion,
2602 3680 90 15 Headache
2713 3681 32 14 aud

2311 3699 103 19 Flatulence,
2425 3699 68 21 making
2507 3705 10 10 a
2533 3699 86 17 miserable
2636 3699 29 15 life
2683 3699 61 23 happy:

2312 3719 36 15 well
2361 3719 59 16 named
2430 3719 22 20 by
2463 3719 46 15 those
2519 3719 37 17 who
2567 3719 39 15 have
2618 3718 40 16 used
2669 3719 14 15 it

2312 3738 111 17 Suj'FßßKß's
2545 3739 44 16 Price
2597 3739 17 14 lis
2622 3738 19 14 (id
2650 3743 28 11 nor
2686 3739 58 16 bottle-

2331 3775 66 16 Ladies
2425 3776 129 15 Complexions
2582 3774 87 16 beautified
2698 3775 47 16 made

2311 3795 38 14 idea.
2360 3795 3 19 .
2372 3795 69 19 pimples
2451 3795 32 14 and
2495 3795 72 15 blotches
2577 3795 76 14 removed
2664 3795 21 19 by
2697 3795 48 19 using

2310 3819 31 10 our
2356 3814 67 16 LIVER
2432 3814 75 19 TONIC,
2517 3814 53 15 which
2580 3813 16 16 is
2604 3813 35 16 also
2657 3814 28 16 tho
2702 3819 43 11 most,

2310 3834 89 16 successful
2408 3838 39 12 euro
2455 3833 25 16 for
2488 3833 96 16 Biliousness
2596 3833 31 15 and
2639 3833 22 15 all
2673 3834 72 16 diseases

2310 3853 18 17 of
2336 3853 27 16 the
2372 3854 44 14 liver.
2439 3854 46 14 Price
2491 3853 16 15 2a
2514 3852 19 16 Od
2540 3858 29 13 per
2575 3852 55 19 bottle;
2639 3854 31 14 live
2678 3853 27 16 for
2712 3854 32 16 10s.

2333 3872 61 17 [RJSH
2413 3873 56 16 MOSS
2485 3871 48 16 AND
2554 3872 46 15 COD
2617 3871 72 18 LIVER
2707 3875 37 15 Oil.

2311 3893 31 15 E.\l
2347 3889 10 19 Li
2363 3892 64 16 LSION
2444 3892 39 15 -The
2492 3892 34 16 best
2532 3892 33 14 and
2571 3891 81 20 Cheapest
2658 3892 85 18 Emulsion

2310 3913 17 14 in
2335 3912 28 15 the
2374 3911 69 19 market;
2451 3916 11 11 a
2475 3911 59 19 special
2549 3916 38 10 euro
2601 3911 25 15 for
2633 3913 72 19 wasting
2712 3918 32 11 ami

2311 3932 79 19 debility.
2413 3932 47 14 Price
2467 3932 17 13 Us
2495 3935 29 15 per
2535 3930 59 16 bottle.

2333 3966 33 15 DR
2375 3966 81 18 NEIL'S,
2476 3965 152 20 Wellesley-street
2643 3965 41 16 East
2714 3967 29 21 (tw

2310 3986 51 14 doors
2371 3986 51 15 above
2430 3986 51 14 Milne
2490 3984 140 20 andChoyoe's,is
2639 3985 105 22 thocheapes

2309 4005 52 15 house
2365 4005 19 16 to
2387 4004 35 20 buy
2425 4005 63 16 Patent
2493 4004 32 15 and
2533 4004 118 20 Elombsputhic
2653 4005 91 18 Medicines

2309 4024 55 16 Toilot
2384 4024 92 20 Requisites
2497 4023 31 16 uud
2552 4024 89 20 Druggists
2662 4026 80 16 Sundries

2309 4044 55 15 .Herbs
2370 4045 33 14 and
2411 4044 61 15 Herbal
2481 4043 123 18 Preparations.

2446 4071 84 17 ADVICE
2546 4071 58 17 FREE

2328 4100 93 18 MAWAUEB:
2437 4100 19 19 P,
2470 4100 23 18 M.
2502 4100 97 18 MiVCKAY
2608 4100 71 21 (trained.
2689 4103 53 17 Aber-

2791 3661 41 19 lho
2845 3661 97 20 Prussian
2961 3662 82 20 Incomo
3057 3663 44 19 Tax
3119 3665 78 20 returns

2765 3686 85 20 indicate
2877 3688 45 19 that
2946 3688 34 20 tlio
3012 3689 74 19 richest
3108 3697 47 12 niau
3178 3691 19 20 in

2763 3711 84 23 Prussia
2853 3714 18 20 is
2876 3714 56 20 Herr
2941 3714 81 27 Krupp,
3035 3715 22 20 of
3062 3716 135 27 gun-making

2763 3739 59 19 fame.
2850 3740 42 20 But
2911 3740 25 19 ho
2951 3741 34 19 did
3000 3743 35 17 not
3054 3742 24 19 do
3102 3742 56 26 quito
3176 3749 21 13 so

2765 3765 41 19 woll
2818 3766 20 19 in
2848 3766 34 19 the
2901 3773 48 18 year
2967 3768 35 18 18!)
3009 3765 4 29 I
3026 3774 23 13 as
3067 3768 22 20 in
3103 3768 34 20 tho
3153 3775 33 19 pre-

2763 3791 72 26 ceding
2852 3799 54 18 year.
2935 3791 26 21 In
2974 3793 35 20 tho
3028 3794 71 20 twolvo
3116 3795 81 20 months

2762 3817 43 25 just
2815 3818 64 20 oaded
2888 3819 32 18 his
2930 3819 77 19 income
3022 3827 40 12 was
3072 3822 95 18 roturnod
3178 3824 19 16 at

2763 3843 102 25 £325,000
2876 3850 21 14 as
2904 3845 82 26 against
2996 3846 103 24 £359,750
3108 3847 20 19 in
3140 3848 55 24 1893,

2764 3869 57 20 when
2835 3870 31 18 his
2884 3873 36 16 tax
2938 3872 110 20 amounted
3062 3875 20 16 to
3100 3873 95 24 £14,380.

2763 3895 124 25 Rothschild,
2903 3897 22 19 of
2942 3896 117 26 Frankfort,
3075 3899 35 19 tho
3123 3900 74 19 second

2763 3922 68 19 richest
2845 3922 77 26 private
2941 3929 73 20 person
3024 3924 20 19 in
3055 3924 88 27 Prussia,
3156 3931 40 15 was

2763 3954 53 13 more
2838 3948 108 25 fortunate,
2972 3949 77 28 paying
3064 3952 26 18 i'l
3098 3952 56 23 1,750
3170 3959 26 12 on

2888 3975 20 19 in
2930 3976 54 24 1894,
3002 3977 39 19 and
3060 3977 91 25 £11,680
3169 3984 26 13 on

2763 4001 103 20 £292,250
2876 4000 20 21 in
2908 4003 55 18 1803.
