2559 4020
60 129 55 24 with
134 128 72 25 wood.
254 127 39 24 On
311 126 137 31 descending
464 125 60 23 from
543 123 38 24 the
599 122 51 27 cHff

60 162 39 24 the
110 161 56 26 road
176 161 36 25 for
223 161 38 25 the
272 159 127 26 remainder
410 158 24 24 of
449 158 39 23 the
506 157 101 26 distance
625 157 22 25 is

61 194 69 30 along
142 194 38 23 the
191 193 72 25 heach
275 193 38 24 the
325 191 59 28 cliffs
391 200 38 15 are
436 191 67 26 much
511 190 69 24 lower
588 189 59 23 until

60 227 79 25 within
151 232 44 18 two
207 226 66 24 miles
285 226 25 23 of
326 226 37 24 the
383 224 157 28 Wenuakura,
560 222 45 24 and
623 223 23 22 in

61 260 47 24 this
129 260 97 23 interval
249 267 37 15 are
310 263 42 19 two
375 265 62 19 more
455 256 67 24 small
541 259 104 19 streams.

61 292 52 24 The
132 292 46 24 last
198 297 52 27 part
272 291 26 26 of
323 291 39 24 the
381 290 99 32 journey
501 296 47 16 was
570 287 77 26 rather

61 325 122 32 fatiguing,
195 326 38 24 the
245 324 57 27 s&nd
308 325 69 30 heing
388 324 61 24 loose
456 323 45 24 and
511 321 103 33 yielding
624 325 23 21 to

60 358 39 25 the
110 359 54 25 feet.

96 391 51 24 The
158 391 150 24 Wenuakura
318 391 20 23 is
350 390 88 24 neither
449 397 55 23 very
518 387 71 24 broad
604 394 43 19 nor

60 424 64 32 deep,
142 424 45 24 and
197 432 53 24 may
261 424 28 24 be
297 423 87 31 readily
393 422 79 23 forded
481 426 23 20 at
513 421 44 23 low
569 425 76 20 water.

62 458 51 24 The
125 463 44 20 two
181 458 64 28 piihs,
257 458 26 25 of
297 456 73 26 which
383 455 84 23 Tihohi
479 456 20 22 is
507 454 39 23 the
553 454 93 31 largest,

60 498 39 16 are
122 491 60 24 built
199 498 29 18 on
246 490 56 30 high
322 489 57 26 cliffs
399 488 60 27 clpse
478 492 22 19 to
512 487 39 23 the
568 487 79 23 river's

59 524 89 24 mouth.
195 523 45 24 We
257 530 59 16 were
334 527 41 20 not
392 522 51 24 able
461 526 23 18 to
503 520 76 24 obtain
602 527 45 25 any

59 557 129 31 provisions
210 557 54 22 here
283 560 80 29 except
382 562 13 17 a
410 555 43 23 few
471 558 110 30 potatoes,
602 553 45 23 and

59 590 126 31 proceeded
196 597 28 16 on
236 595 23 20 to
272 589 79 28 Patea,
369 597 14 16 a
393 588 53 26 mile
458 587 95 28 further,
570 586 76 23 where

59 630 33 15 we
102 631 57 15 were
165 623 82 33 hardly
255 630 60 18 more
324 621 133 24 successful.
489 620 50 25 The
548 619 72 25 Patea
626 620 20 23 is

59 656 40 23 the
110 656 45 23 last
166 656 118 31 navigable
296 656 60 22 river
372 661 33 16 we
421 658 47 21 met
483 653 56 25 with
558 652 89 33 beyond

59 688 38 24 the
109 689 143 31 Wanganui;
269 696 56 16 near
336 687 38 25 the
386 687 45 31 pah
443 687 17 23 it
478 687 20 23 is
516 687 70 22 about
604 693 43 17 one

58 721 104 24 hundred
174 722 67 31 yards
252 722 56 24 wide
321 721 44 24 and
377 720 64 32 deep.
477 719 50 26 The
539 719 45 34 pah
601 719 20 23 is
634 727 13 15 a

59 760 91 27 quarter
162 755 26 26 of
202 764 14 14 a
226 755 53 24 mile
290 762 32 23 up
340 754 39 26 the
396 754 60 24 river
474 760 29 16 on
522 753 39 23 the
579 752 67 26 south

58 788 69 29 bank,
148 788 45 24 and
214 788 38 23 the
270 792 78 19 ascent
366 792 24 18 to
407 787 18 23 it
443 794 54 23 very
515 791 76 25 steep;
612 793 34 16 we

59 821 60 31 slept
130 821 99 23 thereon
243 829 40 15 our
295 826 86 23 return,
393 819 44 25 and
444 819 69 26 found
521 819 18 24 it
546 823 40 19 not
591 826 55 25 very

58 854 63 31 large
134 854 45 24 and
189 863 55 22 very
256 854 43 23 few
310 854 88 23 natives
410 853 71 26 there.

92 888 71 23 From
176 887 72 25 Patea
259 892 22 18 to
299 886 136 31 Tangahohi
452 886 37 23 the
501 891 56 18 next
567 885 46 32 pah
625 885 20 23 is

60 920 69 24 about
141 925 83 27 twenty
236 928 42 15 one
290 920 74 28 miles,
384 920 38 25 the
441 920 54 23 road
511 924 82 26 except
611 919 34 23 for

59 953 38 24 the
109 954 45 23 last
165 954 53 23 mile
230 955 19 22 is
262 954 68 31 along
341 953 38 23 the
391 953 54 28 cliff,
460 953 38 24 the
509 952 89 31 ground
612 959 32 15 lor

59 986 38 24 the
109 988 50 23 first
169 988 45 22 five
224 987 65 23 miles
301 987 19 22 is
333 986 93 24 covered
434 986 53 24 with
495 993 77 19 coarse
579 993 66 23 grass

57 1020 45 23 and
114 1020 65 24 other
190 1021 127 30 vegetation
330 1024 23 19 to
365 1019 38 25 the
416 1019 55 30 edge
490 1019 25 24 of
534 1019 38 23 the
590 1018 54 29 cliff,

57 1053 91 31 beyond
159 1054 46 23 this
217 1054 35 22 for
263 1054 38 25 the
313 1057 89 27 greater
413 1058 50 25 part
476 1052 24 23 of
515 1052 39 23 the
566 1059 49 23 way
628 1052 17 22 it

57 1087 21 22 is
90 1086 64 26 sand.
196 1086 51 26 The
259 1091 95 26 country
365 1086 112 31 appeared
489 1086 24 22 of
528 1093 30 15 an
570 1085 74 23 undu-

57 1119 74 31 lating
143 1119 115 26 character
270 1119 104 24 bounded
384 1119 30 30 by
426 1118 53 23 hills
490 1119 59 22 from
567 1123 37 19 ten
622 1123 22 18 to

58 1153 79 23 twelve
148 1153 67 23 miles
227 1153 91 23 distant.
366 1153 24 23 A
409 1152 52 23 mile
479 1152 58 22 from
550 1152 38 23 the
598 1152 46 31 pah

57 1193 33 16 we
103 1186 127 24 descended
242 1190 21 21 to
275 1186 39 23 the
330 1185 71 24 beacli
414 1190 22 19 at
448 1185 37 23 the
499 1185 120 31 lugahapi,
632 1193 13 15 a

58 1220 66 22 small
143 1225 83 18 stream
245 1220 69 23 about
332 1225 37 17 ten
382 1219 66 30 yards
461 1219 63 28 wide,
543 1218 101 24 between

57 1253 56 30 high
125 1253 59 24 cliffs
196 1253 90 31 sloping
298 1258 22 17 to
336 1253 37 22 the
391 1257 65 18 water
475 1260 29 15 on
520 1252 39 23 the
577 1252 67 23 south

57 1286 56 28 side,
130 1286 42 24 but
189 1291 64 26 steep
264 1286 44 26 and
320 1286 82 30 abrupt
414 1294 28 16 on
454 1286 38 26 the
504 1285 67 23 north
584 1285 58 23 side.

57 1319 95 31 Beyond
165 1319 44 24 this
222 1320 19 23 is
250 1319 37 24 the
300 1319 142 31 Tangahohi,
456 1327 13 15 a
481 1324 83 21 stream
572 1319 25 24 of
606 1318 39 25 the

57 1360 62 16 same
131 1352 69 24 width
212 1360 25 16 as
255 1353 37 23 the
309 1352 52 29 last,
376 1353 41 22 but
434 1352 80 31 deeper
527 1352 44 23 and
582 1360 63 17 more

57 1386 73 31 rapid.
179 1385 44 24 We
239 1393 58 16 were
314 1386 91 30 obliged
421 1390 22 19 to
461 1386 52 23 wait
534 1385 54 24 here
605 1385 39 24 the

57 1424 89 25 greater
156 1425 53 25 part
221 1419 24 23 of
261 1419 37 23 the
310 1419 43 31 day
365 1427 29 17 on
406 1423 95 19 account
508 1419 26 23 of
544 1419 37 23 the
590 1419 53 28 tide,

57 1460 25 15 as
95 1452 63 23 there
171 1460 46 16 was
228 1460 29 15 no
270 1452 54 31 path
336 1460 53 15 over
401 1451 38 25 the
451 1452 53 28 cliff,
522 1452 38 25 the
572 1452 72 23 beach

57 1493 46 15 was
115 1486 73 30 rough
200 1486 45 22 and
257 1491 73 27 stony,
351 1485 44 23 and
408 1486 63 22 there
487 1493 58 15 were
558 1485 86 23 several

56 1519 77 31 points
144 1519 74 22 which
231 1520 18 23 it
257 1519 73 24 would
343 1519 28 22 be
383 1526 54 23 very
449 1518 96 25 difficult
557 1522 22 19 to
591 1526 53 23 pass

58 1552 58 23 until
127 1560 55 15 near
193 1552 43 23 low
248 1557 76 18 water.
368 1552 57 23 This
445 1552 18 22 is
483 1560 13 15 a
513 1552 68 23 small
598 1552 46 31 pah

56 1585 55 23 with
122 1585 41 24 but
175 1585 41 24 few
225 1585 149 24 inhabitants.

98 1619 43 23 We
165 1619 120 23 continued
307 1627 40 15 our
366 1619 98 30 journey
487 1623 21 19 to
530 1618 114 24 Waimate

57 1652 98 23 thirteen
166 1652 65 23 miles
244 1653 44 22 and
300 1660 13 15 a
323 1652 51 23 half
388 1652 57 23 from
462 1652 38 23 the
516 1651 46 24 last
579 1660 65 15 men-

56 1685 76 24 tioned
143 1685 72 34 place,
229 1685 39 24 the
278 1685 55 24 road
344 1686 65 30 lying
424 1685 68 31 along
508 1684 38 24 the
564 1686 83 28 beach..

56 1719 80 24 About
148 1719 50 24 four
210 1719 65 26 miles
287 1719 59 24 from
363 1718 142 31 Tangahohi,
524 1719 63 23 there
598 1720 21 21 is
631 1727 14 15 a

56 1752 66 23 small
126 1752 46 31 pah
179 1760 28 16 on
214 1752 37 23 the
257 1757 39 26 top
303 1752 24 23 of
333 1752 37 24 the
378 1752 49 23 cliff
436 1752 70 23 called
513 1752 130 29 Waukeue,

56 1785 38 23 the
108 1787 87 22 natives
207 1786 26 23 of
247 1785 72 23 which
334 1785 124 24 descended
476 1790 21 19 to
516 1785 39 24 the
570 1785 74 24 beach

56 1818 45 24 and
113 1818 158 33 accompanied
282 1827 28 15 us
322 1827 14 14 a
346 1818 63 26 short
420 1818 109 24 distance.
567 1818 77 25 There

56 1860 38 15 are
108 1852 62 23 three
183 1851 66 28 small
261 1856 96 19 streams
369 1860 28 15 on
415 1852 38 23 the
472 1860 57 21 way,
548 1860 14 15 a
577 1853 67 22 small

56 1893 42 15 one
111 1886 25 22 of
150 1885 73 23 which
236 1885 13 23 I
263 1885 66 23 could
341 1890 39 18 not
392 1886 109 22 ascertain
519 1886 39 22 the
569 1893 74 21 name,

56 1918 38 23 the
106 1919 124 30 Waingoro
243 1919 75 24 eleven
332 1919 64 23 miles
406 1918 57 23 from
477 1919 145 31 Tangahoki,
631 1928 14 14 a

56 1951 64 32 rapid
132 1957 84 21 stream
228 1952 68 23 about
306 1952 63 31 eight
380 1952 67 33 yards
460 1952 55 23 wide
529 1952 44 25 and
585 1952 59 24 from

56 1984 63 24 three
131 1990 23 18 to
167 1985 50 24 four
228 1985 45 25 feet
286 1985 64 31 deep,
363 1985 46 25 and
420 1990 42 20 two
474 1985 66 26 miles
556 1986 88 23 further

56 2018 38 23 *he
106 2018 120 28 Waimate,
247 2027 23 14 as
282 2018 56 23 wide
351 2018 44 23 and
407 2018 62 31 rapid
481 2018 41 24 but
532 2023 42 21 not
583 2020 61 29 quite

56 2059 24 15 so
93 2051 55 31 deep
160 2059 24 16 as
197 2051 38 24 the
246 2051 84 26 former
343 2055 92 20 stream.
471 2051 51 23 The
536 2051 57 24 cliffs
606 2059 38 15 are

55 2092 55 23 very
122 2084 54 31 high
190 2084 38 25 the
239 2084 71 23 whole
323 2092 49 20 way
381 2092 6 15 :
407 2084 36 23 the
455 2084 72 23 beach
539 2084 22 23 is
567 2084 77 24 rather

56 2118 71 31 heavy
141 2117 99 32 walking
247 2118 68 30 being
324 2117 93 23 covered
425 2117 53 23 with
486 2117 62 31 large
557 2122 85 19 stones.

56 2151 62 24 Near
129 2151 114 24 Waimate
250 2159 33 15 we
292 2150 108 24 observed
407 2150 135 23 indications
550 2150 26 24 of
584 2151 58 24 coal.

90 2183 51 25 The
153 2184 44 31 pah
209 2189 24 19 at
243 2184 114 25 Waimate
370 2185 19 22 is
409 2184 67 23 about
492 2183 51 24 half
558 2192 13 15 a
590 2185 52 23 mile

54 2218 90 30 beyond
156 2218 38 23 the
212 2222 83 19 stream
313 2218 25 23 of
358 2217 38 24 the
414 2225 61 16 same
492 2225 74 16 name.
610 2218 34 23 At

54 2250 46 24 this
111 2251 65 31 place
188 2251 81 23 indeed
280 2251 63 23 there
351 2258 38 16 are
397 2250 62 24 three
469 2250 63 31 pahs,
546 2251 55 23 each
614 2259 28 15 on

54 2292 14 14 a
80 2288 103 28 separate
195 2284 50 23 cliff
257 2284 68 24 about
337 2292 13 16 a
362 2284 102 25 hundred
475 2284 43 23 and
532 2284 49 31 fifty
597 2285 47 23 feet

54 2317 64 31 high,
132 2317 44 24 and
193 2317 59 25 close
269 2322 23 19 to.
309 2317 55 23 each
381 2317 71 29 other,
473 2317 38 23 the
526 2326 79 15 names
621 2319 24 22 oi'

54 2350 38 29 the.
106 2350 64 26 other
181 2356 47 19 two
240 2350 57 32 pahs
309 2359 38 15 are
361 2350 123 25 Wara-nui
501 2350 45 25 and
565 2351 82 24 Oran-

54 2385 142 31 gatuapeka;
217 2385 100 23 between
336 2383 64 25 these
419 2389 42 18 two
473 2383 44 26 last
529 2384 62 24 flows
604 2384 38 24 the

55 2417 133 32 Kopapuni,
208 2418 68 24 about
295 2417 38 24 the
352 2425 62 16 same
433 2417 68 24 width
511 2418 44 23 but
566 2418 77 25 rather

54 2451 82 32 deeper
156 2451 56 23 than
234 2451 37 23 the
295 2451 121 25 Waimate.
463 2450 51 25 The
537 2451 105 31 pathway

54 2484 71 24 winds
137 2493 31 23 up
181 2485 38 23 the
226 2484 47 24 side
282 2485 26 23 of
322 2484 38 25 the
373 2484 53 28 cliff,
439 2484 69 24 about
515 2489 44 18 two
567 2484 73 24 thirds

54 2517 26 23 of
94 2517 38 25 the
144 2526 49 23 way
205 2526 31 26 up
248 2526 13 17 a
272 2517 56 26 rude
339 2517 78 24 ladder
433 2518 19 22 is
470 2517 88 32 placed,
577 2518 66 24 made

55 2551 26 24 of
95 2551 39 24 the
145 2551 71 24 trunk
228 2552 26 23 of
262 2559 13 16 a
287 2550 66 25 small
365 2556 54 23 tree,
432 2551 55 23 with
498 2551 94 24 uotches
605 2557 39 18 cut

54 2585 25 25 in
91 2585 18 23 it
120 2585 35 23 for
174 2589 69 27 steps,
260 2592 30 24 up
307 2583 74 25 which
397 2592 34 16 we
447 2584 97 24 climbed
563 2589 23 19 to
604 2584 39 24 the

53 2617 54 33 pah.
144 2618 51 23 The
207 2618 88 23 district
307 2618 25 23 of
348 2617 115 24 Taranaki
476 2625 52 23 may
546 2618 28 23 be
592 2618 50 23 said

54 2656 24 21 to
91 2659 129 17 commence
231 2651 54 23 here
294 2660 5 16 ;
319 2658 29 16 on
365 2651 108 31 reaching
489 2650 37 24 the
544 2651 44 32 pah
610 2659 33 15 we

56 2692 46 15 saw
114 2684 84 24 Mount
216 2684 102 32 Egmont
334 2684 35 23 for
386 2684 37 23 the
440 2684 51 23 first
508 2684 55 24 time
580 2685 63 23 since

55 2725 42 17 our
104 2717 120 32 departure
230 2718 57 24 from
295 2717 138 32 Wanganui,
444 2718 29 23 its
482 2717 60 24 sides
549 2718 95 24 covered

56 2751 53 24 with
122 2759 63 16 snow
195 2751 45 24 and
251 2752 29 23 its
292 2751 58 24 head
362 2751 79 24 buried
452 2752 23 22 in
495 2751 38 25 the
551 2751 78 24 clouds
638 2761 5 14 :

56 2784 38 26 ths
104 2785 55 23 base
172 2785 24 26 of
211 2785 38 24 the
261 2785 120 26 mountain
395 2784 112 35 appeared
523 2785 69 27 abou.t
611 2787 32 22 20

54 2818 66 26 miles
143 2818 93 24 distant.
283 2818 49 24 Not
348 2818 36 23 far
401 2818 58 25 from
477 2818 47 24 this
541 2818 45 32 pah
604 2818 50 24 the-

54 2851 86 32 barque
176 2851 105 25 Harriett
316 2859 46 18 was
374 2851 104 27 wrecked
490 2859 28 18 on
530 2852 46 25 this
588 2857 53 26 part

55 2885 27 24 of
97 2884 38 25 the
145 2890 62 19 coast
215 2885 67 25 about
294 2885 37 26 six
341 2893 68 23 years
419 2893 51 23 ago,
482 2884 42 25 and
536 2885 39 24 the
586 2893 55 24 pas-

56 2926 95 23 sengers
174 2918 150 32 experienced
345 2926 55 26 very
420 2918 72 31 rough
520 2923 124 19 treatment

54 2951 60 24 from
125 2951 40 24 the
175 2952 88 23 natives
274 2952 26 23 of
309 2951 45 24 this
367 2952 63 31 place
437 2961 5 18 ;
456 2952 38 23 the
502 2956 70 27 story,
586 2952 55 25 with

57 2984 38 24 the
104 2985 139 31 subsequent
249 2985 54 24 visit
310 2985 26 23 of
344 2985 40 25 the
553 2985 89 34 frigate,

56 3018 22 24 is
89 3018 85 24 related
186 3019 23 23 in
228 3023 61 19 most
305 3018 75 24 books
397 3018 88 24 written
504 3026 62 25 upon
585 3018 58 25 New

56 3050 109 26 Zealand.
208 3051 75 25 There
304 3059 59 17 were
380 3058 69 18 seven
465 3060 83 16 canoes
564 3060 29 16 on
604 3052 39 25 the

56 3084 71 25 beach
139 3085 124 32 belonging
280 3090 24 19 to
324 3085 197 33 Orangituapeka,
541 3085 46 24 and
604 3090 40 20 ten

56 3118 124 32 belonging
190 3123 24 19 to
226 3119 120 29 Waimate,
360 3126 42 17 one
419 3119 25 24 of
464 3119 62 25 them
543 3126 45 18 was
605 3119 37 26 in-

56 3151 81 25 tended
149 3156 25 19 to
184 3156 117 27 represent
311 3152 39 23 the
368 3151 58 26 head
445 3152 25 23 of
491 3160 13 15 a
522 3152 59 31 ship,
601 3152 39 24 the

56 3185 88 23 natives
156 3185 49 23 said
217 3185 18 23 it
245 3192 46 16 was
299 3186 24 23 in
330 3185 113 26 imitation
449 3185 26 25 of
489 3184 37 26 the
535 3190 107 22 cutwater,

56 3217 24 24 of
96 3217 39 24 the
336 3218 24 26 A
372 3218 52 24 mile
437 3218 45 27 and
493 3226 13 16 a
517 3218 51 25 half
582 3218 60 26 from

55 3250 115 25 Waimate
183 3259 12 14 a
208 3252 92 30 portion,
310 3251 26 27 of
351 3259 41 16 one
401 3252 25 24 of
435 3252 37 24 the
480 3257 71 19 masts
564 3252 25 24 cf
604 3252 38 26 the

209 3285 20 22 is
241 3284 48 24 still
299 3285 64 27 to.be
375 3293 62 19 se.en.

91 3317 70 25 From
173 3317 114 27 Waimate
298 3323 23 20 to
334 3318 125 26 Otumatua
471 3318 37 24 the
527 3323 55 20 next
596 3319 46 32 pah

55 3351 21 24 is
89 3351 69 24 about
169 3356 83 26 twenty
257 3351 44 25 five
308 3351 75 24 miles.
419 3352 51 25 The
477 3352 55 24 road
539 3353 20 23 is
567 3352 75 32 partly

56 3384 69 31 along
137 3384 39 24 the
186 3384 79 28 beach,
277 3384 75 31 partly
365 3384 68 32 along
443 3385 38 24 the
500 3385 54 25 cliff.
597 3385 45 24 We

56 3417 92 24 crossed
160 3417 87 27 several
259 3422 104 24 streams,
376 3418 36 23 the
426 3419 51 23 Wai
490 3419 90 29 Okura,
603 3419 39 23 the

56 3451 68 32 Kapo
137 3459 14 16 a
162 3450 67 25 small
242 3455 91 24 stream,
346 3451 39 23 the
402 3451 97 30 Wai-hi,
518 3453 40 24 the
576 3453 66 23 Wai-

55 3484 68 24 hoata
136 3485 45 23 and
192 3483 38 25 the
243 3484 65 23 Mate
316 3484 65 23 Mote
391 3493 4 19 ;
410 3489 23 18 at
440 3485 45 26 th.is
492 3486 58 25 little
559 3490 84 22 stream

55 3518 70 25 about
136 3519 37 22 six
185 3517 65 24 miles
263 3518 43 22 and
318 3526 14 14 a
338 3517 51 24 half
402 3518 59 23 faom
470 3518 120 30 Waimate,
603 3519 42 23 the

54 3551 56 26 joad
120 3552 21 23 is
154 3551 121 24 continued
287 3551 69 30 along
372 3550 38 25 the
428 3555 37 27 top
485 3552 25 23 of
531 3552 38 24 the
588 3552 54 29 clifi,

56 3584 138 32 descending
206 3589 22 19 to
249 3584 38 24 the
293 3584 72 24 beach
378 3588 23 20 at
412 3584 38 24 the
463 3584 154 32 Kopuka-nui
630 3594 14 16 a

56 3617 56 33 deep
124 3618 45 23 and
181 3617 65 34 rapid
257 3621 85 20 stream
353 3617 69 25 about
434 3622 43 19 two
489 3618 66 24 miles
574 3619 44 23 and
630 3627 14 16 a

55 3651 52 24 half
120 3651 86 26 further,
221 3659 39 17 on*
300 3650 51 24 The
362 3650 127 26 remainder
501 3651 24 23 of
546 3651 37 27 the
595 3652 47 24 dis-

56 3688 66 22 tance
148 3689 26 19 to.
194 3684 79 24 within
297 3692 13 16 a
332 3683 55 24 mile
409 3684 25 23 of
460 3684 127 25 Otumatua
610 3693 34 16 we

52 3718 130 34 journeyed
192 3718 69 31 along
271 3717 39 24 the
321 3717 72 24 beach
405 3719 94 30 passing
510 3719 24 22 in
546 3726 41 16 our
595 3726 49 24 way

56 3750 38 25 the
115 3750 115 30 Otjakeho,
250 3755 42 19 two
312 3750 65 26 other
396 3751 67 26 small
482 3755 104 25 streams,
605 3751 39 25 the

56 3784 107 29 Ra-awa,
188 3784 38 24 the
249 3784 71 29 Otho,
339 3784 39 24 the
390 3783 53 25 Wai
455 3784 62 31 Pipi,
543 3785 43 23 and
604 3785 40 24 the

57 3817 86 29 Oou.cH.
180 3817 39 25 On
229 3825 41 16 our
280 3817 128 26 home-war.d
428 3817 97 35 journey
541 3818 102 24 between

57 3850 128 29 Otijaia&aa
207 3851 45 24 and
273 3850 40 24 the
334 3850 78 30 Qoudi
433 3859 33 17 vse
489 3858 46 16 saw
557 3852 86 24 several

56 3883 114 32 clearings
181 3883 38 26 the
236 3884 89 24 natives
341 3884 46 23 had
403 3884 66 27 mMc
486 3884 36 24 for
540 3890 104 26 potatoes

54 3917 80 27 within
142 3925 44 18 oae
195 3916 104 25 hundred
308 3917 68 31 yards
387 3917 25 24 of
427 3917 37 25 the
477 3917 61 25 cliff:
552 3918 60 24 close
621 3923 23 19 to

55 3949 39 26 the
104 3950 73 26 beach
195 3951 62 27 also,,
271 3950 39 24 the
327 3950 42 24 soil
391 3949 25 26 of
437 3950 42 24 the-
492 3949 65 28 litt&&
569 3950 75 30 valley

544 39 103 30 THE
671 38 110 31 NEW
805 36 230 33 ZEALAND
1057 33 227 33 GAZETTE
1306 31 103 33 AND
1432 30 275 34 BRITANNIA
1730 30 295 34 SPECTATOR.

1896 3906 85 27 hprinted
1993 3917 37 16 and
2040 3916 96 21 published
2147 3918 19 15 at
2176 3916 32 17 the
2216 3917 56 16 Office
2278 3916 21 17 of
2307 3916 33 17 the
2347 3916 47 17 New
2401 3916 99 20 Zeax.a,m>

1896 3934 2 26 l'
1927 3938 93 16 Gazette
2028 3941 42 13 ahb
2077 3937 119 19 Britannia
2208 3938 123 20 Spectator*
2340 3937 43 19 Port
2392 3937 109 20 KicholAon,.

1928 3957 46 17 New
1981 3957 87 18 Zealand.
2444 3957 14 17 k

649 123 2 7 1
673 123 99 30 through
784 122 39 24 the
833 125 77 21 centre
922 120 25 24 of
960 120 75 24 which
1047 119 38 26 the
1097 118 77 26 Oondi
1191 126 63 20 runs,

673 157 46 25 and
736 155 75 26 which
826 163 53 23 may
897 154 91 25 contain
1005 153 70 25 about
1092 157 44 19 two
1153 150 103 27 hundred

674 198 71 20 acres,
757 190 19 22 is
788 188 25 26 of
828 188 38 23 the
873 188 51 23 best
931 186 146 34 description.
1106 185 72 25 From
1190 184 64 24 Wai-

673 227 61 20 mate
744 230 34 16 we
790 221 92 31 already
887 219 119 33 perceived
1012 228 14 14 a
1033 218 98 26 sensible
1138 218 118 24 alteration

674 257 24 23 in
710 256 38 23 the
759 261 139 25 appearance
910 253 25 24 of
948 253 40 23 the
997 252 43 25 soil
1051 252 45 24 and
1103 256 94 26 country
1204 259 7 20 ;
1223 257 33 16 we

674 297 58 15 were
744 296 50 15 now
804 287 120 30 travelling
934 285 74 25 round
1018 285 38 24 the
1068 285 54 23 base
1133 284 27 26 pf
1174 284 82 22 Mount

676 323 102 30 Egmont
790 320 73 24 which
874 321 57 22 rises
942 327 55 23 very
1009 318 117 32 gradually
1146 317 45 24 and
1207 324 48 16 ma-

672 355 114 32 jestically
797 354 60 23 from
869 362 14 14 a
899 357 51 19 vast
965 351 60 25 level
1042 351 67 33 plane
1115 360 7 20 ;
1142 350 59 24 from
1218 349 38 24 the

675 389 56 30 edge
739 388 26 23 of
779 388 39 23 the
826 386 50 26 cliff
889 390 23 20 to
919 385 74 24 where
1001 384 38 24 the
1046 384 64 24 wood
1117 390 139 17 commences

675 423 20 22 is
707 421 69 24 about
786 420 52 24 four
847 428 26 16 or
881 419 43 25 five
936 418 74 29 miles,
1021 417 47 23 this
1075 417 20 23 is
1103 416 94 26 covered
1204 416 52 23 with

674 455 58 28 fern,
744 454 54 25 flax,
811 461 66 23 grass
886 452 43 24 and
941 451 64 26 other
1019 451 138 31 vegetation,
1175 449 81 26 afford-

675 489 40 29 ing
736 489 25 21 in
782 487 30 23 its
834 491 93 26 present
944 489 59 19 state
1023 484 114 25 sufficient
1153 482 54 25 food
1223 483 33 23 for

676 520 75 24 cattle,
764 519 45 24 and
828 518 91 32 oapable
938 518 25 23 of
983 518 70 30 being
1070 515 100 33 brought
1186 515 70 24 under

676 553 130 24 cultivation
830 558 24 18 at
876 560 53 23 very
946 551 59 24 little
1023 558 113 23 expence;
1160 548 39 25 the
1216 548 40 24 soil

675 595 54 16 near
741 586 38 24 the
791 586 50 23 cliff
855 586 20 23 is
885 585 58 31 light
954 584 46 23 and
1006 585 24 22 in
1038 591 63 16 some
1108 587 63 27 parts
1178 582 77 31 sandy,

673 621 42 23 but
727 621 17 23 it
755 620 113 30 improves
880 619 23 25 in
919 618 132 34 proportion
1068 621 23 19 to
1109 617 31 22 its
1158 616 98 24 distance

674 654 59 25 from
744 653 40 24 the
796 660 47 21 sea,
856 657 23 19 at
890 660 13 15 a
913 651 54 25 mile
976 651 60 25 from
1048 649 39 27 the
1105 649 57 31 edge
1180 649 25 24 of
1219 649 37 24 the

675 687 49 23 cliff
738 686 38 25 the
788 685 50 25 farn
849 686 21 22 is
881 685 57 25 from
950 684 64 26 three
1027 688 22 19 to
1061 684 51 23 four
1129 684 47 22 feet
1192 682 61 31 high,

674 719 44 25 and
729 727 73 24 grows
814 718 148 31 luxuriantly.
998 716 51 24 The
1061 716 43 23 soil
1117 717 19 22 is
1149 723 53 24 very
1209 715 47 24 rich

674 754 22 22 in
710 753 37 23 the
759 752 79 31 woody
849 752 98 23 districts
954 758 6 18 :
981 750 39 24 the
1032 749 63 24 wood
1106 750 117 25 continues
1235 753 21 19 to

674 786 38 23 the
723 786 55 23 base
790 786 25 23 of
824 785 39 24 the
874 784 116 24 mountain
1003 783 44 24 and
1059 790 78 16 covers
1149 783 29 22 its
1197 781 59 24 sides

675 825 21 18 to
710 819 75 26 rather
797 826 63 16 more
871 818 54 23 than
936 826 14 15 a
961 816 60 24 third
1033 817 26 23 of
1073 818 30 22 its
1115 815 91 32 height;
1219 816 37 23 the

674 861 67 26 space
751 852 71 24 above
834 851 46 26 this
892 856 22 18 to
926 851 38 26 the
976 858 61 15 snow
1048 851 20 23 is
1075 850 47 24 free
1129 849 58 25 from
1194 849 60 23 wood

674 886 44 24 and
729 891 24 19 at
765 885 45 25 this
823 885 77 32 period
913 893 12 15 a
936 884 61 24 third
1005 884 25 26 of
1040 883 37 26 the
1088 882 80 31 height
1179 882 25 26 of
1219 882 36 24 the

674 920 118 25 mountain
798 926 47 17 was
854 918 91 25 covered
953 917 55 24 with
1016 924 69 17 snow.
1121 915 51 24 The
1180 916 75 30 woody

674 952 90 25 district
774 953 21 22 is
805 957 41 19 not
858 959 53 23 very
923 950 88 31 heavily
1023 949 109 25 timbered
1146 957 40 16 nor
1196 948 58 24 diffi-

674 986 47 24 cult
731 991 23 19 to
767 985 59 25 clear
839 986 24 22 in
875 985 63 22 those
948 988 64 27 parts
1025 983 12 23 I
1056 983 45 24 had
1119 983 38 24 the
1176 990 78 24 oppor-

674 1019 74 30 tunity
761 1019 25 22 of
800 1019 80 30 seeing
891 1022 23 20 at
926 1017 126 23 Otumatua
1063 1016 44 24 and
1115 1016 55 31 Nga
1178 1016 76 24 Motu:

673 1057 23 18 at
708 1051 54 24 both
774 1051 65 24 those
850 1051 75 31 places
938 1050 12 24 I
963 1054 60 22 went
1040 1058 25 15 as
1083 1049 36 24 far
1137 1049 77 23 inland
1232 1058 22 15 as

673 1085 38 23 the
722 1086 74 22 mouri
811 1085 64 31 paths
887 1084 92 23 allowed
992 1084 25 22 of
1023 1092 6 20 ;
1043 1091 13 15 a
1064 1083 100 23 distance
1172 1083 22 23 in
1202 1082 53 24 each

673 1120 101 21 instance
787 1119 24 23 of
826 1118 70 23 above
907 1118 43 23 five
961 1117 67 24 miles
1044 1117 57 23 from
1121 1117 40 24 the
1178 1116 76 25 beach.

674 1152 13 23 I
697 1152 58 23 have
766 1152 58 23 been
836 1152 53 22 thus
901 1152 85 22 minute
998 1151 24 22 in
1030 1150 129 31 describing
1165 1148 37 25 the
1209 1150 46 23 face

673 1185 24 23 of
713 1185 38 24 the
762 1190 95 26 country
868 1185 67 23 about
943 1184 64 23 Otun
1016 1188 60 25 atua,
1084 1191 25 15 as
1116 1183 19 24 it
1143 1183 43 23 will
1193 1190 62 16 serve

672 1219 116 30 generally
800 1223 23 19 to
843 1226 84 23 convey
945 1226 13 14 a
977 1221 88 19 correct
1082 1217 134 31 impression
1235 1217 23 23 of

673 1252 38 23 the
723 1252 117 23 character
852 1252 24 23 of
885 1251 37 24 the
933 1251 72 23 whole
1018 1250 88 23 district
1123 1250 58 23 from
1192 1249 63 24 Wai-

674 1290 67 22 mate,
754 1290 23 18 to
791 1286 53 30 Nga
858 1285 73 23 Motu.
970 1284 11 23 1
994 1284 57 23 have
1063 1284 47 22 also
1127 1284 59 22 been
1202 1291 52 23 par-

674 1319 82 23 ticular
768 1319 23 23 in
803 1319 156 29 enumerating
969 1317 39 24 the
1019 1322 96 19 streams
1123 1317 55 23 with
1184 1317 70 23 which

675 1352 116 24 Taranaki
802 1351 111 29 abounds,
925 1352 34 24 for
972 1352 18 22 it
1001 1351 20 23 is
1028 1350 51 24 well
1086 1350 97 25 watered
1191 1357 63 24 every

673 1385 82 29 where,
779 1385 45 23 and
844 1385 57 23 their
920 1392 77 15 names
1019 1383 115 25 wherever
1157 1383 12 24 I
1192 1383 64 24 could

674 1419 76 23 obtain
758 1418 70 25 thecn.
866 1418 64 31 They
938 1425 83 24 appear
1029 1425 43 16 one
1079 1417 26 23 of
1113 1417 39 23 the
1159 1421 97 27 greatest

673 1452 137 31 advantages
823 1451 25 26 of
864 1451 36 23 the
913 1451 88 24 district
1011 1450 148 32 particularly
1171 1450 19 25 if
1203 1458 51 16 con-

673 1485 89 24 sidered
772 1493 25 15 as
809 1493 14 15 a
834 1486 63 30 place
910 1485 33 23 for
953 1484 111 30 breeding
1075 1484 75 24 cattle.
1193 1484 40 23 On
1243 1492 13 15 a

673 1519 85 23 careful
770 1519 153 24 examination
934 1518 26 23 of
974 1518 63 23 these
1179 1518 18 22 it
1213 1517 42 23 will

672 1560 29 15 no
714 1552 70 23 doubt
795 1552 29 23 be
835 1551 70 23 found
917 1552 22 22 in
951 1555 67 25 most,
1035 1550 98 32 perhaps
1145 1552 24 21 in
1187 1550 30 24 all
1235 1551 23 23 of

673 1585 69 29 them,
755 1585 49 23 that
816 1585 163 32 opportunities
998 1585 59 22 exist
1075 1584 35 23 for
1127 1583 40 24 the
1185 1585 70 30 appli-

673 1620 75 24 cation
761 1619 25 23 of
800 1623 69 20 water
880 1626 82 23 power.
1000 1617 50 24 The
1063 1617 115 25 character
1186 1618 25 23 of
1219 1618 36 23 the

673 1657 71 18 strata
757 1652 24 23 of
801 1652 39 23 the
852 1656 43 19 two
912 1651 100 24 districts
1031 1651 20 23 is
1071 1658 53 17 seen
1143 1651 57 23 from
1220 1651 35 23 the

673 1685 70 23 beach
757 1684 43 24 and
811 1685 76 23 differs
896 1684 163 31 considerably.
1095 1684 80 24 About
1185 1684 70 23 Wan-

672 1720 69 29 ganui
758 1719 18 24 it
799 1719 20 22 is
841 1718 71 23 either
930 1717 56 24 sand
1005 1726 25 15 or
1049 1717 70 31 sandy
1139 1717 56 31 clay,
1214 1717 42 24 and

673 1752 38 23 the
733 1752 71 24 beach
830 1761 14 14 a
866 1752 57 25 hard
941 1751 65 25 sand.
1054 1751 33 23 At
1105 1750 116 27 Tara.uaki
1239 1752 17 22 it

673 1786 19 22 is
704 1785 101 31 gravelly
818 1793 25 15 or
863 1784 117 32 composed
995 1785 26 23 of
1036 1784 66 24 small
1117 1788 83 25 stones,
1214 1785 40 23 and

672 1818 41 24 but
725 1827 54 22 very
791 1819 58 23 little
863 1818 62 29 sand,
938 1818 65 23 while
1012 1817 37 24 the
1056 1818 71 23 beach
1136 1818 20 23 is
1164 1818 92 23 covered

673 1851 52 24 with
738 1857 76 18 stones
827 1860 25 15 or
861 1851 122 31 fragments
992 1851 24 23 of
1032 1851 62 23 rock.
1132 1851 124 23 Otumatua

672 1886 20 22 is
703 1885 59 23 built
774 1893 28 15 on
811 1893 14 15 a
831 1885 195 32 projectinsjpomt
1032 1884 102 24 between
1143 1889 40 19 two
1192 1885 64 23 small

675 1919 54 31 bays
743 1927 25 14 or
779 1918 152 25 indentations
943 1919 26 22 of
990 1918 38 23 the
1047 1922 72 24 coast,
1137 1917 38 24 the
1195 1926 60 15 more

673 1952 113 26 sheltered
799 1952 25 23 of
840 1952 59 23 them
918 1952 93 30 serving
1028 1959 25 16 as
1072 1960 12 15 a
1101 1951 66 31 place
1185 1952 70 23 where

672 1985 38 23 the
723 1986 85 23 natives
822 1993 41 15 can
875 1985 59 25 draw
945 1992 30 24 up
995 1985 58 23 their
1073 1984 85 31 fishing
1176 1992 79 17 canoes

673 2026 28 15 on
714 2018 74 23 shore.
826 2018 76 23 There
914 2018 18 22 is
951 2025 14 14 a
981 2018 56 29 path
1055 2018 65 22 down
1139 2018 38 21 the
1194 2024 61 22 stqrcp

672 2050 48 23 face
732 2050 26 23 of
774 2050 37 23 the
824 2049 54 28 cliff,
891 2049 43 23 and
945 2049 51 23 half
1011 2056 48 23 way
1072 2049 64 23 down
1149 2056 13 15 a
1179 2048 51 24 lad.jr
1233 2056 32 18 .

672 2082 86 25 similar
770 2088 23 18 to
812 2082 50 24 that
880 2087 23 18 at
921 2082 122 23 Waimate.
1084 2081 51 24 The
1147 2081 44 31 pah
1202 2081 19 23 is
1235 2081 23 24 of

672 2116 154 24 considerable
839 2117 46 23 size
898 2115 51 23 with
959 2124 13 15 a
984 2115 82 24 double
1077 2115 64 23 fence
1149 2122 25 16 or
1181 2114 74 24 enclo-

672 2157 52 16 sure
736 2149 45 24 and
793 2158 12 17 a
817 2157 96 24 passage
924 2149 63 23 three
1006 2149 45 23 feet
1072 2148 55 24 wide
1146 2149 107 22 between.

672 2183 50 23 The
733 2189 53 25 post
798 2191 38 15 are
848 2182 80 24 carved
939 2182 53 24 with
1005 2190 120 23 groics.ciue
1139 2189 115 24 represen-

671 2217 83 23 tations
767 2216 26 24 of
806 2216 39 24 the
858 2216 81 23 human
951 2216 81 30 figure.
1070 2215 13 24 3
1091 2219 29 19 lie
1134 2215 92 24 number
1234 2215 24 24 of

671 2249 139 24 inhabitants
830 2254 23 19 at
870 2249 45 24 this
934 2249 52 31 pah,
1005 2257 24 15 as
1046 2249 34 23 far
1097 2256 13 16 a
1111 2256 3 7 1
1114 2256 8 16 *
1144 2256 31 16 we
1192 2248 64 23 could

671 2283 57 24 form
740 2291 29 15 an
781 2284 103 22 estimate
896 2284 19 21 is
928 2282 68 24 about
1014 2282 50 24 four
1081 2281 104 26 hundred
1203 2281 51 24 with

671 2325 14 15 a
695 2322 90 25 greater
798 2317 128 30 proportion
939 2316 26 23 of
979 2315 101 25 children
1098 2315 55 23 than
1172 2319 22 19 at
1213 2323 41 22 any

672 2350 64 23 other
748 2350 132 24 settlement
889 2357 33 16 we
939 2349 44 23 had
998 2354 39 26 yet
1054 2349 90 23 visited.
1192 2349 64 31 They

672 2391 56 15 were
741 2383 83 30 mostly
835 2383 70 23 under
918 2382 37 24 the
967 2390 43 23 age
1022 2382 25 23 of
1063 2382 78 24 twplve
1153 2388 73 26 years.

772 2421 42 27 [To
826 2422 27 21 be
865 2420 123 23 concluded
1000 2420 23 22 in
1034 2427 41 15 our
1084 2420 74 27 next.]

706 2481 91 24 Ocean
811 2481 105 26 Queen.
954 2481 72 23 Much
1038 2486 23 18 to
1074 2481 37 24 the
1124 2482 135 30 suppriseof

672 2523 66 22 every
751 2523 42 15 one
805 2514 47 24 this
865 2514 71 24 vessel
948 2522 46 16 was
1006 2514 111 32 signalled
1129 2523 30 15 on
1174 2515 82 31 Friday

671 2549 51 28 last,
743 2556 26 15 as
780 2549 86 30 having
877 2548 91 23 entered
979 2548 39 23 the
1030 2547 69 25 heads
1112 2549 24 22 in
1149 2556 107 24 company

671 2582 53 23 with
738 2581 37 24 the
925 2581 73 23 which
1011 2581 43 24 had
1065 2581 58 24 been
1136 2587 50 18 sent
1193 2582 63 23 down

672 2620 22 18 to
707 2615 114 23 Flinders
835 2614 85 29 Island,
932 2615 35 23 for
979 2614 39 24 the
1030 2623 97 23 purpose
1141 2615 24 23 of
1178 2615 78 31 bring-

671 2649 40 30 ing
717 2657 31 23 up
757 2648 38 24 the
802 2657 68 22 cargo
878 2649 25 22 of
909 2648 37 23 the
979 2648 80 23 Ocean
1207 2649 49 23 The

672 2686 76 27 report
765 2690 49 15 was
832 2687 24 18 at
871 2682 49 23 first
938 2689 54 23 very
1012 2681 119 33 dubiously
1148 2683 107 29 received,

672 2716 41 22 but
722 2715 29 23 all
765 2715 81 23 doubts
860 2723 57 15 were
932 2714 102 33 speedily
1053 2716 106 24 removed
1174 2716 27 31 by
1219 2716 38 24 the

673 2749 80 23 arrival
767 2749 25 24 of
807 2749 98 30 Captain
922 2749 87 23 Nixon.
1058 2747 22 25 It
1096 2756 95 24 appears
1210 2749 47 24 that

672 2782 39 24 the
956 2782 58 24 after
1030 2782 69 31 being
1113 2782 79 32 nearly
1211 2783 45 23 dis-

651 2831 3 6 -
673 2815 105 32 charged,
796 2816 83 23 floated
896 2815 85 24 herself
997 2816 34 23 off
1044 2817 24 22 in
1080 2824 13 15 a
1105 2815 55 32 high
1172 2816 45 25 tide
1229 2825 28 15 on

672 2849 38 27 the
722 2849 57 23 28th
793 2850 25 22 of
833 2849 100 31 August,
945 2849 46 23 and
1002 2848 71 24 sailed
1080 2849 57 24 from
1146 2849 110 26 Flinders

673 2882 80 24 Island
765 2883 68 31 along
845 2883 53 26 with
916 2883 37 22 the
1112 2883 55 24 both
1185 2883 71 24 which

672 2916 86 24 vessels
776 2916 90 24 arrived
884 2916 53 24 here
955 2923 30 17 on
1004 2916 85 31 Friday
1106 2916 54 24 last.
1207 2916 49 25 The

906 2950 21 23 is
941 2956 51 17 now
1009 2949 64 31 lying
1089 2954 23 19 at
1128 2949 39 24 the
1179 2950 76 30 wharf,

672 2982 45 24 and
727 2982 54 24 does
794 2987 41 19 not
845 2991 82 22 appear
939 2987 25 19 to
973 2982 30 24 be
1014 2983 68 23 much
1090 2982 116 33 damaged,
1219 2982 37 28 the

673 3015 37 24 the
722 3021 71 18 masts
805 3016 46 27 and
862 3017 91 30 rigging
965 3024 37 15 are
1013 3017 29 22 all
1054 3016 116 32 standing,
1187 3025 69 24 appa-

671 3049 75 32 rently
757 3050 130 31 uninjured.
935 3049 47 25 She
1002 3050 46 24 will
1063 3050 28 24 be
1109 3050 88 26 docked
1213 3050 43 26 and

671 3083 136 24 overhauled
819 3091 26 16 as
858 3083 37 24 the
906 3084 86 31 repairs
1001 3083 25 24 of
1035 3083 38 24 the

671 3124 50 16 now
732 3118 25 22 in
765 3117 37 23 the
809 3117 96 31 floating
917 3116 56 24 dock
986 3116 58 24 have
1052 3117 58 24 been
1123 3118 131 31 completed.

671 3149 51 24 The
734 3158 68 23 cargo
820 3151 25 22 of
861 3150 37 24 the
1150 3151 20 22 is
1182 3155 39 20 not
1232 3159 24 16 so

671 3182 68 24 much
758 3183 111 31 damaged
884 3191 24 15 as
925 3191 46 15 was
986 3184 145 31 anticipated.
1169 3184 87 25 Lauk-

671 3224 97 16 ceston
779 3217 177 28 Advertiser,
970 3217 75 24 Sept.
1061 3219 38 22 10.

706 3250 157 24 Commerce.
898 3250 92 31 During
998 3250 39 24 the
1044 3250 80 24 month
1131 3251 26 23 of
1165 3251 92 32 August

671 3283 51 29 last,
731 3283 66 26 there
801 3283 91 25 arrived
898 3284 24 23 in
930 3283 56 24 Port
993 3283 101 24 Jackson
1102 3284 60 25 from
1169 3286 87 23 various

671 3321 62 27 parts
758 3318 26 22 of
804 3316 40 24 the
863 3317 76 28 world,
959 3318 151 30 twenty-nine
1129 3318 71 32 ships,
1218 3323 37 20 ten

671 3351 70 30 brigs,
760 3350 44 24 and
821 3351 44 24 five
882 3350 135 29 schooners;
1035 3350 26 23 of
1081 3350 39 25 the
1136 3356 120 28 aggregate

671 3388 98 27 tonnage
796 3384 25 23 of
842 3384 67 23 about
936 3385 90 27 14,000
1051 3388 59 25 tons,
1136 3386 121 31 averaging

671 3417 68 23 about
751 3419 50 22 450
813 3422 53 19 tons
884 3417 100 31 arriving
1002 3424 40 26 per
1060 3417 52 31 day.
1150 3418 106 25 Sydney

673 3451 122 24 Herald.

706 3483 103 24 Another
821 3483 52 24 land
886 3483 46 24 sale
943 3483 42 24 has
996 3483 58 24 been
1062 3484 95 25 ordered
1165 3488 23 21 at
1195 3485 61 24 Mel-

671 3518 94 28 bourne,
773 3521 24 19 to.
804 3517 54 23 take
865 3516 62 33 place
934 3518 23 22 in
967 3517 38 23 the
1012 3518 80 25 month
1098 3518 24 23 of
1130 3518 127 25 December

671 3555 61 24 next,
748 3550 64 24 when
826 3551 39 23 Sir
877 3550 90 31 George
979 3550 83 32 Gipp's
1074 3551 75 24 threat
1160 3552 26 23 of
1200 3552 56 24 rais-

671 3585 40 30 ing
721 3584 38 23 the
777 3584 123 24 minimum
914 3585 62 32 price
993 3584 46 24 will
1057 3584 28 24 be
1105 3585 87 25 carried
1209 3586 47 23 into

672 3617 130 26 execution*
832 3617 113 33 Upwards
951 3617 25 24 of
985 3625 43 18 one
1035 3617 104 26 hundred
1146 3617 110 26 thousand

671 3659 63 15 acres
753 3659 39 15 are
805 3650 134 28 announced
955 3658 64 23 upon
1036 3650 46 26 this
1101 3652 105 24 occasion
1223 3652 34 24 for

672 3685 154 31 competition,
845 3683 44 24 and
905 3684 20 25 if
943 3683 50 26 this
1008 3684 46 23 will
1073 3689 39 20 not
1130 3685 126 32 effectually

671 3718 65 23 drain
748 3717 39 24 the
802 3725 83 23 money
903 3716 97 30 market,
1019 3718 64 24 there
1103 3723 62 19 must
1183 3719 28 24 be
1228 3726 28 17 an

672 3750 168 24 inexhaustible
851 3750 55 23 fund
918 3751 25 23 of
957 3751 81 24 wealth
1050 3752 25 23 in
1085 3751 39 25 the
1143 3753 111 31 province.

706 3784 71 24 Port
795 3784 110 24 Phillip
917 3784 134 24 Gazette.

704 3818 142 24 Almanac.
883 3817 47 24 Mr.
947 3817 64 24 Kerr
1022 3817 41 24 has
1075 3818 132 25 announced
1219 3819 37 24 the

671 3850 140 32 publication
824 3850 25 24 of
864 3858 28 16 an
903 3850 114 24 Almanac
1028 3851 35 23 for
1075 3850 38 26 the
1120 3852 106 34 province
1234 3853 24 23 of

671 3884 120 24 Australia
802 3883 75 30 Felix,
890 3883 35 24 for
937 3883 38 25 the
985 3892 55 23 year
1052 3885 107 31 ensuing.
1194 3885 62 24 Sikh

672 3925 29 15 an
718 3917 154 32 undertaking
889 3916 41 26 has
947 3917 60 26 been
1023 3918 69 24 much
1108 3914 148 37 required.4-

673 3949 67 25 Ibid,
764 3953 4 3 '

1512 114 22 22 A
1553 112 94 24 CARD.

1391 148 79 24 MR.
1497 146 274 26 MONTEITH,

1505 181 62 21 (From
1574 180 80 20 Petoni,)

1458 208 244 27 SURGEON,
1886 209 2 30 j

1511 243 137 15 BRITANNIA.
1886 242 2 16 I

1746 271 1 4 .
1785 271 90 5 _
1886 260 2 26 |

1494 290 70 23 FOR
1574 290 99 25 SALE,

1284 324 71 49 BY
1362 324 65 23 THE
1437 323 238 24 UNDERSIGNED,
1682 330 14 14 a
1702 322 66 24 small
1776 322 103 28 quantity

1362 351 27 23 of
1394 351 54 23 seed
1457 358 61 19 corn,
1534 350 53 22 seed
1597 357 60 20 peas,
1670 349 77 26 (white
1755 350 45 22 and
1807 350 70 26 blue,)

1284 378 94 22 kitchen
1386 378 87 27 garden
1483 377 72 28 seeds,
1575 377 64 27 hops,
1654 376 44 23 salt
1706 376 24 22 in
1740 376 138 29 hogsheads;

1284 405 47 22 also
1350 412 30 15 an
1400 407 137 20 assortment
1553 404 27 21 of
1595 404 161 26 ironmongery
1776 404 42 21 &c.
1837 404 41 22 &c.

1449 438 85 23 LUKE
1548 437 171 26 NATTRASS,
1730 437 127 22 Britannia.

1306 494 25 20 J.
1348 494 139 21 TAINE'S
1502 492 121 24 STORE,
1639 491 217 22 BRITANNIA.

1292 527 87 23 TUST
1388 527 111 26 received,
1509 526 63 22 TEA
1588 525 145 26 KETTLES,
1745 532 133 27 saucepans,

1284 549 27 27 O
1348 554 47 22 and
1403 554 76 28 frying
1487 560 64 22 pans,
1562 553 24 21 in
1596 556 62 24 great
1669 552 93 27 variety.
1792 553 62 26 Also,
1865 559 14 14 a

1284 581 61 27 large
1355 585 136 19 assortment
1501 581 25 21 of
1538 579 115 28 crockery.

1489 635 71 21 FOR
1575 635 98 24 SALE,

1285 669 202 50 BLANKETS,
1498 670 38 21 9-4
1546 668 46 23 and
1602 670 57 21 10-4.

1368 697 83 21 Prints.

1367 723 119 29 Crockery,
1503 723 62 27 (blue
1575 721 132 28 Stanhope,)
1722 722 125 26 consisting
1856 721 27 22 of

1284 753 99 24 tureens,
1402 757 55 21 9oup
1473 750 78 34 plates,
1569 749 78 28 plates,
1668 748 75 24 dishes
1767 748 63 26 (with
1855 755 25 14 or

1286 778 93 22 without
1388 778 94 26 covers,)
1499 781 37 17 tea
1545 784 55 20 cups
1609 776 45 22 and
1663 783 97 18 saucers,
1775 779 37 18 tea
1820 778 58 24 pots,

1284 804 56 22 milk
1349 807 57 24 pots,
1418 811 66 19 sugar
1494 803 77 27 bowls,
1582 810 69 15 ewers
1661 802 45 23 and
1715 803 84 25 basins,
1810 802 40 23 &c.

1312 832 20 21 A
1343 830 115 28 40-gallon
1469 838 88 20 copper,
1569 830 53 21 with
1633 829 62 22 cock.

1311 858 60 22 Tubs
1383 858 26 21 of
1420 858 88 21 various
1517 857 64 27 sizes,
1595 856 49 23 well
1651 856 98 28 adapted
1755 856 35 21 for
1797 856 83 26 salting

1284 885 55 27 pork
1350 884 46 22 and
1405 884 95 27 making
1508 884 82 22 bacon.
1612 898 3 2 -

1311 912 143 26 Carpenters*
1464 911 46 21 and
1517 910 130 28 gardeners'
1658 909 64 22 tools.

1701 936 21 21 J.
1739 936 111 22 MINET.

1312 965 124 27 Britannia,
1449 965 49 21 Oct.
1509 966 36 25 30,
1556 965 61 21 1840.

1285 1023 72 49 ON
1368 1023 87 26 SALE,
1468 1029 27 15 ex

1366 1050 128 21 Havannab
1506 1049 85 27 Cigars.

1366 1077 99 21 Manilla
1475 1076 117 22 Cheroots.

1367 1103 82 22 Scotch
1460 1103 66 22 snuff.

1368 1130 88 22 French
1466 1137 91 20 rappee.

1368 1156 85 28 Cherry
1462 1157 96 27 brandy.

1620 1182 149 23 WILLIAM
1785 1182 92 23 LYON.

1488 1240 71 21 FOR
1574 1239 99 24 SALE,

1284 1273 141 49 HOUSE
1436 1273 72 27 doors,
1519 1273 54 21 with
1582 1273 90 27 frames,
1682 1272 121 28 complete.

1393 1300 89 22 French
1492 1303 88 24 cottage
1591 1300 114 22 windows.

1393 1327 104 22 Two-cut
1507 1327 69 23 deals.

1393 1354 103 22 Battens.

1393 1381 54 21 Port
1457 1380 126 24 Nicholson
1593 1380 88 22 boards.

1393 1408 65 22 Ditto
1467 1408 70 27 plank
1546 1407 46 22 and
1602 1407 120 27 scantling.

1310 1435 59 21 Now
1376 1438 24 18 at
1406 1435 87 26 Petoni,
1500 1435 42 21 but
1552 1435 43 21 will
1606 1435 27 21 be
1644 1435 49 21 sold
1702 1434 137 22 deliverable
1850 1442 27 14 on

1282 1461 39 23 the
1331 1461 73 23 beach
1414 1465 25 19 at
1453 1462 123 22 Britannia.

1460 1489 26 22 T.
1503 1489 35 23 M.
1552 1488 186 22 PARTRIDGE
1748 1487 45 22 and
1804 1488 47 22 CO.

1522 1544 117 22 SPARS.

1285 1571 88 48 FOR
1397 1571 84 26 SALE,
1503 1578 14 14 a
1536 1571 96 21 number
1651 1570 26 21 of
1694 1570 61 27 large
1774 1569 103 26 SPARS,

1357 1598 56 21 used
1422 1599 24 21 in
1456 1598 89 27 getting
1560 1597 35 22 off
1609 1597 37 21 the
1662 1597 112 21 schooner
1789 1597 89 21 Jewess

1284 1629 24 17 at
1318 1625 88 21 Petoni.

1311 1651 77 28 Apply
1398 1655 23 18 to
1429 1651 74 23 Willis
1508 1651 46 22 and
1562 1651 47 26 Co.,
1620 1658 24 14 or
1654 1654 23 18 to
1684 1650 26 22 T.
1719 1651 33 21 M.
1762 1650 117 27 Partridge

1284 1679 44 21 and
1338 1679 40 21 Co.

1312 1705 123 26 Britannia,
1447 1705 58 21 Nov.
1516 1705 21 26 7,
1550 1706 61 21 1840.

1287 1754 177 55 MESSRS/
1472 1759 148 23 READING
1645 1759 67 22 AND
1737 1759 140 26 NEWELL,

1373 1787 160 26 Carpenters,
1686 1794 45 14 and
1752 1786 125 26 Built.krs,

1285 1814 19 21 b>
1312 1821 15 20 g
1335 1814 65 21 leave
1444 1814 82 21 inform
1538 1813 36 22 tbe
1585 1813 75 28 public
1667 1813 116 27 generally
1792 1813 25 21 of
1827 1813 52 21 Port

1284 1841 133 27 Nicholson,
1431 1841 48 20 that
1487 1840 86 27 having
1588 1840 66 22 made
1671 1844 169 23 arrangements
1856 1842 23 19 to

1284 1875 78 15 secure
1379 1875 14 14 a
1409 1870 106 21 constant
1529 1867 81 28 supply
1630 1867 25 21 of
1666 1867 88 26 timber,
1773 1867 52 26 they
1840 1874 39 14 are

1284 1902 48 14 now
1343 1895 70 27 ready
1421 1898 23 17 to
1455 1897 102 20 contract
1572 1895 35 20 for
1625 1893 36 22 the
1679 1894 99 21 erection
1795 1894 26 21 of
1833 1901 46 20 any

1284 1922 57 22 class
1350 1922 26 21 of
1383 1921 120 27 buildings,
1515 1921 44 21 and
1570 1925 58 18 trust
1636 1921 29 26 by
1675 1921 142 27 punctuality
1834 1921 45 21 and

1284 1949 45 21 and
1339 1948 111 28 dispatch,
1463 1952 22 18 to
1504 1948 67 22 merit
1591 1955 14 14 a
1623 1947 66 22 share
1706 1947 30 22 of
1747 1948 40 21 the
1803 1947 76 28 ptiblic

1284 1980 79 23 patron
1367 1983 40 19 age
1886 1985 2 13 ;

1313 2003 125 25 Britannia,
1447 2004 56 19 next
1513 2001 56 22 door
1578 2005 25 18 to
1613 2001 44 21 Mr.
1667 2001 88 22 Allen's
1766 2001 71 22 Store.

1284 2054 36 47 J
1349 2053 133 21 NEWELL
1496 2053 55 26 begs
1562 2056 22 18 to
1595 2052 103 21 intimate
1709 2055 22 18 to
1742 2052 38 21 the
1791 2052 88 27 Gentry

1367 2081 26 19 of
1405 2079 54 22 Port
1468 2078 124 22 Nicohlson
1606 2079 48 21 that
1662 2078 29 22 he
1707 2079 20 21 is
1743 2086 51 14 now
1810 2078 69 27 ready

1284 2110 23 18 to
1317 2114 92 20 prepare
1419 2106 72 27 plans,
1507 2105 130 26 elevations,
1655 2105 45 21 and
1715 2105 164 27 specifications

1285 2133 28 22 of
1322 2141 44 20 any
1377 2133 58 22 class
1445 2133 25 21 of
1480 2133 77 27 public
1567 2140 25 14 or
1601 2133 85 26 private
1696 2132 121 27 buildings,
1834 2132 44 22 and

1284 2164 67 18 trusts
1360 2161 30 26 by
1399 2160 133 27 experience
1542 2162 23 19 at
1574 2159 67 22 home
1651 2159 45 21 and
1705 2159 22 22 in
1746 2159 37 22 the
1800 2159 79 26 neigh-

1283 2188 96 26 bouring
1390 2187 103 21 Colonies
1504 2194 23 14 as
1538 2194 13 14 a
1560 2186 107 27 practical
1677 2194 60 19 man,
1753 2186 45 22 and
1813 2194 12 14 a
1837 2186 41 22 full

1282 2214 134 27 knowledge
1433 2214 26 21 of
1476 2213 37 22 the
1533 2213 102 27 strength
1654 2213 44 21 and
1719 2213 121 28 durability
1856 2213 26 21 of

1284 2241 95 22 colonial
1390 2241 87 25 timber,
1487 2240 54 22 with
1552 2248 13 14 a
1574 2240 63 22 strict
1646 2240 80 27 regard
1736 2244 22 17 to
1769 2240 108 27 strenglh,

1284 2268 113 27 elegance,
1407 2267 129 28 durability,
1552 2267 46 22 and
1607 2274 110 21 economy
1726 2267 24 21 in
1761 2267 38 21 the
1808 2270 71 19 struc-

1284 2298 48 18 ture
1350 2295 28 21 of
1391 2295 119 26 buildings,
1526 2294 29 22 he
1570 2294 44 22 will
1632 2295 26 21 be
1676 2294 49 22 able
1744 2297 23 18 to
1784 2294 66 22 merit
1865 2302 14 14 a

1284 2322 64 21 share
1360 2321 25 22 of
1397 2321 36 22 the
1444 2321 74 28 public
1527 2324 130 25 patronage.

1312 2349 76 21 Green
1399 2349 100 26 Cottage,
1512 2349 43 21 No.
1566 2350 19 25 1,
1599 2348 124 21 Britannia.

1475 2404 44 20 TO
1535 2404 45 20 BE
1595 2404 94 24 SOLD,

1398 2438 61 15 WITH
1475 2437 131 16 IMMEDIATE
1622 2438 142 19 POSSESSION,

1286 2465 49 48 A
1341 2464 132 27 STRONG,
1485 2463 137 28 excellently
1632 2463 64 28 built,
1705 2463 173 28 weather-proof

1364 2491 81 27 Warri,
1456 2491 137 28 comprising
1607 2498 15 14 a
1637 2491 97 28 parlour,
1754 2491 44 21 bed
1814 2499 63 14 room

1285 2518 72 27 (lined
1366 2518 45 22 and
1421 2518 103 27 floored,)
1537 2518 45 22 and
1590 2526 14 14 a
1610 2519 63 21 Store
1682 2518 52 22 with
1742 2519 137 21 convenient

1284 2546 85 27 fittings
1381 2554 4 17 ;
1413 2545 97 22 situated
1531 2545 22 21 in
1576 2552 14 15 a
1607 2545 102 28 pleasant
1730 2545 46 22 and
1792 2545 87 22 central

1284 2576 50 25 part
1344 2573 26 21 of
1382 2571 38 23 the
1431 2572 82 22 Beach.

1312 2599 48 23 The
1370 2599 133 28 superiority
1513 2599 27 22 of
1551 2599 38 21 the
1598 2599 103 27 building
1708 2599 95 22 renders
1813 2599 43 21 this
1866 2606 13 14 a

1285 2626 129 22 favourable
1426 2626 143 28 opportunity
1579 2625 35 23 for
1625 2625 134 28 purchasing
1776 2627 17 21 it
1808 2626 72 22 either

1284 2653 35 22 for
1328 2661 13 14 a
1350 2657 59 18 store
1420 2661 26 13 or
1455 2653 86 26 private
1552 2652 196 28 dwelling-house.

1314 2681 44 21 For
1367 2675 132 33 particulars
1509 2680 67 27 apply
1586 2684 23 17 to
1626 2680 29 22 H.
1667 2680 45 21 and
1720 2680 27 22 T.
1759 2680 92 22 COOK.

1428 2735 170 21 COUNTRY
1612 2735 125 21 LANDS.

1287 2768 166 50 SEVERAL
1464 2768 100 28 Country
1574 2767 102 23 Sections
1685 2771 23 18 to
1719 2768 43 21 Let
1771 2768 22 21 in
1802 2768 79 22 Farms

1352 2796 26 21 of
1390 2797 40 21 100
1440 2803 69 19 acre*,
1519 2802 25 14 or
1553 2798 51 24 part
1613 2794 43 22 will
1666 2794 28 22 be
1702 2794 145 23 sub-divided
1857 2798 23 19 to

1286 2824 43 21 suit
1340 2822 130 22 Gardeners
1480 2822 46 22 and
1537 2822 84 22 others.
1651 2822 76 27 Apply
1738 2826 23 17 to

1580 2856 111 22 HENRY
1706 2856 42 21 ST.
1766 2856 84 23 HILL.

1284 2912 176 23 BUILDING
1491 2912 238 21 ALLOTMENTS
1761 2912 46 21 TO
1834 2912 45 21 BE

1545 2939 76 21 LET.

1302 2974 17 20 A
1346 2973 136 22 NUMBER
1501 2973 28 21 of
1543 2973 69 22 Town
1633 2973 71 22 Acres
1722 2973 25 21 in
1764 2972 39 23 the
1821 2976 62 20 most

1286 3005 49 17 jljL
1364 3000 111 22 desirable
1493 3000 119 22 situations
1628 2999 24 23 in
1670 2999 127 26 Britannia,
1814 3004 23 18 to
1853 3001 29 21 be

1284 3027 33 22 let
1333 3034 30 14 on
1382 3027 61 22 lease
1462 3034 24 15 or
1505 3027 127 25 otherwise*
1650 3027 46 22 and
1715 3027 45 22 will
1780 3027 29 22 be
1828 3027 53 22 sub-

1285 3053 91 23 divided
1386 3057 22 19 to
1418 3054 45 24 suit
1475 3057 97 19 tenants.
1602 3054 68 22 Plans
1686 3053 46 23 and
1748 3054 133 28 particulars

1284 3089 52 20 may
1345 3081 28 22 be
1383 3080 75 24 learnt
1468 3088 28 15 on
1506 3081 138 28 application
1654 3084 23 18 to

1581 3114 112 23 HENRY
1707 3114 43 23 ST.
1766 3114 86 22 HILL.

1312 3141 125 27 Britannia,
1449 3142 51 21 Oct.
1510 3142 63 22 1840.

1286 3196 93 49 THE
1402 3196 157 27 Undersigned
1577 3196 58 22 have
1654 3196 70 22 Town
1744 3196 72 22 Acres
1834 3196 47 22 and

1360 3223 101 27 portions
1480 3224 28 21 of
1524 3230 62 15 acres
1604 3226 23 19 to
1641 3223 33 22 let
1686 3223 24 22 in
1730 3222 30 23 all
1777 3227 61 24 parts
1857 3223 27 22 of

1285 3250 124 22 Britannia.
1439 3250 48 22 The
1497 3253 69 20 terms
1576 3250 45 22 will
1630 3250 28 22 be
1665 3250 67 28 given
1740 3257 61 21 upon
1809 3250 73 28 appli-

1286 3278 83 22 cation.

1497 3304 133 22 HANSON
1640 3304 46 22 and
1696 3303 156 23 ALZDORF.

1313 3330 87 28 Petoni,
1413 3331 60 27 Sept.
1482 3332 36 26 29,
1531 3332 61 20 1840.

1284 3385 175 22 BUILDING
1477 3385 238 21 ALLOTMENTS
1738 3385 45 21 TO
1801 3385 78 21 LET.

1287 3419 91 33 rpHE
1397 3419 202 22 ADVERTISER
1613 3419 66 21 offers
1696 3425 60 20 upon
1773 3419 108 28 Building

1278 3441 44 28 .JL
1361 3446 90 25 Leases,
1463 3453 13 14 a
1484 3445 96 22 number
1591 3445 26 22 of
1628 3445 69 22 Town
1707 3445 138 23 Allotments
1854 3447 26 23 in

1286 3473 37 22 the
1332 3476 60 19 most
1401 3472 109 23 desirable
1520 3476 61 24 parts
1592 3472 25 22 of
1629 3472 43 22 this
1682 3472 141 23 Settlement.

1312 3500 48 22 The
1379 3499 110 22 attention
1507 3499 27 22 of
1551 3499 38 22 the
1606 3499 75 28 public
1699 3500 18 21 is
1733 3500 148 29 particularly

1286 3527 70 22 called
1376 3530 23 18 to
1419 3526 39 23 the
1475 3526 126 27 advantage
1620 3526 26 22 of
1663 3526 109 28 Building
1787 3527 93 29 Leases,

1286 3554 72 23 which
1369 3553 37 22 the
1416 3553 153 28 undersigned
1578 3554 18 21 is
1607 3553 95 22 enabled
1712 3558 25 18 to
1745 3558 72 23 grant,
1826 3555 53 27 viz.,

1284 3581 59 23 from
1353 3588 70 15 seven
1433 3584 23 18 to
1473 3584 138 24 twenty-one
1629 3587 72 21 years,
1719 3581 121 29 according
1856 3586 23 19 to

1286 3608 37 22 the
1341 3608 66 23 value
1426 3607 28 22 of
1473 3607 38 23 the
1534 3607 115 27 buildings
1670 3608 111 28 proposed
1804 3612 23 19 to
1851 3610 29 22 be

1286 3635 98 24 erected.

1532 3660 25 23 F.
1573 3661 29 22 A.
1618 3661 233 24 VO.LESWGRTH.

1515 3718 46 21 TO
1575 3718 78 25 LET,

1286 3751 120 50 TOWN
1422 3751 107 27 ACRES,
1544 3753 41 20 394
1600 3751 45 22 and
1658 3753 50 20 395.
1737 3751 46 24 For
1792 3751 91 24 further

1360 3779 141 28 particulars,
1514 3779 94 27 enquire
1619 3779 27 21 of

1461 3813 25 23 T.
1503 3813 34 22 M.
1554 3813 184 22 PARTRIDGE
1749 3812 45 22 and
1805 3812 47 23 CO.

1513 3869 45 21 TO
1573 3869 77 24 LET,

1286 3902 120 33 rpOWN
1423 3902 105 26 ACRES,
1544 3902 40 21 245
1599 3900 45 23 and
1658 3902 54 21 392..
1736 3900 45 21 For
1793 3900 88 22 further

1292 3923 30 28 JL
1363 3928 140 29 particulars,
1523 3928 93 28 enquire
1635 3930 23 19 at
1678 3927 37 22 the

1285 3955 79 22 Office.
1644 3951 21 25 \

1906 116 157 49 HAND
2076 116 27 22 T.
2119 117 87 21 COOK
2221 117 58 22 have
2296 118 104 23 received
2413 119 31 28 by
2460 119 41 22 the

2011 143 47 22 late
2068 143 93 22 arrivals
2170 143 126 23 additional
2306 145 76 27 goods,
2399 146 47 22 and
2462 150 44 19 are'

1907 169 97 22 enabled
2012 174 24 17 to
2049 170 56 21 offer
2121 173 24 18 to
2159 170 39 22 the
2216 170 54 23 Port
2285 170 124 24 Nicholson
2425 174 77 27 public

1907 197 38 22 the
1955 197 205 22 undermentioned
2173 198 98 26 articles,
2288 198 69 28 being
2373 198 29 23 all
2420 200 28 22 of
2462 200 39 23 the

1907 224 49 21 best
1965 224 87 27 quality
2061 224 47 22 and
2116 224 78 22 lowest
2202 224 97 30 possible
2308 226 73 26 prices
2387 234 39 13 :~

1934 257 86 27 Butter,
2031 257 87 27 cheese,
2129 257 64 27 flour,
2208 257 47 23 rice
2274 258 56 27 (real
2340 259 89 28 Patna,)
2444 263 56 26 teas,

1907 284 123 27 chocolate,
2046 291 75 20 cocoa,
2138 284 78 27 coffee,
2232 285 82 27 always
2330 285 60 23 fresh
2403 287 97 28 ground,

1906 311 24 21 in
1943 318 45 21 any
2002 311 117 27 quantity;
2139 318 84 19 sugars,
2240 312 68 22 moist
2322 312 47 22 and
2384 313 60 28 loaf;
2467 318 35 19 to-

1907 338 88 27 baccos,
2006 337 134 28 Cavendish,
2151 337 137 28 negrohead,
2296 340 21 21 &
2322 339 57 28 shag
2386 348 5 19 ;
2407 341 94 28 pickles,

1907 372 90 19 sauces;
2012 365 121 27 preserved
2141 365 71 26 fruits,
2228 372 72 21 soups,
2318 366 53 22 and-
2381 371 78 25 meats,
2476 369 26 22 in

1908 391 113 23 excellent
2031 391 115 23 condition
2154 399 5 19 ;
2173 392 73 27 prime
2255 393 87 22 bottled
2348 395 100 21 mustard
2455 395 47 23 and

1908 425 66 21 curry
1992 418 97 28 powder,
2105 418 104 22 almonds
2227 419 45 22 and
2288 420 87 28 raisins,
2390 426 112 24 currants,

1907 445 80 32 spices,
1997 445 81 27 starch,
2088 445 60 28 bluo,
2158 446 81 27 paints,
2255 447 87 22 linseed
2358 447 36 28 oil,
2409 452 94 25 turpen-

1908 476 53 23 tine,
1973 472 45 22 and
2028 480 67 19 every
2104 472 135 28 description
2254 473 26 22 of
2294 475 111 26 groceries
2412 483 6 18 ;
2437 476 66 22 boots

1908 499 44 22 and
1962 498 72 28 shoes,
2046 506 59 20 men,
2116 506 95 21 women,
2229 500 46 22 and
2289 501 120 23 childrens'
2416 510 6 19 ;
2442 503 61 22 duck

1908 525 44 23 and
1971 526 68 28 fancy
2056 529 115 23 trowsers;
2192 531 94 23 regatta,
2312 528 47 27 red,
2383 529 46 21 and
2449 529 53 22 blue

1907 552 67 22 shirts
1983 561 6 19 ;
2013 553 81 22 lamb's
2111 553 58 22 wool
2192 553 57 22 ditto
2260 562 5 18 ;
2295 554 60 22 cloth
2379 563 53 20 caps
2455 557 47 22 and

1904 579 95 28 jackets,
2024 583 66 19 straw
2107 579 55 28 hats,
2182 581 79 26 prints,
2286 581 99 23 checked
2404 586 96 25 cottons,

1909 607 92 22 Madras
2020 607 161 26 neckerchiefs,
2200 607 71 22 welch
2287 608 93 27 flannel,
2397 617 104 21 canvass,

1907 633 121 28 dungaree,
2039 633 107 28 muskets,
2156 641 66 20 guns,
2232 634 91 27 powder
2332 636 46 21 and
2387 636 57 28 shot,
2455 639 47 20 and

1908 667 68 20 many
1987 660 65 22 other
2061 660 75 27 things
2145 664 37 18 too
2192 668 122 15 numerous
2323 666 24 18 to
2357 663 93 28 specify.

1934 694 32 23 H.
1977 694 46 23 and
2032 694 27 23 T.
2070 694 24 23 C.
2109 694 57 23 have
2177 694 48 23 also
2235 703 28 14 on
2274 696 61 21 hand
2345 704 29 14 an
2385 698 117 22 extensive

1907 725 135 18 assortment
2067 722 27 21 of
2116 723 168 27 ironmongery,
2307 723 106 29 crockery
2434 732 67 20 ware,

1907 748 59 27 glass
1976 756 65 20 ware,
2056 748 44 23 and
2111 749 94 22 window
2215 750 64 26 glass,
2296 750 82 28 always
2387 752 69 26 ready
2467 752 36 22 for

1908 775 133 27 inspection.

1909 836 221 26 WHOLESALE
2159 839 127 24 PRICES
2319 839 181 25 CURRENT.

1978 876 134 16 CORRECTED
2128 877 27 15 UP
2170 877 29 14 TO
2216 878 83 14 FRIDAY
2314 878 111 14 EVENING.

2288 902 17 12 s.
2329 898 18 15 d.
2441 903 15 11 a.
2482 903 21 12 n.

1908 916 65 22 Ale:
1990 915 26 23 In
2027 917 76 27 bottle,
2119 917 116 28 perdoz..
2253 920 13 20 0
2283 920 26 19 16
2336 921 14 18 0
2368 934 18 5 ..
2404 922 14 18 0
2446 921 14 20 0
2488 922 14 18 0

1990 943 86 22 Hewitt
2086 945 45 21 and
2141 944 82 22 Field's
2233 961 5 6 .
2255 946 12 21 7
2295 948 13 19 0
2336 948 14 19 0
2368 960 18 6 ..
2405 946 12 21 7
2434 947 26 20 10
2487 948 15 20 0

1908 971 113 22 Arrack:
2038 971 43 21 Per
2090 971 74 28 gallon
2255 974 13 19 0
2296 974 13 19 3
2337 974 81 20 6..0
2446 975 14 19 0
2487 978 15 20 0

1908 998 80 21 Bread
1996 1005 5 13 :
2019 997 43 22 Per
2070 998 44 22 21b.
2128 998 48 22 loaf
2255 1001 14 19 0
2298 1000 9 21 1
2337 1002 82 19 0..0
2446 1002 14 19 0
2488 1002 16 19 0

1908 1025 73 21 Beef:
1998 1024 77 28 Fresh,
2095 1033 89 14 carcase
2201 1033 40 21 per

2026 1052 23 21 lb
2252 1055 14 20 0
2296 1055 8 20 1
2335 1055 14 20 0
2366 1068 19 6 ..
2403 1056 14 19 0
2445 1056 14 19 0
2486 1056 17 19 0

1908 1079 106 22 Butter:
2032 1079 64 27 Irish,
2107 1087 40 20 per
2155 1080 29 21 lb.
2218 1082 50 20 ..0
2298 1082 8 19 1
2336 1082 15 20 4
2369 1095 18 6 ..
2404 1084 15 19 0
2449 1082 9 21 1
2477 1082 27 21 10

2030 1106 69 23 Fresh
2255 1110 13 19 0
2295 1109 13 20 3
2336 1110 14 19 6
2369 1123 18 4 ..
2405 1110 13 19 0
2446 1110 14 19 0
2487 1110 15 19 0

1908 1133 97 23 Brandy
2013 1141 5 13 :
2035 1133 59 22 First
2100 1134 93 27 quality,
2202 1142 39 20 per

2058 1160 75 26 gallon
2254 1164 13 19 0
2282 1162 23 21 11
2336 1163 14 20 0
2368 1176 17 5 ..
2405 1166 13 17 U
2435 1164 25 19 14
2488 1165 14 19 0

1909 1186 86 22 Brown
2014 1187 75 22 Stout
2097 1195 5 14 :
2128 1187 113 24 Truemau

2146 1214 45 22 and
2199 1216 38 21 Co.
2255 1216 12 21 7
2295 1217 14 19 0
2335 1217 15 20 0
2367 1230 18 6 ..
2404 1217 12 20 7
2433 1217 27 20 10
2487 1218 15 19 0

1908 1241 87 22 Cigars
2003 1249 5 14 :
2021 1240 103 28 Manilla,
2133 1249 38 19 per
2180 1244 59 25 1000,
2254 1244 15 19 4
2296 1244 14 19 4
2337 1244 15 20 0
2368 1257 18 6 ..
2404 1245 15 19 S
2447 1246 13 18 0
2488 1247 15 17 D

2018 1268 97 22 Inferior
2254 1271 13 20 2
2295 1271 14 20 0
2336 1272 14 19 0
2368 1284 5 5 .
2380 1284 7 5 .
2404 1272 14 20 0
2446 1272 14 20 0
2488 1272 16 19 0

2020 1295 219 28 Havannah,perlb.
2255 1298 13 20 0
2285 1298 24 19 14
2337 1299 13 19 0
2368 1291 18 26 .'.
2405 1300 13 19 0
2446 1299 14 20 0
2488 1300 16 19 0

2017 1322 128 22 Chinsurah
2255 1326 13 19 2
2284 1325 25 20 10
2337 1326 14 19 0
2369 1338 17 6 ..
2405 1326 13 20 0
2446 1326 14 19 0
2488 1327 13 19 0

2016 1349 157 23 Alexandrian
2256 1352 7 20 1
2282 1352 26 20 10
2336 1353 14 20 0
2367 1366 18 5 ..
2404 1353 13 20 0
2446 1353 16 20 Q
2488 1353 14 20 0

1908 1376 88 23 Coffee
2004 1385 6 14 :
2020 1377 65 25 Java,
2096 1385 41 19 per
2145 1377 22 22 lb
2254 1380 14 20 0
2297 1380 10 20 1
2336 1380 13 19 3
2368 1393 20 6 ..
2404 1380 16 20 0
2449 1380 6 19 I
2488 1381 13 18 6

1908 1404 103 21 Cheese:
2028 1404 107 22 Cheshire
2254 1407 14 20 0
2298 1407 7 20 1
2335 1407 14 20 3
2368 1420 19 6 ..
2405 1407 13 20 0
2450 1407 5 20 1
2477 1407 25 20 10

2027 1431 55 22 Pine
2093 1431 73 28 Apple
2255 1434 14 19 0
2298 1434 8 20 1
2336 1434 83 20 4..0
2446 1435 14 19 2
2488 1435 15 19 0

1908 1458 106 22 Candles
2021 1465 6 14 :
2035 1458 94 27 English
2138 1466 56 19 wax,
2201 1467 40 19 per

2054 1485 22 21 lb
2253 1488 14 20 0
2295 1487 13 21 2
2322 1488 28 20 10
2368 1501 17 6 ..
2404 1489 14 19 0
2446 1489 14 18 3
2487 1489 15 19 0

2040 1512 81 22 Mould
2253 1515 14 19 0
2296 1515 9 19 1
2335 1516 83 20 0..0
2448 1516 8 19 1
2486 1516 15 20 4

1908 1538 91 23 Flour:
2009 1540 35 20 Ist
2048 1540 219 27 quality,pertan.37
2295 1543 13 19 0
2333 1543 17 19 O
2368 1543 50 20 ..40
2446 1544 14 18 0
2488 1544 15 18 0

2008 1566 46 22 2nd
2065 1566 56 22 ditto
2241 1569 26 19 35
2296 1571 13 18 0
2336 1570 82 20 0..^)
2446 1571 14 19 0
2487 1571 16 19 0

1908 1593 61 22 Gi:
1991 1592 53 22 Pale
2254 1597 13 19 0
2294 1597 13 19 5
2336 1597 13 19 6
2367 1610 18 6 ..
2404 1598 12 19 0
2445 1597 14 19 9
2488 1599 13 19 0

1990 1620 63 27 Case,
2068 1622 13 20 3
2096 1621 86 26 gallons
2192 1623 45 20 4-5.
2256 1623 8 19 1
2295 1625 13 19 0
2336 1625 14 19 0
2368 1637 5 6 .
2380 1637 5 5 .
2404 1625 13 19 0
2446 1625 14 19 0
2488 1625 13 19 0

1908 1647 71 22 Hams
1986 1655 7 13 :
2006 1647 131 28 Yorkshire,
2153 1656 39 20 per
2202 1649 23 21 lb
2234 1665 4 5 .
2254 1651 13 19 0
2297 1651 51 20 11
2368 1665 6 5 .
2380 1665 6 5 .
2405 1652 13 20 0
2448 1651 8 20 1
2488 1653 14 18 0

1908 1674 115 22 Mustard
2031 1682 8 15 i
2054 1674 42 22 Per
2104 1675 70 22 dozen
2255 1677 10 20 1
2295 1679 13 19 8
2336 1680 82 19 0..0
2446 1679 14 19 0
2487 1680 15 19 0

1908 1701 101 23 Mutton
2018 1709 6 14 :
2046 1702 93 22 Carcase
2150 1710 39 20 per
2198 1703 24 22 lb
2233 1720 4 4 .
2253 1705 14 19 Q
2295 1707 15 18 0
2336 1706 13 20 9
2368 1719 5 5 .
2380 1719 5 5 .
2404 1707 14 19 0
2448 1705 8 20 1
2488 1707 13 19 0

1908 1728 126 22 Muskets:
2048 1729 93 21 Walnut
2147 1730 92 22 stocked
2256 1731 9 21 1
2295 1733 13 19 0
2336 1734 14 19 0
2368 1747 16 4 ..
2406 1733 9 20 1
2446 1733 12 19 S
2487 1734 14 18 0

1908 1755 79 22 Milk.
2004 1755 44 22 Per
2053 1756 49 27 pint
2254 1759 16 19 0-
2295 1761 13 19 0
2335 1760 13 20 3
2367 1773 18 5 ..
2404 1761 14 19 0
2445 1761 13 18 0
2488 1762 14 18 0

1908 1783 57 21 On.:
1981 1783 105 26 Linseed,
2098 1791 33 20 pel
2145 1784 76 27 giiMc-n
2233 1801 3 5 .
2253 1787 13 18 0
2295 1787 15 20 (J
2336 1788 81 18 ()-..()
2446 1788 12 18 8
2487 1788 13 18 C

1983 1810 208 28 lilack.incasfe.pri
2202 1813 65 21 ivi.l^
2296 1817 13 17 0
2336 1814 13 20 0
2368 1828 17 5 ..
2446 1818 13 16 v
2487 1819 15 16 v

1909 1837 76 22 Pork:
2001 1837 76 28 Fresh,
2095 1845 91 15 carcase
2200 1846 40 20 per

2026 1864 23 22 lb
2251 1867 14 20 0
2294 1868 13 20 0
2335 1868 49 25 6J..
2402 1869 14 19 0
2444 1868 14 20 0
2486 1868 17 20 &

1908 1891 77 22 Pork:
2002 1891 66 26 Irish,
2079 1899 40 20 per
2129 1892 75 23 barrel
2215 1908 19 5 ...
2252 1894 13 20 5
2294 1895 13 20 0
2335 1896 13 19 0
2367 1909 17 5 ..
2403 1896 13 20 0
2444 1896 14 19 0
2487 1896 16 19 G-

1908 1919 119 22 Potatoes
2061 1919 56 22 New
2132 1919 107 28 Zealand,

2085 1954 41 19 per
2135 1950 36 19 too
2187 1948 79 21 ...ao
2293 1950 15 19 0
2335 1950 15 19 0
2366 1950 51 19 ..15
2445 1951 14 18 0
2487 1952 16 18 to

1909 1973 93 21 Porter
2011 1980 7 14 j
2048 1973 104 27 Dtuibar,
2161 1974 22 21 iii
2193 1974 45 21 bot.

2076 2001 91 25 perdoz
2253 2003 13 19 0
2282 2003 26 20 14
2335 2004 14 19 0
2366 2017 18 5 ..
2404 2005 13 19 0
2432 2004 27 19 16
2487 2006 17 17 U

1908 2026 105 20 Pickle*'
2017 2032 9 14 i
2056 2026 115 25 Assorted,
2201 2034 41 18 per

2081 2050 57 25 doz.,
2162 2055 77 22 quarts
2255 2053 10 19 1
2295 2053 14 20 8
2336 2054 14 19 0
2368 2067 18 5 ..
2408 2053 7 21 I
2434 2054 26 20 16
2488 2055 17 19 O

1908 2076 73 22 Pitch
1996 2083 5 14 :
2034 2076 137 28 Stockholm,
2202 2086 40 19 per

2058 2103 85 23 barrel.
2256 2107 8 19 1
2284 2107 24 19 15
2336 2108 14 20 0
2368 2121 17 5 ..
2408 2108 6 20 1
2436 2109 23 19 KS
2488 2109 17 19 .

1911 2131 77 21 Plank
1998 2138 4 14 :
2031 2129 54 23 Port
2108 2131 131 28 Nicholson,

2058 2165 40 20 per
2108 2160 40 20 100
2156 2159 46 22 feet
2216 2175 18 5 ..
2254 2161 13 20 0
2283 2161 25 21 18
2336 2162 14 20 0
2367 2175 18 6 ..
2408 2162 5 20 1
2434 2162 26 20 10
2487 2162 18 20 0.

2030 2185 122 27 Hokianga
2255 2188 12 20 2
2295 2189 13 19 5
2336 2189 14 20 0
2368 2202 18 6 ..
2404 2190 13 19 2
2435 2190 25 19 10
2488 2190 14 19 0

1908 2211 70 23 Rice:
1991 2212 109 22 Common
2110 2220 40 21 per
2156 2218 49 17 cwt.
2218 2229 17 5 ..
2256 2216 11 19 1
2297 2216 10 21 1
2336 2217 14 20 0
2368 2230 18 6 ..
2408 2218 6 19 1
2434 2216 26 21 10
2488 2218 14 19 0

1990 2239 67 22 Good
2255 2243 7 20 1
2282 2243 26 20 JO
2335 2244 14 20 0
2367 2258 18 5 ..
2402 2244 14 21 2
2444 2244 15 20 0
2487 2245 15 20 0

1908 2267 67 21 Rum:
1995 2267 22 21 P.
2028 2267 26 21 B.
2068 2267 31 24 P.,
2115 2267 55 28 duty
2184 2268 55 27 free,

2015 2301 41 20 per
2065 2294 75 26 gallon
2253 2298 14 19 0
2294 2297 13 20 5
2335 2298 20 19 6.
2367 2311 18 6 ..
2404 2299 14 20 0
2433 2298 26 20 13
2486 2299 16 20 0

1907 2322 88 21 cSijuak:
2013 2321 120 22 Mauritius
2141 2329 40 20 per
2188 2327 49 17 cwt.
2255 2325 9 20 1
2282 2325 25 20 15
2336 2326 14 19 0
2366 2326 50 20 .--2
2444 2325 14 20 5
2486 2326 19 20 O

2016 2348 81 21 Brown
2253 2352 13 20 0
2294 2353 13 20 0
2335 2353 77 20 0..J
2444 2352 14 21 8
2486 2354 15 19 0

2017 2375 97 22 Refined
2131 2375 51 28 loaf,
2202 2384 40 20 per

2042 2403 25 21 lb
2253 2406 14 20 0
2295 2407 15 20 Q
2336 2406 13 21 8
2368 2420 17 6 ..
2404 2408 14 20 0
2444 2407 61 20 Oft

1908 2430 72 21 Salt:
1997 2429 127 28 Liverpool,
2135 2438 40 20 per
2184 2435 40 18 ton
2233 2448 4 6 .
2253 2433 14 20 6
2295 2434 17 20 0-
2335 2435 14 19 0
2367 2435 51 20 ..10
2446 2435 14 20 0
2487 2436 15 19 0

1908 2457 59 22 Soap
1976 2465 5 13 :
2009 2457 103 22 Hawcs's
2136 2458 103 28 London,

2035 2492 40 20 per
2082 2488 39 18 ton
2237 2488 30 20 42
2294 2488 16 21 Ot
2335 2489 14 20 0
2367 2502 5 5 .
2380 2502 4 5 .
2390 2489 27 20 GO
2446 2489 14 20 0
2487 2490 18 19 0=

1908 2512 105 21 Starch:
2030 2511 42 22 Per
2081 2512 30 21 lb.
2255 2516 13 19 0
2298 2516 8 19 1
2336 2516 15 20 9
2368 2530 18 5 ..
2404 2517 14 19 0
2446 2516 14 20 2
2488 2517 18 19 fr

1908 2538 144 23 Scantling:
2070 2540 41 21 Per
2119 2542 40 20 100
2167 2540 69 23 feet..
2255 2543 13 20 0
2285 2543 24 20 18
2337 2543 14 20 0
2368 2557 18 5 ..
2406 2543 10 21 1
2446 2543 13 20 5
2488 2544 17 20 a

1908 2566 128 22 Shingles:
2054 2566 42 23 Per
2104 2569 54 20 1000
2218 2583 17 9 ...
2256 2570 9 20 1
2284 2570 26 20 10
2337 2571 14 19 0
2369 2584 18 5 ..
2406 2571 12 20 2
2446 2571 14 19 5
2488 2572 15 18 0

1907 2594 50 21 Tau
1965 2610 5 5 .
1986 2594 55 21 Coal
2256 2597 52 20 115
2337 2599 50 19 0..
2406 2599 14 19 0
2448 2599 14 19 0
2489 2599 14 19 0

1990 2621 129 22 Stockholm
2256 2625 12 19 2
2297 2626 13 20 0
2338 2625 82 21 0..2
2447 2625 13 20 5
2489 2626 14 19 0

1907 2647 63 23 Tea:
1988 2648 90 27 Hyson,
2089 2656 39 20 per
2138 2649 63 23 chest
2218 2651 50 21 -.10
2296 2653 14 20 0
2337 2653 14 20 0
2369 2653 47 20 ..11
2435 2652 23 21 11
2489 2653 15 19 0

1907 2674 120 23 Tobacco:
2042 2675 142 29 Negrohead,
2204 2683 38 20 per

2069 2702 22 22 lb
2256 2706 16 20 0
2299 2706 8 20 1
2338 2707 15 19 4
2370 2720 18 5 ..
2407 2707 14 20 0
2448 2707 14 19 2
2491 2707 15 20 a

1908 2728 166 24 Turpentine:
2091 2730 42 21 Per
2138 2730 99 27 gallon..
2257 2733 14 19 0
2298 2733 13 20 8
2339 2734 14 20 6
2371 2747 18 5 ..
2408 2735 14 19 0
2449 2735 14 19 0
2490 2735 16 20 O1O
2505 2740 2 9 1

1908 2755 164 23 Whalebone:
2089 2756 43 22 Per
2141 2762 96 18 t0n....
2243 2759 27 21 80
2298 2761 14 19 0
2340 2761 14 20 0
2371 2774 18 6 ..
2408 2761 14 20 0
2450 2761 14 20 0
2491 2762 15 20 ft

1909 2783 82 23 Wine:
2007 2783 89 28 Sherry,
2109 2791 39 20 per
2157 2785 52 28 pipe
2220 2787 49 20 ..28
2298 2788 13 20 0
2340 2789 36 19 o*.
2383 2789 39 19 .40
2449 2789 14 19 0
2490 2789 16 19 ft

2018 2811 71 28 Ditto,
2105 2818 41 21 per
2159 2812 80 22 dozen.
2258 2815 7 20 1
2296 2815 14 21 4
2338 2816 14 20 0
2369 2829 18 5 ..
2406 2815 14 21 2
2449 2817 13 19 0
2489 2817 15 19 0

1910 2865 122 23 Poultry:
2048 2865 80 28 Fowls,
2136 2874 39 20 per
2181 2868 50 27 pair
2237 2884 5 5 .
2258 2869 14 21 0
2287 2869 25 21 10
2340 2871 14 19 0
2371 2883 18 5 ..
2408 2871 14 19 0
2449 2871 14 19 0
2491 2871 15 19 ft

2046 2893 85 27 Ducks,
2143 2894 56 22 ditto
2221 2909 5 6 .
2234 2910 4 5 .
2257 2897 14 19 0
2288 2896 23 21 15
2340 2897 14 20 0
2371 2910 5 6 .
2384 2911 5 5 .
2408 2898 14 19 0
2449 2898 14 19 0
2489 2898 17 19 ft

2048 2921 80 27 Geese,
2140 2921 55 23 ditto
2221 2937 5 5 .
2234 2937 4 6 .
2257 2923 54 21 015
2340 2924 14 20 0
2371 2937 5 5 .
2383 2938 6 6 .
2408 2924 14 20 0
2449 2924 13 20 0
2489 2924 17 21 ft

2046 2947 102 28 Turkeys
2257 2956 60 15 none
2326 2949 24 22 in
2361 2949 37 22 the
2408 2949 95 22 market.

2047 2975 105 27 Pigeons,
2162 2975 80 28 (wild,)

2074 3010 40 20 per
2124 3002 47 27 pair
2193 3017 46 6 ....
2258 3004 19 20 0,
2298 3004 14 20 3
2340 3005 82 20 0.-O
2449 3005 14 20 0
2490 3006 16 19 ft-

2046 3029 85 27 Ducks,
2140 3029 36 22 do.
2186 3029 40 22 do.
2234 3031 40 19 .ft
2298 3031 14 19 5
2340 3032 14 19 0
2370 3044 6 6 .
2383 3044 6 6 .
2407 3033 15 19 0
2448 3032 15 19 0
2489 3032 17 21 ft

1909 3055 76 23 Eggs:
2000 3056 44 23 Per
2053 3055 73 23 dozen
2256 3057 15 20 0
2297 3058 15 20 6
2338 3058 16 20 0
2369 3071 20 7 ..
2406 3059 15 20 0
2448 3059 14 20 0
2489 3059 17 20 O

1908 3109 78 22 Cows:
2002 3108 72 23 Milch
2242 3111 29 20 20
2297 3111 18 21 0,
2338 3112 16 20 0
2370 3112 51 21 ..30
2447 3113 20 20 0-
2488 3113 17 20 0

1910 3136 96 22 Mares:
2022 3135 76 23 Brood
2241 3138 34 21 sft-
2296 3139 18 20 0
2338 3139 18 21 0.
2370 3152 6 6 .
2383 3140 39 20 .90
2448 3140 15 20 0
2488 3140 18 20 ft

1908 3162 118 23 Working
2043 3163 119 22 Bullocks
2171 3170 5 14 :
2201 3163 43 23 Per

1934 3190 51 27 pair
2242 3192 29 21 40
2298 3193 14 20 0
2339 3193 15 21 0
2370 3193 52 22 ..60
2448 3194 15 20 0
2489 3194 17 20 ft

1909 3216 64 23 Hire
1983 3224 27 14 of
2021 3224 69 15 ditto
2097 3224 6 14 :
2120 3217 41 22 Per
2169 3217 52 28 day,
2230 3226 14 14 a

1935 3248 61 18 team
2006 3244 47 22 and
2060 3244 96 22 driver..
2164 3259 47 6 ....
2258 3246 10 21 1
2286 3246 29 23 Ift
2338 3248 16 20 0
2406 3248 14 21 2
2448 3248 14 20 0
2488 3248 18 21 ft

1908 3271 65 22 Boat
1983 3271 75 22 Hire:
2073 3271 44 23 Per
2122 3271 50 29 day,
2178 3272 64 23 with-

2101 3303 40 18 out
2151 3299 73 22 bands
2234 3316 5 6 .
2255 3301 55 22 010
2338 3302 14 21 0
2369 3316 6 6 .
2382 3315 6 7 .
2407 3302 9 21 1
2447 3303 15 20 0
2488 3302 18 21 ft

1908 3352 87 23 Wages
2002 3360 7 15 :
2037 3352 142 29 Mechanics,
2204 3362 41 20 per

2064 3380 95 23 week...
2256 3382 13 21 2
2284 3382 27 22 14
2338 3384 14 20 0
2369 3396 18 7 ..
2406 3384 14 21 3
2448 3384 14 20 6
2489 3384 14 21 0

2046 3408 125 23 Labourers
2256 3410 12 20 I
2284 3410 26 21 10
2336 3411 83 20 0..v2
2447 3412 14 19 2
2488 3412 18 19 ft

1929 3466 38 17 The
1980 3466 48 17 New
2039 3467 98 16 Zealand
2149 3467 92 16 Gazette
2253 3466 42 19 will,
2307 3467 28 16 for
2346 3467 31 16 the
2389 3469 78 19 prese.nt,
2478 3468 25 17 be

1907 3487 95 22 published
2010 3488 74 21 weekly,
2093 3492 53 16 every
2154 3488 87 20 Saturday
2250 3488 90 20 morning.
2362 3488 23 17 So
2389 3493 43 12 soon
2441 3493 20 13 as
2466 3488 14 17 it
2485 3489 16 16 is

1907 3509 109 21 sufficiently
2023 3509 105 21 supported,
2138 3509 15 16 it
2159 3509 37 16 will
2208 3509 22 16 be
2237 3509 61 16 issued
2305 3510 129 20 semi-weekly.
2456 3510 45 16 Sub-

1905 3530 63 20 joined
1976 3534 30 12 are
2013 3530 32 16 the
2052 3532 56 14 terms
2114 3535 3 11 :

1929 3551 63 17 Price
2000 3555 24 13 of
2031 3555 41 13 the
2079 3551 75 16 Paper.
2176 3550 56 20 IJorty
2237 3550 85 21 shillings
2329 3554 32 18 per
2371 3556 76 14 annum,
2458 3556 47 17 pay--

1907 3572 40 17 able
1953 3572 20 17 in
1980 3572 90 19 advance;
2081 3576 20 12 or
2108 3575 35 12 one
2150 3571 76 20 shilling
2234 3572 26 15 Tor
2267 3571 57 20 single
2333 3573 91 16 numbers.

1929 3594 189 16 Advertisements.
2141 3592 31 17 Six
2183 3592 47 16 lines
2241 3593 36 15 and
2289 3593 69 18 undi-r,.
2364 3594 25 15 3s.
2398 3594 29 16 6;1.
2434 3594 28 16 for
2469 3593 30 17 the

1907 3614 40 17 first
1958 3614 98 19 insertion*
2065 3614 35 16 ami
2112 3617 35 12 one
2157 3613 77 20 shilling
2240 3613 27 16 for
2274 3613 43 16 each
2325 3615 111 19 subsequent
2443 3614 57 17 inser-

1907 3635 52 19 tiotui
1967 3635 49 17 from
2021 3635 33 17 six.
2058 3636 19 15 to
2084 3636 30 16 ten
2122 3634 58 19 lines,.
2183 3634 127 19 five-shillings
2322 3634 29 18 for
2362 3636 30 16 the
2406 3636 44 18 first,
2462 3635 36 16 and

1907 3660 34 13 one
1952 3656 76 20 shilling
2039 3655 36 18 ami
2086 3655 85 21 sixpence
2183 3655 28 16 for
2223 3655 43 16 each
2278 3656 112 20 subsequent
2401 3656 87 17 insertion
2495 3660 9 13 -.

1896 3689 2 10 ;
1907 3678 57 16 above
1974 3679 30 14 ten
2016 3677 54 18 linos,
2081 3676 35 18 five
2129 3675 84 21 shillings
2225 3676 27 16 for
2263 3676 30 16 ths
2305 3676 38 18 first
2355 3679 30 15 ten
2397 3677 54 19 lines,
2462 3677 41 17 and.

1897 3713 3 3 .
1907 3699 97 20 fourpence
2011 3702 32 16 per
2049 3697 39 18 line
2094 3697 27 16 for
2128 3697 31 17 the
2166 3700 64 13 excess
2237 3697 21 17 of
2267 3697 40 17 that
2315 3699 86 19 number;
2412 3699 37 15 and
2456 3700 47 14 two-

1897 3723 2 5 '
1907 3723 57 18 pence
1970 3723 32 19 ger
2008 3719 39 18 line
2053 3719 28 16 for
2088 3718 45 17 each
2140 3718 113 20 subsequent
2260 3718 94 18 insertion.

1929 3740 156 18 Advertisements
2093 3739 75 17 will.not
2174 3743 67 17 appear
2251 3739 25 18 in,
2282 3739 32 18 the
2324 3739 81 22 ensuing
2415 3740 88 18 number,.

1907 3761 17 18 if
1932 3761 82 18 received
2021 3761 50 18 later.
2074 3760 50 18 than.
2131 3760 70 20 Friday,
2215 3761 19 16 10
2245 3760 74 19 o'clock,
2330 3765 43 13 a.m.
2394 3760 109 18 Advertise-

1907 3786 60 13 ments
1975 3782 36 18 will
2018 3782 23 16 be
2048 3780 99 20 continued
2153 3781 35 16 and
2195 3780 79 21 charged
2279 3781 47 17 until
2331 3782 171 18 counter-ordered;-

1907 3803 45 17 such
1959 3803 52 16 order
2018 3804 52 16 must
2075 3803 22 16 be
2105 3803 41 15 sent
2152 3803 19 15 to
2178 3801 31 17 the
2215 3802 55 17 Office
2277 3803 51 17 three
2336 3803 44 20 days
2386 3803 62 17 before
2455 3803 44 21 pub-

1907 3824 80 18 lication,
1995 3824 36 16 and
2039 3824 49 16 must
2095 3823 22 16 be
2125 3822 19 16 in
2152 3822 80 21 writing.

1929 3844 28 16 All
1966 3844 66 18 orders,
2044 3843 158 19 advertisements,
2215 3844 36 16 and
2262 3843 163 18 communications
2437 3846 19 14 to
2467 3843 37 18 the:

1908 3865 68 18 Editor,
1984 3869 30 12 are
2021 3864 96 19 requested
2125 3866 18 15 to
2150 3865 22 17 be
2178 3865 99 17 addressed
2284 3866 19 15 to
2310 3865 37 16 this
2354 3865 61 17 Office.
