2480 3830
1483 166 101 18 BIRTHS.

1281 201 118 20 Gorton.—
1403 202 92 24 January
1505 202 31 22 30,
1547 203 21 19 at
1575 202 131 24 Woodstock,
1715 202 35 20 the
1760 201 46 21 wife

1307 234 21 18 of
1337 233 33 19 Mr
1378 234 23 19 0.
1413 233 87 23 Gorton,
1507 233 23 19 of
1539 233 129 25 a'Saughter.

1283 269 66 20 Nei,i<.
1350 280 23 4 —
1375 270 94 23 January
1480 270 32 23 31,
1522 271 21 18 at
1553 270 58 19 West
1625 271 84 23 Oxford,
1718 271 36 20 the
1763 270 46 21 wife

1302 301 28 19 ;of
1339 301 32 18 Mr
1381 301 78 24 George
1469 301 52 22 Nell,
1531 301 22 19 of
1563 308 12 12 a
1586 307 50 17 son..

1466 338 148 19 MARRIAGE.

1282 373 94 20 Milne—
1381 374 131 20 Garrett.--
1517 374 100 26 February
1635 377 18 21 3,
1670 377 23 18 at
1707 376 36 19 the
1761 375 48 20 resi-

1307 405 64 19 dence
1381 405 20 19 of
1413 405 35 20 the
1458 406 73 19 bride's
1548 406 74 24 father,
1632 407 68 19 North
1717 406 92 20 MoeraM

1308 437 82 24 Downs,
1403 437 27 24 by
1440 437 35 19 the
1484 437 48 20 Rev.
1545 438 23 18 D.
1583 438 24 19 D.
1620 438 86 24 Rodger.
1716 438 93 20 Thomas

1309 468 72 23 Miln6,
1391 469 22 18 to
1422 468 69 23 Ellen,
1506 468 100 24 daughter
1616 470 21 17 of
1646 469 26 19 D.
1683 466 90 22 Garrett.

1285 503 117 21 Selt,ahs—
1404 504 89 20 Cooper.
1497 515 23 3 —
1521 503 105 26 February
1643 505 18 21 5,
1672 506 22 18 at
1704 505 34 19 the
1754 505 56 19 Wes-

1309 535 61 24 leyan
1388 534 85 26 Chapel,
1493 536 126 22 Horrelville,
1636 536 26 23 by
1681 536 35 19 the
1724 536 51 19 Rev.
1789 536 21 19 J.

1308 566 27 20 H.
1346 566 62 24 Gray,
1419 567 84 19 Samuel
1514 567 82 23 Sellars,
1606 568 21 18 to
1637 567 65 24 Lucy,
1709 566 101 25 daughter

1310 598 21 18 of
1340 598 20 18 J.
1370 598 85 23 Oooper.
1466 597 58 21 Gust.

1313 659 109 76 Oxford
1440 659 54 76 and
1512 659 72 76 Cust
1602 659 163 76 Obserber.

1366 735 187 18 PUBLISHED
1573 735 155 21 WEEKLY.

1339 787 164 24 SATURDAY,
1524 788 124 20 February
1657 788 19 23 8,
1693 788 59 20 1890.

1317 854 30 23 In
1359 854 42 24 the
1418 862 84 17 course
1514 854 25 25 of
1548 863 13 14 a
1573 863 72 22 paper
1659 855 57 23 read
1733 857 26 22 at
1770 854 41 25 tlie

1285 898 80 22 recent
1377 905 139 17 conxerence
1528 897 24 24 of
1568 897 132 24 Chambers
1707 897 27 25 of
1739 897 72 25 Com-

1286 947 84 20 merce,
1383 939 40 23 Mr
1436 939 73 25 Stead
1517 939 76 31 urged
1611 948 65 16 some
1697 932 117 38 powerful

1288 983 140 30 arguments
1441 982 28 24 m
1495 982 69 24 favor
1591 982 26 24 of
1641 983 170 30 immigration.

1287 1025 45 25 We
1343 1032 100 22 propose
1450 1026 26 23 to
1487 1025 58 23 offer
1554 1033 43 16 our
1608 1025 94 24 readers
1714 1033 32 15 an
1756 1033 57 16 ana-

1286 1066 18 23 h
1312 1067 33 24 sis
1368 1066 26 25 of
1408 1069 67 28 parts
1486 1067 27 24 of
1521 1067 42 24 the
1575 1075 80 23 paper,
1668 1068 47 23 and
1726 1068 21 23 if
1766 1076 46 22 any

1285 1109 98 31 apology
1398 1109 30 24 be
1444 1110 91 24 needed
1550 1110 37 24 for
1616 1110 59 24 such
1703 1111 108 30 seeming

1285 1153 65 23 want
1362 1152 27 24 of
1397 1152 145 31 originality,
1554 1160 36 16 we
1601 1152 71 24 think
1694 1160 34 16 we
1750 1153 61 23 need

1286 1195 55 30 only
1352 1195 67 30 point
1431 1196 25 22 to
1474 1195 41 23 the
1542 1195 149 30 importance
1719 1195 26 24 of
1770 1195 42 24 the

1288 1237 92 31 subject
1392 1237 49 24 and
1452 1238 41 23 the
1500 1237 85 31 ability
1594 1237 26 24 of
1625 1238 42 23 the
1676 1238 137 30 gentleman

1286 1280 54 23 who
1351 1280 93 23 treated
1452 1280 20 23 it
1484 1283 26 20 at
1526 1280 123 24 Dunedin.

1318 1322 40 23 Mr
1376 1322 75 25 Stead
1478 1331 54 22 says
1559 1323 55 24 that
1641 1323 43 24 the
1711 1331 101 22 average

1286 1365 109 31 working
1405 1373 60 16 man
1475 1366 22 23 is
1509 1366 104 30 opposed
1624 1368 24 21 to
1660 1366 92 24 further
1766 1367 45 22 im-

1284 1408 130 30 migration
1427 1409 100 23 because
1538 1407 31 24 he
1579 1407 84 25 thinks
1669 1408 21 24 it
1697 1408 49 24 will
1753 1409 57 23 tend

1286 1451 24 23 to
1322 1450 72 24 lower
1404 1449 40 25 his
1455 1458 85 22 wages.
1575 1451 49 23 But
1637 1450 46 24 :the
1705 1450 107 31 objector

1286 1493 122 24 overlooks
1420 1493 43 24 the
1479 1493 49 24 fact
1544 1493 54 24 that
1625 1500 68 24 every
1720 1491 93 26 worker

1284 1536 67 23 must
1363 1535 51 24 also
1425 1534 30 25 be
1462 1543 15 15 a
1486 1543 132 19 consumer,
1632 1543 26 16 so
1668 1535 60 27 that,
1738 1535 73 24 while

1286 1578 31 23 he
1330 1578 118 29 competes
1460 1576 165 31 undoubtedly
1632 1577 58 24 with
1701 1577 42 23 the
1754 1585 58 16 men

1287 1620 53 23 who
1351 1619 104 30 practise
1466 1618 40 24 his
1518 1627 53 15 own
1588 1620 76 27 trade,
1688 1619 31 24 he
1728 1620 83 22 stimu-

1286 1661 61 25 lates
1358 1661 43 25 the
1410 1661 141 30 induction
1563 1661 26 24 of
1601 1661 33 23 all
1656 1661 70 24 other
1747 1669 64 16 com-

1286 1704 114 25 modities
1411 1702 82 26 which'
1501 1703 32 25 he
1543 1703 108 31 requires
1661 1702 37 25 for
1709 1703 40 24 his
1759 1711 52 16 use.

1287 1747 76 28 Then,
1376 1748 48 27 too,
1437 1746 30 24 he
1479 1746 68 25 takes
1557 1746 39 24 his
1608 1746 71 24 share
1696 1745 27 25 of
1742 1747 68 23 taxa-

1286 1790 61 27 tion,
1361 1789 49 24 and
1420 1789 58 24 thus
1490 1788 99 25 reduces
1600 1789 32 24 its
1650 1790 101 22 amount
1772 1796 42 23 per

1288 1832 63 24 head
1363 1833 26 23 of
1396 1832 151 31 population.
1582 1831 129 28 Moreover,
1719 1831 95 31 inquiry

1286 1876 45 24 has
1352 1875 85 24 shown
1465 1874 54 24 that
1547 1874 120 24 countries
1693 1874 120 29 invaribly

1287 1926 66 22 grow
1375 1917 103 30 wealthy
1498 1917 27 23 m
1547 1917 139 30 proportion
1703 1919 25 21 to
1751 1916 62 24 their

1288 1959 148 31 population.
1463 1959 39 28 -If,
1514 1959 127 27 therefore,
1653 1958 43 27 the
1713 1961 98 21 conten-

1288 2002 48 23 tion
1348 2002 25 23 of
1382 2002 43 23 the
1436 2009 99 25 average
1547 2001 108 30 working
1670 2008 60 16 man
1751 2008 62 15 were

1288 2046 96 23 correct,
1397 2044 20 23 it
1429 2043 80 24 would
1519 2043 30 24 be
1560 2046 53 20 true
1625 2044 25 22 to
1668 2050 42 23 say

1286 2088 71 23 fewer
1368 2087 84 30 people
1463 2086 68 23 there
1543 2093 39 16 are
1593 2086 26 23 m
1629 2093 14 16 a
1651 2088 109 27 country,
1770 2085 42 24 the

1287 2137 65 17 more
1361 2136 144 24 prosperous
1516 2128 55 24 that
1583 2130 101 29 country
1694 2128 51 24 will

1286 2173 61 24 This
1357 2172 30 29 is,
1392 2171 39 30 'as.
1438 2171 90 25 Euclid
1538 2170 78 26 would
1626 2173 44 28 put
1687 2170 27 29 it,
1738 2178 15 16 a,
1759 2180 59 15 -re-:

1288 2217 78 23 ductio
1378 2216 33 23 ad
1420 2215 142 27 cibsurdum;
1574 2215 39 30 yet
1636 2213 50 24 this
1707 2213 105 31 position

1286 2258 21 24 is
1319 2257 152 24 maintained
1481 2256 32 32 by
1524 2264 72 24 many
1606 2256 108 31 political
1730 2255 83 31 speak-

1286 2309 37 16 ers
1335 2301 54 24 who
1401 2300 61 24 have
1472 2300 43 24 the
1526 2307 40 16 ear
1582 2299 27 25 of
1618 2307 42 17 our
1681 2299 83 30 people
1787 2300 26 23 at

1286 2346 104 29 present.
1441 2359 2 3 •

1318 2392 44 24 We
1372 2392 63 23 have
1453 2390 50 25 still
1519 2392 54 23 vast
1590 2392 75 22 tracts
1693 2389 26 24 of
1738 2391 72 22 waste

1285 2435 65 27 land,
1363 2434 97 31 waiting
1470 2434 37 23 for
1526 2432 89 31 capital
1626 2433 48 23 and
1696 2432 68 24 labor
1786 2433 25 22 to

1285 2477 72 25 make
1373 2477 70 23 them
1458 2476 110 24 valuable
1595 2477 25 22 to
1647 2475 43 23 the
1718 2474 92 31 colony.

1286 2520 45 25 We
1343 2528 46 15 can
1409 2519 95 24 neither
1526 2518 113 31 develope
1661 2525 45 17 our
1728 2519 84 29 export

1285 2563 65 24 trade
1361 2564 25 22 to
1397 2563 33 23 its
1441 2561 134 31 legitimate
1587 2561 87 28 extent,
1691 2568 46 16 nor
1757 2568 54 22 pro-

1285 2606 55 24 vide
1351 2613 32 16 an
1396 2604 160 30 encouraging
1566 2604 73 23 home
1660 2603 95 23 market
1776 2603 37 22 for

1286 2648 137 30 producers,
1436 2646 58 24 with
1505 2646 61 24 such
1584 2654 14 16 a
1620 2645 95 24 limited
1736 2652 75 23 popu-

1284 2690 75 25 lation
1374 2697 27 17 as
1416 2697 35 18 we
1472 2689 61 24 have
1556 2690 25 22 at
1603 2688 96 30 present
1720 2687 37 23 m.
1769 2686 42 24 the

1285 2733 100 30 Colony.
1430 2732 63 25 That
1550 2730 103 26 division
1681 2730 26 24 of

1284 2775 81 27 which
1376 2775 71 24 alone
1464 2782 57 17 can.
1532 2773 87 24 render
1640 2771 105 32 possible
1768 2772 40 23 the

1284 2826 42 16 use
1338 2818 26 24 of
1378 2817 136 31 high-class
1541 2815 148 33 machinery,
1717 2815 22 23 is
1766 2816 44 21 not

1283 2860 88 25 within
1382 2867 43 17 our
1436 2858 72 25 reach
1519 2858 65 23 until
1594 2865 36 16 we
1641 2858 63 23 have
1711 2865 15 16 a
1731 2864 77 23 popu-

1283 2904 76 25 lation
1370 2902 67 30 large
1448 2900 96 33 enough
1555 2901 26 23 to
1591 2899 99 31 provide
1705 2898 106 25 workers

1283 2946 27 25 m
1321 2953 68 24 every
1397 2944 93 26 section
1498 2942 49 25 arid
1554 2942 158 31 department.
1747 2941 63 27 Pub-

1282 2989 40 27 lic,
1332 2988 79 23 works
1432 2987 63 24 have
1517 2985 61 26 been
1588 2984 131 33 proceeded
1735 2984 73 27 .with,

1281 3029 80 25 which
1371 3036 40 16 are
1422 3029 36 22 far
1468 3027 27 23 m
1507 3028 106 23 advance
1625 3026 26 24 of
1660 3034 43 15 our
1724 3026 84 24 imme-

1283 3073 64 24 diate
1357 3071 75 26 needs
1441 3079 5 20 ;
1459 3071 41 26 the
1512 3069 58 31 only
1580 3077 54 25 way
1660 3077 27 16 as
1715 3071 39 29 yet
1782 3071 26 22 to

1282 3115 72 23 make
1365 3114 69 23 these
1441 3112 82 31 public
1544 3111 76 26 works
1640 3119 48 23 pay
1709 3112 101 23 interest

1283 3165 32 18 on
1326 3157 42 25 the
1380 3158 52 24 cost
1443 3155 26 25 of
1477 3154 166 30 construction
1653 3154 22 25 ia
1686 3156 26 22 to
1729 3155 44 29 put
1795 3161 15 16 a

1281 3202 80 29 pretty
1371 3200 77 29 heavy
1458 3203 43 19 tax
1512 3205 32 17 on
1556 3197 42 24 the
1609 3196 103 26 handful
1721 3196 27 25 of
1754 3204 54 25 peo-

1282 3243 39 31 pie
1332 3243 55 25 here
1397 3250 5 22 ;
1415 3241 80 30 while,
1507 3239 21 27 if
1537 3248 32 17 we
1580 3239 58 31 only
1648 3239 50 24 had
1710 3248 14 16 a
1741 3246 67 18 more

1282 3285 116 30 adequate
1413 3278 141 36 population
1577 3284 24 21 to
1623 3290 43 15 use
1688 3290 45 17 our
1754 3283 54 24 rail-

1281 3334 64 22 ways
1368 3326 47 25 and
1437 3325 43 26 the
1499 3325 56 28 like,
1568 3332 48 16 .-we
1638 3324 89 24 should
1728 3332 3 5 1
1749 3332 60 17 soon

1281 3369 73 32 begin
1369 3370 26 24 to
1413 3367 48 25 feel
1476 3368 41 23 the
1533 3366 139 31 lightening
1694 3366 27 24 of
1740 3367 70 24 taxa-

1281 3412 61 29 tion,
1364 3410 101 26 because
1486 3410 44 24 the
1552 3417 155 17 new-comers
1730 3408 79 26 would

1282 3453 68 25 make
1361 3460 42 18 use
1415 3452 24 26 of
1450 3453 70 26 these
1542 3451 115 27 comforts
1679 3452 49 24 and
1751 3459 57 19 con-

1280 3497 128 26 veniences
1420 3496 49 24 and
1481 3504 26 16 so
1519 3495 85 26 enable
1615 3495 69 27 them
1695 3497 25 24 to
1731 3503 48 24 pay
1794 3503 15 15 a

1283 3540 115 30 honafide
1410 3539 119 26 dividendi

1314 3586 50 25 Nor
1374 3586 22 26 is
1407 3586 20 26 it
1437 3586 141 24 reasonable
1589 3587 26 25 to
1630 3586 70 32 point
1721 3587 26 23 to
1769 3587 39 23 the

1307 3628 175 31 unemployed
1495 3628 47 25 and
1551 3636 43 23 say
1602 3636 35 17 :-—
1637 3629 44 23 JDo
1688 3636 49 23 you
1744 3629 65 23 want

1281 3671 26 25 to
1318 3670 46 26 add
1375 3673 26 24 tg
1416 3669 42 28 the
1481 3669 111 28 number,
1605 3670 27 25 of
1651 3671 67 26 thesp
1736 3677 55 16 men
1800 3671 10 23 ?

1281 3712 46 27 We
1344 3712 93 27 submit
1448 3711 55 28 that
1519 3713 38 27 for
1567 3713 43 26 the
1621 3713 67 30 right
1702 3713 62 27 class,
1787 3711 26 27 of

1889 162 157 33 immigrants
2057 160 69 28 there
2136 161 22 27 is
2169 160 85 35 plenty
2269 160 27 28 of
2316 160 104 35 employ*

1889 208 77 27 ment,
1990 209 26 21 at
2037 214 60 17 once
2114 205 98 32 lasting,
2229 206 189 28 remunerative,

1893 249 49 24 and
1963 248 140 25 honorable.
2215 249 102 31 entirely
2343 249 77 24 admit

1891 292 54 24 that
1961 291 42 24 the
2012 299 55 16 man
2078 291 53 25 who
2145 292 80 23 would
2246 292 89 31 import
2357 292 65 23 bank

1893 334 77 24 clerks
1976 333 88 25 should
2072 333 28 25 be
2109 334 92 24 ducked
2207 334 26 24 hi
2239 343 13 14 a
2261 334 72 24 horse
2336 334 73 31 -pond
2415 342 5 22 ;

1891 377 56 23 that
1958 376 42 24 the
2016 377 115 30 importer
2148 376 26 25 of
2199 384 48 23 any
2274 377 90 30 species
2392 376 28 25 of

1887 417 246 34 .quill-dfiver-^-even
2145 418 26 25 of
2178 426 15 16 a
2203 417 71 26 breed
2297 419 46 24 less
2363 426 57 17 use*

1892 463 48 22 less
1951 461 48 23 and
2008 459 152 26 ornamental
2168 458 62 26 than
2237 459 41 25 the

1893 517 33 5 —
1926 504 78 30 might
2017 503 53 25 well
2092 503 30 24 be
2143 503 108 31 pilloried
2262 512 6 21 ;
2291 510 36 17 we
2349 502 72 26 allow

1893 546 55 24 that
1959 554 35 16 we
2006 546 31 24 do
2048 548 43 23 not
2102 548 64 23 want
2187 546 104 24 laborers
2313 546 54 24 who
2389 546 31 23 do

1893 591 44 21 not
1950 597 69 15 mean
2030 590 25 22 to
2072 586 74 31 labor.,
2170 590 100 22 artisans
2291 588 56 24 who
2368 589 52 23 will

1893 633 42 21 not
1947 631 103 24 exercise
2061 631 62 24 their
2145 633 45 26 art,
2213 639 27 16 or
2260 639 48 23 any
2330 631 27 24 of
2376 631 42 24 the

1893 675 87 29 gentry
1990 673 54 23 who
2055 673 95 23 furnish
2171 681 16 15 a
2208 672 70 25 little,
2293 672 64 33 daily
2380 681 38 16 oc-

1893 715 111 30 cupation
2014 715 37 24 for
2058 715 42 24 the
2109 715 148 31 stipendiary
2264 716 155 30 magistrates

1893 757 26 25 of
1928 758 63 30 large
2009 759 77 23 towns
2099 759 25 22 at
2146 758 77 24 home.
2259 757 43 25 We
2324 758 31 25 do
2374 760 45 23 not

1893 803 64 20 want
1969 807 56 16 men
2036 800 54 23 who
2102 808 40 15 are
2153 801 88 22 broken
2252 800 27 23 m
2290 800 85 24 health
2391 809 28 16 or

1892 842 91 24 broken
1992 842 28 23 m
2030 842 131 24 character.
2250 839 88 27 loafers
2356 843 62 23 need

1893 884 79 31 apply.
2006 884 51 24 But
2067 884 36 24 for
2113 892 57 16 men
2181 884 25 26 of
2215 885 62 24 bone
2289 885 49 23 and
2352 892 65 17 mus-

1893 927 44 28 cle,
1949 927 36 24 for
2001 934 56 16 men
2074 927 26 24 of
2125 927 71 30 pluck
2223 927 47 25 and
2298 927 118 31 patience,

1893 969 66 25 there
1968 978 41 16 are
2020 969 84 24 homes
2114 969 27 24 m
2152 969 48 24 this
2210 969 59 25 land
2280 969 80 25 which
2375 978 42 17 are

1893 1012 106 30 howling
2010 1013 36 23 for
2057 1012 148 30 occupation.

1926 1054 25 23 It
1962 1054 20 23 is
1995 1062 30 16 no
2037 1054 174 24 contradiction
2226 1054 26 24 of
2270 1054 51 25 this
2344 1056 72 23 state-

1895 1099 73 26 ment,
1980 1098 25 23 to
2018 1098 64 23 show
2093 1105 67 16 cases
2172 1097 55 24 here
2239 1098 49 23 and
2304 1098 67 23 there
2393 1097 27 24 of

1895 1139 85 24 skilled
1990 1139 67 24 labor
2068 1139 78 25 which
2157 1139 21 23 is
2189 1139 37 24 for
2247 1139 43 25 the
2312 1141 105 23 moment

1893 1183 101 30 perhaps
2005 1181 62 24 little
2073 1181 27 23 m
2107 1181 110 24 demand.
2251 1181 79 25 There
2337 1182 81 24 would

1894 1224 104 30 actually
2009 1224 30 24 be
2050 1232 67 16 more
2128 1223 62 24 need
2199 1224 37 23 for
2247 1224 60 23 such
2317 1232 60 16 men
2397 1224 21 23 if

1893 1267 69 24 there
1973 1275 62 15 were
2044 1274 63 16 more
2116 1266 137 30 population
2262 1266 26 23 m
2293 1268 40 22 the
2342 1266 58 24 land
2410 1273 7 21 ;

1893 1310 56 27 and,
1968 1317 129 20 moreover,
2119 1316 33 17 no
2173 1308 162 31 presentation
2356 1309 26 23 of
2403 1317 15 16 a

1893 1352 103 23 handful
2007 1352 26 24 of
2041 1351 135 24 individual
2186 1351 158 25 misfortunes
2359 1351 21 23 is
2403 1359 15 16 a

1893 1394 63 24 valid
1967 1395 125 29 argument
2103 1393 96 30 against
2211 1393 40 23 the
2273 1397 143 27 acceptance

1893 1436 26 24 of
1929 1444 48 23 any
1988 1436 77 24 sound
2076 1435 98 32 general
2185 1435 125 32 principle.

1925 1479 74 23 What
2010 1478 59 24 with
2079 1479 44 23 the
2133 1477 57 24 land
2201 1486 54 16 now
2270 1477 106 32 opening
2391 1477 27 25 m

1893 1522 42 23 the
1945 1521 80 24 North
2036 1520 90 28 Island,
2139 1521 48 23 and
2198 1520 43 25 the
2262 1521 78 23 mines
2361 1528 56 16 now

1892 1563 74 31 being
1975 1562 114 25 rendered
2100 1562 125 24 accessible
2225 1576 33 5 —
2258 1562 127 31 especially
2392 1562 26 24 of

1895 1605 53 25 coal
1957 1605 111 30 perhaps,
2080 1604 50 24 and
2140 1604 42 24 the
2193 1605 105 23 erection
2319 1605 26 23 of
2366 1604 52 24 flax

1895 1647 65 23 mills
1972 1647 34 23 all
2016 1654 55 16 over
2088 1647 41 23 the
2140 1647 101 30 colony,'
2252 1647 67 23 there
2330 1647 22 23 is
2366 1646 52 24 real

1895 1688 102 24 demand
2004 1688 37 26 for
2048 1688 107 31 working
2163 1696 57 16 men
2227 1687 54 25 who
2288 1688 47 24 will
2340 1688 75 28 work;

1895 1731 48 23 and
1953 1731 42 23 the
2005 1729 79 25 influx
2095 1731 27 24 of
2142 1729 61 25 such
2223 1730 84 32 people
2328 1729 50 26 will
2391 1738 26 16 as

1895 1781 35 16 we
1940 1773 61 24 have
2013 1773 59 28 said,
2084 1773 54 31 give
2149 1781 15 16 a
2175 1773 112 24 stimulus
2297 1775 26 22 to
2331 1773 87 24 skilled

1894 1815 69 24 labor
1973 1816 49 23 and
2032 1818 26 21 to
2070 1815 42 24 the
2119 1816 153 30 professions.
2306 1816 50 24 The
2365 1818 53 23 cost

1894 1858 26 24 of
1928 1858 77 30 living
2015 1858 78 24 would
2105 1858 27 23 be
2142 1857 102 24 reduced
2257 1858 38 24 for
2316 1865 29 17 us
2367 1858 32 24 all
2409 1866 7 21 ;

1893 1900 56 28 and,
1961 1900 28 23 m
1999 1900 41 23 the
2051 1907 54 17 case
2116 1899 26 23 of
2161 1907 67 16 some
2250 1899 61 24 such
2330 1900 87 23 immi-

1893 1944 83 28 grants
1992 1950 26 15 as
2035 1950 36 15 we
2088 1941 73 31 speak
2188 1941 32 28 of,
2237 1941 40 26 the
2305 1941 61 31 style
2394 1942 26 24 of

1892 1984 78 31 living
1979 1984 81 24 would
2069 1984 31 24 be
2112 1985 57 22 such
2181 1992 27 15 as
2215 1984 57 30 they
2278 1984 62 24 have
2349 1992 67 16 more

1893 2027 64 24 often
1969 2026 82 31 sighed
2062 2026 36 24 for
2109 2026 66 23 than,
2182 2034 64 19 seen,
2250 2026 35 23 -in
2295 2026 85 30 regard
2390 2029 27 21 to

1879 2088 3 3 .
1893 2070 112 30 quantity
2016 2068 47 25 and
2075 2068 109 25 comfort.
2218 2068 44 26 We
2272 2068 70 31 hope,
2354 2068 62 25 then

1893 2112 55 24 that
1959 2112 43 24 the
2013 2110 141 32 thoughtful
2161 2110 152 31 -suggestions
2330 2110 27 25 of
2376 2111 41 24 Mr

1895 2154 74 24 Stead
1979 2154 50 24 will
2040 2154 55 23 sink
2184 2153 27 23 m
2232 2160 74 24 many
2327 2152 88 29 minds,

1895 2197 48 23 and
1955 2197 58 23 bear
2023 2196 56 24 fruit
2090 2197 26 23 m
2128 2196 42 24 the
2179 2195 72 32 shape
2260 2195 26 25 of
2291 2204 14 15 a
2312 2196 105 24 revision

1894 2239 25 24 of
1928 2239 101 31 popular
2040 2239 98 30 opinion
2149 2246 32 17 on
2192 2238 42 24 the
2250 2238 167 31 immigration

1895 2282 119 31 question.
2058 2281 30 25 In
2098 2289 43 16 our
2151 2281 49 25 free
2208 2280 48 25 and
2264 2276 154 35 enlightened

1894 2326 109 30 country,
2015 2325 41 24 the
2066 2324 84 31 people
2171 2323 73 31 really
2262 2323 51 24 rule
2321 2331 7 21 ;
2350 2322 68 27 what

1894 2368 57 30 they
1959 2375 50 23 say,
2022 2367 64 24 their
2097 2366 106 31 political
2217 2366 200 31 representatives

1894 2410 49 25 will
1954 2418 75 17 swear
2040 2411 32 23 to.
2107 2409 45 25 Let
2166 2409 99 25 electors
2287 2408 131 26 remember

1876 2453 76 28 ...this,
1964 2453 49 24 and
2024 2460 96 24 express
2137 2451 62 26 their
2220 2451 86 25 wishes
2328 2451 90 31 clearly

1893 2495 81 24 before
1985 2495 40 23 the
2037 2494 95 32 general
2143 2494 109 25 election.
2263 2504 14 15 ;.
2286 2493 27 24 If
2321 2502 36 17 we
2373 2493 45 26 tell

1895 2546 44 17 our
1955 2537 118 25 would-be
2089 2537 92 26 leaders
2208 2537 53 24 that
2287 2544 36 17 we
2350 2538 68 23 want

1893 2581 175 30 immigration,
2080 2580 58 31 they
2149 2579 47 25 will
2207 2579 104 32 promise
2321 2587 30 17 us
2373 2580 43 24 im<

1893 2623 130 30 migration
2034 2622 70 24 when
2115 2622 58 31 they
2184 2630 39 16 are
2239 2630 33 15 on
2294 2622 43 24 the
2357 2622 60 24 hus-

1892 2665 65 30 tings
1966 2673 5 20 ;
1985 2665 49 23 and
2045 2665 62 23 what
2119 2664 58 31 they
2187 2663 105 31 promise
2300 2663 59 32 they
2367 2665 51 25 will
2448 2674 3 13 t

1892 2707 62 24 have
1965 2709 25 22 to
2001 2706 109 31 perform,
2122 2706 20 25 if
2154 2706 57 32 they
2227 2708 66 23 want
2315 2708 26 23 to
2364 2709 54 31 stay

1891 2749 77 24 where
1978 2757 36 16 we
2025 2749 61 24 have
2097 2749 85 31 placed
2192 2749 77 25 them.

1924 2792 84 24 Before
2020 2799 34 17 we
2065 2792 70 28 close,
2147 2799 36 18 we
2190 2800 68 16 recur
2274 2800 59 17 onoe
2348 2801 70 18 more

1891 2836 26 22 to
1923 2834 47 25 -the
1981 2834 152 31 melancholy
2149 2834 91 32 subject
2262 2835 29 24 of
2298 2848 2 14 ;
2308 2835 42 25 the
2371 2844 46 17 un-

1892 2877 134 31 employed.
2066 2877 45 28 We
2138 2884 40 18 are
2205 2878 102 24 anxious
2334 2879 25 24 to
2387 2878 30 26 be

1893 2919 111 25 credited-
2008 2919 56 26 with
2086 2919 43 26 the
2151 2920 114 24 sincerest
2287 2923 130 31 sympathy

1891 2963 39 22 for
1941 2970 71 22 every
2021 2962 105 30 genuine
2137 2970 55 18 ease
2203 2963 26 24 of
2242 2962 55 25 Jack
2318 2963 26 24 of
2365 2971 53 16 em-

1890 3004 146 30 ployment.;
2052 3011 37 16 we
2100 3003 63 24 shall
2174 3003 29 24 be
2213 3004 204 31 hnrtifarly.man

1892 3052 115 24 supposes
2018 3045 55 26 that
2083 3053 35 18 we
2129 3053 47 18 can
2185 3045 61 26 view
2267 3046 150 28 undeserved

1892 3088 158 27 misfortunes
2071 3088 59 26 with
2160 3088 162 26 indifference.
2340 3090 2 8 '
2367 3090 51 26 For

1892 3130 60 24 such
1961 3138 68 16 cases
2039 3137 35 17 we
2077 3127 63 34 'long
2155 3131 26 24 to
2197 3130 53 27 find
2265 3138 16 16 a
2297 3132 55 24 true
2378 3140 37 17 re^

1879 3190 5 18 ?
1891 3173 70 32 medy
1970 3180 57 21 ;,we
2039 3167 169 43 see^to,sliow
2222 3174 115 31 praotioal
2353 3183 63 23 sym-
2447 3196 4 4 .

1891 3215 74 31 pathy
1983 3215 71 26 when
2067 3234 3 4 .
2081 3216 155 32 opportunity
2262 3220 82 23 comes
2370 3214 47 29 bur

1891 3266 58 24 way,
1960 3257 95 26 amTwe
2065 3258 88 26 hold'it
2164 3260 26 23 to
2200 3259 29 24 be
2241 3265 24 18 :a
2286 3259 66 31 right
2373 3267 42 17 ex-
2429 3278 22 5 .-.

1891 3300 75 25 ereise
1978 3300 27 24 of
2011 3308 81 24 power
2102 3308 32 18 on
2144 3300 43 27 the
2194 3302 56 30 part
2260 3301 28 29 pf
2296 3301 42 31 fte
2360 3310 57 23 gpv-
2445 3323 6 7 <

1893 3342 85 31 erning
1999 3342 144 26 authorities
2166 3344 26 25 to
2219 3344 97 32 provide
2340 3352 77 18 some-

1884 3407 4 8 r
1889 3385 75 30 thjnjsj
1980 3382 38 28 for
2033 3385 50 25 real
2099 3386 133 31 strug-glers
2241 3387 8 10 v
2253 3387 85 27 which;
2356 3388 63 29 shall

1879 3431 41 24 ..at
1928 3427 61 26 least
2001 3427 65 33 keep:
2071 3421 194 36 thawplf.i&'om
2286 3430 42 25 the
2350 3432 67 30 dopr.

1890 3470 59 30 But,
1961 3471 25 24 at
1996 3469 43 28 the
2051 3478 68 19 same
2129 3472 66 28 time,
2213 3481 35 19 we
2269 3468 83 36 know,
2362 3483 59 26 very

1891 3512 54 27 well
1956 3512 55 27 that
2022 3513 43 27 the
2076 3516 161 33 unemployed
2247 3525 37 17 we
2300 3518 63 26 have
2384 3520 36 24 al-

1891 3563 66 24 ways
1968 3555 61 26 with
2039 3563 37 19 us.
2110 3557 56 27 You
2176 3565 47 19 oan
2237 3559 43 27 tak
2274 3584 7 7 r
2281 3568 13 16 e
2316 3556 22 30 a/
2349 3561 73 26 horse

1891 3599 27 22 to
1929 3598 41 24 the
1986 3599 83 27 water,
2086 3598 45 26 but
2158 3608 48 24 you
2233 3605 91 24 cannot
2351 3605 71 26 make

1892 3639 54 26 him
1963 3639 78 27 drink,
2076 3641 54 26 You
2157 3650 58 23 may
2243 3645 52 29 give
2319 3653 25 18 a-
2361 3654 61 20 man.

1891 3681 114 30 chances,
2016 3683 44 25 but
2070 3690 49 24 you
2130 3687 90 23 cannot
2230 3686 72 27 make
2316 3688 51 27 him
2379 3698 42 19 use.

1891 3724 79 27 them,
2003 3724 56 26 And
2075 3733 81 20 across
2178 3728 42 25 the
2242 3730 69 33 stage
2332 3732 26 26 of
2379 3740 45 21 our

621 61 138 24 OXFOBD
794 60 68 24 MH>
895 58 87 25 GUST
1014 53 190 28 OBSEBTEE,
1239 53 190 29 SA.TUEDAY,
1462 54 184 24 FEBRUARY
1679 56 25 26 8,
1738 53 73 26 1889.

719 167 228 32 LICENSING
968 167 168 30 NOTICE.

664 260 167 79 NOTICE
853 261 24 28 is
892 260 114 40 hereby
1020 260 91 39 given
1125 259 69 30 that

747 302 32 28 m
794 311 170 29 pursuance
976 301 32 28 of
1064 300 64 29 The
1143 300 49 28 Li-

666 341 124 39 censing
801 343 71 33 Act,
1145 339 48 29 Li-

667 382 123 38 censing
815 381 60 29 Act
898 381 204 29 Amendment
1124 380 69 34 Act,

793 421 60 29 and
968 421 182 38 Regulation
1164 421 32 28 of

667 462 94 29 Local
775 460 141 30 Election
921 460 74 34 Act,
1127 461 69 28 that

667 512 39 19 an
741 500 244 30 ELECTION
1025 501 31 28 of
1091 500 99 29 FIVE

667 540 198 35 PERSONS,
880 544 32 25 to
926 541 81 28 ijrm
1022 541 50 28 the
1089 540 105 30 Licen-

666 583 70 37 sing
752 581 179 30 Committee
945 581 48 28 for
1008 581 52 28 the
1076 579 119 30 Oxford

649 648 5 3 .
667 622 165 39 Licensing
847 621 136 34 District,
997 621 64 28 will
1076 620 37 29 be
1124 621 72 28 held

670 666 31 25 at
713 663 50 30 the
775 661 86 30 Road
881 661 102 30 Board
1008 661 100 35 Office,
1135 660 60 29 Ox-

668 703 79 35 ford,
762 712 40 19 on
815 702 147 35 Tuesday,
980 701 52 28 the
1048 700 73 29 25th
1136 700 60 40 day

670 743 31 29 of
715 743 164 38 February,
897 742 92 29 1890.
1053 741 143 28 Nomina-

670 784 63 29 tion
766 783 32 29 of
827 782 181 29 Candidates
1042 784 84 28 must,
1158 782 38 28 be

670 824 87 29 made
771 823 32 28 m
816 823 54 28 the
878 822 79 28 form
967 822 173 38 prescribed
1157 822 39 38 by

696 863 64 30 The
771 863 183 37 Regulation
966 862 31 28 of
1008 861 92 30 Local
1113 860 84 29 Elec-

669 904 80 29 tions
761 902 69 35 Act,
965 902 62 29 and
1042 901 154 30 delivered

670 947 33 26 to
717 944 52 29 the
785 943 172 38 Returning
973 942 109 29 Officer
1095 942 103 29 before

670 984 90 30 Noon
780 994 38 18 on
843 983 177 34 Thursray,
1045 983 52 30 the
1124 982 74 29 13th

670 1025 61 38 day
742 1023 34 30 of
787 1023 165 39 February,
969 1022 87 29 1890.

714 1064 99 29 Dated
836 1063 62 29 this
918 1063 54 29 Bth
986 1063 60 39 day
1072 1063 31 28 of
1122 1063 75 28 Feb-

670 1115 100 28 ruary,
790 1104 86 29 1890.
896 1119 6 10 v

726 1153 136 31 JAMES
875 1154 40 29 H.
940 1152 178 36 SHARPE,

853 1194 173 38 Returning
1041 1194 117 29 Officer.

691 1297 171 31 OXFORD
884 1296 117 30 ROAD
1022 1296 155 30 BOARD.

713 1396 2 3 ■
728 1403 1 2 .
779 1368 321 44 TENDERS.

668 1444 93 80 ARE
797 1444 115 30 invited
936 1445 43 38 by
1002 1444 53 29 the
1081 1443 119 30 Oxford

752 1485 87 29 Road
853 1485 104 29 Board
972 1484 89 30 for—

668 1537 68 29 206.
764 1535 173 38 Supplying
959 1536 60 27 and
1030 1535 169 38 delivering

748 1578 33 26 at
805 1575 53 29 the
881 1575 85 29 Main
994 1575 104 34 Drain,
1128 1584 73 19 near

748 1614 49 30 Mr
825 1613 144 40 Finlay's,
1001 1615 80 29 1584
1106 1615 94 28 lineal

748 1655 64 29 feet
849 1656 32 28 of
912 1655 102 30 Heart
1043 1655 32 28 of
1103 1655 98 29 Black

747 1695 93 29 Birch
886 1695 92 38 Logs,
1014 1695 32 29 m
1081 1695 120 29 various

748 1735 132 40 lengths.

668 1787 67 29 207.
757 1786 87 37 Also,
869 1787 49 28 for
943 1785 166 39 supplying
1139 1786 61 29 and

752 1826 170 39 delivering
961 1829 33 26 ab
1027 1827 53 28 the
1115 1836 84 19 same

749 1867 90 39 place
858 1867 58 29 180
942 1866 88 31 cubic
1055 1867 92 38 yards
1166 1867 32 30 of

752 1907 125 29 12-inch
891 1907 158 29 Boulders.

669 1957 68 29 208.
759 1957 83 36 Also,
874 1958 48 27 for
950 1957 150 37 Erecting
1133 1957 68 38 Log

710 2021 4 3 .
750 1998 62 27 and
837 1997 134 29 Boulder
993 1997 68 28 Fall
1088 1997 113 37 (Labor

752 2036 95 40 only.)

714 2086 228 39 Specifications
956 2088 60 28 and
1032 2088 169 28 conditions

671 2130 33 26 to
726 2128 38 28 be
782 2137 71 19 seen
877 2130 33 26 at
922 2127 54 29 the
990 2127 87 29 Road
1099 2127 103 29 Board

673 2166 102 37 Office,
790 2166 129 35 Oxford,
942 2167 99 29 where
1067 2167 134 29 Tenders

672 2207 63 30 will
757 2208 38 30 be
816 2208 138 30 received
976 2218 41 28 up
1042 2211 32 27 to
1095 2210 16 27 5
1127 2218 71 28 p.m.

674 2257 39 19 on
728 2248 175 33 Thursday,
919 2248 73 29 Feb.
1007 2248 46 35 13,
1070 2249 87 28 1890.

714 2298 65 30 The
807 2298 105 29 lowest
941 2308 34 19 or
1001 2308 60 29 any
1082 2297 119 31 Tender

674 2342 55 25 not
740 2339 182 39 necessarily
937 2339 151 40 accepted.

723 2387 139 32 JAMES
885 2388 40 30 H.
943 2387 176 37 SHARPE,

995 2429 162 41 Surveyor.

693 2563 171 31 OXFORD
887 2563 115 31 ROAD
1025 2563 153 31 BOARD.

671 2624 41 36 TO
739 2624 236 37 BLACKSMITH'S
989 2624 63 37 AND
1072 2625 127 37 OTHERS

672 2685 211 78 TENDERS
916 2695 52 20 are
999 2686 63 28 also
1083 2685 116 30 invited

747 2726 41 42 by
799 2726 52 28 the
867 2726 117 29 Oxford
995 2727 87 29 Road
1096 2727 103 29 Board

670 2766 49 29 for
734 2766 164 39 supplying
911 2767 53 29 the
978 2767 100 31 Board
1091 2767 50 31 for
1159 2768 38 30 12

672 2806 122 31 months
803 2806 76 32 with
888 2807 80 29 bolts
978 2807 25 29 &
1016 2807 87 29 other
1117 2808 82 28 iron-

673 2846 86 31 work
780 2847 69 30 that
869 2857 72 28 may
955 2848 37 29 be
1014 2848 141 40 required
1169 2852 33 25 at

675 2886 149 30 Schedule
839 2892 89 24 rates.

714 2926 198 39 Specfication
926 2928 61 30 and
1003 2928 149 30 Schedule
1166 2928 33 30 of

669 2966 81 29 bolts
766 2967 64 34 <fee,
849 2967 95 38 likely
961 2971 31 25 to
1006 2969 38 27 be
1059 2969 140 37 required

670 3010 31 24 to
716 3007 38 30 be
768 3015 69 21 seen
853 3009 31 26 at
904 3007 52 29 the
980 3008 85 30 Road
1094 3008 103 30 Board

672 3045 102 35 Office,
806 3045 127 36 Oxford,
958 3046 98 31 where
1074 3048 123 29 tenders

670 3085 64 30 will
747 3087 38 28 be
798 3086 138 30 received
949 3097 41 28 up
1004 3090 33 25 to
1049 3089 16 27 5
1077 3097 70 28 p.m.
1158 3098 39 18 on

670 3125 168 39 Thursday,
853 3126 71 29 Feb.
942 3127 81 34 13th,
1042 3126 88 33 1890.

712 3176 64 31 The
786 3176 107 32 lowest
907 3186 34 21 or
952 3186 60 29 any
1021 3178 107 31 tender
1143 3181 54 28 not

669 3217 182 37 necessarily
863 3217 150 37 accepted.

717 3264 135 35 JAMES
874 3266 39 32 H.
938 3266 178 36 SHARPE,

877 3305 92 33 Clerk
978 3310 33 24 to
1022 3307 53 28 the
1084 3308 112 36 Board,

759 3429 131 47 FOE
925 3429 177 46 SALE,

668 3529 40 76 A
728 3525 264 34 HARMONIUM
1009 3525 54 39 (by
1076 3525 120 31 Gilbert

748 3568 35 28 L.
813 3568 101 28 Bauer
938 3565 63 31 and
1029 3565 62 35 Co.,
1114 3566 80 28 Lon-

668 3607 84 40 don),
767 3607 106 42 nearly
891 3616 77 22 new,
1030 3605 94 38 Price,
1149 3606 44 30 £7

670 3650 61 31 ios.
843 3647 15 42 .;
914 3676 3 3 .
1009 3641 5 4 '
1048 3677 3 3 .

737 3697 105 43 Apply
856 3696 94 34 OMoe
964 3696 33 33 of
1011 3694 59 32 this
1086 3694 108 43 Paper.

133 173 356 59 Eop<mm
618 174 2 54 |

45 262 241 80 mAcre
322 256 148 35 FARM,
503 256 73 29 sub-
618 265 2 30 ;

183 301 124 29 divided
315 300 66 27 into
393 307 92 20 seven
497 296 77 28 Pad-
619 300 1 36 |

46 343 104 30 docks.
192 342 86 38 Fifty
286 341 93 28 Acres
391 347 50 19 are
450 338 32 28 m
494 336 79 38 Crop
618 349 2 20 ;

47 383 66 30 and
137 383 52 28 the
216 379 169 32 remainder
409 379 33 28 m
474 377 102 29 Grass,
619 381 1 30 j

47 424 100 29 There
162 424 26 27 is
206 432 18 18 a
246 419 156 30 4-roomerl
413 417 110 34 House,
543 418 31 27 s-

46 463 112 30 stalled
183 461 103 30 Stable
317 460 88 38 (with
434 458 57 28 loft
515 456 62 29 and
619 460 1 34 j

47 501 159 41 granary),
223 501 61 30 and
305 500 89 29 other
414 496 164 32 Outbuild-

47 545 70 39 ings
134 554 40 19 on
185 543 51 29 the
247 542 159 37 Property.

89 595 69 29 The
174 594 91 29 Farm
280 592 27 29 is
320 594 61 26 two
404 588 61 30 and
484 587 96 30 a-half

49 634 89 31 miles
161 634 79 29 from
270 632 52 28 the
461 627 118 31 Oxford

52 675 141 38 Railway
209 672 131 31 Station.

114 725 60 29 For
184 722 189 40 particulars,
388 719 91 40 apply
498 722 31 23 to

207 773 36 29 r.
266 769 234 33 McDonald,

313 811 86 28 West
413 808 127 31 Oxford.

69 998 44 38 TO
136 995 184 40 SURVEYORS
343 994 40 36 OR
406 992 152 39 LODGING-

188 1044 259 40 HOUSEKEEPERS-

54 1122 95 79 FOR
177 1119 117 35 SALE,
313 1123 32 24 at
362 1119 75 29 East
456 1116 127 34 Oxford,

131 1159 214 32 Nine-roomed
353 1159 112 33 House,
483 1160 11 25 1
514 1166 68 19 acre

53 1203 35 29 of
112 1200 95 35 Lahd,
227 1199 179 40 plantation,
423 1198 79 38 good
517 1206 65 28 gar-

53 1243 71 33 den,
139 1242 133 37 fernery,
287 1239 105 34 stable,
402 1239 85 36 large
496 1236 86 29 wood

53 1283 85 34 shed,
148 1281 157 29 3-roomed
313 1279 196 32 wash-house,
522 1277 44 28 &c
573 1285 7 25 ;

54 1323 61 29 five
133 1321 140 29 minutes'
294 1319 79 33 walk
392 1319 81 28 from
497 1317 84 30 Rail-

53 1373 71 30 way
136 1361 125 30 Station.
305 1359 64 31 The
384 1356 143 41 goodwill
551 1357 32 28 of

53 1403 55 29 the
122 1402 131 39 practice
267 1399 100 33 would
381 1409 40 28 go
435 1398 75 30 with
529 1397 52 29 the

54 1443 105 30 house.
221 1441 67 30 The
312 1440 148 37 Property
481 1439 26 28 is
531 1437 50 30 ad-

53 1483 132 39 mirably
206 1481 132 38 adapted
357 1481 49 28 for
435 1489 18 19 a
476 1478 107 38 couple

53 1524 71 29 who
152 1522 101 30 would
280 1521 44 29 let
356 1519 150 38 lodgings,
534 1519 49 28 for

53 1563 103 31 which
179 1562 88 29 there
284 1562 26 28 is
337 1571 18 18 a
373 1562 140 27 constant
531 1559 50 28 de-

53 1603 95 30 mand
159 1613 8 24 ;
190 1601 84 40 price
289 1601 59 28 low
359 1611 7 24 ;
394 1610 71 30 easy
479 1603 101 25 terms.

54 1653 86 33 WM.
162 1651 176 32 ARTHUR
359 1648 182 37 NALDER,

260 1716 1 3 .
408 1690 156 37 Surveyor
575 1698 8 24 ;

155 1738 60 40 Or;
232 1741 114 30 JOHN
367 1738 176 35 INGRAM,

458 1779 124 31 Oxford

56 1964 235 28 UNBESEEYED
310 1962 172 26 CLEARING
500 1962 83 24 SALE

307 2001 35 20 OF
374 2015 2 2 •
474 2009 13 6 -

58 2032 309 60 PUMITUREj^
388 2031 192 39 EFFECTS.

55 2107 109 46 JOHU
191 2104 137 26 INGRAM
355 2104 46 24 has
419 2103 108 25 received
544 2103 37 24 in-

119 2138 112 21 atraetioHS
239 2139 55 19 from
303 2138 31 19 W.
345 2133 26 24 A.
382 2137 92 21 Nalbes,
488 2136 57 22 Esq.,
559 2135 24 19 m

56 2170 143 21 e»osequence
206 2165 24 20 of
238 2164 34 20 bis
281 2163 81 24 leaving
371 2162 37 20 the
416 2161 94 22 District,
521 2163 21 17 to

133 2199 74 24 SEEL
216 2199 40 21 BY
268 2198 102 23 PUBLIC
383 2197 129 24 AUCTION,

190 2231 33 26 In
232 2230 76 26 about
317 2230 55 25 Tea
380 2229 76 31 Days,

204 2273 56 26 The
272 2272 90 25 Whole
371 2272 27 25 of
406 2272 37 23 Ms

106 2311 181 34 Household
300 2310 161 32 Furniture
474 2309 60 30 and

173 2361 12 9 -
220 2351 162 31 -Effects.

85 2434 51 23 Full
145 2433 123 27 particulars
275 2431 25 22 m
308 2432 51 20 next
367 2431 121 26 Saturday's
498 2431 62 20 issue.

298 2467 78 23 JOHN
390 2467 116 23 INGKAM;,

431 2493 130 22 Auctioneer,
623 2499 2 14 i

91 2664 219 46 Wanted
348 2666 52 43 to
438 2664 112 44 Sell.

57 2753 109 32 Farms
183 2756 36 27 at
240 2751 81 38 Oust,
345 2752 155 35 Pernside,
524 2753 59 29 Lo-

132 2793 90 36 lanvn,
236 2793 193 40 Springston,
444 2792 64 37 &c,

60 2843 308 96 MAORBsTtO
396 2860 104 36 Acres,
526 2859 59 32 100

173 2900 103 36 Acres,
291 2899 61 34 130
376 2899 105 36 Acres,
503 2899 82 29 from

58 2940 47 32 &§
119 2942 35 28 to
168 2940 64 31 £24
245 2949 53 29 per
311 2949 79 20 acre.
453 2939 90 33 Some
554 2939 32 29 of

57 2980 56 31 tie
125 2980 96 30 above
235 2989 52 21 are
308 2980 97 39 reallj
417 2981 82 39 good
522 2979 63 31 and

58 3019 107 38 cheap,
228 3020 77 27 1000
320 3019 105 35 Acres,
452 3019 64 31 £10
531 3029 54 30 per

56 3068 91 26 acre;
183 3057 143 34 first-rate
362 3059 98 40 Sheep
494 3059 87 32 farm.

58 3100 62 32 805
142 3099 106 35 Acres,
272 3099 209 39 unimproved,
508 3100 77 30 with

55 3140 97 32 lionse
166 3139 61 30 and
239 3139 144 42 stabling,
399 3139 44 31 £1
461 3141 53 29 18s
529 3149 54 31 per

56 3190 79 24 acre,
178 3180 52 32 All
244 3180 52 32 the
307 3181 95 29 above
413 3189 51 19 are
474 3180 109 29 within

53 3221 100 41 thirty
167 3220 85 32 miles
270 3221 32 31 oi
317 3220 225 33 Ohristchurch,

94 3282 136 33 Wanted
230 3282 178 31 —^Farmers
416 3282 61 27 and
483 3281 100 32 others

54 3322 70 32 who
137 3322 79 32 have
227 3322 171 37 Properties
409 3321 51 32 lor
470 3320 70 33 Sal©
550 3324 32 28 to

55 3362 71 40 giy©
138 3372 36 20 us
186 3360 182 43 particular^
378 3361 33 30 of
423 3361 54 32 the
490 3370 91 23 same,

53 3402 59 32 We
127 3402 91 33 make
235 3411 40 19 no
294 3401 112 39 charge
428 3402 155 32 whatever

51 3447 35 28 to
99 3452 117 29 anyone
231 3441 123 42 placing
376 3442 150 42 Property
548 3442 33 31 m

53 3494 59 23 our
134 3482 108 35 ha»ds,
271 3481 100 34 unless
398 3492 20 22 a
454 3482 69 33 Sale
553 3482 27 32 is

51 3525 97 33 made.
197 3522 184 40 Mortgages,
401 3523 100 35 Liens,
515 3522 54 33 &&of,
572 3546 8 15 f

52 3565 129 32 effected
192 3567 33 29 at
239 3563 53 32 the
304 3563 107 32 lowest
425 3569 88 27 rates,

49 3624 153 41 ALUK
221 3622 276 48 WBBI88.m&
512 3623 64 48 Co.,

66 3718 358 35 CHEISTCHV
438 3718 67 41 40
520 3717 44 34 H,
