2480 3830
63 178 103 25 colonial
176 179 93 29 history
278 179 65 23 there
365 177 50 24 will
427 184 54 17 ever
501 175 84 24 march

63 229 16 17 a
94 221 63 24 band
173 220 26 25 of
221 220 112 25 brothers
336 235 30 3 —
367 228 63 16 some
452 218 133 31 kid-gloves

64 265 49 23 and
129 264 102 29 genteel,
250 271 66 16 some
327 262 129 24 unwashed
474 261 48 24 and
543 269 42 15 un-

63 307 80 31 peacef
143 307 24 23 vl
169 322 31 2 —
201 306 62 24 alike
273 306 27 24 m
311 303 56 30 this>
375 306 55 23 that
439 306 55 29 they
500 302 85 25 intend

63 353 24 20 to
96 351 28 23 be
132 349 42 24 the
185 348 176 30 Unemployed.

96 423 53 24 Our
160 422 94 24 readers
265 420 48 25 will
323 420 80 23 notice
414 420 53 23 tliat
477 426 37 15 we
524 417 63 23 have

63 466 109 24 reverted
182 469 25 21 to
220 465 40 24 the
272 463 123 24 condition
402 462 28 23 m
451 460 80 24 which
553 466 33 17 we

63 509 54 23 first
128 507 126 32 presented
265 503 118 27 ourselves
396 506 24 22 to
431 504 41 23 the
482 502 62 30 light
561 500 24 25 of

64 552 44 29 day
110 565 32 3 —
143 551 54 23 that
207 550 21 23 is
240 551 25 21 to
278 556 41 22 say
332 554 34 16 we
383 552 87 24 appea,r
492 551 26 17 as
540 549 46 18 One

63 594 67 23 sheet
147 592 48 23 and
211 598 31 16 an
260 589 128 30 outrigger.
424 586 50 24 The
493 586 48 24 fact
565 586 20 22 is

62 635 62 27 that,
137 634 27 23 m
175 641 44 16 our
230 633 77 22 desire
317 633 26 22 to
353 631 30 23 he
406 636 123 24 generous,
553 636 34 15 we

61 678 62 23 have
134 678 59 23 been
205 675 82 31 giving
299 676 39 21 too
349 673 74 23 much
434 680 71 22 space
512 673 24 21 to
545 669 40 25 ad-

61 720 120 26 vertisers,
200 718 49 24 and
264 717 27 23 m
312 716 84 31 justice
418 716 25 22 to
465 713 121 24 ourselves

61 769 36 18 •we
108 762 61 24 have
181 760 105 25 resolved
296 761 26 21 to
333 758 84 24 reduce
439 756 43 24 the
503 755 82 24 adver-

61 805 74 29 tising
147 811 69 23 space
227 801 25 25 m
263 801 80 23 future
362 802 24 22 to
398 807 15 16 a
434 799 65 23 limit
521 805 62 16 com-

61 847 137 23 mensurate
208 844 59 24 with
287 843 33 23 its
343 841 68 24 strict
433 838 152 26 commercial

60 888 78 25 value.
173 887 48 24 Our
232 894 46 15 one
290 885 76 26 sheet,
378 882 125 27 therefore,
515 881 22 23 is
554 881 30 30 by

60 939 31 15 no
118 937 86 16 means
221 937 14 15 a
251 926 116 30 winding-
371 925 68 24 sheet
449 933 5 20 ;
488 931 33 15 we
545 930 39 15 are

61 974 43 22 not
127 972 68 27 dead,
218 971 43 23 not
284 968 57 28 sick,
364 968 45 23 not
437 972 74 24 sorry,
540 964 45 24 but

61 1014 89 31 simply
162 1012 101 26 sensible
286 1011 47 24 and
356 1007 151 27 economical.

94 1057 53 23 The
158 1055 109 32 quantity
279 1054 24 24 of
315 1061 43 16 our
374 1051 100 30 reading
495 1050 90 23 matter

61 1100 47 23 will
119 1101 43 22 not
174 1099 29 23 be
214 1095 102 26 reduced
343 1096 26 22 at
397 1094 33 23 all
441 1101 5 20 ;
465 1092 41 24 the
528 1090 56 30 only

61 1142 129 23 difference
200 1141 27 22 m
239 1139 47 24 this
298 1136 96 29 iournal
407 1135 49 24 will
478 1134 29 24 be
529 1134 56 23 that

61 1183 141 25 henceforth
213 1182 42 25 the
272 1179 197 26 adversisements
486 1175 49 25 will
557 1174 30 24 be

61 1226 37 24 for
115 1226 41 24 the
173 1226 65 23 most
262 1224 53 30 part
342 1220 121 31 relegated
491 1221 25 21 to
544 1217 43 24 the

206 1281 31 4 —
237 1266 23 24 -if
268 1273 36 16 we
315 1272 56 23 may
394 1264 27 23 be
441 1259 98 26 allowed
561 1261 26 22 to

61 1311 89 25 borrow
164 1319 14 15 a
188 1309 79 30 hardy
277 1308 87 31 phrase
376 1306 62 23 from
450 1311 44 17 our
502 1301 85 26 valued

62 1356 182 28 contemporary
256 1351 41 24 the
334 1349 80 24 North
437 1345 149 31 Canterbury

94 1439 152 24 Advertisers
267 1436 48 24 will
325 1435 51 23 find
387 1442 29 15 us
427 1441 27 16 as
465 1429 80 27 useful
561 1434 26 20 to

61 1482 69 24 them
145 1489 26 15 as
188 1478 139 27 heretofore,
346 1476 48 24 and
421 1475 42 23 the
491 1472 95 32 general

60 1523 83 25 reader
154 1523 49 24 will
214 1522 61 23 have
287 1529 13 14 a
312 1518 103 32 growing
427 1524 69 17 sense
507 1515 27 24 of
542 1514 43 23 the

60 1567 69 23 value
141 1565 25 24 of
175 1572 45 16 our
230 1563 98 29 literary
339 1560 122 31 pabulum,
474 1558 111 23 which—

60 1608 47 23 like
112 1615 73 22 many
192 1605 97 25 another
297 1603 62 31 good
366 1602 69 29 thing
435 1615 32 3 —
467 1600 21 23 is
494 1598 91 32 packed

58 1652 26 23 m
98 1659 14 14 a
124 1649 69 24 small
204 1647 87 33 parcel.

86 1733 122 19 Accident.
212 1741 27 4 —
240 1730 33 20 On
293 1728 96 25 Sunday,
407 1727 100 24 Jantiary
523 1724 58 24 26th,

58 1776 15 14 a
87 1769 76 19 rather
178 1772 74 15 severe
268 1765 101 20 accident
385 1763 104 20 occiirred
505 1763 24 18 to
548 1762 36 18 Mr

59 1806 75 19 James
153 1804 84 23 Fisher,
253 1802 47 20 who
314 1807 43 14 was
372 1800 76 24 riding
461 1800 23 19 to
501 1797 83 20 Oxford

58 1843 59 20 from
136 1839 139 28 Springfield.
319 1838 24 19 It
360 1842 93 21 appears
474 1835 52 20 that
543 1835 40 19 the

59 1879 67 25 night
140 1878 89 20 became
244 1882 55 18 very
315 1875 55 19 dark
384 1873 59 19 after
458 1872 36 19 Mr
503 1871 80 20 Fisher

57 1914 86 21 crossed
150 1914 40 20 the
208 1910 156 22 Waiinakariri
378 1909 82 25 Bridge
460 1918 27 4 —
488 1913 22 14 so
528 1907 54 20 dark

57 1951 53 20 that
126 1951 39 19 the
183 1950 65 19 horse
266 1954 44 13 was
326 1946 85 20 trusted
429 1946 24 19 to
471 1944 53 25 keep
543 1944 40 19 the

57 1988 64 19 track
131 1987 94 19 without
232 1986 39 18 the
280 1983 147 21 interference
433 1982 23 19 of
465 1982 40 19 the
514 1981 66 21 rider,

58 2023 45 21 and
129 2023 115 23 naturally
263 2021 54 20 took
338 2019 40 20 the
400 2019 88 19 nearest
509 2017 69 23 track,

57 2059 72 21 •which
139 2059 19 20 is
169 2057 143 26 dangerously
321 2056 78 25 rough,
411 2055 45 20 and
464 2054 39 20 the
512 2053 71 20 result

58 2103 45 13 was
115 2096 52 20 that
181 2096 29 19 he
225 2095 60 20 went
298 2099 50 14 over
364 2093 38 20 the
417 2091 161 21 embankment.

58 2133 37 20 Mr
112 2132 79 21 Fisher
206 2138 45 13 was
265 2132 37 19 too
317 2130 66 20 much
397 2129 55 20 hurt
467 2130 24 18 to
504 2127 78 20 mount

58 2171 72 25 again,
142 2170 45 20 and
196 2167 119 22 continued
324 2168 24 19 to
358 2167 55 24 drag
421 2164 90 21 himself
520 2164 62 25 pain-

58 2207 56 25 fully
129 2206 94 21 towards
236 2205 36 20 his
285 2205 65 19 home
366 2204 24 19 at
408 2203 63 19 West
490 2200 88 24 Oxford,

60 2244 71 20 which
139 2244 28 20 he
180 2242 94 21 reached
282 2242 68 19 about
366 2239 109 26 daylight.
518 2238 65 19 From

57 2281 67 19 latest
134 2280 115 26 enquiries,
261 2285 32 14 we
307 2278 63 20 learn
380 2277 49 19 that
437 2276 40 20 the
491 2275 92 20 sufferer

57 2317 20 20 is
87 2317 139 26 progressing
234 2314 122 25 favorably.

84 2354 83 18 Lunar
190 2353 120 19 Rainbow.
320 2362 27 3 —
356 2350 47 19 One
421 2349 23 20 cf
465 2349 40 19 the
524 2348 59 19 most

57 2390 102 19 brilliant
167 2390 23 19 of
199 2390 64 19 these
270 2387 70 25 sights
347 2393 46 13 was
402 2385 80 20 visible
488 2392 27 13 on
526 2384 55 20 Sun-

60 2426 43 26 day
112 2426 94 25 evening
214 2425 51 19 last.
295 2423 71 20 There
374 2428 45 14 was
426 2428 14 14 a
448 2427 54 20 very
510 2421 73 24 heavy

58 2463 38 26 fog
107 2469 23 14 or
139 2463 59 24 mist,
209 2461 44 22 and
260 2461 40 21 the
315 2459 94 21 rainbow
425 2458 104 21 extended
545 2463 37 21 ap-

58 2500 104 27 parently
171 2499 56 20 from
237 2498 73 20 Burnt
324 2497 50 20 Hill
382 2497 24 19 to
416 2495 127 20 Starvation
557 2494 26 19 m

59 2543 14 14 a
89 2535 169 25 south-easterly
273 2533 112 22 direction.
427 2532 31 20 At
470 2532 39 20 the
522 2537 59 15 same

59 2573 54 20 time
127 2572 39 20 the
179 2578 70 16 moon,
269 2569 90 26 shining
372 2568 98 25 through
485 2568 37 19 the
534 2567 46 25 fog,

60 2616 45 12 was
119 2607 138 21 surrounded
270 2607 30 25 by
316 2613 14 13 a
338 2606 61 25 (halo,
416 2605 40 20 the
475 2604 68 20 colors
560 2603 23 20 of

60 2646 73 19 which
147 2652 57 13 were
217 2644 81 21 almost
312 2649 24 14 as
348 2642 65 20 vivid
427 2647 24 14 as
463 2641 63 20 those
540 2640 22 20 of
569 2646 14 13 a

60 2682 63 21 Solar
136 2682 111 21 Rainbow.

87 2719 93 20 Oxford
199 2719 81 21 Races.
283 2728 26 3 —
309 2717 20 19 A
344 2715 98 26 meeting
458 2714 23 22 of
493 2720 90 21 persons

59 2755 122 22 interested
195 2755 24 21 m
232 2754 63 20 these
308 2754 68 19 Races
390 2759 44 14 was
447 2752 52 21 held
514 2752 24 20 at
547 2751 36 20 Mr

59 2792 98 27 Ingram'
159 2799 10 14 s
184 2792 90 21 auction
287 2797 61 13 room
364 2796 28 14 on
401 2788 120 26 Thursday
529 2788 51 24 last,

58 2830 64 20 when
131 2829 64 20 there
204 2835 44 14 was
262 2834 14 13 a
284 2827 44 20 fair
337 2826 138 21 attendance.
518 2825 65 21 After

58 2866 129 23 transacted
199 2872 14 15 a
222 2863 149 22 considerable
388 2862 91 21 amount
488 2861 22 21 of
522 2860 61 22 busi-

58 2909 57 18 ness,
131 2902 40 21 the
186 2901 98 25 meeting
296 2899 123 26 adjourned
431 2899 38 21 till
488 2897 94 25 Monday

57 2940 96 25 evening
162 2939 61 23 next,
235 2938 25 20 at
268 2938 12 18 8
293 2936 88 23 o'clock,
395 2935 62 20 when
472 2933 110 22 Stewards

58 2976 45 21 will
112 2976 28 19 be
150 2974 90 26 elected,
253 2973 44 21 and
305 2973 40 21 the
361 2973 51 20 date
427 2971 23 21 of
461 2971 39 21 the
514 2971 69 20 Races

56 3012 66 22 fixed.

84 3049 108 21 Harvest
219 3046 121 21 Festival.
347 3044 78 20 —We
444 3042 138 22 understand

56 3086 53 21 that
118 3091 14 14 a
140 3084 99 22 Harvest
247 3081 97 22 Festival
353 3081 46 20 will
407 3081 28 19 be
443 3080 54 20 held
505 3079 24 20 m
538 3079 44 20 Ox-

56 3121 50 22 ford
115 3121 91 26 shortly,
218 3120 44 21 full
270 3119 132 25 particulars
418 3117 23 21 of
449 3115 73 23 which
536 3117 46 21 will

57 3164 81 21 appear
147 3158 24 20 m
179 3158 63 20 these
252 3156 104 20 columns.

120 3223 141 26 OXFORD
273 3222 112 26 LABOR
401 3221 114 26 UNION.

82 3284 21 22 A
112 3289 95 15 meeting
216 3283 22 19 m
255 3281 124 21 connection
389 3280 51 20 with
449 3280 44 20 this
510 3279 71 21 Union

56 3321 42 14 was
107 3315 50 21 held
167 3316 22 19 at
198 3315 36 20 the
242 3313 59 20 West
317 3312 80 20 Oxford
406 3311 64 19 Town
479 3311 58 23 Hall,
553 3316 29 14 on

56 3345 104 27 Saturday
175 3344 86 25 evening
276 3344 48 23 last,
341 3343 105 24 February
456 3342 48 24 Ist.,
521 3341 60 21 when

55 3377 58 21 there
123 3383 41 14 was
173 3383 13 14 a
195 3382 49 19 very
252 3375 54 25 good
315 3374 133 22 attendance.

81 3414 35 19 Mr
125 3412 100 21 Priohard
233 3417 43 14 was
291 3410 62 21 voted
369 3411 22 19 to
407 3410 37 21 the
459 3408 65 25 chair,
539 3408 43 20 and

56 3443 71 26 briefly
137 3443 122 21 introduced

82 3482 35 19 Mr
125 3480 84 24 Parker,
218 3479 46 20 who
274 3478 46 20 said
327 3484 5 15 :
346 3478 51 19 Now
407 3477 47 20 that
461 3476 37 21 the
504 3476 77 26 objects

56 3513 22 19 of
94 3511 114 21 Unionism
226 3516 52 13 were
296 3508 108 24 becoming
422 3508 67 20 better
508 3508 75 19 under-

56 3542 68 24 stood,
139 3542 115 25 employers
270 3545 52 15 were
330 3539 114 25 beginning
460 3539 22 19 to
492 3544 32 14 see
534 3538 47 20 that

55 3574 58 21 there
131 3578 42 15 was
191 3578 28 13 no
237 3572 44 19 fear
299 3570 21 20 of
343 3570 54 21 their
419 3570 79 26 capital
520 3569 61 25 being

56 3603 99 22 menaced
173 3603 27 25 by
216 3602 98 26 injustice
331 3607 22 14 or
370 3602 110 22 extortion,
497 3601 42 20 and
555 3601 26 19 he

55 3635 70 26 hoped
134 3635 22 19 to
165 3640 33 14 gee
207 3634 36 19 the
253 3633 40 24 day
307 3633 59 20 when
378 3632 35 20 the
423 3631 121 25 machinery
560 3632 21 19 of

56 3667 36 21 the
101 3664 162 25 Amalgamated
272 3664 83 19 Unions
365 3662 68 20 would
447 3662 25 20 be
489 3668 23 14 so
526 3668 56 14 com-

56 3698 55 27 plete
127 3701 24 14 as
162 3697 21 18 to
199 3694 73 21 render
288 3694 36 19 the
334 3693 120 26 oppression
465 3694 21 19 of
496 3693 85 25 capital,

56 3734 24 16 or
89 3727 37 22 tbe
134 3725 105 23 extortion
247 3725 23 20 of
285 3724 65 25 labor,
360 3723 126 27 impossible.
526 3724 53 22 This

678 174 68 20 would
755 174 25 19 be
793 175 152 24 accomplished
961 175 29 26 by
1005 175 36 19 the
1057 175 147 24 appointment

677 206 22 20 of
716 212 48 14 men
782 206 22 20 of
826 206 86 26 sterling
929 207 105 20 character
1053 207 21 19 to
1098 207 104 24 represent

677 238 57 21 them
745 239 22 18 at
776 236 35 22 the
820 239 93 25 Council,
929 240 42 19 and
981 239 35 20 the
1025 238 144 26 appointment
1178 238 23 19 of

677 276 12 14 a
698 269 70 20 Board
776 270 22 18 of
807 269 133 24 Arbitrators,
950 272 23 18 to
982 271 67 19 whom
1067 269 61 19 could
1136 269 25 19 be
1169 274 30 14 re-

675 300 67 21 ferred
751 301 30 20 all
788 302 87 19 matters
889 302 87 19 difficult
985 302 22 19 of
1016 300 98 21 solution.
1155 299 44 20 The

676 334 11 9 '■
696 332 58 20 truck
790 333 77 23 system
883 333 61 20 could
956 333 38 20 not
1007 332 25 20 be
1047 332 77 25 spoken
1141 331 22 19 of
1176 330 23 20 m

676 365 35 19 too
720 364 96 24 scathing
826 365 63 19 terms
900 370 22 14 as
936 364 114 25 producing
1060 363 87 19 distrust
1156 361 41 21 and

674 395 107 24 ill-feeling
799 395 89 20 between
906 396 105 19 workman
1030 394 42 21 and
1088 394 110 25 employer,

675 426 42 19 and
726 432 23 13 as
759 426 86 24 robbing
855 426 35 20 the
900 427 97 24 bonaflde
1004 426 120 21 tradesman
1135 424 21 20 of
1164 423 35 20 his

675 457 112 24 legitimate
807 457 65 24 gains.
914 459 34 19 He
966 457 42 20 had
1023 457 64 24 lately
1106 457 51 19 been
1173 455 23 19 m

675 488 104 23 Dunedin,
789 488 41 19 and
839 494 42 13 was
891 494 58 20 sorry
961 489 26 19 he
996 488 61 19 could
1067 489 36 18 not
1113 483 84 28 co-upl'-

675 520 58 19 ment
748 518 34 19 his
792 518 77 19 friends
886 520 21 18 m
918 520 130 24 Canterbury
1063 525 26 13 on
1098 518 62 24 being
1176 522 23 15 so

675 551 83 19 zealous
771 549 23 19 m
804 550 35 19 the
855 549 71 21 Union
935 556 61 14 cause
1013 556 23 13 as
1046 549 50 25 they
1111 554 52 14 were
1176 547 23 20 m

674 581 104 20 Dunedin.
818 581 106 23 However,
942 581 26 19 he
977 581 67 24 hoped
1062 581 46 19 that
1119 580 35 19 the
1163 585 34 13 en-

675 612 103 20 thusiasm
795 612 68 19 which
879 612 26 20 he
921 619 45 13 now
984 612 108 20 witnessed
1110 616 42 15 was
1171 616 27 13 an

674 644 82 18 earnest
775 643 20 19 of
813 643 56 19 what
887 643 67 24 might
972 645 24 17 be
1012 643 97 24 expected
1124 642 23 19 m
1164 641 35 20 the

674 674 74 21 future.
778 674 120 27 Hejwished
907 676 22 18 to
935 675 88 24 impress
1032 680 57 19 upon
1096 673 58 20 them
1164 672 36 20 the

674 706 101 24 necessity
790 705 21 20 of
825 705 87 25 electing
934 711 12 14 a
961 710 50 15 man
1021 705 53 18 from
1089 704 55 19 their
1153 709 46 14 own

674 737 63 19 ranks
747 737 45 19 who
804 736 65 20 would
879 737 24 19 be
914 742 47 14 sure
970 737 22 18 to
1002 736 91 19 advance
1103 733 55 21 their
1167 733 31 21 in*

675 769 73 19 terests
757 768 22 20 m
790 767 35 21 the
834 768 71 20 House
914 768 21 20 of
944 767 185 25 Representative^.
1165 766 36 19 He

673 799 107 19 reminded
789 800 57 18 them
855 800 47 19 that
916 799 112 20 Unionism
1037 803 42 14 was
1089 796 110 25 spreading

674 835 23 13 so
707 830 41 18 fast
758 831 40 18 and
809 829 80 20 furious
900 829 46 19 that
959 829 89 22 nothing;
1063 827 61 20 could
1141 827 58 19 with-

674 860 62 20 stand
752 860 23 22 it,
788 859 42 21 and
839 859 46 21 that
900 861 22 18 m
933 859 35 21 the
977 860 39 19 end
1032 859 57 19 there
1098 857 67 20 would
1175 857 24 19 be

673 897 13 14 a
701 892 82 23 general
799 891 121 24 reciprocity
935 889 21 21 of
971 888 75 26 feeling
1063 888 42 21 and
1121 887 77 24 action,

674 923 36 18 not
725 922 50 24 only
790 921 127 24 throughout
932 918 99 27 England
1041 920 42 19 and
1091 919 37 19 her
1144 918 55 19 colo-

673 953 52 23 nies,
738 952 37 20 but
791 953 97 22 amongst
904 951 29 20 all
950 951 35 19 the
1000 949 199 26 English-speaking

672 989 53 18 race,
742 983 42 20 and
800 982 89 26 perhaps
904 988 52 15 even
973 982 61 19 wider
1047 981 34 25 yet
1089 987 6 15 ;
1117 979 49 24 and,
1175 979 23 19 m

673 1015 36 20 the
723 1015 45 20 face
783 1014 25 20 of
822 1014 57 20 these
896 1013 132 21 tiemendous
1043 1012 61 23 facts,
1119 1010 28 20 he
1164 1016 35 19 ap-

672 1045 72 26 pealed
755 1046 20 18 to
785 1045 35 19 the
829 1050 47 14 men
886 1045 21 19 of
915 1043 78 20 Oxford
1001 1043 92 19 whether
1102 1042 17 19 it
1129 1040 68 21 would

673 1076 25 20 be
713 1076 46 19 wise
774 1077 21 18 to
809 1076 68 19 refuse
893 1077 21 18 to
930 1075 45 25 join
992 1073 127 24 voluntarily
1128 1072 22 20 m
1161 1071 36 20 the

674 1108 62 19 ranks
755 1108 21 18 of
793 1107 35 20 the
843 1108 57 22 great
917 1111 59 19 army
990 1104 21 19 of
1027 1104 88 19 workers
1129 1102 68 20 which

674 1144 51 14 were
734 1137 84 25 moving
828 1137 62 25 along
900 1137 50 19 with
957 1135 51 20 such
1017 1134 121 20 irresistible
1142 1133 55 19 force

675 1169 46 20 that
731 1169 35 19 the
775 1168 51 20 time
835 1167 42 21 will
887 1173 51 14 soon
948 1172 58 14 come
1016 1165 58 21 when
1084 1165 49 24 they
1143 1163 57 20 must

674 1201 39 20 fall
721 1200 22 19 m
754 1198 90 21 whether
854 1198 50 26 they
913 1198 54 20 liked
977 1199 17 18 it
1004 1203 24 14 or
1041 1198 43 19 not.

701 1236 44 20 The
754 1234 66 22 result
829 1236 21 18 of
864 1235 36 20 the
915 1234 74 25 appeal
1002 1238 44 15 was
1060 1232 48 20 that
1123 1230 78 21 several

675 1273 72 14 names
757 1272 51 13 were
816 1265 66 20 added
891 1266 22 19 to
922 1265 35 20 the
966 1264 36 19 list
1011 1264 21 19 of
1042 1262 107 22 members,
1159 1261 43 20 and

675 1298 36 20 the
719 1297 71 20 Union
800 1302 48 19 may
856 1302 46 14 now
911 1296 25 19 be
943 1294 120 21 considered
1071 1294 21 19 to
1101 1294 23 19 be
1131 1293 70 25 firmly

675 1328 133 21 established.

701 1365 84 19 Cordial
794 1365 57 19 votes
865 1365 21 19 of
895 1363 76 20 thanks
981 1363 22 20 to
1020 1362 35 21 the
1064 1360 85 28 speaker
1159 1359 42 21 and

675 1397 113 20 Chairman
799 1395 89 24 brought
898 1395 36 19 the
943 1394 91 24 meeting
1045 1396 21 16 to
1077 1400 12 12 a
1098 1394 62 18 close.

701 1434 27 19 At
737 1440 13 13 a
757 1432 124 21 Committee
888 1430 96 25 meeting,
992 1430 49 20 held
1048 1428 153 26 subsequently,

674 1465 17 19 it
706 1471 42 12 was
765 1463 83 20 decided
862 1464 21 18 to
899 1462 51 19 hold
966 1468 12 12 a
997 1460 69 26 public
1078 1460 90 23 meeting
1178 1460 23 18 at

674 1496 56 19 View
739 1495 51 23 Hill,
801 1500 27 13 on
839 1493 116 24 Thursday.
966 1493 50 19 13th
1030 1492 111 23 February,
1158 1489 43 21 and

674 1527 47 19 that
731 1527 26 19 G.
767 1526 25 20 R.
801 1525 87 23 Gorton,
903 1525 58 23 Esq.,
976 1523 25 20 be
1010 1522 64 21 asked
1082 1524 23 17 to
1121 1521 80 25 preside

673 1557 85 20 thereat.

786 1616 135 24 OXFORD
945 1614 137 25 TIMBER.

698 1678 41 19 We
753 1677 53 19 have
816 1676 51 19 been
884 1675 84 19 favored
986 1674 51 20 with
1047 1673 35 19 the
1091 1671 108 25 following

671 1715 66 23 letter,
748 1713 90 21 received
846 1712 26 24 by
881 1712 38 20 the
925 1711 113 20 Chairman
1048 1710 21 20 of
1079 1708 35 21 the
1122 1707 78 21 Oxford

669 1750 60 21 Road
738 1750 75 20 Board,
822 1749 68 20 which
899 1748 76 26 speaks
983 1748 33 19 for
1024 1746 57 21 itself
1088 1752 33 14 :—

848 1784 107 25 Hurunui,
967 1784 105 23 February
1082 1783 18 24 3,
1112 1782 58 20 1890.

686 1815 66 24 'Dear
769 1818 56 22 Sir,-
836 1817 12 20 I
866 1817 53 20 have
936 1816 62 19 much
1015 1815 95 25 pleasure
1124 1813 23 19 m
1157 1813 40 19 for-

670 1850 92 25 warding
771 1856 42 18 you
822 1850 40 18 two
874 1847 90 26 samples
980 1847 22 19 of
1011 1845 59 20 black
1080 1844 59 20 birch
1148 1844 51 19 used

670 1882 23 19 m
711 1882 36 19 the
757 1880 143 20 construction
918 1879 22 18 of
950 1878 35 19 (.he
1000 1876 99 20 Hurunui
1116 1875 81 24 Bridge,

670 1913 52 19 built
738 1911 28 25 by
776 1911 32 18 Mr
821 1910 26 19 E.
857 1910 19 20 J.
893 1909 90 25 Wright,
998 1908 23 19 m
1039 1907 57 24 1869,
1112 1906 42 20 and
1163 1906 33 19 ob-

670 1943 70 20 tained
750 1943 55 19 from
816 1941 35 19 the
862 1940 79 20 Oxford
950 1939 61 20 bush.
1039 1938 44 20 The
1093 1944 39 14 one
1142 1937 55 25 piece

668 1974 19 19 is
703 1974 47 24 part
761 1973 21 18 of
798 1972 72 25 capsil,
881 1972 43 19 and
933 1971 36 19 the
978 1970 59 20 other
1048 1970 47 23 part
1105 1969 21 19 of
1135 1969 62 19 lower

668 2004 85 24 walling
764 2003 82 24 (chiefly
853 2002 66 19 under
928 2004 78 20 water.)
1034 2000 44 19 The
1084 1999 67 25 pieces
1161 2004 36 14 are

670 2042 12 13 a
692 2035 40 19 fair
740 2034 80 24 sample
830 2033 21 19 of
862 2033 34 19 the
911 2033 66 19 whole
987 2032 21 19 of
1018 2031 36 19 the
1067 2030 61 19 heart
1137 2030 60 19 wood

670 2066 56 21 used,
737 2064 43 21 and
795 2064 53 24 fully
857 2063 59 20 bears
930 2064 37 18 out
976 2063 36 19 the
1028 2061 53 26 good
1090 2060 87 25 opinion
1186 2060 11 19 I

669 2098 53 19 have
731 2096 42 19 had
783 2095 22 19 of
820 2094 60 19 black
889 2094 60 19 birch
958 2094 32 18 for
1005 2092 70 24 bridge
1092 2097 101 20 purposes

668 2128 33 19 for
721 2132 64 18 many
800 2130 67 20 years,
884 2124 109 26 providing
1007 2124 17 19 it
1040 2123 18 20 is
1076 2123 34 20 cut
1128 2124 22 18 at
1159 2122 37 20 the

668 2158 56 25 right
735 2162 74 15 season
818 2156 22 19 of
849 2155 36 21 the
894 2162 56 19 year.

819 2187 73 24 Yours,
907 2186 138 26 respoctfnlly,

964 2218 20 19 J.
998 2218 32 19 W.
1044 2216 99 24 Thomas,

921 2249 130 22 Contractor,
1061 2246 108 22 Hurunui.

741 2315 131 25 SCHOOL
889 2312 219 27 COMMITTEES.

828 2387 70 20 EAST
913 2385 117 22 OXFORD.

693 2425 48 20 The
756 2423 61 21 usual
826 2423 96 26 monthly
936 2422 90 24 meeting
1036 2422 21 19 of
1073 2421 44 20 this
1132 2421 60 20 Com-

667 2462 73 20 mittee
757 2465 43 16 was
815 2460 49 20 held
882 2466 28 13 on
929 2458 95 26 Tuesday
1040 2458 87 24 evening
1144 2457 49 20 last.

667 2498 112 21 Present—
780 2497 35 20 All
824 2496 36 20 the
868 2496 108 20 members.

693 2535 46 19 The
760 2533 93 20 minutes
875 2533 22 19 of
920 2532 36 20 the
977 2531 97 26 previous
1096 2530 98 26 monthly

668 2571 90 23 meeting
781 2575 52 14 were
856 2568 49 20 read
927 2568 43 19 and
990 2567 117 20 confirmed.
1148 2566 45 20 The

668 2607 92 20 minutes
769 2606 22 19 of
801 2605 36 20 the
853 2604 76 26 special
948 2604 90 23 meeting
1050 2603 49 20 held
1114 2609 28 14 on
1157 2603 36 20 the

668 2643 52 20 25th
729 2643 81 19 instant
821 2646 50 15 were
878 2640 50 20 read
934 2639 42 21 and
983 2639 120 20 considered
1109 2640 84 19 correct.

695 2679 34 19 Mr
744 2677 98 25 Aldridge
855 2676 93 26 objected
964 2676 21 19 to
1002 2675 54 20 their
1071 2675 60 25 being
1140 2681 55 14 con-

668 2715 79 24 firmed,
763 2720 24 15 as
797 2714 26 20 he
838 2712 120 21 considered
968 2712 36 20 the
1019 2711 133 25 proceedings
1165 2717 28 14 on

670 2752 48 21 that
734 2750 96 21 occasion
839 2755 51 14 were
899 2749 38 19 not
953 2749 95 25 properly
1057 2748 79 20 carried
1151 2749 43 23 out,

670 2794 23 15 as
712 2788 36 20 the
765 2787 92 20 minutes
880 2785 21 20 of
920 2785 36 19 the
977 2784 96 26 previous
1096 2784 96 25 monthly

668 2825 91 24 meeting
769 2829 50 14 were
830 2823 36 19 not
882 2822 50 20 read
941 2822 22 19 at
979 2821 47 20 that
1040 2821 77 25 special
1132 2822 62 19 meet-

669 2861 44 24 ing.
754 2860 33 19 He
801 2858 50 20 read
867 2857 35 20 the
918 2857 70 20 clause
1001 2857 21 19 m
1033 2856 35 20 the
1077 2856 118 20 Education

669 2898 40 19 Act
725 2895 99 26 referring
840 2896 22 19 to
878 2894 37 21 the
930 2893 80 26 subject
1026 2893 21 20 of
1063 2893 101 25 meetings
1174 2893 21 19 of

668 2932 141 21 Committees.

696 2968 76 20 Messrs
781 2966 80 24 Fisher,
873 2965 102 23 Mitchell,
989 2964 42 20 and
1042 2965 91 24 Comyns
1148 2970 47 14 con-

670 3003 71 21 curred
750 3003 23 20 m
783 3002 35 20 the
827 3002 51 20 view
887 3001 63 20 taken
959 3000 27 25 by
995 3001 34 18 Mr
1037 3000 104 24 Aldridge.

696 3039 45 20 The
758 3037 122 24 Chairman,
900 3037 43 20 and
960 3036 77 20 Messrs
1054 3036 77 20 Parish
1152 3036 42 20 and

670 3076 71 22 Keats,
751 3073 119 22 considered
878 3073 39 20 the
931 3072 91 24 meeting
1030 3072 99 25 perfectly
1138 3078 58 19 regu-

670 3113 38 23 lar,
723 3117 23 14 as
762 3112 34 19 tbe
811 3110 90 25 meeting
910 3114 43 15 was
969 3108 65 21 called
1043 3108 33 20 for
1091 3114 13 14 a
1119 3109 77 25 special

670 3153 96 21 purpose.

696 3184 59 20 Each
765 3182 90 21 member
864 3182 21 20 of
895 3182 35 20 the
939 3180 124 21 Committee
1072 3180 67 20 stated
1149 3180 47 21 that

671 3221 49 25 they
736 3226 61 14 never
805 3220 59 19 knew
874 3219 22 20 of
910 3218 36 20 the
955 3217 92 22 minutes
1057 3217 22 19 of
1093 3223 13 13 a
1114 3218 82 24 regular

671 3257 90 24 meeting
770 3257 61 24 being
840 3255 50 21 read
899 3256 22 19 at
931 3260 13 14 a
953 3254 77 25 special
1040 3254 97 24 meeting.

696 3294 34 20 Mr
738 3292 74 21 Fisher
823 3291 101 21 therefore
934 3290 80 23 moved,
1050 3290 56 19 That
1115 3296 12 13 a
1136 3289 60 25 pupil

671 3330 84 19 teacher
763 3328 77 19 should
845 3327 25 19 be

697 3365 44 20 The
751 3364 114 21 Chairman
878 3363 92 25 objected
980 3362 22 20 to
1018 3362 38 24 put
1065 3361 36 20 the
1115 3360 81 20 motion

671 3402 72 19 unless
761 3401 17 19 it
796 3405 42 14 was
855 3399 66 19 added
1004 3398 36 19 the
1055 3398 60 19 event
1131 3397 21 20 of
1161 3396 36 21 the

670 3438 78 19 former
756 3434 133 28 proceedings
898 3434 61 24 being

697 3472 52 20 This
758 3478 43 14 was
811 3470 73 25 agreed
894 3471 29 23 to,
939 3469 42 21 and
991 3468 86 24 carried,
1092 3469 68 24 owing
1174 3469 22 19 to

671 3509 33 20 Mr
714 3509 93 24 Comyns
821 3507 71 24 voting
901 3506 23 19 m
941 3505 36 20 the
986 3505 94 25 opposite
1096 3504 101 21 direction

670 3545 22 20 to
701 3544 69 21 which
779 3543 26 20 he
816 3542 35 20 did
860 3542 22 20 at
892 3542 35 20 the
937 3540 78 26 special
1025 3540 95 25 meeting.

696 3580 21 21 It
727 3586 41 14 was
778 3579 83 20 decided
871 3579 21 20 to
902 3579 47 19 vote
958 3578 32 19 for
1000 3577 82 21 Messrs.
1086 3577 110 26 Peryman,

670 3617 93 23 Weston,
774 3615 41 20 and
824 3615 75 23 Webb,
909 3620 23 14 as
940 3613 102 21 members
1052 3612 21 22 of
1082 3613 36 22 tbe
1127 3613 70 23 Board

670 3653 22 19 of
697 3652 125 20 Education.

694 3688 45 20 The
757 3688 97 20 Master's
871 3686 70 26 report
958 3690 43 17 was
1019 3685 56 27 read,
1092 3685 42 22 and
1148 3692 47 15 con-

669 3723 81 22 eidered
758 3723 138 21 satisfactory.

1321 175 17 20 A
1348 175 36 19 list
1394 175 21 19 of
1425 175 99 24 irregular
1532 174 121 20 attendants
1663 180 42 14 was
1714 175 102 24 supplied,

1295 211 41 20 and
1352 211 17 20 it
1385 217 41 14 was
1443 210 83 20 deciJed
1542 212 22 18 to
1582 211 51 20 send
1649 211 78 20 notices
1744 212 21 17 to
1780 211 35 20 the

1291 249 85 24 parents
1395 248 46 19 that
1460 246 70 20 unless
1554 246 54 21 their
1630 247 91 20 children
1745 246 72 21 attend

1291 290 58 14 more
1358 285 102 24 regularly
1470 283 50 25 they
1528 283 42 20 will
1580 284 23 19 be
1613 284 128 20 summoned.

1317 321 45 20 The
1371 320 124 20 Committee
1508 320 49 19 then
1568 320 118 25 adjourned*

1447 373 83 20 WEST
1540 373 109 20 OXFORD.

1316 408 51 21 This
1403 408 124 21 Committee
1562 409 48 20 held
1637 410 54 20 their
1717 410 98 24 ordinary

1290 445 97 24 monthly
1409 445 91 24 meeting
1516 452 28 13 on
1559 446 91 25 Monday
1669 447 86 25 evening
1767 447 47 19 last.

1289 481 189 19 Present^Messrs
1488 482 99 20 Prichard
1597 483 137 25 (Chairman),
1745 481 68 21 Grim-

1290 517 64 23 wood,
1364 516 83 24 Ancall,
1457 518 41 19 and
1508 518 101 21 Knowles.

1316 553 43 20 The
1375 552 95 22 Master's
1490 555 68 24 report
1573 554 83 21 showed
1674 555 36 20 the
1728 561 85 18 average

1289 586 124 23 attendance
1429 592 21 17 to
1461 591 23 19 be
1500 591 39 19 142
1547 592 17 22 9,
1575 591 42 19 and
1636 592 35 19 the
1687 592 88 19 number
1784 598 27 13 on

1288 625 36 20 the
1333 626 65 19 books
1408 623 45 25 18.4

1315 661 20 20 It
1350 667 42 15 was
1406 662 92 21 resolved
1514 663 23 20 to
1552 662 66 21 invite
1634 663 83 20 tenders
1726 664 32 19 for
1767 663 48 20 four

1289 697 59 20 cords
1357 699 22 19 of
1389 699 101 21 firewood.

1315 733 20 20 It
1344 739 42 15 was
1396 734 83 20 decided
1488 735 22 19 to
1519 734 51 20 hold
1585 741 12 13 a
1607 735 76 25 special
1693 735 91 25 meeting
1792 737 23 18 at

1290 774 12 14 a
1312 768 47 21 date
1370 770 21 19 to
1400 770 25 19 be
1434 770 54 20 fixed
1502 770 28 25 by
1539 770 35 20 the
1590 770 121 23 Chairman,
1730 772 21 19 to
1766 777 48 14 con-

1287 805 55 19 sider
1350 805 37 20 the
1395 805 118 20 Education
1523 807 70 18 Board
1601 807 148 20 nominations.

1316 840 106 21 Accounts
1432 843 22 18 to
1464 842 35 19 the
1509 843 87 18 amount
1613 843 21 19 of
1643 842 29 21 £7
1682 848 50 14 were
1740 840 76 28 passed

1290 877 33 19 for
1339 878 104 23 payment,
1460 877 42 20 and
1516 878 36 19 the
1568 875 126 24 Committee
1711 878 51 21 then
1780 879 37 20 ad-

1288 912 94 25 journed.

1471 965 76 20 VIEW
1560 966 72 20 HILL.

1316 999 47 20 TnE
1381 1001 61 20 usual
1457 1001 98 25 monthly
1565 1002 90 25 meeting
1665 1003 22 19 of
1756 1000 59 23 dom;

1290 1036 72 20 mittee
1380 1043 41 14 was
1441 1038 49 19 held
1504 1043 27 14 on
1551 1035 96 29 Tuesday
1663 1040 87 24 evening
1767 1040 49 20 lasti

1290 1071 112 21 Present—
1402 1073 78 19 Messrs
1499 1073 27 20 H.
1545 1074 70 20 Smith
1634 1075 137 25 (Chairman),
1791 1076 24 19 T.

1290 1107 78 25 OleeVe,
1379 1109 19 20 J.
1410 1108 95 24 Parlane,
1514 1109 19 20 J,
1542 1110 54 22 Pole,
1607 1111 43 19 and
1659 1112 27 19 H.
1697 1111 105 25 Simpson*

1317 1144 33 19 An
1366 1144 128 25 application
1510 1150 42 15 was
1570 1147 61 19 made
1639 1146 27 25 by
1682 1146 33 20 Mr
1723 1147 55 24 Pole,
1789 1153 28 14 on

1290 1177 71 22 behalf
1377 1180 22 19 of
1415 1180 35 20 the
1467 1178 79 23 Oxford
1561 1182 68 20 Labor
1639 1182 80 25 Union,
1733 1183 33 20 for
1781 1183 36 20 the

1291 1221 37 14 use
1337 1215 22 20 of
1368 1215 35 20 the
1420 1214 14 22 Si
1442 1217 114 20 toolroom
1566 1223 27 14 on
1603 1215 111 28 Thursday
1723 1216 93 28 evening,

1292 1250 48 21 Feb.
1352 1252 58 19 13.—
1411 1252 99 21 Granted.
1700 1256 4 2 '
1740 1269 2 2 .

1316 1284 21 22 It
1346 1292 43 15 was
1399 1287 83 21 decided
1491 1289 22 19 to
1523 1289 47 19 vote
1577 1288 33 21 for
1619 1289 77 21 Messrs
1705 1289 109 27 Meredith*

1291 1323 110 25 Peryman,
1418 1324 42 20 and
1476 1324 92 25 Weston,
1584 1331 24 15 as
1617 1323 101 24 members
1733 1327 33 21 for
1781 1328 36 20 the

1291 1358 70 21 Board
1375 1360 21 19 of
1405 1360 124 21 Education.

1316 1395 59 20 After
1384 1402 58 14 some
1451 1396 117 20 discussion
1581 1403 23 14 as
1613 1399 22 19 to
1644 1398 35 21 the
1689 1399 45 20 best
1745 1405 72 15 means

1291 1431 22 20 of
1322 1431 80 26 raising
1411 1438 76 19 money
1497 1433 31 19 for
1538 1433 112 21 children's
1660 1436 76 24 prizes,
1747 1436 18 20 it
1774 1442 43 14 was

1292 1467 150 26 unanimously
1451 1469 91 20 resolved
1559 1471 22 18 to
1590 1470 53 20 have
1656 1477 13 14 a
1678 1473 82 19 concert
1776 1471 42 21 and

1291 1503 65 20 dance
1369 1510 27 13 on
1411 1504 36 19 the
1462 1504 76 20 second
1553 1506 78 25 Friday
1648 1507 23 20 m
1688 1508 79 22 March,
1785 1508 33 20 for

1291 1539 47 20 that
1347 1544 94 21 purpose.

1317 1575 65 20 Other
1389 1576 68 19 minor
1465 1577 86 19 matters
1561 1583 51 15 were
1619 1579 125 24 considered,
1754 1579 63 21 small

1290 1612 99 19 accounts
1398 1610 74 27 passed
1486 1612 32 20 for
1528 1616 106 22 payment,
1650 1616 41 19 and
1702 1616 35 19 the
1753 1617 62 19 meet-

1289 1647 36 25 ing
1335 1647 120 26 adjourned.

1476 1722 150 24 CUST.

1315 1780 18 19 A
1341 1785 96 15 general
1452 1781 90 23 meeting
1557 1782 21 19 of
1590 1782 35 21 the
1638 1784 102 20 members
1749 1785 22 19 of
1780 1785 34 21 the

1287 1811 81 20 Cricket
1383 1811 52 20 Club
1452 1818 41 13 was
1510 1813 47 18 held
1572 1818 27 14 on
1616 1814 91 25 Monday
1726 1817 87 26 evening

1287 1843 48 23 last,
1356 1842 58 20 when
1424 1843 58 19 there
1497 1850 43 13 was
1552 1850 12 12 a
1580 1844 71 20 rather
1665 1852 52 19 poor
1734 1848 79 20 attend-

1287 1878 58 15 ance.
1385 1873 33 19 Mr
1426 1873 25 20 A.
1462 1874 22 19 T.
1501 1874 110 24 Chapman
1623 1881 40 14 was
1677 1877 59 20 voted
1746 1879 22 18 to
1778 1879 35 19 the

1287 1904 65 19 chair.
1393 1904 45 19 The
1455 1904 95 20 business
1560 1905 21 19 of
1591 1905 36 20 the
1640 1908 91 24 meeting
1741 1915 41 13 was
1791 1910 22 19 to

1286 1934 88 25 appoint
1385 1940 12 14 a
1406 1935 183 25 Deputy-captain,
1599 1937 41 19 and
1654 1938 21 19 to
1686 1944 87 20 arrange
1781 1940 33 19 for

1286 1964 35 20 the
1331 1965 150 24 improvement
1491 1966 22 19 of
1522 1966 94 25 practice.
1646 1968 55 20 More
1711 1970 52 19 than
1773 1977 40 14 one

1286 1996 85 24 speaker
1385 1996 66 19 called
1468 1997 105 19 attention
1590 1999 21 18 to
1621 1998 35 20 the
1673 2001 103 24 necessity
1792 2001 21 19 of

1285 2026 118 25 improving
1418 2026 36 20 the
1470 2027 72 19 affairs
1557 2027 21 19 of
1588 2027 35 21 the
1639 2029 59 21 Club.
1738 2031 33 19 Mr
1786 2032 27 21 E.

1286 2058 34 20 W.
1338 2057 78 26 Cooper
1432 2064 42 14 was
1491 2058 113 25 appointed

1286 2088 42 19 and
1337 2088 18 19 it
1371 2094 42 13 was
1421 2088 97 26 jresolved
1534 2090 22 18 to
1569 2089 50 20 hold
1636 2091 100 24 practices
1752 2099 60 19 every

1286 2119 99 25 Monday,
1400 2119 22 19 to
1439 2125 123 18 commence,
1578 2123 22 16 at
1616 2121 47 21 3.30
1678 2128 48 19 p.m.
1767 2124 45 20 The

1285 2150 98 25 question
1392 2150 22 19 of
1423 2150 93 20 matches
1526 2151 90 20 received
1626 2152 141 22 considerable
1776 2155 34 20 at-

1285 2180 87 21 tention.
1400 2181 21 19 It
1430 2187 42 14 was
1479 2181 83 20 decided
1573 2182 20 20 to
1604 2184 49 24 p.lay
1668 2185 84 23 against
1761 2185 49 20 Am-

1284 2211 75 25 berley,
1369 2212 17 19 if
1395 2212 95 25 possible,
1500 2218 26 13 on
1533 2212 48 21 Feb.
1591 2213 26 21 26
1625 2222 5 17 ;
1644 2215 35 19 Mr
1685 2215 95 21 Blunden
1788 2218 22 19 to

1286 2243 24 20 be
1329 2243 108 25 requested
1454 2245 22 18 to
1491 2250 87 19 arrange
1595 2246 33 19 for
1644 2252 13 13 a
1672 2247 73 20 match
1760 2248 50 20 with

1285 2274 97 20 Carleton
1392 2282 5 16 ;
1416 2274 36 20 the
1462 2274 78 20 Oxford
1557 2275 52 20 Club
1619 2278 21 19 to
1654 2278 25 19 be
1694 2279 116 19 communi-

1284 2305 60 20 cated
1360 2305 56 23 with,
1433 2305 109 25 regarding
1555 2312 12 14 a
1576 2308 71 19 return
1665 2309 71 19 match
1753 2316 27 13 on
1797 2316 12 14 a

1284 2336 48 20 date
1342 2337 52 19 after
1403 2336 48 20 Feb.
1461 2336 57 20 26th.
1559 2337 43 20 The
1611 2339 107 20 President
1729 2347 41 13 was
1780 2347 30 14 re-

1284 2366 86 26 quested
1376 2368 22 17 to
1407 2367 104 24 purchase
1520 2373 58 13 some
1588 2368 59 25 balls,
1663 2370 42 20 and
1715 2370 35 21 the
1760 2372 48 19 Sec-

1283 2399 70 23 retary
1361 2398 116 19 instructed
1486 2399 22 18 to
1517 2404 40 18 pay
1567 2405 29 13 an
1612 2402 88 18 account
1714 2401 33 20 for
1757 2403 51 19 bats.

1282 2429 19 19 A
1310 2431 46 18 vote
1366 2429 21 19 of
1398 2429 76 19 thanks
1484 2430 21 18 to
1515 2429 35 20 the
1559 2429 59 21 chair
1631 2431 125 22 terminated
1772 2434 37 20 the

1283 2459 97 26 meeting.

1310 2496 72 24 Owing
1392 2497 21 19 to
1423 2496 36 20 the
1472 2502 95 19 pressure
1576 2497 21 19 of
1606 2497 85 22 harvest
1700 2500 61 26 work,
1773 2501 36 20 the

1283 2528 61 19 usual
1353 2527 90 25 meeting
1453 2528 22 19 of
1484 2528 36 19 the
1536 2528 131 21 Oddfellows'
1677 2531 72 25 Lodge
1766 2538 42 14 was

1282 2559 38 18 not
1336 2558 49 19 held
1393 2563 28 14 on
1437 2558 94 24 Tuesday
1546 2559 93 25 evening.
1682 2561 44 20 The
1736 2562 73 25 Sports

1283 2588 124 20 Committee
1415 2588 43 20 will
1467 2590 52 18 meet
1529 2595 27 13 on
1565 2590 95 25 Tuesday
1669 2592 60 20 week.

1308 2624 45 19 The
1362 2624 93 19 monster
1464 2624 77 20 bazaar
1549 2626 33 18 for
1590 2626 68 19 which
1668 2627 35 19 the
1712 2627 66 20 ladies
1787 2629 22 19 of

1282 2655 37 19 the
1328 2654 145 24 Presbyterian
1484 2656 147 23 congregation
1649 2657 54 21 have
1716 2658 50 20 been
1778 2665 33 14 as-

1283 2686 108 23 siduously
1400 2686 92 24 working
1501 2686 21 19 of
1531 2686 49 23 late,
1596 2688 18 19 is
1625 2689 97 24 expected
1731 2691 22 18 to
1762 2690 49 21 take

1283 2718 60 24 place
1351 2718 23 18 m
1384 2717 37 20 the
1430 2718 56 24 early
1496 2718 48 24 part
1554 2718 22 19 of
1584 2718 67 26 April.

1309 2753 34 19 An
1359 2753 118 19 occasional
1494 2754 160 24 correspondent
1669 2756 68 19 writes
1744 2762 5 14 :
1751 2768 25 3 —
1797 2757 14 20 I

1284 2784 50 20 hear
1343 2784 47 19 that
1401 2784 35 19 the
1446 2783 123 20 authorities
1585 2785 22 19 of
1616 2786 37 19 the
1661 2786 150 26 Episcopalian

1285 2815 84 19 Church
1385 2814 54 20 have
1454 2815 113 19 concluded
1579 2816 22 18 to
1618 2822 82 15 remove
1714 2818 36 20 the
1759 2819 51 21 Eev.

1284 2846 73 24 Wyatt
1366 2846 22 18 to
1398 2851 27 13 an
1440 2847 126 23 up-country
1580 2846 83 21 district
1677 2848 22 18 of
1713 2848 98 25 Welling-

1284 2878 45 19 ton.
1357 2876 21 19 It
1386 2876 19 19 is
1414 2878 38 17 not
1462 2876 76 19 known
1547 2878 35 23 yet
1599 2878 55 20 what
1664 2878 96 21 minister
1769 2880 44 19 will

1286 2909 85 19 succeed
1379 2908 46 20 him
1434 2908 54 20 here.

1312 2946 71 19 There
1395 2946 20 19 is
1424 2945 67 20 much
1499 2945 49 20 talk
1557 2946 48 26 just
1613 2953 51 14 now
1673 2948 23 20 of
1713 2949 100 26 marring

1286 2977 45 19 and
1348 2976 75 25 giving
1440 2976 25 19 m
1482 2977 116 25 marriage.
1628 2979 52 19 Two
1698 2980 115 25 weddings

1285 3007 56 19 have
1350 3007 69 19 taken
1427 3007 63 24 place
1499 3007 24 19 m
1533 3008 39 19 the
1583 3008 86 21 district
1682 3010 47 20 this
1747 3012 64 24 week,

1285 3038 45 19 and
1338 3038 40 21 the
1388 3044 38 19 cry
1434 3038 20 19 is
1463 3038 49 19 still
1521 3039 53 25 they
1588 3045 67 15 come.
1686 3041 43 26 Big
1746 3042 66 20 busi-

1285 3075 51 14 ness
1353 3069 36 19 for
1407 3069 39 20 the
1463 3075 99 19 parsons,
1581 3071 46 20 and
1644 3078 30 14 an
1692 3073 120 26 absorbing

1286 3101 88 26 subject
1381 3100 36 20 for
1427 3101 74 24 gossip
1511 3107 79 20 among
1599 3102 40 21 the
1649 3103 63 20 other
1725 3104 89 20 femini-

1284 3138 46 14 nes.
1360 3131 53 20 This
1422 3132 60 19 week
1491 3132 40 20 the
1540 3133 95 21 interest
1644 3134 23 20 of
1675 3135 32 19 all
1716 3135 38 20 old
1767 3137 48 19 set-

1284 3164 53 20 tlers
1346 3163 42 20 has
1405 3163 56 20 been
1480 3164 118 24 attracted,
1618 3165 36 21 for
1672 3172 29 14 on
1719 3167 96 27 Monday

1286 3194 36 20 Mr
1331 3194 95 20 Thomas
1436 3194 70 21 Milne
1516 3194 23 21 of
1548 3195 113 27 Rangiora
1673 3203 45 15 was
1736 3199 81 20 united

1284 3227 25 20 to
1318 3225 55 21 Miss
1388 3225 66 20 Ellen
1472 3226 96 25 Garrett,
1590 3229 72 20 whose
1680 3229 76 22 father
1774 3231 41 21 has

1284 3257 56 20 been
1348 3257 35 19 for
1393 3262 59 15 some
1461 3258 26 18 28
1496 3263 65 20 years
1571 3258 97 28 farming
1677 3261 25 19 m
1714 3261 41 21 the
1768 3262 50 21 dis-

1285 3288 61 21 trict.
1377 3288 48 20 The
1435 3288 104 26 wedding
1547 3295 45 14 was
1602 3296 14 15 a
1625 3292 62 26 quiet
1705 3299 46 17 one,
1771 3294 45 20 and

1286 3319 53 19 took
1347 3318 64 25 place
1419 3319 25 18 m
1452 3319 39 20 the
1501 3320 70 20 house
1580 3321 23 20 of
1613 3322 37 20 the
1666 3323 83 21 bride's
1762 3331 56 20 par-

1286 3350 63 24 ents;
1369 3349 43 21 but
1425 3350 31 21 all
1469 3350 39 20 the
1523 3351 37 21 old
1577 3352 100 26 pioneers
1695 3355 46 20 and
1757 3356 61 21 their

1287 3381 146 20 descendants
1442 3388 38 14 are
1490 3382 77 26 giving
1579 3383 81 28 hearty
1668 3386 58 24 good
1738 3387 80 21 wishes

1286 3412 35 21 for
1329 3412 40 20 the
1378 3412 119 27 happiness
1516 3413 23 22 of
1556 3414 39 21 the
1613 3421 74 21 young
1707 3418 82 26 couple.
1790 3429 28 4 —

1286 3443 64 20 Then
1359 3450 28 14 on
1396 3443 142 27 Wednesday
1546 3451 33 15 we
1588 3445 46 22 had
1647 3454 15 14 a
1679 3449 64 23 great
1760 3450 58 21 wed-

1287 3475 136 26 ding,-when
1433 3475 54 21 Miss
1496 3476 62 26 Lucy
1571 3477 84 27 Cooper
1675 3486 45 15 was
1738 3482 38 20 led
1794 3482 24 20 to

1286 3506 40 21 the
1335 3506 119 27 hymeneal
1463 3506 56 21 alter
1527 3507 32 27 by
1573 3508 36 20 Mr
1627 3509 90 21 Samnel
1736 3511 80 22 Sellars

1286 3537 23 21 of
1319 3537 118 22 Bennett's
1446 3537 112 22 Junction.
1589 3539 47 22 The
1646 3547 116 21 ceremony
1771 3549 45 14 was

1285 3568 125 29 performed
1429 3570 25 20 at
1476 3570 40 21 the
1539 3571 135 23 Horrelville
1697 3574 119 27 Wesleyan

1286 3600 85 25 Ohapel
1378 3601 31 26 by
1418 3601 39 21 the
1467 3602 48 20 Rev
1525 3603 24 19 T.
1559 3603 28 20 H.
1601 3603 66 28 Gray,
1686 3605 73 21 whose
1778 3607 39 22 aff-

1287 3631 79 26 ability
1376 3633 143 21 contributed
1531 3633 25 20 to
1573 3634 40 21 the
1632 3636 90 25 general
1741 3638 77 25 enjoy-

1286 3664 69 21 ment.
1384 3664 48 21 The
1440 3664 147 23 bridesmaids
1603 3673 57 14 were
1678 3668 40 19 the
1736 3668 80 21 Misses

1286 3694 34 24 F.,
1337 3694 20 21 E
1364 3710 5 8 ,
1386 3695 45 21 and
1440 3695 28 21 K.
1477 3696 90 26 Cooper,
1575 3697 76 21 sisters
1660 3698 22 20 of
1694 3699 40 20 the
1747 3700 67 25 bride,

1287 3725 48 22 and
1348 3726 56 22 Miss
1418 3727 74 21 Mabel
1508 3728 91 28 Cooper,
1617 3729 41 23 her
1674 3730 69 23 nieqe.
1769 3732 48 24 ThQ

1905 174 63 20 bride
1987 177 45 17 Was
2045 175 67 25 given
2123 179 62 21 away
2193 175 31 25 by
2232 175 41 20 her
2285 175 97 23 brother,
2397 176 37 19 Mr

1905 205 25 20 E.
1944 206 33 20 W.
1989 206 87 25 Cooped
2107 206 46 20 The
2163 206 101 25 wedding
2267 207 114 20 breakfast
2388 214 44 13 was

1905 239 159 26 subsequently
2073 237 53 22 held
2135 240 24 19 m
2168 246 14 13 a
2195 246 103 19 marquee
2316 240 116 27 adjoining

1904 270 39 20 the
1952 271 112 20 residence
2079 271 24 19 of
2112 271 39 20 the
2167 271 83 20 bride's
2268 273 98 24 parents,
2385 273 46 19 and

1904 308 43 14 was
1957 303 138 20 remarkable
2108 303 36 19 for
2152 303 40 20 the
2201 309 104 20 presence
2314 303 24 21 of
2349 311 14 13 a
2376 311 55 20 very

1903 333 62 26 large
1975 335 93 20 number
2077 335 23 20 of
2108 335 40 20 the
2163 333 95 28 original
2275 336 88 21 settlers
2380 337 50 20 who

1902 365 46 20 had
1957 367 80 19 shared
2045 367 53 19 with
2108 367 36 20 Mr
2157 367 44 20 and
2215 367 47 20 Mrs
2285 368 83 26 Cooper
2390 369 39 20 the

1902 397 52 20 toils
1963 398 22 20 of
1994 398 38 20 the
2043 398 61 26 early
2114 399 52 25 days
2176 399 23 19 m
2210 399 61 20 Cust.
2300 399 47 21 The
2351 400 78 20 health

1902 428 23 19 of
1946 429 39 20 the
2008 429 73 25 liappy
2104 431 76 25 couple
2203 437 44 13 was
2268 431 108 25 proposed
2397 432 32 26 t>y~

1901 459 37 20 Mr
1946 460 29 20 Hi
1985 460 21 20 J.
2031 461 125 25 Hdrrell,;J.
2161 462 33 25 P.,
2207 462 90 20 Himself
2314 469 14 13 a
2346 470 39 14 son
2405 464 23 20 of

1902 497 40 14 one
1952 492 23 19 of
1985 492 36 20 the
2029 492 50 21 first
2087 493 93 20 farmers
2189 494 24 19 m
2223 494 37 20 ihe
2278 494 95 21 district.
2400 496 27 19 In

1900 523 40 20 the
1949 524 95 25 evening
2053 524 65 21 there
2126 531 44 14 was
2180 531 14 14 a
2206 525 75 25 dance,
2302 526 36 20 for
2354 527 73 19 which

1901 560 15 14 a
1923 554 62 25 large
1994 556 94 19 number
2097 556 23 20 of
2128 556 131 20 invitations
2269 564 56 13 were
2333 558 80 20 issued.

2063 621 91 24 VIEW
2171 622 92 23 HILL.

1927 677 20 21 A
1963 684 76 15 public
2049 676 97 29 meeting,
2164 682 22 19 at
2196 682 67 19 which
2273 682 34 19 Mr
2323 678 51 25 j?ole
2383 689 46 19 pre^

1902 709 63 23 sided,
1975 716 42 14 was
2026 712 48 19 held
2083 712 22 19 m
2114 712 36 19 the
2159 712 135 20 Schoolroom
2301 718 27 14 on
2336 713 93 25 Monday

1901 739 93 26 evening,
2004 742 33 18 for
2046 741 35 20 the
2090 748 89 19 purpose
2191 744 21 18 of
2222 743 87 26 electing
2319 751 13 13 a
2340 745 89 25 Library

1902 771 123 21 Committee
2034 773 35 19 for
2078 773 34 19 the
2122 774 88 25 ensuing
2218 781 56 19 year.

1930 807 43 20 The
1984 807 153 22 balance-sheet
2145 816 42 14 was
2197 811 55 23 read,
2262 812 49 23 and,
2318 812 22 20 m
2352 819 71 14 answe

1902 839 22 18 to
1940 839 33 18 Mr
1982 840 24 18 A.
2020 839 89 24 Wright,
2120 846 23 13 as
2160 844 22 16 to
2192 842 46 24 why
2251 849 58 13 more
2326 844 63 19 books
2407 844 23 19 of

1900 869 103 20 reference
2018 875 52 14 were
2079 872 37 18 not
2132 872 73 24 placed
2219 873 24 18 m
2252 873 37 19 the
2304 873 95 26 Library,
2412 875 19 19 it

1902 903 42 16 Was
1954 901 84 23 pointed
2049 903 37 17 out
2095 902 47 19 that
2151 903 58 19 there
2218 910 42 12 was
2269 905 38 19 not
2316 910 24 14 so
2349 908 57 21 great
2417 912 13 14 a

1902 929 90 21 demand
2001 931 33 19 for
2051 931 64 20 books
2125 933 22 19 of
2156 932 47 20 that
2212 933 107 20 character
2328 941 24 14 as
2362 936 69 21 would

1902 961 73 25 justify
1985 960 35 21 the
2027 962 125 21 Committee
2160 964 24 19 m
2191 964 112 26 procuring
2313 965 64 22 them.

1930 996 33 20 On
1977 997 36 21 the
2027 999 81 20 motion
2124 999 23 20 of
2161 1000 34 19 Mr
2209 1000 25 20 B.
2250 1001 95 25 Parlane,
2361 1003 17 20 it
2389 1010 42 14 was

1904 1028 73 24 agreed
1984 1030 22 19 to
2012 1030 131 20 recommend
2152 1031 36 20 the
2194 1030 124 23 Committee
2327 1034 22 20 to
2356 1036 75 20 accord

1904 1059 33 19 Mr
1946 1059 28 20 H.
1984 1060 69 20 Smith
2062 1060 36 20 the
2107 1061 108 26 privileges
2222 1063 23 19 of
2253 1069 13 14 a
2276 1064 55 27 fully
2338 1066 92 26 paid-up

1903 1091 97 23 member,
2010 1091 22 20 m
2042 1092 154 21 consideration
2208 1094 23 19 of
2239 1094 34 20 his
2282 1096 71 25 acting
2361 1103 23 14 as
2393 1098 36 19 Li-

1903 1120 84 21 brarian
1997 1122 87 20 without
2093 1124 162 21 remuneration,

1930 1156 19 19 A
1957 1157 117 21 discussion
2088 1159 50 19 then
2147 1159 101 25 followed,
2264 1162 111 28 regarding
2391 1165 38 21 the

1902 1186 57 26 right
1968 1188 22 19 of
1999 1190 178 20 non-subscribers
2190 1192 22 19 to
2221 1193 48 19 vote
2276 1193 33 20 for
2319 1195 35 20 the
2363 1196 63 20 Com-

1903 1219 79 21 mittee.
2021 1220 132 25 Eventually,
2164 1221 18 20 it
2191 1228 41 14 was
2248 1223 83 21 decided
2340 1226 54 25 that;
2404 1233 24 14 as

1903 1255 28 13 no
1943 1251 86 25 support
2044 1252 19 18 is
2072 1251 91 21 received
2178 1253 54 20 from
2242 1255 36 19 the
2293 1256 76 25 public,
2378 1258 51 26 they

1904 1280 76 20 should
1989 1283 37 18 not
2036 1281 25 20 be
2077 1282 85 21 allowed
2171 1289 13 14 a
2193 1284 57 21 voice
2258 1285 23 20 m
2291 1286 36 21 the
2336 1287 93 28 disposal

1905 1312 23 19 of
1937 1311 35 21 the
1980 1312 72 21 funds;

1931 1347 46 20 The
1983 1347 88 22 election
2079 1355 43 14 was
2126 1348 51 23 then
2184 1352 111 24 proceeded
2300 1353 51 22 with
2359 1364 5 16 ;
2378 1357 50 24 and,

1904 1380 22 19 at
1942 1385 12 14 a
1969 1380 89 24 meeting
2067 1380 48 20 held
2131 1381 147 28 subsequently
2289 1384 27 25 by
2325 1386 35 20 the
2369 1387 62 21 Com-

1904 1410 78 24 mittee,
1999 1411 35 20 Mr
2043 1412 24 20 R.
2083 1411 88 22 Parlane
2180 1420 42 14 was
2236 1415 76 21 chosen
2323 1423 23 14 as
2361 1419 68 21 Presi-

1906 1440 49 21 dent
1961 1442 33 19 for
2003 1442 36 20 the
2048 1444 88 24 ensuing
2144 1450 57 20 year.

1934 1524 473 48 CORRESPONDENCE.

1905 1625 65 20 While
1979 1632 37 13 our
2023 1627 87 19 columns
2119 1634 35 13 are
2164 1634 49 19 open
2223 1632 19 17 to
2256 1631 35 24 all,
2303 1636 28 15 we
2350 1633 35 20 do.
2392 1636 36 19 not

1928 1658 89 25 identify
2021 1660 97 18 ourselves
2123 1660 51 19 with
2179 1666 40 20 any
2226 1662 91 24 opinions
2324 1667 104 23 expressed

1929 1689 84 18 therein.

2009 1741 36 20 TO
2059 1741 253 24 CORRESPONDENTS.

2087 1777 40 20 We
2136 1780 66 22 regret
2211 1779 47 21 that
2268 1787 30 14 we
2307 1788 36 15 are
2352 1785 77 21 unable

1929 1808 22 19 to
1960 1808 66 19 insert
2035 1814 52 19 your
2096 1808 66 25 letter,
2172 1810 37 20 but
2222 1817 41 18 you
2273 1812 53 21 have
2335 1817 37 19 not
2385 1816 41 20 for-

1927 1839 82 20 warded
2018 1845 52 19 your
2079 1846 61 13 iiame
2150 1841 42 19 and
2201 1841 89 22 address.
2334 1845 35 21 We
2377 1853 50 20 may

1928 1870 41 20 add
1978 1870 47 20 that
2034 1870 17 20 it
2060 1871 19 19 is
2088 1872 38 18 not
2135 1871 100 21 desirable
2244 1874 33 18 for
2286 1879 13 14 a
2308 1881 118 21 correspon-

1927 1900 50 20 dent
1992 1902 23 18 to
2031 1907 82 14 assume
2122 1907 13 14 a
2145 1908 39 14 non
2200 1904 24 19 de
2236 1905 69 24 plume
2313 1906 122 22 whiohhaa-

1927 1932 52 19 been
1995 1933 145 24 appropriated
2153 1933 27 25 by
2189 1935 88 19 another
2286 1942 81 19 person.
2406 1939 29 20 If-

1925 1968 42 19 you
1976 1962 53 20 have
2037 1964 38 18 not
2084 1963 104 21 sufficient
2197 1965 120 26 originality
2327 1969 23 18 to
2359 1969 75 21 think;

1926 1993 24 19 of
1966 2000 12 12 a
1995 2000 44 12 new
2055 1999 68 18 name,
2140 2000 41 18 you
2196 1995 76 20 should
2282 1998 23 19 at
2313 1998 53 21 least
2382 2001 43 19 call

1925 2024 91 23 yourself
2046 2024 109 20 Micawber
2164 2026 38 19 No.

2055 2083 93 20 LABOR
2170 2084 89 19 UNION.

1978 2135 28 18 To
2015 2135 33 19 the
2057 2136 75 19 Editor
2140 2140 22 21 oj
2173 2137 6 10 '
2187 2137 40 19 The
2236 2138 101 22 Observer.
2340 2141 5 9 1

1924 2170 72 24 Sir,—
1996 2171 44 19 The
2048 2172 102 24 question,
2178 2173 65 21 What
2251 2173 19 21 is
2280 2175 22 20 to
2311 2175 82 23 beoome
2402 2175 29 24 of

1898 2201 35 19 the
1944 2202 64 23 .weak
2017 2208 50 14 man
2081 2203 66 19 under
2156 2203 35 20 the
2206 2204 72 21 Union
2294 2207 77 23 system
2405 2209 19 20 is

1897 2232 130 26 continually
2036 2233 100 25 cropping
2152 2240 33 20 up,
2201 2235 49 24 and,
2269 2237 21 20 to
2306 2243 36 20 my
2358 2239 66 25 mind,

1897 2264 39 19 has
1952 2264 51 20 been
2018 2265 119 25 effectually
2152 2267 112 23 answered,
2280 2268 38 20 but
2331 2270 23 20 to
2363 2270 60 21 those

1897 2295 45 19 who
1959 2301 35 13 are
2003 2295 43 19 still
2062 2296 141 20 unconvinced
2217 2297 47 20 that
2280 2304 28 14 no
2324 2300 98 26 injustice

1895 2326 69 20 would
1980 2331 78 19 accrue,
2066 2326 13 19 I
2088 2326 40 21 will
2145 2327 102 21 endeavor
2262 2330 22 19 to
2293 2335 64 19 prove
2373 2330 53 22 thai

1895 2357 55 20 their
1960 2357 55 19 fears
2025 2363 35 14 are
2069 2357 126 24 groundless.
2224 2359 18 19 A
2257 2366 74 18 person
2344 2363 78 23 requir-

1895 2389 37 24 ing
1946 2394 13 14 a
1968 2387 67 24 horse,
2051 2389 73 19 selects
2134 2395 39 13 one
2188 2390 34 19 for
2231 2390 35 20 the

1896 2419 21 19 of
1928 2419 35 20 the
1971 2419 57 20 work
2036 2419 120 24 required—
2157 2425 13 14 a
2178 2422 67 18 carter
2251 2422 49 24 puts
2310 2422 36 21 the
2355 2419 72 33 hea^vy^

1896 2450 61 20 horse
1965 2450 23 19 m
1997 2450 36 20 the
2043 2450 74 24 shafts,
2133 2451 43 20 and
2185 2451 35 20 the
2229 2452 54 24 light
2298 2458 40 16 one
2346 2454 23 20 in
2373 2448 5 13 J
2385 2455 41 21 the'

1894 2481 46 20 lead
1948 2488 5 17 ;
1980 2481 35 21 the
2032 2482 83 20 harvest
2132 2488 52 14 man
2201 2484 73 20 selects
2292 2490 13 14 a
2328 2486 91 21 medium

1896 2512 121 25 Clydesdale
2025 2513 33 19 for
2067 2513 33 19 his
2117 2514 103 23 machine,
2229 2514 23 19 m
2268 2515 116 24 preference
2399 2518 23 19 to

1897 2543 38 20 the
1950 2544 81 24 clumsy
2041 2544 81 20 Suffolk
2137 2544 70 24 punch
2215 2552 6 16 ;
2241 2544 36 20 the
2285 2545 51 26 lady
2345 2548 77 23 prefers

1897 2580 27 14 an
1940 2575 66 19 active
2022 2575 54 19 hack
2090 2575 33 19 for
2139 2575 71 19 saddle
2225 2580 25 14 or
2265 2575 54 26 trap,
2331 2577 68 21 before
2409 2585 13 14 a

1896 2604 67 25 heavy
1971 2604 78 26 Jpunch
2056 2613 5 16 ;
2081 2604 43 21 and
2140 2611 22 14 so
2178 2604 52 21 each
2245 2605 62 22 horse
2321 2610 44 22 gets
2373 2609 49 21 into

1896 2635 98 25 position,
2009 2635 135 21 comfortable
2160 2637 23 20 to
2198 2636 85 21 himself
2300 2638 44 21 and
2352 2640 71 24 profit-

1897 2667 45 19 able
1952 2667 22 19 to
1984 2667 33 19 his
2026 2667 111 24 employer.
2164 2667 105 21 Laborers
2277 2674 35 15 are
2321 2671 103 25 managed

1896 2698 23 19 m
1929 2698 81 24 exactly
2018 2697 37 20 the
2064 2703 58 14 same
2141 2704 46 17 way
2197 2698 58 20 when
2265 2699 34 20 led
2307 2700 28 25 by
2345 2707 13 14 a
2373 2701 51 21 boss

1897 2730 47 21 who
1953 2730 139 21 understands
2101 2730 34 20 his
2151 2731 63 20 work.
2255 2732 14 20 I
2284 2734 117 21 remember
2411 2741 13 15 a

1898 2761 120 24 gentleman
2034 2761 47 19 who
2097 2766 42 15 was
2154 2762 33 19 for
2201 2768 64 19 many
2276 2765 66 23 Jyears
2357 2765 23 20 m
2389 2766 36 20 the

1897 2792 77 21 service
1992 2792 21 20 of
2031 2792 36 20 the
2084 2792 118 21 Provincial
2225 2794 141 23 Government
2383 2797 42 25 (Mr

1898 2825 134 25 Martindale)
2041 2824 47 21 who
2097 2825 60 20 could
2173 2825 49 20 boss
2231 2832 13 14 a
2253 2826 95 22 hundred
2357 2829 68 21 hands

1900 2858 21 20 of
1930 2857 69 21 mixed
2008 2857 96 26 physical
2113 2857 97 25 abilities,
2218 2858 72 26 fitting
2300 2865 60 21 every
2375 2867 52 15 man

1898 2889 24 19 m
1931 2888 34 19 his
1975 2889 63 25 place,
2048 2889 42 20 and
2096 2888 79 25 lighten
2186 2890 36 20 the
2231 2891 56 19 work
2293 2892 51 20 with
2353 2892 74 26 cheery

1900 2920 57 20 voice
1977 2920 41 20 and
2043 2920 67 20 words
2133 2921 22 18 of
2177 2922 106 24 approval.
2323 2923 21 20 If
2361 2923 67 26 heavy

1900 2952 87 25 weights
2006 2959 51 14 were
2076 2954 22 19 to
2116 2952 26 21 be
2160 2954 67 24 lifted,
2252 2955 27 20 he
2297 2956 68 20 would
2382 2962 45 19 say,

1922 2984 51 19 Now
1982 2984 59 24 boys,
2054 2984 64 19 here's
2128 2990 13 13 a
2156 2984 78 21 chance
2243 2986 33 19 for
2292 2986 123 21 distinction
2420 2993 7 17 ;

1900 3015 30 20 all
1945 3016 94 24 together
2046 3024 6 16 ;
2072 3015 65 21 heave
2151 3017 36 23 ho,
2196 3017 89 26 cheerily
2293 3024 5 17 ;
2319 3019 46 20 well
2374 3019 53 20 done

1901 3053 36 19 my
2043 3046 31 20 To
2083 3046 38 21 the
2130 3047 77 25 lighter
2216 3054 48 14 men
2270 3049 27 20 he
2305 3050 67 19 would
2380 3055 44 19 say,

1988 3079 37 20 out
2043 3079 36 20 the
2096 3086 55 18 gear,
2168 3080 42 20 and
2226 3081 25 19 be
2266 3081 62 25 ready
2342 3082 33 19 for
2391 3081 36 20 the

1902 3111 69 24 word;
1992 3116 48 19 you,
2058 3111 59 23 Jack,
2133 3111 25 20 be
2167 3111 63 26 ready
2246 3112 50 20 with
2305 3112 68 21 oilcan
2385 3113 42 20 and

1902 3141 76 25 lighter
1993 3142 55 19 tools
2056 3149 5 17 ;
2081 3141 43 21 and
2139 3142 52 19 then
2205 3143 23 19 to
2242 3143 36 20 the
2292 3142 84 25 lightest
2385 3142 43 21 and

1902 3173 96 24 weakest,
2083 3179 38 14 can
2131 3173 64 23 write,
2206 3173 12 20 I
2225 3179 66 19 guess.
2328 3173 48 23 Yes,
2385 3172 28 21 ah
2420 3173 6 20 1

1903 3206 13 20 I
1924 3206 54 20 lived
1987 3206 23 19 m
2024 3206 36 20 the
2069 3212 59 14 same
2142 3208 63 18 street
2215 3213 24 13 as
2253 3213 13 13 a
2275 3207 56 24 great
2347 3206 80 20 scholar

1904 3236 81 26 myself.
2026 3237 57 20 Take
2098 3236 44 21 this
2157 3237 54 20 book
2225 3238 42 20 and
2275 3237 67 26 pencil
2348 3245 5 17 ;
2370 3237 58 20 write

1905 3274 59 19 every
1974 3274 62 14 name
2045 3268 23 20 m
2077 3269 37 19 the
2128 3269 66 20 broad
2203 3268 87 25 margin,
2300 3268 41 20 and
2349 3268 34 20 I'll
2392 3267 37 21 tell

1905 3305 42 18 you
1956 3305 57 13 more
2219 3300 15 19 I
2247 3299 60 20 think
2322 3299 35 19 the
2372 3299 57 19 weak

1905 3335 51 14 man
1965 3329 40 20 has
2015 3330 90 24 nothiug
2114 3332 23 17 to
2146 3330 45 20 fear
2197 3338 6 16 ;
2215 3336 47 18 very
2271 3330 57 18 often
2337 3329 56 19 what
2401 3328 28 20 he

1906 3360 58 20 lacks
1973 3360 23 19 m
2012 3361 107 19 muscular
2135 3360 141 26 development
2291 3359 26 20 he
2332 3359 97 20 balances

1906 3391 52 19 with
1968 3391 48 19 skill
2025 3391 42 19 and
2076 3392 90 19 cerebral
2182 3396 71 20 power,
2262 3390 42 20 and
2312 3390 57 20 often
2384 3391 45 19 out-

1908 3421 63 26 strips
1987 3421 35 20 his
2036 3421 84 20 heavier
2135 3421 127 26 competitor.
2302 3420 68 20 Those
2383 3420 46 20 who

1908 3452 54 21 have
1971 3452 84 20 become
2064 3453 88 25 entirely
2166 3451 87 21 unfitted
2261 3452 32 19 for
2302 3451 68 24 heavy
2385 3451 44 23 toil,

1907 3483 12 19 I
1927 3484 62 24 grant
1997 3489 42 19 you
2053 3484 54 20 have
2116 3490 57 14 some
2181 3488 60 16 cause
2255 3483 22 20 to
2286 3482 43 20 fear
2338 3481 54 21 their
2399 3482 31 20 lot

1907 3520 24 14 as
1940 3520 13 14 a
1962 3514 54 20 hard
2025 3520 40 14 one
2074 3520 52 19 now,
2137 3515 36 19 but
2182 3514 11 20 I
2203 3514 76 20 cannot
2287 3518 32 15 Bee
2329 3512 46 22 that
2395 3513 36 21 the

1909 3544 73 21 Union
1991 3544 48 27 Iwill
2048 3546 62 21 make
2125 3546 17 21 it
2151 3551 41 20 any
2207 3549 69 19 worse,
2284 3549 34 16 on.
2327 3542 36 23 the
2378 3549 53 16 con-

1908 3577 66 24 trary,
1984 3576 13 20 I
2006 3577 62 19 think
2077 3577 48 21 that
2134 3577 58 21 when
2207 3575 35 22 the
2250 3574 112 26 principles
2370 3575 61 28 pf,ita

1909 3607 110 20 advocates
2029 3614 35 14 are
2071 3608 78 23 carried
2159 3608 36 21 out
2204 3608 20 21 to
2234 3606 34 21 the
2277 3606 44 23 full,
2330 3605 29 24 ita
2365 3612 65 15 mem-

1910 3638 46 20 bers
1975 3638 43 23 will
2036 3639 26 23 be
2076 3640 23 19 m
2116 3645 12 16 a
2144 3639 64 20 better
2223 3636 89 28 position
2328 3638 23 21 to
2366 3637 65 20 assist

1909 3669 56 22 their
1974 3669 133 26 fellow-men,
2117 3670 46 22 who
2171 3674 34 15 are
2215 3668 40 21 less,
2263 3667 103 23 fortunate
2376 3667 55 21 than

1908 3699 134 25 th.emse.lves.
2084 3702 44 21 The
2142 3699 120 29 opponents;
2270 3698 28 28 ot,
2307 3697 41 23 the.
2361 3698 71 22 Union

1911 3736 38 20 Bay
1957 3731 49 25 that
2015 3732 36 23 the
2060 3733 56 28 price
2124 3731 26 23 of.
2154 3730 57 24 labor
2219 3728 74 24 should
2302 3728 24 23 he
2335 3723 60 34 ru^d.
2406 3728 27 30 by

728 59 137 27 OXFORD
900 60 68 27 AND
1003 63 86 25 GUST
1124 61 186 29 OBSERVER,
1347 59 186 31 SATURDAY,
1569 59 184 27 FEBRUARY
1787 63 23 26 8,
1846 60 60 25 1890
