2480 3830
609 46 134 25 OXFORD
777 44 69 24 AND
881 42 84 26 CUST
1000 40 188 27 OBSERVER,
1226 39 190 29 SATURDAY,
1450 39 184 25 FEBRUARY
1668 42 25 27 8,
1727 40 71 26 1889.

1896 3619 86 22 Printed
1989 3617 43 22 and
2046 3615 114 23 Published
2177 3615 28 24 by
2223 3614 95 21 Richabd
2335 3614 90 21 Holman

1921 3650 85 21 Pabish,
2028 3648 23 20 at
2067 3647 35 20 his
2118 3645 120 25 Registered
2250 3645 98 24 Printing
2361 3644 64 23 Office

1921 3680 59 26 High
1989 3680 75 22 Street,
2071 3678 53 19 East
2133 3675 87 24 Oxford,
2229 3676 135 26 Canterbury.

1973 3709 111 26 Saturday,
2093 3708 107 25 February
2212 3708 20 23 8,
2260 3708 59 22 1890.
2359 3713 4 7 '
2409 3715 6 4 -

1909 154 114 75 W.
2087 151 296 93 STOCKS,

2006 377 129 30 Madras
2157 376 142 35 Streebt,

1927 416 443 32 CHRISTCHURCH.

1888 497 30 30 A
1927 496 84 40 large
2026 497 88 30 stock
2128 498 31 28 of
2173 495 195 30 Monuments
2380 497 34 27 to

1889 538 94 29 select
2002 538 79 29 from
2095 541 33 26 at
2140 538 108 29 lowest
2261 539 91 26 rates.

1922 651 461 50 W.MITCHELL,

1892 724 357 40 BOARDIN6HOUBE
2286 722 129 43 KEEPER

1893 781 190 32 EAST
2112 779 301 33 OXFORD

1908 859 164 34 TEEMS
2107 860 263 32 MODEHATE

1889 913 116 25 EVERT
2013 912 185 25 ATTENTION
2210 912 27 24 to
2247 910 169 26 BOARDERS

1894 1004 522 104 A.COCKBUP

1937 1118 222 56 3JJOEIN6
2187 1117 179 58 $WW,

1974 1190 137 32 •WKST
2145 1188 196 33 OXFORD.

1924 1325 74 52 A.
2036 1321 357 64 ANOAL3U

2055 1423 200 31 BUTCHER

1989 1522 339 46 OZFOBl);

1998 1695 288 36 PLANTS

1969 1748 56 21 FOR
2038 1745 120 22 SUMMER
2170 1742 169 23 FLOWERING

1892 1800 90 28 T*HE
2014 1797 138 25 undersigned
2174 1797 62 19 offers
2254 1795 39 21 the
2313 1790 107 28 following

1905 1816 23 37 J[
1955 1827 75 21 Plants
2040 1824 67 20 which
2114 1823 42 20 will
2161 1822 46 26 give
2216 1828 13 14 a
2238 1821 76 21 wealth
2323 1820 22 21 of
2350 1820 70 21 bloom

1892 1854 76 23 daring
1984 1853 36 19 the
2037 1856 92 15 summer
2147 1848 119 20 months:—
2266 1847 48 25 viz.,
2331 1844 90 22 Dahlias

1891 1880 66 22 show,
1971 1879 109 24 Pompom,
2091 1875 72 25 Single
2172 1874 43 21 and
2229 1874 76 19 Cactns
2317 1870 104 25 varieties,

1893 1905 208 26 Chrysanthemums,
2108 1902 103 25 Japanese
2222 1900 42 21 and
2271 1898 87 21 Chinese
2364 1896 56 21 vari-

1892 1932 58 23 eties,
1966 1931 111 22 Verbenas,
2087 1928 106 22 Petunias,
2202 1926 153 21 Pentstemons,
2364 1925 56 18 Mar-

1891 1959 96 23 guerites,
1997 1955 107 23 Fuchsias,
2114 1952 164 25 Pelargoniums,
2287 1950 131 21 Geramumß,

1892 1985 77 19 Asters.
1978 1983 81 21 Stocks,
2069 1980 104 22 Lobelias,
2189 1978 68 20 Phlox
2271 1974 151 23 Drommondrt

1891 2008 123 22 Ageratams
2020 2004 277 21 (Jaiceoiawaffaeliotropoß
2303 2001 121 22 Mongolcbj
2424 2009 27 2 —

1892 2035 45 21 etc.,
1952 2033 38 19 etc.
2025 2028 125 21 Collsctions
2159 2027 23 21 of
2195 2027 81 20 Plants.
2285 2025 29 27 5/-
2328 2025 42 26 10/-
2379 2025 45 24 30/-

1893 2058 43 25 --4-
1952 2056 57 27 100/-
2035 2055 126 21 Purchasers
2170 2053 22 20 of
2200 2052 119 21 collections
2328 2049 96 25 liberally

1895 2085 55 23 dealt
1957 2084 58 20 with.
2025 2081 124 25 Catalogues
2154 2080 48 25 post
2208 2079 43 20 free
2260 2084 28 14 on
2297 2075 128 28 application

2055 2117 87 21 NAIRN
2156 2116 57 20 AND
2227 2114 68 22 SONS
2426 2121 3 7 '

2025 2149 78 22 FloriEt
2118 2147 43 22 and
2174 2147 145 24 Nurserymen,

2086 2180 92 21 Lincoln
2192 2177 66 25 Road,
2274 2175 136 22 Ohristohnro

2125 2267 59 21 THE
2348 2287 3 2 .
2394 2262 5 26 I
2415 2269 4 19 ;
2431 2261 10 34 \

1987 2328 339 61 OXFORD

2132 2436 58 20 AND

1916 2500 145 34 etrs'f
2095 2495 296 36 obseeyer

1897 2570 142 36 PLAIN,

1999 2645 152 36 FANCY,

2075 2718 307 36 ORNAMENTAL,

2103 2797 91 31 AND
2216 2792 204 34 GENBRAIi

1896 2874 264 43 PEIErTIUe
2205 2870 206 45 OFFJCE,

1983 2949 337 48 OXPOIWB.

1955 3175 425 64 PRINTINQ

1898 3290 43 30 Of
1951 3300 92 28 every
2064 3286 194 39 Descriptioii
2282 3284 78 29 done
2383 3293 43 19 on

1978 3380 52 30 the
2045 3379 134 30 shortest
2201 3375 121 35 Notice,

1897 3470 80 39 And
1992 3470 40 38 at
2044 3466 251 41 Christcliurcli
2309 3464 116 39 Prices

1380 145 76 43 W.
1496 146 213 53 MTJNN,

1304 221 167 31 WEST
1514 223 250 31 OXFORD.

1284 321 64 30 The
1362 321 127 43 Largest
1499 323 148 41 Cheapest
1658 325 60 30 and
1732 321 72 34 Best

1489 379 70 16 STOCK
1572 380 28 15 OF

1362 409 134 21 ENGLISH
1510 411 62 20 AND
1587 411 148 21 COLONIAL

1284 455 182 47 BOOTS
1484 458 114 45 IMB
1617 459 188 47 SHOES.

1350 522 46 30 IN
1418 522 87 31 THE
1526 524 204 31 DISTRICT.

1402 646 323 78 SjIDDLERY.

1286 752 77 52 h.
1390 753 61 53 j.
1467 753 344 55 laming

1376 853 341 34 SADDLER

1515 917 63 21 AND

1289 976 282 37 HARNESS
1604 976 207 38 MAKER

1432 1048 71 24 Neab
1520 1048 145 29 Saleyabds,

1322 1122 46 40 o
1392 1112 402 67 arpp'R-Dw'

1288 1188 89 26 Orders
1388 1190 49 23 and
1448 1190 102 30 Eepairs
1563 1190 123 33 promptly
1697 1190 116 25 executed

1445 1234 26 23 at
1481 1232 85 25 lowest
1576 1235 73 22 rates.

1335 1285 165 38 BINDER
1543 1285 227 39 CANVASES

1287 1336 100 39 made
1410 1336 36 37 to
1467 1336 95 38 order
1577 1336 69 38 and
1659 1337 154 48 repaired

1512 1559 61 20 THE

1291 1600 184 37 LIGHT
1500 1601 72 36 OF

1346 1667 134 36 NEW
1507 1668 304 43 ZEALNAD,

1475 1723 56 20 HAS
1545 1723 84 20 OOME.

1287 1775 76 26 People
1372 1782 39 14 can
1421 1776 52 20 Talk
1482 1776 43 20 and
1534 1776 23 20 be
1567 1782 48 19 very
1627 1775 69 21 Proud
1712 1775 22 20 to
1751 1775 62 20 think

1301 1802 48 20 that
1359 1802 50 25 they
1417 1802 53 20 have
1479 1804 97 23 amongst
1585 1802 58 20 them
1650 1808 13 14 a
1672 1803 39 19 few
1720 1802 22 19 of
1751 1801 36 21 the

1367 1829 56 19 Most
1433 1829 80 24 Expert
1524 1834 47 14 men
1580 1828 24 20 m
1613 1827 36 21 the
1658 1827 63 21 world

1326 1859 56 20 Who
1400 1865 35 14 are
1451 1859 136 20 RAINBOW
1599 1859 59 20 AND
1674 1859 60 20 SON'
1757 1858 10 20 ?

1418 1890 55 25 Why
1487 1890 51 19 dont
1550 1896 42 18 you
1606 1890 59 20 know
1674 1890 11 19 ?

1288 1916 134 50 WHEN
1431 1916 37 20 Dr.
1475 1917 64 19 .Soule
1548 1916 122 20 introduced
1677 1916 47 19 Hoc
1733 1915 81 20 Bitters

1387 1947 64 20 many
1468 1942 89 24 thought
1566 1942 47 21 that
1628 1942 49 25 they
1694 1941 65 27 opuld
1776 1942 38 20 not

1287 1967 25 20 be
1327 1968 79 23 beaten,
1421 1968 37 21 but
1472 1969 59 20 when

1360 2006 44 2 —
1404 1999 108 18 hajnbo
1513 1998 209 19 w-AKD-soms—
1722 2003 38 3 —
1760 2004 34 2 —

1446 2034 134 13 INTRODUCED
1594 2034 64 13 THEIR

1331 2059 24 20 A.
1372 2060 18 19 1.
1415 2059 125 25 QUALITY
1567 2058 59 21 HOP
1651 2058 119 21 BITTEES

1290 2090 36 20 Dr.
1334 2090 80 20 Soule's
1424 2091 53 19 went
1485 2090 59 20 down
1554 2090 22 19 m
1586 2090 70 25 public
1663 2090 93 26 opinion,
1767 2090 49 20 thus

1289 2117 78 24 setting
1380 2116 36 21 the
1429 2116 121 21 Americans
1563 2116 24 20 m
1600 2117 36 20 the
1649 2116 73 21 shade.

1293 2169 120 51 MANY
1427 2175 12 14 a
1453 2170 99 24 Sleepless
1566 2168 66 25 Night
1644 2168 40 21 has
1697 2168 52 21 been
1765 2170 49 24 past

1383 2196 28 23 by
1422 2195 90 26 Experts
1526 2196 22 19 of
1555 2195 29 20 all
1593 2195 88 20 Nations
1691 2196 23 19 to
1722 2194 45 20 find
1776 2197 38 18 out

1287 2222 47 19 how
1350 2223 21 18 to
1391 2221 80 25 Supply
1491 2221 36 20 the
1550 2221 70 25 public
1640 2221 51 20 with
1705 2227 12 14 a
1740 2220 74 25 Really

1289 2247 59 19 Good
1362 2247 97 24 SAUCE,
1473 2248 44 19 and
1530 2248 22 19 at
1562 2253 12 13 a
1584 2247 39 18 low
1631 2246 56 25 price
1697 2248 22 18 to
1729 2251 86 20 surpass

1288 2272 36 21 the
1334 2272 129 21 well-known
1472 2273 41 20 Lee
1522 2272 42 20 and
1572 2272 90 20 Perrins.
1689 2272 46 20 The
1744 2272 71 26 public

1289 2299 22 18 of
1324 2298 49 20 New
1387 2298 93 21 Zealand
1500 2304 40 15 can
1562 2298 60 20 boast
1645 2300 22 19 of
1689 2298 37 21 the
1748 2298 63 26 bbjec

1288 2324 78 25 having
1380 2324 50 21 been
1445 2324 103 21 obtained,
1562 2324 43 20 and
1618 2324 47 21 that

1399 2356 136 20 RAINBOW
1548 2356 56 20 AND
1618 2356 76 21 SON'S

1314 2388 114 31 PIHE
1446 2388 154 30 APPXxE
1618 2388 162 32 BHAHD

1287 2425 19 19 is
1322 2425 35 19 the
1372 2425 44 19 best
1430 2425 67 19 Sauce
1513 2425 24 19 m
1556 2425 36 19 the
1609 2425 63 19 world
1672 2436 25 3 —
1700 2427 36 18 bar
1761 2430 55 15 none

1289 2488 91 19 ~\rOTJ
1387 2488 29 19 all
1425 2487 53 21 have
1486 2488 65 19 heard
1560 2493 13 14 a
1582 2488 58 24 great
1649 2486 46 21 deal
1705 2486 64 21 about
1783 2487 32 20 St.

1303 2517 21 20 JL
1367 2514 77 20 Jacobs
1458 2514 40 24 Oil,
1507 2514 38 19 but
1560 2519 30 16 we
1605 2519 47 15 now
1669 2514 55 21 state
1742 2514 22 20 to
1778 2513 36 21 thg

1288 2540 71 25 public
1368 2540 47 21 that
1425 2547 40 14 one
1473 2540 52 25 drop
1535 2540 22 19 of

1473 2566 155 20 RAINBOW'S

1380 2592 92 21 ROYAL
1491 2592 99 20 READY
1606 2591 105 21 RELEIP

1316 2618 18 20 is
1343 2618 68 21 worth
1425 2618 50 21 Five
1489 2619 70 24 Drops
1574 2618 22 20 of
1611 2618 31 21 St.
1658 2617 76 21 Jacobs
1750 2617 39 22 Oil,

1395 2645 40 26 Try
1446 2646 17 19 it
1474 2645 42 20 and
1526 2644 57 21 don't
1592 2645 25 20 be
1625 2644 75 25 gulled.

1289 2671 56 25 Keep
1362 2671 36 21 the
1414 2671 76 25 Money
1498 2671 23 20 m
1531 2671 36 19 the
1576 2671 94 25 Country
1683 2670 43 21 and
1734 2671 35 24 get
1780 2669 36 22 the

1481 2697 51 20 Best
1541 2697 82 21 article.

1314 2749 39 20 We
1362 2751 63 19 won't
1439 2750 69 20 dccciv
1519 2756 41 18 you
1570 2756 24 13 or
1606 2749 88 20 mislead
1709 2754 48 19 you,
1773 2748 43 20 and

1288 2782 29 14 we
1327 2777 75 25 openly
1416 2776 114 24 Challenge
1546 2776 36 20 the
1595 2775 73 20 World
1684 2779 22 16 to
1724 2775 48 20 beat
1790 2780 26 14 us

1446 2803 59 19 thats
1513 2801 47 21 who
1573 2808 30 14 we
1612 2807 35 15 are

1289 2837 257 44 Rainbow
1564 2848 104 33 and
1689 2837 124 44 Sons

1454 2902 93 20 FERRY
1560 2902 82 24 ROAD,

1320 2938 451 41 CHRISTCHURCH.

1301 3006 45 20 Can
1360 3006 25 20 be
1399 3005 102 21 Obtained
1515 3006 23 20 at
1551 3006 30 20 all
1595 3006 133 25 Storekeeper
1738 3010 11 15 s
1764 3004 44 22 and

1393 3032 120 20 Merchants
1526 3032 24 20 m
1564 3032 135 25 Canterbury.

1350 3525 78 59 <S1
1479 3543 85 46 Ho
1649 3525 87 54 w5
1762 3543 34 46 g

1287 3624 113 79 oj^
1420 3608 30 79 \
1524 3650 42 38 o.
1647 3645 31 37 a
1760 3629 34 52 P

665 355 183 45 JOHN
911 353 284 47 INGRAM

665 421 58 20 HAS
735 420 55 20 FOR
804 419 69 21 SALE
889 419 38 20 BY
942 420 121 20 PRIVATE
1076 417 117 23 TREATY,

767 456 32 19 On
809 455 94 20 Account
912 455 22 19 of
943 456 48 19 Mas
999 456 99 23 Agassiz,

666 491 47 20 Her
723 491 95 24 compact
828 490 55 20 little
901 490 100 25 Property
1020 491 21 19 of
1045 488 3 10 :
1059 491 49 19 nine
1127 489 69 23 Acres,

666 517 52 19 with
735 517 47 19 four
785 516 95 20 -roomed
898 516 78 23 House,
995 517 40 19 and
1053 515 53 26 good
1124 515 72 20 Stable

667 543 93 19 thereon.
771 543 19 19 A
794 542 55 24 large
856 541 92 20 Orchard
951 541 58 21 fillad
1012 542 51 20 with
1066 543 129 24 well-grown

668 569 52 19 trees
729 568 23 20 m
761 568 39 20 full
810 568 90 23 bearing,
909 568 67 24 nicely
986 569 97 22 situated,
1094 568 42 19 and
1145 566 50 20 land

667 594 22 20 of
716 594 35 20 the
778 594 77 19 richest
882 594 89 24 quality.
999 594 65 24 Price,
1082 599 49 18 very
1149 593 45 19 low.

667 620 72 19 Terms
748 620 113 19 moderate.

756 672 33 20 On
799 673 88 19 account
898 673 20 18 of
928 674 34 17 the
973 671 135 25 Mortgagees,

666 708 56 20 That
728 708 98 25 Property
833 708 23 19 at
863 709 83 22 present
953 707 98 25 occupied
1062 707 27 24 by
1096 707 98 19 Richabd

666 734 75 24 Kkats,
751 733 126 26 comprising
891 734 47 18 four
948 739 56 14 acres
1014 732 49 20 with
1073 732 54 25 good
1136 731 59 20 dwel-

667 761 44 24 ling
713 771 24 4 —
738 760 65 20 house
818 760 17 19 &
853 759 76 20 Stable.
957 759 53 24 Very
1026 759 89 19 suitable
1132 759 33 18 for
1183 763 13 13 a

669 788 72 21 carter,
759 787 93 22 fronting
866 786 37 18 the
911 785 58 20 main
979 785 51 19 road
1039 788 21 16 to
1077 785 36 19 the
1139 783 56 19 mills

667 813 38 19 but
714 818 58 14 more
780 818 24 13 bo
812 812 32 19 for
854 817 13 13 a
876 811 126 24 fellmonger,
1019 816 23 14 as
1060 810 57 19 three
1126 815 69 13 never-

667 838 75 25 failing
751 839 88 19 streams
848 843 40 13 run
906 839 48 24 past
972 837 58 20 three
1046 835 55 21 sides
1119 835 22 20 of
1160 835 36 20 the

668 865 103 25 property.
797 865 24 19 Pi
824 863 32 21 ice
865 869 48 20 very
922 864 47 19 low.

666 917 56 20 That
741 918 97 24 property
855 917 76 19 known
949 921 23 14 as
991 914 96 26 Shippers
1105 912 92 21 situated

669 943 95 26 opposite
772 943 90 19 Peaison
871 943 54 19 Park
934 941 51 20 with
1001 941 46 19 half
1065 945 27 14 an
1111 945 46 14 acre
1176 939 21 20 of

668 969 50 19 land
728 975 27 13 on
765 969 67 19 which
842 969 57 19 there
908 968 18 19 is
934 973 12 14 a
954 967 57 25 Shop
1018 966 101 24 Dwelling
1126 966 71 19 House

668 995 72 21 Stable
749 995 42 20 and
800 1002 12 13 a
822 995 51 24 good
884 994 44 20 well
938 994 17 19 &
964 992 99 21 Orchard.

668 1048 55 19 That
732 1048 101 24 Property
842 1048 75 19 known
927 1052 23 13 as
959 1044 112 21 Fenwiclc's
1089 1044 108 24 adjoining

668 1074 115 19 Mr^Allens
793 1072 128 21 Biucksniitb
932 1072 65 24 Shop,
1006 1070 126 25 compiising
1151 1069 46 20 half

667 1105 27 14 an
705 1105 53 17 acre,
767 1099 51 20 with
835 1100 55 24 good
908 1098 96 24 dwelling
1022 1096 65 20 house
1106 1097 17 19 &
1140 1096 57 24 large

671 1126 56 19 bhed
736 1128 17 17 &
763 1125 76 20 {Stable.

668 1177 56 19 That
743 1177 130 20 two-storied
890 1176 100 25 Building
1007 1182 27 13 on
1053 1176 36 19 the
1106 1175 94 24 Terrace,

668 1204 108 24 adjoining
786 1204 33 19 Mr
828 1202 120 21 Pritchards
958 1204 61 18 ttore.

761 1256 32 20 On
804 1258 88 18 account
901 1256 21 20 of
934 1256 33 19 Mr
976 1255 29 21 H.
1016 1255 74 21 Beabn

668 1293 40 19 His
717 1298 49 19 veiy
782 1298 86 19 compac
897 1292 54 20 little
969 1292 99 25 Property
1087 1291 23 18 m
1129 1291 70 23 Queen

668 1319 72 23 Street,
751 1318 122 25 containing
882 1318 64 20 about
955 1317 27 26 4J
990 1318 62 18 Acies
1062 1317 22 19 of
1090 1316 45 20 rich
1143 1316 56 23 land,

670 1345 121 19 subdivided
802 1345 47 19 into
858 1345 78 19 several
947 1345 62 19 small
1018 1343 113 26 paddocks,
1149 1342 50 21 with

670 1371 52 23 good
740 1367 72 23 House
830 1371 92 23 thereon,
941 1370 58 19 brick
1016 1370 54 19 well-.
1094 1369 51 19 Cost
1164 1369 36 19 the

668 1403 69 13 owner
747 1397 61 20 £250.
896 1397 25 19 be
930 1396 45 20 sold
985 1398 22 18 at
1017 1401 13 15 a
1039 1401 47 19 very
1096 1394 102 21 consider-

667 1423 46 20 able
722 1423 107 20 reduction
839 1429 27 14 on
877 1423 43 20 this
929 1423 61 25 price.

756 1476 32 19 On
798 1476 89 19 account
896 1476 22 18 of
927 1475 33 19 Mr
969 1474 136 20 Wooldrige.

670 1512 38 19 His
717 1511 46 20 nice
771 1511 55 20 little
835 1512 106 24 Property,
952 1510 92 20 situated
1053 1512 22 18 at
1084 1509 35 21 the
1125 1515 74 14 corner

669 1538 22 19 of
700 1537 83 20 Ohurch
790 1537 67 20 Street
864 1538 18 19 &
889 1537 45 25 Bay
941 1537 57 21 road,
1006 1536 125 25 comprising
1140 1536 58 19 three

669 1564 62 19 Acres
740 1565 22 18 of
771 1563 45 20 rich
825 1563 57 24 land,
894 1563 58 20 filled
960 1563 50 19 with
1019 1563 52 19 fruit
1086 1563 41 19 and
1138 1562 59 20 other

669 1592 57 18 trees;
757 1589 45 21 The
812 1589 109 25 Buildings
931 1589 101 25 comprise
1043 1589 77 24 House,
1131 1588 64 25 Shop.

625 1610 2 26 I
668 1617 42 19 and
724 1617 63 25 large
799 1616 56 20 Shed
870 1615 51 21 with
933 1616 47 19 iron
997 1615 51 20 roof.
1082 1615 59 19 Price
1150 1620 49 19 very

669 1642 45 21 low.
1179 1650 7 8 *

762 1695 33 19 On
805 1695 89 19 account
903 1695 21 18 of
935 1695 32 18 Mr
976 1694 134 19 Bbettahgh.

668 1731 115 25 Fifty-four
792 1731 63 19 Acres
865 1731 20 19 of
894 1730 54 24 good
957 1730 57 24 land,
1025 1728 121 21 subdivided
1153 1728 46 21 into

625 1762 2 23 |
668 1759 40 18 two
716 1757 104 26 paddocks
828 1757 27 20 all
862 1756 71 21 fenced
941 1756 42 20 and
988 1756 44 20 laid
1037 1756 59 20 down
1105 1756 21 19 m
1133 1761 66 18 grass,

669 1784 90 19 situated
769 1784 94 25 opposite
878 1784 37 19 the
929 1782 147 24 Immigration
1089 1782 108 19 Barracks.

668 1810 57 20 Price
735 1816 48 18 very
789 1811 44 18 low.
845 1810 70 19 Terms
925 1814 55 18 easy.

668 1862 89 25 Seventy
765 1863 62 19 Acres
835 1861 136 25 unimproved
981 1860 50 21 land
1038 1865 27 15 on
1074 1860 55 21 Ellis
1129 1860 6 9 1
1143 1860 55 24 Flat,

668 1888 108 25 adjoining
785 1889 33 18 Mr
828 1888 71 19 James
908 1887 100 22 "Wilson's
1016 1886 69 20 Farm.

667 1940 78 26 Eighty
754 1941 61 20 Acres
825 1940 107 26 adjoining
940 1940 35 18 Mr
982 1938 145 21 O'Halloran's
1136 1938 61 20 farm;

937 1971 1 2 •
1001 1971 2 1 ■
1059 1971 3 3 ■
1193 1977 3 1 .

723 2004 17 2 —
788 1992 285 19 On-ftOoount-of-Ma'-Rowß*
1073 2001 20 2 —
1094 2001 23 2 —
1117 2001 33 2 —

669 2023 38 20 116
726 2022 62 20 Acres
807 2023 21 18 of
846 2021 57 23 land,
922 2020 115 27 adjoining
1051 2020 36 19 Mr
1103 2020 96 20 Dueler's

668 2049 59 24 land,
740 2050 22 18 at
771 2048 56 19 View
837 2048 52 21 Bill,
896 2046 104 25 fronting
1000 2046 52 25 Four
1057 2046 67 20 Chain
1131 2046 66 20 Road.

668 2076 71 20 Water
747 2080 47 15 race
803 2074 92 24 running
904 2073 107 24 alongside
1017 2072 21 20 of
1047 2072 36 20 the
1092 2072 107 25 Property.

678 2100 3 2 ■
791 2102 2 2 ■

749 2128 32 19 On
791 2126 88 21 account
889 2126 21 19 of
920 2126 33 19 Mr
963 2125 27 21 H.
1002 2125 106 25 Dudding.
1124 2144 1 1 .

664 2160 53 20 2529
727 2159 63 20 Acres
804 2159 21 19 of
833 2157 53 25 good
892 2157 87 25 grazing
987 2156 55 22 land,
1050 2162 49 14 near
1108 2156 87 19 Maßter-

668 2189 43 21 ton,
726 2185 76 26 (North
812 2184 87 24 Island),
917 2183 51 20 with
978 2183 52 20 2000
1040 2183 66 24 sheep.
1138 2181 59 20 Good

668 2211 113 25 Buildings
800 2210 42 20 and
861 2210 62 24 sheep
941 2209 61 25 yards
1021 2209 91 20 thereon.
1137 2208 62 20 Land

668 2238 71 26 partly
748 2236 115 26 improved.

760 2300 33 20 On
804 2300 88 19 account
902 2300 22 18 of
934 2299 33 19 Mr
975 2299 13 19 J
998 2298 23 19 M
1029 2297 70 21 Booth

668 2332 138 24 Ninty-seven
816 2332 62 18 Acres
887 2330 58 19 Bush
955 2328 55 25 land,
1091 2326 84 21 Oxford.

668 2363 51 19 Also
729 2368 12 15 a
750 2361 89 21 number
848 2361 22 20 of
878 2361 60 20 other
946 2359 122 26 Properties,
1087 2359 51 20 with
1157 2358 42 21 and

670 2388 87 20 without
765 2388 112 24 buildingß,
887 2387 42 20 and
939 2392 12 14 a
960 2385 89 21 number
1065 2385 22 20 of
1105 2384 94 26 building

669 2414 90 21 sections
765 2414 23 20 m
798 2413 82 21 various
887 2414 59 24 parts
955 2413 22 19 of
986 2412 36 20 the
1030 2411 109 25 township.

822 2465 36 20 TO
873 2465 55 20 LET
934 2464 38 21 OR
986 2464 70 21 SELL

758 2497 33 20 On
800 2497 89 19 account
898 2495 22 19 of
929 2495 33 19 Mr
971 2495 25 20 D.
1009 2494 101 20 Sladden.
1237 2495 2 28 j

670 2529 40 21 His
731 2528 42 20 late
783 2526 120 23 Residence,
920 2525 68 25 nicely
1003 2524 97 24 situated,
1110 2530 24 14 so
1143 2530 24 14 as
1176 2525 23 19 to

670 2553 113 22 command
791 2560 13 13 a
813 2552 50 20 view
873 2552 22 20 of
904 2551 36 21 the
950 2551 139 24 surrounding
1105 2552 93 23 country,

670 2580 127 25 comprising
806 2580 35 18 ten
851 2584 64 17 acres,
923 2578 50 19 with
983 2579 35 18 ten
1025 2577 85 19 roomed
1117 2577 80 24 House,

669 2606 51 21 with
729 2607 63 19 water
802 2604 43 20 laid
855 2610 34 17 on,
897 2603 53 24 good
958 2603 51 19 bath
1016 2608 66 17 room,
1090 2602 42 20 and
1138 2608 61 19 every

670 2631 143 22 convenience.
848 2629 44 21 The
905 2629 51 20 land
965 2629 18 19 is
998 2628 81 20 divided
1088 2629 46 19 into
1141 2628 58 20 three

670 2657 110 28 paddocks,
791 2664 13 13 a
814 2655 95 26 splendid
918 2655 77 25 garden
1003 2654 42 20 and
1052 2653 89 21 orchard
1153 2654 46 20 well

668 2685 59 21 filled
736 2683 50 21 with
795 2683 52 19 fruit
856 2682 43 20 and
909 2681 133 20 ornamental
1049 2681 59 19 trees.

889 2735 83 19 Also—

666 2773 71 25 Forty-
748 2773 63 19 Acres
825 2771 22 20 of
865 2770 70 26 partly
951 2769 80 20 worked
1047 2769 37 20 out
1103 2768 60 21 bush.
1179 2766 20 22 A

667 2805 48 19 very
724 2799 57 24 early
800 2797 105 22 selection,
915 2796 42 19 and
966 2796 40 20 300
1015 2796 63 19 Acres
1087 2794 22 20 of
1117 2794 82 20 worked
1209 2800 3 4 •

668 2827 36 19 out
714 2824 54 21 bush
776 2824 64 24 lately
849 2822 99 25 occupied
957 2822 26 24 by
992 2822 33 19 Mi
1034 2821 131 25 Youngman.

878 2874 37 21 TO
924 2874 55 20 LET

667 2930 88 24 Cottage
768 2928 95 26 opposite
876 2927 35 20 Mr
922 2925 137 26 Weylandt's.
1096 2925 61 24 Kent,
1172 2925 25 20 4s

667 2961 36 21 per
711 2955 60 22 week*

667 2986 119 21 Furnished
793 2986 87 24 Cottage
889 2983 108 27 adjoining
1007 2982 36 21 the
1052 2982 47 21 Sale
1108 2982 74 20 Yards.
1187 2979 5 9 1

761 3045 32 20 On
804 3045 88 19 account
902 3043 22 19 of
934 3043 36 19 Mk
978 3042 85 20 Fkohm.

668 3082 57 20 Four
736 3082 61 20 Acres
807 3081 22 20 of
837 3079 61 22 Land
907 3078 51 21 with
966 3079 74 20 House
1047 3077 42 20 and
1095 3076 102 21 Outbuid-

668 3109 48 25 ings
726 3108 92 22 thereon,
833 3102 54 30 Very
905 3106 46 21 rich
969 3104 50 21 land
1035 3104 92 24 fronting
1137 3103 58 21 main

667 3135 52 20 road
727 3135 54 19 East
795 3133 84 21 Oxford.

774 3165 32 20 On
814 3165 91 20 'account
914 3163 22 20 of
945 3168 58 15 same
1012 3167 70 15 owner

667 3192 98 22 20AcreS
775 3192 21 19 of
805 3190 127 20 worked-out
950 3189 54 21 bush
1020 3188 50 20 land
1086 3186 109 27 adjoining

668 3221 34 19 Mr
711 3219 70 19 Friars
790 3218 59 20 West
859 3216 84 21 Oxford.

804 3253 4 16 !
981 3251 2 5 '

746 3271 33 20 On
790 3270 88 20 account
887 3269 22 20 of
917 3268 34 20 Mr
960 3268 58 19 John
1026 3266 89 20 Fisheb.

666 3308 43 20 His
718 3306 96 22 valuable
823 3306 65 20 Stone
898 3305 80 23 Quarry
988 3304 22 18 at
1018 3302 56 23 View
1084 3302 46 19 Hill
1146 3307 47 14 con-

666 3334 82 23 taining
759 3332 36 20 the
804 3332 45 19 best
859 3329 94 24 building
962 3329 61 19 stone
1032 3328 22 19 m
1064 3327 129 24 Canterbury

666 3360 50 20 with
726 3360 26 19 20
760 3358 63 19 Acres
833 3357 21 19 of
863 3355 61 20 Land
933 3361 28 14 on
979 3354 69 20 which
1067 3353 57 20 there
1142 3353 19 20 is
1179 3359 13 15 a

664 3391 58 15 seam
732 3385 21 20 of
762 3383 126 20 Limestone.

666 3462 189 35 JOHN
885 3459 305 42 INORAM

811 3529 236 29 AUCTIONEER,
1119 3518 16 33 ':
1161 3523 2 2 '

697 3619 22 13 ...
738 3592 36 43 #
799 3591 39 45 |S
858 3591 37 35 :F
931 3590 25 34 Q
992 3589 36 29 R-
1056 3588 27 29 D
1105 3610 7 7 .

786 3640 5 15 '
800 3631 8 31 :
839 3654 2 1 -
895 3649 10 6 •■
924 3648 22 12 ..■■
969 3639 3 11 ;
979 3654 3 5 .
1002 3655 8 11 •.
1026 3647 39 9 ■-■■■■
1104 3647 2 8 :
1172 3640 2 16 ;
1208 3649 1 1 ■

128 167 216 24 CALEDONIAN
377 163 124 23 HOUSE.

52 221 213 45 JAMES

139 282 85 29 BOOT,
245 280 84 30 SHOE,
341 280 24 25 &
376 276 121 28 SLIPPER

203 318 251 30 Manufacturer

54 368 209 34 WEST
284 363 290 36 OXFORD

52 413 52 24 Has
122 420 33 16 on
165 410 67 25 hand
243 418 14 15 a
270 408 110 31 splendid
396 407 144 23 .assortment
552 405 26 23 of

51 445 76 23 Boots
137 444 49 23 and
199 442 75 25 Shoes
285 440 72 24 made
367 447 32 16 on
410 439 42 23 the
459 437 117 31 premises

52 479 27 22 at
89 477 78 30 prices
177 475 56 25 that
243 473 54 30 defy
304 472 164 29 competition.
501 470 66 30 Boys

54 508 87 26 School
151 508 82 25 Boots,
245 505 62 24 back
318 511 79 17 seams
405 505 18 21 &
434 503 65 23 front
510 501 68 24 hand

54 548 70 20 sewn,
132 541 91 23 cannot
229 538 28 23 be
265 536 133 31 surpassed.
433 534 80 23 Men's
524 533 54 24 best

53 572 150 30 watertights
215 569 90 32 pegged
317 570 58 27 15/-,
410 566 107 31 Bespoke
536 566 40 23 de-

52 606 124 30 partment
193 601 113 30 careiully
323 599 114 25 attended
454 601 34 20 to.
537 597 42 24 Fit

52 637 49 24 and
106 634 186 29 Workmanship
298 631 161 25 Guaranteed.
477 630 102 30 Eepairs

52 668 84 32 neatly
142 667 49 26 and
197 665 121 33 promptly
325 664 62 24 done
398 665 26 22 at
435 661 142 26 reasonable

53 702 86 31 prices.

92 811 42 46 6.
171 810 46 55 P.
255 806 282 58 LP6EgEN,

104 892 159 32 TIMBER
284 889 246 32 MERCHANT.

56 1013 119 39 FOREST
191 1012 67 38 SAW
275 1011 104 38 MILLS,
398 1009 79 37 VIEW
494 1008 80 38 HILL

134 1063 137 33 WEST
300 1061 196 31 OXFOE3O.

54 1177 122 29 Timber
194 1178 53 27 cut
268 1178 32 24 to
320 1184 61 29 any
410 1171 167 30 dimension

52 1226 34 25 at
99 1222 54 29 the
168 1221 141 30 Shortest
327 1219 118 34 Notice,
471 1218 61 28 and
546 1220 31 25 at

195 1271 120 30 Lowest
333 1269 102 29 Rates.

133 1396 53 78 J.
255 1393 236 91 MUSH,

72 1531 483 44 COACHBUILDER,

284 1635 57 20 AND

49 1721 515 51 UNDERTAKER

105 1842 142 39 EAST
270 1838 250 39 OXFORD,

163 1955 105 26 COALS
278 1956 5 22 !
318 1952 106 26 GOALS
434 1954 6 23 !
454 1954 5 23 !

50 2020 142 27 Newcastle,
226 2017 130 30 Westport,
398 2014 176 31 Coalpitheath,

220 2050 117 26 Malvern,
356 2048 48 24 and

82 2083 175 27 Blacksmiths'
275 2082 111 23 Brunner
403 2080 62 24 Nuts
476 2078 65 25 Coal.

51 2149 151 21 FIREWOOD
215 2148 23 20 m
250 2147 92 24 Lengths
356 2146 22 19 to
391 2145 47 20 Suit
457 2143 117 21 CLIENTS

120 2208 86 24 |^°At
218 2207 86 20 Lowest
317 2205 101 20 Oubrent
431 2204 77 20 Eates.

52 2267 21 23 A
80 2267 156 29 Conveyance
243 2265 76 23 meets
327 2271 68 21 every
402 2262 72 23 train.
494 2260 80 24 Goods

63 2297 120 32 conveyed
193 2299 25 22 to
230 2304 69 21 every
306 2297 54 29 part
370 2294 30 24 o£
406 2293 43 24 the
459 2293 103 23 district.

108 2330 99 24 Booked
217 2328 91 31 parcels
319 2326 119 25 delivered
449 2326 61 23 Free

164 2361 85 24 within
265 2359 43 25 the
323 2358 122 31 Borough.

52 2394 157 26 Commercial
235 2392 142 25 Travellers'
405 2391 171 30 requirements

78 2427 49 25 will
138 2426 93 25 receive
239 2425 32 25 all
283 2431 123 22 necessary
417 2422 128 24 attention.

117 2468 86 33 W.
223 2467 62 33 A.-
305 2464 205 34 BURT-

149 2509 167 25 GENERAL
334 2507 158 27 CARRIER,

51 2553 91 26 COAL
157 2554 18 23 &
187 2550 180 27 FIREWOOD
378 2548 196 29 MERCHANT,

244 2594 132 25 Rangiora.

52 2671 87 25 Orders
147 2678 56 23 may
216 2669 29 25 be
253 2668 43 25 left
304 2670 25 22 at
341 2668 39 24 Mr
388 2667 26 25 C.
424 2667 23 24 I.
456 2666 121 31 Jennings

166 2702 129 27 Stationer,
317 2700 129 31 Rangiora.

49 2810 56 79 F.
136 2808 48 79 C.
214 2803 361 96 JOHANNSEN,

284 2994 58 21 AND

72 3045 495 44 PERAMBULATOR

51 3118 522 45 MANUFACTURER,

96 3191 171 35 QUEEN
319 3189 213 31 STREET,

49 3253 186 37 EA.ST
277 3249 291 34 OXFORD

50 3491 53 33 jv
124 3485 386 38 SPILLEE-
530 3485 51 30 h»«

49 3568 113 26 removed
172 3567 63 24 from
250 3563 115 28 Colombo
384 3562 37 26 St.
440 3564 26 23 to
486 3563 91 25 Oxford

61 3612 101 25 Terrace
173 3610 64 24 close
247 3611 27 22 to
286 3606 87 25 Cashel
386 3605 78 24 Street
476 3606 89 31 Bridge

174 3648 273 30 CHRISTCHURCH.

81 3731 115 27 Cabinets
214 3731 31 24 10
257 3728 113 31 shillings
382 3733 43 25 per
437 3725 85 25 dozen.
