3537 4536
2024 1175 120 25 BIRTH.

1846 1217 146 25 Volckman.
1993 1232 34 4 —
2029 1218 40 24 On
2081 1218 67 26 June
2166 1220 54 28 3rd,
2243 1221 26 23 at
2289 1220 65 24 East

1814 1259 102 30 Oxford,
1926 1260 43 24 the
1980 1260 58 25 wife
2048 1260 29 26 of
2085 1261 38 24 Dr
2134 1261 32 26 B.
2179 1261 138 25 Volckman
2330 1262 25 24 of

1813 1310 15 17 a
1839 1302 132 33 daughter.

1802 1402 83 193 The
1912 1402 165 193 Oxford
2105 1402 247 193 Observer.

1897 1595 194 18 PUBLISHED
2110 1596 161 22 WEEKLY.

1838 1680 168 21 SATURDAY
2043 1681 80 21 JUNE
2172 1683 13 19 9
2191 1688 42 19 th,
2270 1684 62 19 1894.

1899 1792 154 31 WATER
2088 1792 174 32 SUPPLY.

1849 1883 46 26 We
1908 1884 55 30 feel,
1989 1885 56 26 that
2067 1886 27 25 m
2116 1888 62 25 view
2195 1888 26 24 of
2231 1886 43 28 the
2297 1892 58 29 Very

1816 1919 69 28 great
1897 1918 154 30 importance
2064 1920 27 25 of
2100 1920 50 25 tbis
2163 1921 100 31 subject,
2282 1922 70 25 there

1815 1956 22 24 is
1849 1964 33 16 no
1894 1957 63 24 need
1970 1960 25 22 to
2008 1959 141 31 appologise
2162 1962 26 22 to
2200 1969 45 15 our
2257 1962 97 23 readers

1816 1994 38 23 for
1864 1993 105 32 keeping
1991 1995 21 23 it
2036 1997 142 31 constantly
2201 1997 27 25 m
2240 1997 44 25 the
2307 1998 47 24 for-

1816 2034 98 30 ground
1925 2034 163 33 particularly
2106 2042 28 19 as,
2145 2037 44 24 the
2211 2037 86 25 butter
2318 2038 38 24 in-

1816 2071 85 31 dustry
1914 2071 45 25 has
1982 2072 102 26 become
2108 2081 46 18 one
2175 2074 26 25 of
2224 2075 43 25 the
2287 2076 69 24 main

1816 2110 91 25 factors
1919 2111 26 23 m
1966 2112 158 31 ministering
2153 2117 27 20 to
2208 2114 43 24 the
2275 2114 81 25 future

1820 2148 138 32 prosperity
1967 2149 27 24 of
2000 2157 43 16 our
2050 2150 106 25 District
2165 2152 48 24 and
2222 2152 24 23 iv
2256 2152 102 31 passing

1819 2194 37 17 we
1868 2186 72 23 tbink
1950 2187 53 24 tbat
2015 2196 36 16 we
2064 2190 92 23 cannot
2174 2197 48 24 pay
2235 2192 41 22 too
2295 2190 62 31 high

1817 2232 15 16 a
1851 2225 162 31 compliment
2017 2228 26 23 to
2055 2235 45 16 our
2107 2229 89 22 valued
2205 2229 153 24 contributor

1819 2263 98 31 writing
1935 2264 78 24 under
2036 2265 43 24 the
2102 2267 56 22 Non
2182 2268 28 22 de
2230 2269 81 29 plume
2336 2268 23 23 of

1816 2300 98 24 Pemrib
1926 2300 38 25 for
1977 2302 40 24 his
2032 2303 120 25 excellent
2165 2304 99 25 articles
2290 2313 66 23 upon

1818 2338 42 25 the
1872 2338 77 31 Dairy
1961 2347 59 17 cow.

1849 2378 41 24 No
1900 2380 91 23 matter
2002 2380 56 24 how
2070 2381 51 23 rich
2145 2382 42 23 the
2211 2382 62 28 feed,
2298 2383 55 24 how

1816 2416 143 24 favourable
1971 2417 43 24 the
2027 2418 106 30 climate,
2159 2428 27 16 or
2206 2421 56 24 how
2275 2422 79 24 favor-

1816 2454 53 23 able
1886 2454 35 24 all
1945 2455 42 24 the
2010 2456 139 25 conditions
2175 2459 76 24 under
2274 2460 83 24 which

1816 2500 65 17 cows
1893 2502 41 15 are
1945 2494 77 32 likely
2034 2497 25 23 to
2072 2496 105 25 flourish
2198 2499 36 24 all
2256 2498 49 25 will
2326 2499 30 24 be

1816 2533 26 23 of
1853 2540 33 16 no
1897 2533 73 30 avail,
1984 2535 26 22 m
2023 2534 42 24 the
2078 2535 104 25 absence
2195 2537 27 24 of
2232 2546 12 14 a
2258 2537 97 25 bounti-

1816 2572 37 24 ful
1866 2573 89 31 supply
1968 2573 23 24 of
2004 2575 72 23 clean
2096 2578 75 21 water
2184 2577 50 23 and
2256 2578 100 32 nobody

1816 2610 85 24 denies
1931 2611 56 24 that
2011 2611 42 25 the
2076 2613 118 31 cheapest
2229 2617 49 22 and
2302 2616 54 24 best

1816 2657 87 17 means
1916 2650 26 24 of
1952 2651 88 32 supply
2051 2660 40 16 are
2102 2653 31 31 by
2143 2662 14 15 a
2167 2662 86 24 proper
2264 2658 92 28 system

1816 2690 25 24 of
1853 2693 151 22 water-race.
2040 2692 78 31 Every
2135 2694 121 24 milkman
2270 2695 86 25 knows

1816 2730 56 23 that
1884 2738 14 16 a
1911 2733 70 28 great
2004 2731 70 30 point
2097 2732 22 24 is
2131 2733 91 31 gained
2244 2735 72 24 when
2340 2744 14 15 a

1816 2767 86 24 milker
1914 2768 44 23 has
1989 2769 59 24 been
2072 2770 108 25 induced
2210 2773 29 30 by
2267 2781 90 23 proper

1815 2808 135 23 treatment
1963 2810 25 22 to
2001 2810 74 29 adopt
2095 2811 97 30 regular
2208 2811 78 25 habits
2308 2813 48 23 and

1815 2839 21 24 if
1841 2840 54 23 feed
1907 2840 49 24 and
1970 2845 76 20 water
2058 2850 42 17 are
2111 2844 91 31 always
2214 2845 142 31 approach-

1815 2876 55 24 able
1893 2877 50 24 and
1966 2879 43 23 the
2029 2879 106 33 milking
2157 2883 75 24 hours
2255 2883 100 33 strickly

1815 2916 106 24 adhered
1929 2920 33 25 to,
1982 2919 44 23 she
2038 2920 54 24 will
2105 2921 98 24 become
2216 2930 27 17 so
2255 2924 101 30 regular

1813 2955 27 23 m
1865 2956 46 24 her
1940 2956 84 25 habits
2053 2959 26 24 of
2097 2959 106 32 feeding,
2223 2964 130 30 watering,

1814 2993 116 31 camping
1942 2994 50 24 and
2001 2994 51 25 will
2064 2998 123 29 approach
2196 2998 42 24 the
2248 2999 107 33 milking

1813 3030 62 24 shed
1887 3034 25 21 at
1925 3031 43 24 the
1979 3040 90 23 proper
2092 3034 62 25 time
2171 3036 60 24 with
2244 3036 108 31 pleasur-

1813 3070 56 23 able
1886 3071 176 31 anticipations
2074 3074 27 23 of
2108 3074 72 24 relief
2196 3077 25 22 to
2239 3076 42 24 her
2303 3077 48 24 dis-

1813 3111 88 22 tended
1930 3111 77 24 udder
2030 3114 49 23 and
2092 3114 48 24 will
2160 3115 48 24 feel
2248 3117 104 30 positive

1816 3147 117 26 affection
1945 3149 37 24 for
1994 3149 43 25 the
2054 3151 120 26 milkman
2186 3161 28 17 or
2225 3154 129 26 milkmaid

1811 3185 56 25 who
1879 3185 88 32 speaks
1988 3189 25 22 to
2025 3187 53 25 her.

1844 3224 35 25 As
1897 3233 45 17 our
1951 3227 97 25 readers
2066 3236 41 16 are
2130 3237 80 18 aware
2233 3239 36 17 we
2288 3232 64 25 have

1813 3264 61 24 been
1886 3267 106 23 staunch
2008 3267 117 26 advocate
2137 3270 27 23 of
2174 3270 43 25 the
2229 3271 125 26 Eockford

1815 3302 106 25 Scheme
1933 3304 51 24 and
1997 3305 49 24 had
2057 3307 20 23 it
2097 3311 45 21 not
2153 3308 63 25 been
2238 3309 38 24 for
2298 3311 56 24 that

1811 3340 161 25 unfortunate
1985 3343 54 22 flaw
2052 3343 28 23 m
2092 3344 45 24 the
2144 3345 151 27 Water-race
2304 3348 49 24 Act

1813 3377 82 24 which
1907 3378 51 24 tied
1982 3379 43 24 the
2048 3380 80 26 hands
2147 3383 27 23 of
2194 3384 44 24 the
2261 3384 91 30 Board,

1814 3416 41 25 the
1869 3419 93 29 system
1974 3419 32 31 by
2031 3420 51 24 this
2104 3421 61 25 time
2187 3424 82 24 would
2288 3424 64 25 have

1813 3453 61 25 been
1893 3462 31 16 an
1943 3457 185 29 accomplished
2148 3459 58 25 fact.
2242 3461 52 24 The
2307 3464 46 21 Wo

1812 3485 69 24 main
1892 3493 86 18 causes
1991 3487 56 25 that
2058 3488 64 26 have
2130 3492 115 29 operated
2254 3493 98 32 against

1813 3523 43 24 the
1868 3525 112 31 carrying
1992 3527 44 23 out
2045 3526 27 25 of
2079 3527 51 25 this
2140 3528 135 31 important
2284 3532 68 24 work

1813 3569 41 16 are
1862 3561 54 25 first
1924 3562 42 25 the
1974 3564 135 30 persistent
2116 3566 139 30 opposition
2263 3568 89 28 offered

1812 3598 32 31 by
1856 3599 42 24 Mr
1909 3599 85 25 Dixon
2017 3601 51 24 and
2081 3603 118 32 secondly
2210 3613 15 15 a
2237 3607 67 29 cycle
2327 3610 27 21 of

1813 3639 47 23 wet
1870 3646 101 18 seasons
1984 3639 81 25 which
2074 3641 38 25 for
2124 3650 14 16 a
2151 3643 60 25 time
2220 3645 46 24 has
2275 3646 76 25 lulled

1813 3675 42 25 tUe
1867 3674 63 26 fears
1941 3676 28 24 of
1978 3677 42 25 the
2032 3678 105 26 farmers
2149 3680 57 26 that
2228 3682 59 31 they
2309 3691 42 16 are

1811 3713 76 31 likely
1897 3715 27 22 at
1932 3722 70 17 some
2014 3716 59 25 time
2085 3725 29 17 or
2125 3719 71 23 other
2208 3721 25 22 to
2250 3720 31 24 be
2292 3727 60 26 very

1811 3749 81 31 heavy
1900 3750 78 26 losers
1990 3751 39 26 for
2041 3754 42 24 the
2098 3756 68 24 want
2189 3756 28 24 of
2234 3763 31 17 an
2294 3758 57 26 ade-

1811 3787 75 30 quate
1898 3789 76 24 water
1985 3791 89 31 supply
2085 3791 72 25 when
2169 3801 13 15 a
2192 3793 68 31 cycle
2272 3794 28 25 of
2305 3794 46 32 dry

1811 3832 101 18 seasons
1924 3826 32 24 do
1968 3828 38 24 set
2028 3827 36 25 m.
2099 3828 36 25 As
2145 3829 39 24 for
2192 3829 41 26 Mr
2244 3831 106 27 Dixon's

1811 3862 145 31 objections,
1975 3865 60 32 they
2043 3874 64 17 were
2118 3867 46 25 but
2180 3870 101 25 natural
2301 3873 49 22 and

1811 3900 75 25 much
1898 3908 28 17 as
1938 3909 35 18 we
1996 3902 107 32 deplore,
2123 3905 55 25 that
2199 3907 33 24 he
2248 3907 46 26 felt
2305 3909 44 25 the

1810 3938 130 31 necessity,
1947 3939 28 24 m
1983 3939 41 25 his
2032 3948 56 17 own
2096 3940 111 32 interest,
2218 3944 27 24 of
2250 3945 99 32 placing

1811 3976 122 27 obstacles
1944 3978 27 25 m
1984 3979 41 25 the
2034 3987 55 25 way
2106 3988 34 19 no
2157 3982 77 26 doubt
2257 3984 91 27 almost

1811 4024 49 24 any
1879 4017 73 25 other
1971 4026 59 18 men
2058 4020 89 31 placed
2164 4022 27 25 m
2215 4023 43 25 the
2278 4031 69 19 same

1808 4056 105 31 position
1923 4058 83 24 would
2022 4058 63 26 have
2108 4061 72 24 acted
2201 4062 28 25 m
2249 4064 98 31 axactly

1809 4095 44 26 the
1881 4104 66 17 same
1975 4105 59 23 way.
2080 4097 154 34 Experience
2258 4109 89 25 proves

1808 4134 91 26 almost
1909 4135 139 32 invariably
2070 4136 56 27 that
2148 4146 16 17 a
2175 4140 69 32 cycle
2259 4141 27 25 of
2300 4142 46 32 dry

1809 4181 120 19 summers
1940 4175 26 25 m
1974 4175 101 32 Europe
2082 4177 23 25 is
2113 4180 117 30 repeated
2238 4181 28 24 m
2274 4181 72 25 these

1807 4210 98 26 Islands
1917 4212 50 24 and
1978 4213 62 25 both
2051 4215 43 24 the
2115 4215 50 25 last
2187 4217 87 25 winter
2296 4219 49 24 and

1807 4256 109 18 summer
1926 4250 29 25 of
1974 4252 100 33 Europe
2093 4253 64 27 have
2169 4254 62 26 been
2253 4264 91 24 unpre-

1806 4286 134 33 cendently
1958 4288 46 32 dry
2031 4290 50 25 and
2104 4299 37 18 we
2162 4292 96 31 predict
2279 4294 65 25 from

1805 4324 93 24 former
1920 4326 144 31 experience
2084 4328 57 25 that
2158 4328 60 33 they
2238 4329 53 26 will
2312 4330 32 26 be

1805 4362 115 31 repeated
1943 4361 60 27 here
2013 4364 52 25 and
2077 4372 34 17 we
2133 4365 67 26 shall
2222 4368 43 24 not
2276 4367 31 26 be
2316 4369 27 25 at

1806 4400 33 26 all
1850 4402 125 31 surprised
1993 4402 57 27 that
2070 4405 27 24 at
2116 4405 43 25 the
2181 4407 48 24 end
2250 4407 26 25 of
2281 4409 62 25 next

1804 4447 113 19 summer
1924 4440 44 27 the
1979 4443 87 31 people
2077 4443 51 26 will
2138 4444 102 30 bitterly
2248 4445 94 29 lament

2375 190 45 22 not
2430 186 96 32 having
2538 186 96 26 carried
2656 189 45 23 out
2722 187 45 25 the
2789 187 125 25 Bockford

2378 224 118 26 Scheme-
2529 224 36 25 As
2575 231 38 18 we
2624 224 55 25 said
2688 224 29 26 m
2727 232 46 18 our
2783 224 58 31 last,
2854 232 60 18 even

2376 262 22 25 if
2404 262 42 25 the
2457 263 83 30 report
2551 262 27 25 of
2587 261 44 26 the
2639 261 104 32 Mining
2755 262 127 32 Engineer
2891 263 23 24 is

2376 301 144 25 favourable
2541 303 28 23 to
2588 300 45 26 the
2651 301 126 26 Bockford
2800 302 115 29 Scheme,

2377 340 104 32 bearing
2488 341 28 23 m
2527 340 70 25 mind
2605 341 45 24 the
2660 341 165 26 constitution
2835 341 27 26 of
2872 341 42 25 the

2379 378 98 29 Board;
2495 386 36 16 we
2541 378 33 24 do
2593 381 46 21 not
2660 380 88 29 expect
2767 381 27 23 to
2816 386 42 18 see
2875 379 40 25 his

2378 417 84 26 advise
2472 418 72 24 acted
2554 424 67 25 upon
2620 414 3 12 1
2623 435 7 7 .
2665 418 130 33 Certainly
2806 427 28 16 so
2841 419 40 24 far
2888 426 27 18 as

2379 457 96 25 Oxford
2496 457 22 25 ia
2547 457 147 29 concerned,
2722 457 44 26 the
2791 458 124 26 Bockford

2379 498 93 31 system
2479 502 49 17 was
2536 496 47 24 not
2591 494 36 26 all
2635 495 54 25 that
2696 495 72 25 could
2776 495 30 25 be
2811 495 104 29 desired,

2379 540 27 17 as
2418 539 15 18 a
2448 539 59 24 very
2517 531 70 32 large
2599 539 57 18 area
2677 532 28 26 of
2720 532 127 26 waterless
2858 532 57 25 land

2379 570 27 23 hi
2418 569 44 25 the
2468 568 116 26 Western
2592 569 109 31 position
2710 569 83 25 would
2801 572 45 23 not
2853 570 62 25 have

2379 605 63 26 been
2454 606 115 32 supplied
2588 607 51 24 and
2660 607 44 24 the
2726 607 96 25 further
2843 607 72 26 down

2379 644 44 24 the
2439 644 64 24 river
2519 652 34 16 we
2576 651 33 23 go
2630 644 39 24 for
2696 644 44 25 the
2763 645 91 25 entake
2876 645 39 25 the

2379 682 82 31 larger
2471 682 51 24 will
2528 682 43 24 the
2582 683 142 25 unwatered
2735 691 57 16 area
2803 683 110 25 become.

2379 719 40 26 No
2430 718 76 27 doubt
2524 719 44 25 the
2580 719 81 26 Board
2671 727 43 18 are
2725 720 116 25 actuated
2852 720 32 32 by
2900 729 15 16 a

2380 750 80 32 desire
2476 759 27 23 to
2519 765 70 18 serve
2611 757 42 25 the
2678 758 98 25 various
2797 758 118 25 Districts

2379 797 127 31 faithfully
2517 796 45 25 but
2573 797 34 24 all
2616 797 66 25 their
2693 798 84 25 efforts
2789 797 48 26 will
2849 797 30 26 be
2889 799 26 23 m

2379 833 60 26 vain
2449 834 111 31 without,
2568 842 15 16 a
2592 835 143 31 unanimity
2757 835 28 25 of
2801 843 114 23 purpose.

2380 872 46 25 We
2437 880 43 17 are
2497 875 44 22 not
2564 872 127 31 generally
2709 873 27 24 m
2748 872 44 26 the
2809 873 72 25 habit
2892 873 23 25 of

2379 912 117 30 croaxing
2506 912 52 24 and
2574 912 59 30 only
2643 913 102 23 venture
2751 913 27 23 to
2788 912 66 31 hope
2860 912 55 25 that

2379 958 47 17 our
2437 950 66 25 fears
2514 958 60 24 may
2590 950 31 25 be
2639 950 104 32 entirely
2762 951 153 32 groundless.

2381 989 47 25 We
2440 990 65 24 shall
2521 990 83 25 watch
2627 991 41 24 the
2696 990 95 25 actions
2818 990 28 25 of
2871 990 44 25 the

2379 1026 84 26 Board
2474 1027 61 26 with
2546 1029 72 30 great
2626 1028 143 31 tepidation,
2788 1028 127 31 especially

2379 1066 22 25 if
2409 1066 43 25 the
2462 1066 150 32 Engineer's
2628 1070 84 28 report
2722 1068 21 23 is
2754 1067 127 26 favorable
2891 1069 24 23 to

2381 1105 44 24 the
2435 1105 122 25 Bockford
2579 1105 105 26 Scheme
2708 1106 59 32 (and
2778 1115 37 16 we
2823 1106 92 25 believe

2380 1144 21 25 it
2412 1143 53 26 will
2473 1143 50 33 be).
2558 1145 62 24 And
2631 1145 41 24 till
2683 1145 62 25 then
2756 1152 38 18 we
2802 1153 48 16 can
2859 1145 56 32 only

2381 1182 128 31 speculate
2520 1185 68 28 upon
2605 1182 69 25 what
2691 1183 43 24 the
2750 1182 118 31 probable
2880 1190 35 17 re-

2382 1221 50 25 sult
2439 1222 53 24 will
2496 1221 39 25 be.
2569 1221 30 25 In
2607 1222 44 24 the
2659 1222 135 24 meantime
2802 1221 113 32 Cooper's

2382 1258 77 24 Creek
2470 1260 103 29 system,
2597 1259 43 24 the
2651 1259 122 30 thoughts
2795 1258 28 26 of
2841 1260 74 24 which

2381 1297 64 24 have
2456 1297 50 25 laid
2514 1297 113 25 dorment
2637 1298 38 24 for
2686 1300 74 22 about
2771 1298 70 24 three
2849 1305 66 24 years

2381 1343 42 16 are
2437 1335 75 31 again
2533 1334 98 26 revived
2654 1335 50 25 and
2720 1343 79 24 many
2819 1335 96 29 believe,

2381 1374 57 25 that
2449 1374 21 24 if
2479 1382 62 17 even
2552 1374 44 25 the
2607 1375 67 31 large
2682 1374 98 25 scheme
2792 1374 90 25 should
2888 1374 27 25 be

2383 1413 95 25 carried
2489 1417 44 22 out
2545 1414 43 25 the
2599 1415 121 30 necessity
2742 1414 39 25 for
2804 1414 111 32 Cooper's

2383 1453 70 24 creek
2463 1461 56 16 race
2531 1453 81 25 would
2630 1453 52 24 still
2689 1453 70 24 exist.
2794 1453 26 24 It
2832 1453 49 24 will
2888 1453 27 24 be

2382 1490 28 24 m
2418 1489 44 26 the
2482 1498 111 22 memory
2615 1490 26 25 of
2669 1498 46 17 our
2743 1490 99 25 readers
2865 1490 50 25 that

2383 1530 88 30 strong
2482 1528 138 31 opposition
2632 1536 51 16 was
2707 1527 90 25 offered
2820 1529 26 23 to
2869 1527 46 25 this

2383 1567 98 25 scheme
2490 1569 32 30 by
2531 1575 16 17 a
2553 1567 47 25 few
2612 1567 151 25 individuals
2774 1575 34 17 on
2816 1569 99 23 account

2383 1606 27 24 of
2419 1606 94 30 private
2525 1605 102 32 injuries
2638 1605 76 32 likely
2729 1607 26 23 to
2778 1613 88 17 accrue
2887 1605 28 32 by

2373 1660 1 8 :
2383 1642 125 32 diverting
2519 1643 42 25 the
2580 1644 82 27 water,
2686 1643 46 24 but
2752 1650 45 18 our
2820 1643 95 31 opinion

2372 1698 1 1 ■
2383 1688 50 17 was
2446 1681 50 24 and
2508 1681 52 24 still
2572 1681 30 27 is,
2616 1681 56 24 that
2690 1681 44 24 the
2762 1680 112 32 vallidity
2897 1681 18 23 of

2383 1718 73 24 those
2468 1717 136 31 objections
2616 1725 61 17 were
2689 1725 73 17 never
2786 1717 129 26 substanti-

2383 1757 64 25 ated.

2416 1797 46 24 We
2472 1797 65 25 have
2549 1797 93 32 always
2662 1798 133 25 advocated
2807 1797 49 25 this
2869 1805 46 23 sys-

2383 1836 53 22 tem
2444 1837 43 22 not
2494 1835 59 30 only
2562 1835 102 24 because
2673 1835 21 25 it
2701 1835 82 25 would
2793 1835 48 24 add
2850 1835 65 24 value

2383 1876 27 22 to
2423 1873 42 25 the
2477 1874 61 24 land
2547 1874 34 24 all
2593 1874 75 31 along
2679 1874 43 25 the
2733 1871 52 27 line
2808 1874 27 24 of
2855 1882 60 20 race,

2383 1914 44 24 but
2440 1919 25 19 to
2479 1910 42 28 the
2534 1912 77 28 Town
2623 1912 48 26 lots
2684 1912 28 25 of
2726 1912 90 25 Oxford
2827 1912 28 24 m
2866 1920 49 24 par-

2385 1951 90 25 ticular
2484 1951 50 24 and
2546 1951 27 24 m
2583 1957 169 25 consequence
2764 1950 26 25 of
2801 1950 71 25 there
2881 1950 34 24 be-

2383 1987 45 34 ing
2440 1998 26 17 so
2478 1998 76 24 many
2567 1991 75 24 small
2665 1990 118 31 holdings
2802 1990 48 24 and
2872 1990 43 24 cot-

2385 2029 57 30 tage
2453 2029 67 24 rates
2533 2030 26 23 to
2580 2028 88 25 collect
2692 2028 43 24 the
2759 2027 156 31 undertaking

2384 2068 83 24 would
2480 2068 28 24 be
2522 2076 14 16 a
2549 2075 58 23 very
2619 2067 131 32 profitable
2761 2069 154 24 investment.

2386 2105 125 30 Speaking
2540 2106 62 23 from
2625 2113 104 16 rumour
2757 2107 42 22 the
2823 2108 92 21 amount

2384 2144 90 25 named
2486 2144 38 24 for
2535 2144 118 32 bringing
2662 2144 27 24 m
2699 2145 41 23 the
2747 2144 81 25 raceis
2837 2145 78 24 £100
2914 2144 2 32 C

2386 2182 50 24 and
2447 2182 21 24 if
2478 2182 18 24 it
2515 2182 92 24 should
2619 2183 88 23 exceed
2724 2182 57 25 that
2810 2183 31 30 by
2865 2190 50 16 ever

2386 2221 68 22 £500
2467 2227 36 17 we
2515 2227 42 16 are
2569 2220 122 23 informed
2716 2221 29 30 by
2774 2220 71 24 those
2868 2220 47 24 whe

2386 2270 41 16 are
2440 2263 143 30 competant
2595 2264 26 23 to
2633 2262 54 31 give
2700 2270 32 16 an
2756 2262 102 31 opinion
2870 2262 45 24 thai

2385 2307 20 19 it
2415 2302 81 25 would
2509 2302 53 25 still
2572 2302 29 24 be
2614 2310 14 17 a
2640 2302 131 31 profitable
2781 2302 79 25 affair.
2879 2303 36 24 We

2386 2346 69 24 write
2468 2346 80 24 under
2559 2347 137 23 correction
2708 2346 45 24 but
2767 2354 36 17 we
2815 2346 63 24 have
2892 2354 23 15 an

2385 2389 55 23 idea
2453 2389 55 24 that
2521 2389 51 24 this
2584 2389 135 31 particular
2727 2389 105 24 District
2842 2390 46 23 has
2898 2391 17 22 ai

2385 2427 40 23 the
2437 2427 147 30 instigation
2598 2427 27 24 of
2632 2427 43 24 the
2688 2427 68 24 Road
2766 2427 84 24 Board
2861 2427 54 24 been

2385 2466 149 30 proclaimed
2546 2474 14 16 a
2571 2466 85 25 Water
2668 2466 66 25 Race
2755 2467 105 24 District
2873 2467 42 24 and

2384 2503 21 25 if
2415 2512 27 16 so
2456 2503 41 25 the
2509 2503 128 32 initiatory
2649 2505 67 30 steps
2736 2504 64 24 have
2824 2505 91 30 already

2385 2543 62 22 been
2461 2541 82 29 taken,
2557 2541 110 24 whether
2678 2542 43 24 the
2734 2550 56 15 area
2801 2542 22 23 is
2836 2542 79 24 within

2385 2580 42 24 the
2437 2580 157 31 jurisdiction
2607 2582 26 23 of
2647 2580 42 25 the
2713 2583 99 29 present
2835 2582 80 23 Water

2388 2618 96 32 Supply
2495 2618 85 25 Board
2599 2627 36 16 we
2647 2618 63 25 have
2726 2621 42 29 yet
2797 2620 26 23 to
2844 2620 71 28 learn,

2385 2656 50 24 and
2444 2664 27 16 as
2483 2664 36 17 we
2529 2657 64 24 have
2605 2657 27 23 m
2650 2664 45 17 our
2717 2657 114 31 previous
2854 2657 61 24 issue

2383 2694 93 23 invited
2489 2695 209 29 correspondence
2711 2702 67 23 upon
2802 2695 42 24 the
2864 2695 51 24 sub-

2385 2732 57 31 ject,
2456 2739 37 16 we
2505 2731 65 32 hope
2587 2733 25 23 to
2624 2731 71 24 learn
2707 2731 34 25 all
2754 2732 56 24 that
2822 2733 70 23 there
2903 2733 12 24 is

2386 2769 75 25 worth
2472 2769 116 32 knowing
2601 2778 64 23 upon
2675 2770 42 24 the
2729 2770 96 31 subject
2834 2778 27 16 so
2870 2771 45 24 thai

2384 2815 35 16 we
2431 2814 46 17 can
2489 2808 70 29 place
2588 2808 44 23 the
2660 2810 91 21 matter
2774 2808 81 25 before
2879 2817 36 16 oui

2383 2848 98 23 readers
2492 2844 27 25 m
2532 2853 15 16 a
2559 2853 87 24 proper
2658 2845 73 32 light.

2482 3039 94 22 VIEW
2593 3039 86 22 HILL
2700 3041 122 20 NOTES.

2581 3079 39 23 By
2625 3079 97 25 Demos.

2416 3159 33 25 In
2461 3159 44 25 the
2543 3160 130 32 Lytteiton
2698 3162 84 25 Times
2879 3164 36 25 the

2382 3197 51 23 2nd
2444 3198 61 24 inst.
2525 3199 81 24 under
2646 3199 156 32 Wellington
2823 3202 74 24 items

2381 3234 44 24 the
2438 3234 126 33 following
2576 3243 106 24 uppears
2699 3238 48 24 viz:
2751 3253 31 4 —
2783 3238 54 26 The
2848 3239 67 25 Land

2381 3273 82 25 Board
2482 3275 47 25 has
2541 3276 100 24 decided
2653 3278 26 23 to
2691 3278 45 24 ask
2748 3278 44 24 the
2803 3279 112 25 Minister

2381 3312 28 23 of
2418 3312 84 25 Lands
2514 3314 26 23 to
2552 3321 72 23 agree
2642 3316 26 22 to
2686 3316 64 23 state
2774 3324 15 16 a
2805 3324 56 17 case
2883 3317 32 25 for

2382 3350 43 24 the
2456 3351 122 31 Supreme
2621 3353 76 26 Court
2738 3356 26 24 to
2798 3357 117 24 ascertain

2381 3387 111 26 whether
2503 3389 42 24 the
2557 3389 73 25 Land
2642 3391 83 24 Board
2741 3399 28 18 or
2781 3392 43 25 the
2848 3393 67 25 Com-

2381 3425 132 26 missioner
2524 3427 71 25 alone
2604 3428 46 24 has
2661 3436 83 23 power
2756 3431 24 23 to
2792 3431 57 24 deal
2861 3431 54 25 with

2381 3465 101 30 villiage
2494 3467 163 28 settlements,
2667 3469 90 29 special
2764 3469 151 25 settlements

2380 3511 28 17 or
2420 3504 74 25 small
2513 3505 62 24 farm
2603 3506 145 26 homestead

2381 3540 25 24 If
2416 3549 45 17 our
2473 3542 60 24 land
2543 3543 62 25 laws
2623 3552 40 16 are
2675 3545 28 24 m
2733 3546 62 24 such
2823 3554 16 17 a
2856 3549 59 23 state

2380 3580 56 25 that
2453 3581 45 24 the
2507 3582 99 26 various
2617 3583 74 25 Land
2708 3584 97 26 Boards
2828 3589 87 23 cannot

2380 3620 151 25 understand
2543 3622 64 24 their
2618 3624 137 30 provisions
2775 3625 59 31 they
2850 3629 65 22 must

2379 3657 29 23 be
2419 3657 27 24 m
2459 3666 14 15 a
2485 3660 83 29 pretty
2576 3660 90 29 pickle.
2701 3661 26 24 It
2740 3669 80 17 seems
2829 3663 86 24 almost

2379 3693 149 26 incrediable
2558 3695 55 26 that
2641 3696 44 26 the
2713 3697 49 25 law
2784 3707 45 16 can
2855 3699 60 26 have

2379 3730 62 24 been
2452 3732 28 22 m
2491 3732 63 24 such
2574 3740 33 17 an
2635 3735 195 32 unsatisfactory
2853 3739 62 23 state

2379 3770 50 23 and
2440 3770 62 24 been
2530 3772 105 24 allowed
2663 3775 27 23 to
2707 3775 96 24 remain
2832 3784 27 17 so
2883 3777 32 24 all

2378 3806 43 25 the
2433 3815 69 24 years
2513 3809 21 24 it
2545 3809 47 25 has
2609 3833 3 2 .
2621 3810 63 26 been
2712 3812 28 24 m
2763 3815 152 30 opperation,

2378 3846 106 26 without
2495 3847 44 26 the
2550 3848 97 27 Boards
2658 3850 97 33 finding
2766 3853 21 25 it
2806 3855 45 24 out
2876 3854 39 26 be-

2376 3884 52 24 fore
2439 3892 57 17 now
2505 3893 6 20 ;
2524 3885 21 24 if
2553 3886 114 26 however
2678 3889 42 25 the
2746 3892 121 31 meaning
2891 3894 24 23 of

2377 3922 43 25 the
2432 3925 40 22 act
2483 3924 22 23 is
2517 3932 28 17 as
2569 3925 104 26 obscure
2707 3936 27 17 as
2763 3937 46 16 one
2835 3932 80 24 would

2376 3960 89 31 gather
2475 3961 66 25 from
2552 3962 44 25 the
2610 3964 83 25 action
2705 3965 28 26 of
2741 3966 44 26 the
2797 3967 118 34 Welling-

2376 4001 44 23 ton
2432 4000 90 29 Board,
2536 4003 84 30 surely
2632 4003 21 25 it
2663 4005 82 24 would
2761 4007 32 24 be
2815 4008 100 31 simpler

2375 4036 50 24 and
2437 4038 139 30 altogether
2588 4047 66 18 more
2666 4042 157 34 satisfactory
2833 4047 27 23 to
2871 4046 44 25 the

2374 4073 89 32 colony
2482 4076 27 23 to
2521 4075 63 24 have
2595 4078 44 23 the
2649 4077 49 26 law
2715 4081 158 31 ammended,
2883 4090 31 19 so

2374 4118 27 17 as
2414 4112 26 23 to
2451 4113 38 23 set
2500 4113 34 24 all
2545 4113 78 26 doubt
2643 4116 27 24 at
2686 4117 60 25 veaf
2767 4119 100 26 instead
2889 4121 26 25 of

2374 4148 89 33 asking
2474 4153 26 20 to
2510 4149 64 26 have
2585 4152 43 24 the
2647 4156 107 31 country
2763 4158 48 30 put
2827 4161 26 21 to
2870 4158 44 26 the

2373 4187 52 23 cost
2437 4186 27 25 of
2473 4194 15 17 a
2500 4189 71 24 court
2581 4196 65 23 case,
2667 4191 90 33 which,
2781 4193 64 26 after
2868 4195 43 31 all,

2372 4224 81 25 would
2460 4224 118 34 probably
2590 4227 59 32 only
2661 4229 70 27 show
2740 4233 43 24 the
2789 4234 123 32 necessity

2373 4260 26 25 of
2413 4261 122 33 inserting
2563 4264 68 26 clear
2653 4268 51 24 and
2733 4268 102 27 definite
2856 4280 56 22 pro-

2371 4297 94 26 visions
2476 4299 27 24 m
2515 4300 44 25 the
2582 4304 50 24 act.
2667 4304 25 26 It
2714 4313 83 19 seems
2820 4308 90 26 absurd

2371 4334 39 26 for
2421 4335 44 25 the
2494 4336 155 34 Wellington
2678 4342 73 26 Land
2778 4344 82 26 Board
2884 4348 27 24 to

2370 4372 63 26 wish
2447 4374 26 24 to
2484 4375 45 30 put
2540 4374 45 27 the
2596 4382 104 30 country
2711 4382 27 24 to
2755 4382 44 26 the
2810 4384 52 25 cost
2884 4385 28 25 of

2370 4418 75 25 going
2455 4412 27 25 to
2494 4410 77 29 Court
2582 4415 27 25 to
2620 4417 43 30 get
2685 4417 44 27 the
2758 4420 48 27 law
2831 4422 77 26 inter-

2368 4450 84 31 preted
2463 4450 75 26 when
2562 4452 156 31 Parliament
2747 4460 47 25 will
2821 4459 32 26 be
2879 4462 29 23 m

2943 191 94 37 sepsion
3048 193 26 25 m
3087 202 15 17 a
3112 195 50 24 few
3183 195 72 33 days,
3252 196 55 34 pad
3330 197 43 25 the
3396 195 84 26 whole
3531 191 2 13 *

2943 230 72 33 thing
3025 240 45 17 can
3084 234 29 25 be
3123 237 40 22 get
3174 237 27 23 at
3211 238 53 24 rest
3279 244 62 17 once
3351 236 40 26 for
3401 236 36 25 ail
3459 235 25 25 if

2942 278 64 23 gone
3017 271 75 27 abaut
3103 274 28 24 m
3148 282 16 17 a
3192 282 109 26 propel-
3303 283 54 25 way
3380 276 33 32 by
3436 275 43 26 the

2943 308 90 26 Board.

2922 356 1 22 }
2933 356 6 24 \
2965 371 4 7 ,
2976 346 79 26 There
3065 348 23 26 is
3099 353 32 21 iio
3142 349 78 27 doubt
3231 350 46 26 but
3296 350 55 26 that
3359 359 49 18 our
3419 351 60 26 land

2943 378 61 45 jajws
3045 389 65 22 want
3150 387 172 32 considerably
3363 389 116 32 altering.

2945 422 144 35 Something
3100 426 22 25 ia
3150 428 127 32 radically/
3291 436 87 25 wrong
3399 438 81 17 some-

2943 461 87 25 where.
3065 460 121 29 Whether
3197 464 44 25 the
3251 466 47 24 law
3309 466 23 25 is
3352 468 31 23 ta
3390 466 89 30 blame,

2943 498 51 25 and
3006 499 19 25 is
3037 503 26 21 to
3075 499 29 26 be
3114 501 59 26 held
3183 503 161 25 accountable
3371 503 38 26 for
3436 504 45 25 the
3515 511 5 4 •

2943 529 117 34 different
3086 542 135 25 treatment
3255 543 90 24 melted
3378 545 44 23 out
3455 546 26 23 to

2943 574 115 26 different
3068 577 87 32 people
3171 587 28 17 or
3209 582 53 28 not,
3282 581 25 24 it
3329 585 92 21 cannot
3443 590 37 16 es-

2944 619 60 25 cape
3015 621 33 16 on
3050 621 26 16 ea
3086 614 83 26 notice
3180 616 56 25 that
3247 618 70 24 there
3339 618 22 24 is
3383 621 22 22 a'
3422 618 59 38 cojj&
3491 622 42 26 .*.;;

2943 650 120 25 siderable
3075 652 138 26 difference.
3235 679 4 3 .
3248 656 121 24 Whether
3382 656 53 25 this
3447 641 36 40 H
3510 654 23 31 J

2945 686 44 25 the
2999 687 65 26 fault
3074 690 27 23 of
3110 690 44 25 the
3176 691 44 24 law
3232 699 29 18 or
3288 694 27 23 of
3342 690 42 28 the
3406 694 75 25 Land

2944 725 97 25 Boards
3051 729 104 23 matters
3166 732 52 26 not,
3231 731 50 24 the'
3288 731 48 26 law
3347 732 90 25 should
3448 732 31 26 be

2945 767 45 30 put
3001 765 27 25 m
3040 767 60 25 such
3112 775 16 17 a
3138 767 74 33 shape
3234 771 57 24 that
3312 771 71 25 there
3405 772 74 25 could

2945 804 29 23 be
2990 810 35 18 no
3035 803 98 27 favours
3145 805 86 26 shown
3244 807 78 25 under
3340 808 22 25 it
3383 811 27 22 to
3432 816 47 18 one

2945 842 64 25 class
3020 851 69 17 more
3101 844 61 25 than
3175 846 112 26 another.
3321 847 26 25 It
3374 848 22 24 is
3416 849 65 25 time
3495 861 7 4 -

2944 882 44 24 the
2995 882 75 26 Land
3091 884 74 25 Laws
3187 893 64 18 were
3272 887 144 26 ammended
3443 888 38 25 for

2946 920 77 25 under
3048 922 44 24 the
3103 927 100 27 present
3213 924 49 26 law
3331 926 44 26 the
3397 927 82 25 differ-

2945 967 60 18 ence
3013 960 28 25 m
3052 961 44 25 the
3107 964 77 24 world
3194 964 21 24 is
3227 965 73 25 made
3316 966 108 26 between
3436 967 43 26 the

2945 1004 60 18 man
3016 996 58 27 with
3086 1007 90 26 money
3198 1002 50 25 and
3270 1004 44 24 the
3322 998 4 8 '
3335 1012 59 16 man
3417 1002 63 28 with

2945 1042 73 17 none.
3053 1036 27 24 If
3103 1045 16 17 a
3130 1046 60 17 man
3193 1068 4 2 .
3207 1039 56 33 has^
3281 1049 90 24 money
3397 1042 33 25 he
3457 1042 21 25 is

2945 1074 127 32 generally
3083 1078 122 30 supposed
3219 1084 25 20 to
3255 1079 31 25 be
3297 1080 55 26 able
3374 1084 27 22 to
3422 1082 58 24 look

2946 1112 63 25 after
3019 1113 103 26 himself
3128 1117 78 24 better
3214 1117 60 25 than
3286 1119 42 25 the
3336 1127 60 17 man
3406 1120 73 25 with-

2946 1153 52 27 out,
3011 1152 44 25 but
3074 1154 77 25 under
3178 1164 45 16 our
3249 1154 60 27 land
3336 1159 143 25 settlement

2947 1190 151 30 regulations
3109 1200 72 25 every
3192 1193 87 26 favour
3300 1196 49 24 and
3375 1196 105 25 latitude

2946 1228 22 25 is
2979 1229 74 31 given
3064 1232 27 24 to
3101 1224 45 44 t^e
3157 1240 61 18 man
3228 1234 62 24 with
3306 1242 86 18 means
3406 1235 74 26 while

2947 1268 43 23 the
3011 1271 68 23 most
3106 1268 189 40 embarrassing^
3299 1274 50 24 and
3360 1276 122 31 stringent
3521 1285 12 13 .<

2921 1306 2 14 1
2947 1307 66 24 rules
3025 1316 42 17 are
3086 1310 73 24 made
3187 1311 38 24 for
3242 1312 43 24 the
3313 1310 133 35 Harassing
3456 1313 28 25 of

2948 1345 74 25 small
3044 1347 106 25 settlers.
3187 1349 75 25 Some
3284 1350 70 25 other
3374 1352 59 29 plan
3458 1352 29 24 of

2948 1381 189 35 administering
3147 1385 44 25 the
3202 1385 61 26 land
3275 1387 23 24 is
3321 1387 53 25 also
3385 1388 98 25 wanted
3494 1411 5 2 .

2921 1423 2 15 1
2948 1421 39 24 for
2999 1422 70 24 there
3079 1423 22 24 is
3112 1431 35 18 no
3162 1425 96 32 getting
3268 1434 70 24 away
3356 1427 66 25 from
3439 1428 44 25 the

2921 1472 2 4 ■
2948 1459 50 25 fact
3014 1461 57 25 that
3093 1463 42 23 the
3155 1472 69 17 same
3240 1467 133 24 treatment
3394 1467 22 25 is
3438 1470 46 22 not

2921 1499 2 15 !
2949 1498 67 26 dealt
3027 1501 45 24 out
3091 1503 28 23 to
3135 1503 34 24 all
3191 1496 73 33 alike!
3299 1505 55 25 The
3375 1514 61 17 man
3458 1507 28 24 of

2921 1536 2 16 1
2948 1544 86 18 means
3046 1545 45 17 can
3107 1539 92 33 always
3220 1543 42 29 get
3279 1542 43 25 the
3345 1543 138 33 advantage

2921 1576 2 16 ;
2949 1576 80 26 under
3039 1577 44 26 the
3094 1578 95 27 Boards
3201 1588 27 18 as
3237 1583 28 23 at
3281 1585 99 28 present
3390 1585 92 24 consti-

2949 1614 78 25 tuted.
3062 1616 48 24 We
3121 1625 41 17 are
3174 1620 121 30 supposad
3306 1621 25 24 to
3354 1620 31 25 be
3404 1621 79 32 living

2922 1654 1 33 [
2949 1653 27 24 m
2988 1662 13 15 a
3012 1654 62 25 land
3084 1656 80 26 where
3176 1658 33 24 all
3228 1666 42 17 are
3293 1660 69 31 equal
3390 1661 28 23 m
3442 1660 41 25 the

2921 1688 2 16 c
2949 1698 44 23 sye
3005 1691 26 24 of
3040 1693 44 24 the
3094 1693 56 30 law,
3162 1694 45 25 bat
3218 1703 96 25 anyone
3335 1697 84 32 seeing
3440 1698 44 24 the

2949 1728 130 26 difference
3090 1730 27 25 m
3129 1731 43 25 the
3183 1740 54 24 way
3251 1733 41 24 the
3303 1734 73 25 small
3387 1734 96 26 settlers

2950 1775 42 17 are
3002 1770 96 24 treated
3109 1773 130 30 compared
3267 1771 60 27 with
3350 1774 44 25 the
3416 1775 68 32 large

2950 1813 58 18 ones
3019 1807 27 24 m
3058 1808 43 24 the
3112 1811 90 23 matter
3214 1811 25 23 of
3250 1811 44 24 the
3312 1813 60 23 land
3399 1813 83 24 settle-

2921 1844 2 14 !
2949 1846 71 22 ment
3037 1846 158 29 regulations,
3220 1850 68 22 must
3310 1857 70 16 come
3402 1852 27 22 to
3452 1858 32 17 an

2921 1893 2 7 ■
2950 1882 110 30 opposite
3072 1884 151 25 conclusion.
3259 1886 58 24 Men
3328 1887 61 25 with
3417 1888 67 30 large

2921 1927 2 3 ■
2949 1919 115 33 holdings
3075 1929 42 18 are
3128 1922 27 25 m
3168 1931 72 23 many
3251 1931 67 18 cases
3338 1925 105 25 allowed
3460 1929 26 22 to

2950 1962 57 25 take
3018 1971 34 23 up
3064 1964 57 24 land
3133 1968 36 22 set
3181 1966 80 24 asside
3273 1968 39 22 for
3334 1968 74 24 small
3436 1971 48 23 set-

2950 2002 61 25 tlers
3022 2004 59 30 only
3092 2004 48 24 and
3162 2013 41 17 are
3231 2006 104 25 allowed
3356 2010 26 22 to
3404 2008 80 24 reside

2922 2036 1 9 '
2950 2040 82 25 where
3042 2041 58 33 they
3111 2042 58 31 like,
3182 2043 44 26 but
3254 2045 18 24 if
3301 2053 14 17 a
3343 2053 61 24 poor
3426 2054 61 17 man

2921 2086 2 26 ;
2951 2079 96 31 should,
3061 2082 84 31 seeing
3157 2083 56 29 this,
3227 2084 57 25 take
3291 2093 33 23 up
3335 2085 60 25 land
3402 2086 84 24 think-
3504 2097 5 2 -

2922 2114 2 15 s
2951 2119 44 30 ing
3006 2119 32 24 he
3049 2121 52 23 will
3112 2122 28 22 be
3152 2122 101 24 allowed
3266 2125 25 22 to
3303 2123 32 24 do
3346 2124 42 23 the
3413 2132 120 28 sanie*^

2952 2158 41 24 the
3005 2159 83 25 Board
3108 2168 27 17 or
3159 2161 200 31 Commissioner,
3377 2171 109 23 pounces

2953 2197 72 25 down
3037 2206 33 17 on
3082 2199 43 24 the
3136 2200 164 25 unfortunate
3312 2204 26 22 at
3358 2210 68 20 once,
3440 2202 49 25 and

2952 2237 128 26 threatens
3092 2239 120 29 forfiture,
3227 2241 82 24 unless
3324 2242 31 23 he
3373 2242 69 24 takes
3456 2249 32 24 up

2952 2276 38 22 his
3002 2277 121 24 residence
3136 2286 30 16 on
3179 2279 43 23 the
3233 2279 59 24 land
3304 2280 50 23 and
3372 2281 115 30 complies
3523 2296 10 10 ■,

2922 2310 2 17 3
2953 2314 60 24 with
3037 2316 91 30 sundry
3157 2316 160 33 regulations,
3343 2317 58 35 (and
3421 2319 66 24 their

2922 2354 2 16 1
2952 2361 74 17 name
3035 2354 22 24 is
3069 2354 92 34 legion)
3174 2364 64 18 none
3250 2357 27 25 of
3288 2358 81 24 which
3386 2367 42 16 are
3446 2368 42 15 en-

2922 2391 2 22 t
2952 2391 82 25 forced
3047 2393 28 24 m
3103 2394 43 24 the
3175 2403 55 16 case
3263 2396 27 24 of
3315 2397 40 23 his
3385 2397 103 32 wealthy

2922 2436 2 15 i
2952 2432 146 31 neighbour.

2922 2467 1 24 I
2988 2472 80 25 There
3081 2482 41 16 are
3143 2483 75 23 many
3241 2476 153 26 industrious
3416 2477 89 25 lr-rd-*

2922 2513 1 11 '
2954 2512 107 31 working
3072 2514 97 24 settlers
3189 2516 28 23 m
3245 2516 43 24 the
3311 2517 95 30 colony,
3431 2520 55 22 who

2922 2551 1 14 1
2953 2551 80 24 would
3044 2552 84 31 gladly
3139 2554 57 23 take
3209 2562 30 23 up
3258 2557 73 23 small
3354 2556 82 24 block-;
3462 2558 25 23 of

2953 2590 58 25 land
3023 2591 49 24 and
3085 2594 76 29 spend
3175 2601 71 24 every
3257 2602 83 24 penny
3351 2595 58 32 they
3418 2597 72 24 could

2921 2638 2 10 '
2953 2630 110 32 possibly
3074 2640 77 22 spare,
3164 2633 27 24 m
3208 2634 141 32 improving
3359 2635 28 29 it,
3396 2654 4 3 .
3413 2644 26 16 so
3462 2646 26 16 as

2921 2666 2 15 !
2954 2672 24 22 to
2990 2671 100 30 provide
3102 2672 86 25 homes
3201 2673 36 24 for
3248 2674 43 24 the
3302 2674 91 30 future,
3406 2676 21 24 if
3432 2684 55 23 pro-

2954 2710 76 24 vision
3050 2719 50 16 was
3121 2712 70 25 made
3275 2721 45 17 our
3347 2716 61 24 land
3430 2717 56 24 laws

2922 2747 4 12 *
2953 2749 112 32 whereby
3079 2751 124 26 residence
3215 2754 71 24 could
3310 2754 29 25 be
3357 2755 132 32 dispeneed

2954 2788 60 24 with
3027 2788 37 24 for
3076 2797 15 16 a
3103 2789 71 29 time,
3187 2791 64 24 until
3263 2792 58 32 they
3333 2794 71 24 couid
3413 2784 100 35 fifforcf*'

2954 2827 25 23 to
3003 2826 76 29 build,
3110 2827 77 30 fence,
3206 2830 89 29 .stock,
3326 2831 116 26 cultivate
3448 2834 40 23 &c.

2954 2864 80 24 These
3047 2869 50 20 sort
3109 2865 27 25 of
3145 2868 87 30 people
3244 2868 88 25 should
3349 2869 29 25 be
3390 2871 96 24 incour-

2954 2905 67 30 uged,
3031 2905 98 26 instead
3138 2907 26 24 of
3171 2907 75 32 being
3258 2909 158 31 discouiaged
3425 2919 26 16 as
3462 2914 25 22 at

2921 2964 2 2 .
2952 2947 109 28 present.
3096 2946 26 24 If
3131 2946 21 24 it
3164 2948 71 23 could
3255 2949 30 24 be
3314 2958 57 15 seen
3395 2951 53 24 that
3471 2960 15 15 a

2953 2991 89 22 person
3055 2992 50 16 was
3117 2986 74 32 using
3201 2987 43 24 the
3256 2987 59 24 land
3326 2989 38 24 for
3378 2989 41 24 his
3430 2998 56 16 own

2953 3022 90 26 benefit
3055 3025 50 23 and
3124 3027 45 23 not
3197 3026 37 25 for
3262 3029 151 29 speculation
3437 3031 50 23 and
3503 3031 28 15 **

2953 3069 49 17 was
3013 3064 112 30 properly
3147 3064 139 32 improving
3297 3066 27 28 it,
3349 3075 71 23 every
3444 3076 41 16 en-

2952 3105 172 28 couragement
3143 3104 89 24 should
3260 3105 29 25 be
3318 3108 121 23 extended
3460 3109 26 24 to

2952 3138 54 26 him
3017 3140 97 25 instead
3126 3143 26 23 of
3168 3142 92 26 which.
3267 3145 25 23 at
3319 3148 101 27 present
3445 3146 41 24 tha
3508 3165 15 3 -

2921 3187 2 28 ;
2951 3177 48 26 law
3009 3178 88 26 debars
3109 3179 54 26 fcim
3181 3182 137 31 altogether
3329 3184 62 24 from
3415 3185 70 25 hoTd-

2950 3217 45 31 ing
3006 3218 80 25 under
3093 3221 94 24 certain
3195 3223 99 23 tenures
3303 3223 103 25 without
3415 3229 37 19 act
3458 3233 24 15 u-

2950 3255 24 24 al
2983 3257 125 25 residence
3115 3259 50 23 and
3175 3259 57 24 thus
3242 3263 113 28 prevents
3364 3270 15 15 a
3387 3262 97 25 deserv-

2950 3294 44 31 ing
3005 3296 64 23 class
3081 3296 60 24 from
3154 3297 99 32 making
3269 3299 86 25 homes
3378 3300 38 25 for
3444 3300 42 26 old

2950 3335 54 23 age.
3233 3328 4 3 '
3464 3357 21 3 _

2921 3368 2 14 1
2983 3365 153 26 Parliament
3148 3368 51 24 will
3210 3371 66 22 meet
3288 3370 24 23 m
3325 3377 14 16 a
3361 3370 47 24 few
3425 3371 59 29 days

2949 3411 57 18 now
3016 3405 51 24 and
3078 3407 19 23 it
3109 3406 89 25 should
3210 3406 30 26 be
3251 3415 46 17 one
3309 3408 27 24 of
3352 3408 33 24 ifes
3415 3410 87 27 chief,

2949 3443 79 26 duties
3041 3446 26 23 to
3080 3453 40 16 see
3131 3446 55 24 that
3198 3454 45 17 our
3254 3446 61 25 laws
3331 3448 149 33 (especially

2921 3479 2 14 1
2949 3489 45 17 our
3005 3483 56 23 land
3073 3485 61 22 laws
3143 3485 11 30 )
3167 3492 41 17 are
3220 3485 95 24 framed
3324 3486 49 24 and
3382 3488 97 24 worded

2948 3519 25 24 m
2987 3520 61 25 such,
3059 3529 15 17 a
3085 3530 54 23 way
3150 3522 56 25 that
3218 3531 48 23 any
3289 3523 116 34 ordinary
3426 3534 55 17 sen-

2921 3559 2 11 -1
2948 3557 62 25 sible
3021 3566 88 23 person
3122 3567 46 17 can
3178 3560 151 26 understand
3340 3562 75 25 them.

2921 3596 2 15 1
2981 3595 53 24 The
3044 3596 119 32 meaning
3175 3597 27 25 of
3208 3598 43 24 the
3274 3598 58 26 land
3354 3603 40 23 act
3414 3605 69 22 must

2921 3643 2 7 1
2948 3634 29 24 be
2989 3634 102 26 obscure
3102 3636 86 25 indeed
3201 3637 71 25 when
3292 3639 63 25 after
3377 3648 70 23 years
3458 3643 28 24 of

2947 3674 214 25 administeration
3173 3676 43 24 the
3227 3677 70 24 Land
3424 3688 58 17 can-

2947 3720 41 20 not
3000 3717 152 29 understate!
3162 3720 22 24 it
3195 3720 50 24 and
3256 3722 64 23 need
3331 3723 44 24 the
3399 3725 83 24 courts

2947 3760 26 22 to
2984 3758 116 32 interprit
3110 3761 20 23 it
3141 3761 39 25 for
3190 3761 77 32 them,
3278 3764 50 25 and
3347 3772 58 19 now
3427 3766 57 27 that

2947 3801 41 25 the
3000 3803 124 24 attention
3136 3803 27 25 of
3173 3804 170 28 Government
3361 3807 47 27 has
3421 3810 62 25 been
3506 3827 11 12 

2946 3845 77 25 called
3035 3847 25 24 to
3071 3847 21 24 it
3103 3847 33 31 by
3147 3848 44 25 the
3220 3848 152 34 Wellington
3400 3852 84 26 Board

2944 3888 20 25 it
2976 3888 79 25 would
3067 3889 30 25 be
3122 3890 148 33 disgraceful
3286 3893 22 25 if
3327 3895 155 27 Parliament

2945 3930 103 25 allowed
3058 3932 21 24 it
3095 3934 27 23 to
3138 3935 97 24 remain
3246 3936 28 24 m
3296 3937 62 24 such
3379 3946 15 16 a

2944 3980 50 24 any
3003 3973 95 33 longer.
3134 3975 51 26 Our
3213 3978 108 27 M.H.K.
3350 3980 22 25 is
3399 3980 78 27 fortu-

2943 4011 86 31 nately
3041 4012 53 25 also
3106 4021 15 17 a
3133 4015 108 25 member
3253 4016 27 25 of
3305 4018 44 24 the
3377 4019 102 24 Canter-

2944 4053 60 32 bury
3014 4054 75 26 Land
3107 4056 84 25 Board
3213 4066 28 17 so
3258 4059 28 25 of
3300 4067 85 18 course
3413 4064 66 24 must

2942 4094 31 26 be
2985 4104 81 18 aware
3077 4098 28 25 of
3115 4099 42 26 the
3168 4101 165 33 incpngruous
3340 4105 137 31 provisions
3494 4107 39 18 <-

2941 4138 27 24 of
2978 4139 44 25 the
3033 4143 98 29 present
3143 4145 48 29 act,
3201 4146 50 25 and
3258 4145 21 26 it
3289 4146 23 24 is
3322 4149 25 23 to
3359 4147 30 26 be
3397 4147 80 34 hoped

2940 4180 32 26 he
2989 4182 50 26 will
3048 4184 31 25 do
3091 4186 35 25 all
3137 4186 45 29 he,,
3188 4195 47 19 can
3244 4190 45 28 .to
3309 4190 70 27 .have
3406 4192 21 25 it
3448 4200 29 18 so
3509 4186 24 39 3

2940 4226 123 25 amended
3074 4234 27 19 as
3112 4230 46 25 not
3226 4231 101 30 favour,
3335 4240 51 21 pne
3413 4234 64 27 class
3507 4221 26 50 If

2940 4273 70 19 more
3018 4268 63 26 than
3093 4272 111 29 another;
3208 4273 47 25 but
3265 4275 65 26 treat
3346 4275 43 26 the
3415 4285 61 23 poor
3528 4272 5 6 '

2939 4315 60 19 man
3009 4317 29 18 as
3048 4311 111 35 liberally
3170 4321 27 18 as
3208 4315 52 26 the-
3269 4316 73 27 .rich.

1021 37 172 34 OXFORD
1235 40 230 34 OBSERVER
1529 41 244 37 SATURDAY,
1842 41 111 32 JUNE
2004 43 31 35 9,
2120 39 93 32 1894.

2975 4419 5 6 ,
3037 4383 181 37 SINGING
3240 4389 140 37 CJiASS.

3120 4428 79 32 7.30.
3221 4441 73 30 p.m.
3450 4456 6 3 ,

2936 4468 123 28 EVERY
3093 4471 167 31 TUESDAY
3307 4466 198 48 EVgNINQ?^
3512 4500 3 11 ,
3532 4471 1 33 i

1837 195 49 46 L.
1937 193 380 47 GRIFFITHS.

1982 266 199 33 CAEKIER.

1831 324 129 39 OXFORD
1985 324 44 38 TO
2048 322 279 40 CHRISTGHURCH-

1849 381 97 25 Leaves
1978 381 96 25 Oxford
2101 388 73 23 everj
2194 379 154 25 MONDAY

1810 418 52 26 and
1884 418 204 29 THUBSDAY,
2122 418 132 31 returning
2279 425 72 24 every

1811 457 162 26 TUESDAY
1981 457 50 25 ana
2041 456 141 26 FRIDAY.

1928 598 301 48 GRAZING

2062 668 2 2 ■

1813 714 26 80 I
1880 726 51 19 am
1944 715 155 41 prepared
2112 719 34 28 to
2159 715 75 32 take
2248 714 104 32 Cattle

1879 760 35 27 to
1937 767 94 28 graze
2072 767 42 20 on
2141 767 55 24 my
2227 755 125 33 Section

1813 795 89 32 West
1930 795 120 32 Oxford
2078 801 33 26 at
2125 797 54 31 the
2191 797 162 41 following

1812 841 136 26 rates:—
1950 837 40 30 6d
2004 847 58 30 per
2074 837 89 31 week
2184 847 61 30 per
2271 839 83 30 head

1812 877 52 30 for
1878 877 102 31 Cattle
1988 879 102 29 under
2105 880 39 28 12
2158 879 127 30 months
2300 879 52 31 old

1813 927 75 20 over
1908 918 72 29 that
1992 927 61 30 age
2068 918 42 30 9d
2123 929 57 30 per
2193 919 89 30 week
2296 929 57 30 per

1813 957 89 33 head.

1965 1023 6 4 .
2013 997 68 32 Mrs
2096 998 32 31 J.
2144 998 42 31 M.
2198 999 113 31 Booth.

1269 183 196 49 WINTER
1513 181 239 50 DRAPERY

1349 251 72 22 JUST
1435 252 121 21 OPENED
1570 252 44 21 Ex.
1624 251 46 21 S.S.

1351 376 112 21 PROM
1489 376 179 21 LONDON.

1267 444 106 21 VALUE
1400 444 39 21 TO
1465 440 85 25 liEET
1577 444 63 22 THE
1668 444 100 22 TIMES.

1427 489 108 31 Bales
1556 498 41 22 of

1242 541 209 33 SCOTCH
1477 542 306 33 BLANKETS

1293 594 104 41 Large
1411 594 71 32 Size
1505 594 73 41 12/6
1593 605 55 30 per
1662 595 78 40 pair.

1338 654 109 30 Bales
1462 662 69 22 and
1546 654 88 30 Case
1648 663 40 21 op

1336 786 151 41 DBESS
1521 783 172 43 STUFFS

1313 847 112 32 Biack
1453 856 70 23 and
1545 846 173 33 Coloured

1246 903 342 34 MERINOS

1512 954 49 15 JUU>

1320 984 463 36 CASHMERES

1272 1034 32 26 at
1318 1030 130 40 Greatly
1463 1029 147 31 Reduced
1630 1029 120 31 Prices.

1244 1096 108 213 4
1401 1100 236 40 MEN'S

1356 1166 238 47 COTTON
1619 1166 165 46 COED

1390 1246 247 43 Trousers

1286 1312 136 31 reduced
1436 1314 33 27 to
1485 1310 46 40 6/-
1561 1310 103 32 worth
1688 1308 54 42 8/6

1397 1387 73 22 JUST
1498 1387 139 21 ARRIVED

1296 1455 102 26 FIEST
1417 1455 252 25 CONSIGNMENT
1687 1454 44 25 OF

1247 1532 203 34 BOYS'

1367 1616 302 35 YOUTHS

1481 1699 71 24 AND

1550 1782 218 35 MEN'S

1247 1950 314 39 CLEARING
1626 1950 161 38 SALE

1491 2004 30 16 OF

1281 2037 183 30 EDWARDS,
1478 2038 142 26 BENNET
1639 2039 18 24 &
1677 2038 78 26 CO.'S

1413 2087 131 20 STOCK
1570 2088 45 19 OF

1248 2119 228 42 DRAPERY
1494 2119 294 42 &CLOTHINB

1248 2251 166 27 MANTLES

1247 2302 164 27 GALATEA
1429 2304 141 25 CHECKS
1589 2305 17 23 &
1627 2304 145 27 STRIPES

1370 2348 151 25 RIBBONS

1444 2400 172 25 FLOWERS

1599 2450 190 27 FEATHERS

1246 2514 106 21 KAIA
1366 2516 17 19 P
1394 2516 17 19 0
1422 2516 12 19 I

1342 2589 31 20 W
1383 2589 20 19 E
1413 2590 19 20 L
1443 2590 31 20 LI
1485 2591 108 21 NGTO
1603 2591 22 20 N

1514 2652 81 19 AND
1626 2652 130 20 EOSLY
1767 2653 21 19 X

1249 2722 204 37 DRESS
1526 2723 261 38 TWEEDS

1299 2801 114 38 below
1441 2801 191 39 wholesale
1657 2802 83 38 cost.

1251 2869 63 56 R.
1363 2870 71 55 H.
1477 2870 304 66 PARISH,

1388 2956 77 20 EAST
1493 2956 126 21 OXFORD.

1324 3097 367 45 IMPORTANT

1244 3203 84 30 ALL
1359 3203 121 31 WOOL
1503 3205 171 31 EOSLYN
1696 3205 87 31 AND

1281 3278 297 31 WELLINGTON
1602 3280 152 30 TWEED

1393 3344 257 41 SUITS

1288 3411 67 39 35/-
1373 3411 86 31 Suits
1474 3412 147 31 Reduced
1629 3416 34 27 to
1686 3414 68 39 25/-

1287 3471 69 39 --4-
1398 3495 20 14 „
1504 3495 19 13 „
1608 3495 19 13 „
1695 3473 68 39 35/-

1286 3518 149 32 Trousers
1450 3521 62 28 and
1526 3519 76 31 Vest
1667 3520 76 40 13/6

1482 3579 52 21 AT

1272 3630 197 31 PARISH'S
1496 3632 89 29 East
1609 3631 145 31 Oxford.

1255 3807 508 48 DRESSMAKING.

1284 3904 78 30 Miss
1390 3904 37 30 E.
1463 3905 96 30 Jones
1597 3906 112 30 wishes
1751 3910 33 26 to

1240 3944 117 30 inform
1385 3944 55 30 the
1468 3945 96 30 ladies
1599 3946 34 30 of
1662 3946 120 31 Oxford

1241 3986 71 29 that
1368 3984 55 32 she
1472 3986 58 30 has
1585 3989 198 29 commenced

1244 4024 157 32 Scientific
1422 4025 223 41 Dressmaking
1657 4028 33 29 m
1714 4027 68 31 Mrs

1242 4062 131 42 Lugar's
1390 4068 121 36 sottage
1534 4076 41 20 on
1596 4067 54 30 the
1671 4067 110 40 Espla-

1241 4106 89 36 nade,
1345 4104 89 32 West
1450 4105 132 32 Oxford.

1299 4279 46 46 C.
1389 4282 331 57 CLEAVER,

1436 4370 144 27 CAEKIER
1595 4364 3 6 '

1253 4428 129 40 OXFORD
1413 4431 43 38 TO
1486 4431 275 43 CHRISTCHURCH,

728 644 161 46 MISS
937 646 217 46 TRITT.

830 738 95 22 DRESS
948 738 125 24 MAKER.

673 797 146 40 QUEEN
831 797 59 38 ST,
904 797 110 31 EAST
1028 797 185 31 OXFORD.

798 866 108 30 Terms
918 865 169 31 Moderate.

673 1073 48 44 J.
743 1073 54 44 T.
825 1073 203 51 Brown,
1050 1073 42 42 &
1112 1073 103 44 Son

727 1138 112 21 TIMBER
849 1138 19 21 &
878 1138 73 21 GOAL
965 1138 184 21 MERCHANTS.

850 1174 166 21 IMPORTERS

673 1212 37 27 Of
739 1211 143 28 TIMBER
911 1213 54 26 and
995 1212 50 26 All
1073 1212 90 26 Kinds
1186 1212 30 26 of

728 1257 189 27 BUILDING
941 1256 225 27 MATERIALS.

866 1302 153 27 CORNER

675 1344 167 25 COLOMBO
882 1345 19 22 &
931 1343 98 24 TUAM
1059 1343 157 24 STBEET&

835 1386 195 25 Cbmstchubch
1186 1381 3 13 '

792 1532 271 47 NOTICE.

678 1661 127 66 JOHN
818 1661 144 30 WILSON,
981 1661 50 23 late
1055 1660 28 24 of
1098 1660 41 24 the
1162 1660 55 24 Red

767 1695 96 27 House,
876 1694 47 23 has
940 1694 95 23 started
1053 1693 116 24 business
1190 1700 27 17 as

677 1731 78 26 Hotel
762 1731 122 26 Valuator
892 1732 48 23 and
950 1731 168 25 Commission
1125 1730 91 32 Agent.

678 1771 72 26 Sales
762 1771 118 26 attended
896 1779 33 16 on
942 1771 175 25 Commission.

711 1811 109 24 Address
821 1825 31 3 —
854 1811 26 24 J.
891 1811 95 24 Wilson
1002 1811 40 30 c/o
1050 1810 30 24 F.
1089 1810 23 24 J.
1124 1809 92 30 Quinn,

678 1850 78 24 Hotel
784 1849 103 28 Broker,
911 1849 124 25 Licensed
1066 1848 150 25 Victuallers

678 1889 84 28 Office,
775 1890 49 24 204
837 1888 122 26 Hereford
975 1889 38 25 St.
1028 1888 189 26 Christchurch.

678 2062 242 45 PUBLIC
946 2062 270 44 NOTICE.

776 2164 42 25 TO
833 2164 115 25 SHEEP
958 2163 158 26 OWNERS.

711 2208 54 22 The
783 2207 92 30 charge
892 2207 26 22 of
933 2209 49 21 two
999 2214 78 23 pence
1088 2215 46 22 per
1145 2207 71 29 head,

676 2249 51 25 will
740 2250 29 23 be
790 2248 72 26 made
875 2257 32 16 on
925 2249 33 23 all
983 2250 72 27 sheep
1079 2249 88 31 dipped
1190 2253 26 20 at

676 2292 44 25 the
732 2292 68 25 View
821 2291 53 25 Hill
904 2291 152 33 Company's
1077 2292 58 32 Dip,
1154 2293 64 24 after

676 2335 44 25 the
733 2336 57 24 31st
803 2335 27 24 of
845 2335 75 24 MA.V
941 2336 74 24 1894.

976 2389 43 24 W.
1049 2389 132 28 DUDER,

996 2437 9 9 *
1077 2431 131 24 Manager.

817 2585 249 46 MONEY.

675 2694 140 57 MONEY
828 2697 25 22 to
865 2695 59 24 lend
933 2703 33 16 on
978 2696 132 30 approved.
1141 2697 73 24 Free-

753 2727 59 24 hold
836 2728 127 24 securities
986 2728 64 25 from
1073 2730 70 23 £100
1165 2730 51 24 and

676 2770 111 31 upward.
990 2771 90 30 Apply,

952 2818 74 24 Office
1040 2818 26 25 of
1073 2819 50 24 this
1136 2820 80 31 Paper

783 3001 329 46 TENDERS.

674 3074 173 35 npENDERS
866 3083 42 15 are
919 3074 95 25 invited
1026 3076 37 24 for
1072 3076 43 24 tha
1127 3078 89 30 supply

678 3099 23 31 1
739 3106 28 24 of
788 3107 16 23 4
828 3108 70 24 cords
920 3107 27 25 of
968 3108 187 25 FIREWOOD
1178 3110 38 25 fox-

674 3143 71 26 West
769 3144 95 25 Oxford
893 3145 99 25 School.
1030 3146 185 31 Specifications

674 3185 26 23 at
713 3184 41 24 Mr
766 3184 40 24 W.
818 3184 104 24 Munn's
933 3185 72 25 West
1014 3187 101 24 Oxford.

875 3222 29 24 F.
925 3222 181 31 KNOWLES,

1009 3266 137 33 Secretary.

729 3415 196 42 MUSICAL
966 3417 182 42 TUITION

673 3481 141 39 PIANO,
842 3481 156 39 VIOLIN,
1025 3484 188 39 SItfGING,

715 3522 149 32 ORGAN
929 3523 87 32 ETC.
1079 3525 93 32 ETC.

777 3568 64 30 MR
878 3569 31 31 S.
941 3570 183 34 MAYSON.

677 3608 121 39 (holder
823 3610 34 29 of
871 3610 186 31 Certificate.
1088 3612 124 40 Trinity

799 3649 128 39 College.
944 3651 144 38 London)

707 3687 103 32 Having
828 3688 75 26 taken
920 3697 35 24 up
987 3690 40 25 his
1044 3690 127 26 residence
1188 3692 27 24 m

675 3718 91 26 Oxford
781 3721 23 23 is
821 3721 117 31 prepared
965 3723 27 24 to
1010 3723 94 24 receive
1131 3724 84 30 pupils

673 3750 38 25 for
720 3760 49 23 any
781 3752 28 24 of
831 3753 44 25 the
903 3753 76 25 above
991 3754 92 25 named
1095 3755 119 31 subjects.

709 3784 42 25 All
774 3786 212 24 communication
1020 3786 134 26 addressed
1188 3789 26 24 to

673 3817 139 26 Methodist
854 3818 143 31 Parsonage
1035 3819 51 24 will
1120 3820 94 25 receive

671 3851 99 31 prompt
781 3850 134 25 attention.
950 3851 120 26 Distance
1078 3860 33 18 no
1124 3852 89 33 object.

673 3891 191 43 Pianos
887 3892 101 42 and
1014 3892 199 56 Organs

803 3955 79 26 tun«d
899 3956 52 25 and
966 3956 122 32 repaired.
1130 3979 2 2 .

720 4119 26 20 A.
761 4119 88 20 Flenher
859 4119 19 27 ].
1078 4121 36 27 [f.
1127 4122 82 21 Fuller.

684 4164 207 41 FLESHER
913 4166 69 39 ana
1004 4167 190 40 PULLER.

850 4222 182 25 SOUCITOKS,
1079 4238 3 4 .

710 4258 14 29 p
734 4257 125 24 Cathedral
869 4258 94 26 Square,
978 4259 192 23 Chbistchtjbch.

670 4290 118 26 (Between
797 4290 111 22 Morten's
917 4289 118 30 buildings
1045 4293 18 20 &
1073 4294 56 31 PosJ;
1136 4294 74 21 Office.

708 4324 191 57 Money
927 4328 55 41 to
1018 4327 144 43 Lend

666 4389 37 23 On
711 4390 33 22 all
753 4388 57 24 kind
819 4388 25 23 of
854 4390 113 28 Security,
974 4391 26 22 at
1019 4391 56 23 Low
1089 4393 80 21 Rates
1186 4393 26 22 of

626 4440 2 19 ;
626 4449 12 8 v
693 4433 108 22 Interest.
831 4431 89 30 Special
933 4433 79 23 Terms
1021 4434 37 22 for
1066 4435 113 24 Farmers.

97 635 251 38 HEALTH
387 636 134 37 TEA.

68 736 57 26 The
135 737 223 26 undermentioned
370 738 65 25 firms
442 737 64 26 have
516 737 65 26 been

40 770 137 32 appointed
200 773 88 29 agents
310 772 38 23 for
365 771 51 25 this
439 771 142 25 celebrated

42 802 83 26 brand
134 804 26 23 of
170 803 51 25 Tea
233 803 82 25 which
326 803 47 25 has
384 805 52 23 met
447 804 59 24 with
518 804 63 24 such

42 842 19 18 a
72 835 170 32 phenomenal
254 835 52 26 sale
323 836 26 25 m
372 836 42 25 the
436 836 145 25 Australian

43 868 119 25 Colonies
174 868 50 25 and
236 868 124 25 wherever
367 868 21 25 it
399 869 46 24 ha
442 869 26 24 9
457 868 63 25 been
543 868 38 25 in-

42 901 120 24 troduced
177 900 28 24 m
222 900 62 25 New
296 901 119 24 Zealand.

80 938 146 26 HEALTH
239 939 71 25 TEA
322 940 22 24 is
361 941 45 24 not
417 948 16 17 a
443 941 140 25 medicated

45 971 52 24 Tea
109 971 45 24 but
164 972 22 23 is
195 971 106 25 blended
323 973 63 24 from
410 973 45 24 the
477 973 107 24 choicest

45 1004 54 24 and
125 1006 87 28 purest
237 1004 107 31 growths
372 1004 28 24 of
419 1004 97 32 Ceylon
534 1006 50 24 ard

46 1035 93 25 Indian
149 1036 65 25 Teas
230 1036 34 32 by
275 1038 98 30 experts
391 1037 27 25 of
426 1037 45 24 the
482 1037 102 31 highest

42 1068 86 24 order.

81 1109 54 25 One
147 1110 91 31 special
244 1110 95 25 teature
351 1110 76 25 about
465 1110 95 25 Health

45 1141 56 25 Tea
111 1141 21 25 is
144 1143 41 23 the
195 1149 99 23 process
306 1142 81 24 which
403 1143 21 24 it
447 1143 137 31 undergoes

47 1174 85 24 which
143 1174 102 25 renders
256 1174 21 25 it
288 1176 53 23 free
354 1175 63 24 from
429 1174 44 26 the
496 1176 89 24 tannin

45 1213 31 17 so
84 1207 129 30 prevalent
224 1206 26 24 m
262 1206 114 31 ordinary
387 1207 73 28 Teas,
473 1208 82 24 whilst
563 1208 22 24 it

45 1239 105 23 renders
162 1238 43 24 the
217 1239 91 24 release
319 1240 27 23 of
358 1240 42 23 the
423 1240 81 24 better
515 1241 70 29 qual-

44 1270 61 24 ities
116 1269 28 25 of
152 1270 44 24 the
208 1270 51 24 Tea
271 1279 66 15 more
356 1279 67 22 easy.

82 1308 147 26 HEALTH
252 1310 68 24 TEA
337 1310 22 24 is
376 1311 150 31 unequalled
548 1310 38 26 for

50 1341 125 32 strength,
189 1341 124 26 beautiful
330 1351 87 16 aroma
431 1344 51 23 and
504 1343 82 31 lovely

45 1373 108 26 flavour.

81 1411 94 29 Prices,
188 1411 43 32 2/6
240 1411 50 24 and
299 1412 38 32 2/-
381 1411 28 24 ft
419 1412 28 24 m
484 1413 50 24 and
544 1413 43 23 lffi

46 1444 103 30 packets
158 1444 49 24 and
224 1446 15 22 5
252 1444 50 24 and
316 1446 32 22 10
354 1444 28 24 ft
393 1445 61 23 tins.

182 1476 86 31 Agent
278 1477 37 24 for
328 1477 101 24 Oxford.

149 1508 51 25 MR
212 1508 31 25 F.
256 1508 30 25 A.
295 1509 209 25 WATERMAN.

52 1546 85 32 Agent
149 1547 39 24 for
200 1546 71 25 Cust.
289 1547 41 24 Mr
341 1547 33 24 E.
388 1547 40 25 W.
443 1547 145 26 COOPER.

92 1748 206 46 Church
341 1750 207 45 Socials.

44 1856 69 32 The
128 1859 97 30 above
242 1860 62 29 will
318 1860 37 29 be
370 1860 73 29 held
465 1870 41 20 on
534 1861 55 29 the

45 1903 162 40 following
225 1905 221 40 Wednesdays.

206 1948 114 33 JUNE
344 1954 85 34 20th,

81 1996 89 31 East
186 1997 132 31 Oxfoed
334 1999 98 30 Town
445 2001 106 29 Hall.

202 2051 120 31 JULY.
344 2046 91 43 18th;

44 2095 222 31 Oddfellows
283 2098 30 28 If
315 2106 61 20 all
386 2098 49 30 W.
453 2099 133 29 Oxford

173 2156 170 30 AUGUST
367 2157 93 28 22nd.

48 2198 220 31 Oddfellows
279 2201 95 28 Hall
450 2201 137 30 Oxford

139 2253 253 31 SEPTEMBER
408 2256 84 29 19th.

81 2298 86 31 East
181 2299 133 31 Oxford
330 2300 101 31 Town
443 2302 107 30 Hall,

162 2356 194 31 OCTOBER
381 2360 84 30 1/th.

45 2400 223 31 Oddfellows
278 2402 95 30 Hall
381 2404 47 30 W.
441 2405 143 29 Oxford.

46 2648 181 39 INSTITUTE
265 2651 93 37 HALL
403 2652 185 38 CARLETON-

99 2717 186 34 PUBLIC
301 2719 234 32 SOCIALS.

79 2774 60 24 Will
152 2775 29 23 be
193 2775 59 24 held
265 2785 72 23 every
360 2778 122 23 alternate
495 2778 91 31 Friday

44 2812 93 32 during
165 2814 44 24 the
238 2815 89 25 winter
355 2817 109 24 months.
513 2817 73 24 Com-

43 2853 128 31 mencing.

112 2904 163 30 FRIDAY
303 2905 93 30 MAY
430 2908 86 34 18th,

167 2964 116 32 Diincing
292 2968 26 21 at
330 2967 16 22 8
358 2966 101 24 o'clock.

42 3005 107 25 Tickets.
152 3021 32 3 —
188 3006 9 32 (
212 3008 61 30 long
296 3008 71 31 night
381 3010 9 30 )
426 3008 78 25 Geuts
546 3010 38 31 2[-

41 3046 91 26 Ladies
143 3051 40 21 lib
193 3050 187 24 refreshments.
411 3051 77 25 Short
497 3052 87 30 nights

42 3088 81 26 Gents
137 3091 45 31 1/-,
208 3091 91 24 Ladies
311 3092 59 24 free.

247 3135 24 23 J.
283 3135 117 31 CEOSS,
414 3136 67 25 Hon.
492 3137 56 24 Sec.

143 3315 134 44 FOR
304 3318 181 44 SALE.

147 3474 109 32 EAST
278 3476 188 33 OXFORD.

83 3520 67 31 Has
166 3532 40 19 on
222 3523 84 30 hand
323 3535 16 19 a
364 3527 143 38 splendid
537 3529 46 29 lot

42 3568 34 28 of
90 3568 145 32 BACON
251 3572 62 28 and
329 3573 111 29 LARD
454 3575 49 29 for
518 3577 64 30 sale

43 3613 84 32 from
142 3627 19 18 a
175 3618 105 37 pound
297 3622 32 25 to
344 3629 18 19 a
377 3623 63 27 ton.

141 3660 106 32 Bacon
261 3663 71 40 pigs
348 3665 128 39 bought.

40 3839 226 29 PREVENTION
283 3844 33 25 IS
334 3845 139 26 BETTER
484 3847 95 26 THAN

36 3907 2 2 .
274 3883 104 25 CURE.

40 3951 96 28 \TOW
155 3954 53 25 that
220 3954 43 26 the
275 3955 132 26 Influenza
418 3956 129 32 Epidemic
556 3960 24 25 is

39 3981 34 28 W
114 3986 76 25 about
209 3988 42 24 the
269 3989 183 31 neighbouring
470 3991 111 26 districts

41 4023 33 17 no
85 4016 74 26 home
170 4019 89 24 should
271 4019 30 25 be
311 4021 106 25 without
428 4022 44 25 the
490 4023 89 32 Platy-

40 4055 48 23 pus
93 4049 85 25 Brand
189 4052 27 23 of
226 4052 155 32 Eucalyptus
391 4054 124 25 Globulus
526 4055 52 26 Ex-

38 4081 66 25 tract
115 4082 26 24 to
151 4082 31 26 be
193 4084 76 25 taken
288 4093 68 24 upon
372 4094 82 24 fiugar,
474 4095 29 17 or
525 4087 27 26 m
563 4097 15 17 a

38 4112 66 25 little
115 4115 71 24 milk.
227 4118 51 23 The
289 4121 68 22 most
368 4119 150 25 convenient
529 4121 50 25 and

38 4144 113 31 pleasant
162 4156 54 24 way
226 4153 27 21 to
264 4151 57 24 take
338 4151 158 32 Eucalyptus
512 4153 23 24 is
550 4154 27 25 m

38 4176 46 26 the
95 4178 120 33 Platypus
226 4182 87 25 Brand
322 4184 28 24 of
358 4184 157 31 Eucalyptus
530 4185 47 25 Ju-

34 4208 86 31 jubes,
129 4211 59 32 they
196 4221 41 17 are
248 4215 27 23 m
285 4217 61 23 such
355 4223 15 17 a
376 4216 127 31 palatable
511 4217 66 25 form

38 4241 113 30 pleasant
191 4245 27 25 to
260 4248 70 28 taste,
366 4248 133 31 antiseptic
527 4250 50 25 and

37 4273 140 28 stimulant.
226 4278 117 31 Sprinkle
361 4288 63 23 your
450 4280 127 27 handker-

38 4304 68 26 chief
115 4308 49 24 and
174 4316 83 19 rooms
268 4312 61 25 with
340 4312 44 25 the
396 4313 44 24 oil.

38 4342 28 27 BE
76 4344 58 26 SURE
142 4346 42 25 YOU
192 4348 116 28 PURCHASE
316 4351 46 25 THE
371 4351 115 26 PLATYPUS
494 4351 82 28 BRAND.

116 4379 31 26 R.
158 4381 91 27 Parish
260 4382 83 33 Agent
353 4385 40 25 for
404 4385 104 27 Oxford.

38 4418 75 29 Office
119 4421 40 28 No
169 4424 13 25 9
195 4423 132 31 Cathedral
334 4435 38 23 sq.
384 4428 191 27 Christchurch.

128 174 351 42 SEVILLE
515 176 170 42 JIND
732 178 394 43 COMPANY

66 229 303 29 ENGINEERS
397 233 109 26 AND
536 234 168 29 CYCLE
734 238 454 27 MANUFACTURERS

45 280 66 27 have
122 280 39 26 for
171 282 51 25 sale
232 291 17 17 a
259 282 129 33 shipment
398 283 28 26 of
467 284 106 27 ORION
617 287 89 32 cycles.
718 289 49 25 No.
780 290 24 30 1,
817 290 53 24 £12
889 291 44 24 10s
941 297 7 21 ;
983 289 48 26 No.
1044 291 24 28 2,
1086 288 53 27 £U
1157 290 54 25 10s.

224 348 66 27 Cash
298 357 28 17 or
336 357 58 24 easy
403 352 129 30 payment,
577 351 85 34 Every
673 353 116 26 machine
800 354 161 32 guaranteed.

146 422 146 26 Illustrated
302 423 51 25 and
363 423 156 33 Descriptive
531 424 152 34 Catalogues
721 426 113 33 Calliope
842 427 22 13 "'
872 427 90 32 Cycles
972 432 58 29 post
1039 428 61 26 free.

104 496 188 31 SAVILLE
315 499 29 28 &
366 497 65 38 Co.,
459 498 156 32 Colombo
630 499 138 39 Street,
797 501 353 34 CHRISTCHURCH.
