2520 4029
85 64 2390 158 THE

85 222 377 79 NEW
588 222 880 79 ZEALAND
1594 222 881 79 GAZETTE

85 301 2390 79 AND

85 380 1138 79 WELLINGTON
1337 380 1138 79 SPECTATOR.

599 481 222 39 PUBLISHED
865 483 132 38 EVERY
1041 482 257 41 WEDNESDAY
1336 485 90 38 AND
1472 484 227 41 SATURDAY
1743 487 203 41 MORNING.

641 596 111 32 PORT
774 597 256 38 NICHOLSON,
1054 597 225 33 SATURDAY
1301 599 206 39 MORNING,
1530 603 192 32 OCTOBER
1745 607 49 33 14,
1822 606 86 29 1843.

2261 596 93 52 [Vol.
2377 608 52 32 IV.

115 596 63 31 No.
200 593 88 39 289.]

77 114 9 10 •

1905 694 94 50 SHIP
2025 695 122 24 BISCUIT
2174 697 36 22 for
2231 697 54 28 sale,
2358 699 55 28 bags
2439 700 43 25 and

1971 722 91 23 barrels.

2089 750 126 24 Anderson
2232 751 44 23 and
2291 751 110 28 Rowand,

2248 784 122 23 Thorndon
2380 785 73 27 Quay.

1928 808 97 23 October
2036 810 33 26 13,
2081 810 60 22 1843.
2391 842 91 4 ________

1898 854 177 48 WANTED
2100 854 227 29 EMPLOYMENT,
2352 863 14 15 a
2388 863 53 16 man
2460 856 27 22 of

1995 880 135 22 industrious
2143 880 82 28 habits,
2243 882 45 22 and
2302 882 105 23 first-rate
2424 883 61 22 testi-

1899 906 94 23 monials
2016 914 24 15 as
2063 910 23 19 to
2110 907 122 28 character,
2256 908 18 22 is
2293 909 94 22 anxious
2406 911 79 25 t6'get

1900 933 150 27 employment
2060 941 24 14 as
2093 934 118 27 gardener,
2224 934 44 22 and
2283 938 22 19 to
2315 935 66 22 make
2396 935 92 23 himself

1898 960 115 27 generally
2022 960 82 22 useful.

1926 990 98 23 Address
2034 991 21 21 J.
2067 991 37 26 G.,
2116 995 22 19 at
2147 991 39 23 the
2196 992 71 22 Office
2277 993 25 21 of
2309 993 43 22 this
2361 993 79 28 Pap«r.

1926 1024 96 23 October
2031 1026 20 25 6,
2064 1026 61 21 1843.
2446 1033 15 16 s.

1981 1075 98 21 School
2089 1075 44 21 for
2149 1076 104 28 Young
2269 1078 106 21 Ladies.

1900 1106 105 49 MRS.
2034 1106 141 23 DAVISON
2199 1108 54 27 begs
2281 1111 23 19 to
2334 1108 84 24 inform
2441 1109 40 23 the

1989 1132 93 23 families
2092 1134 27 21 of
2130 1134 145 28 Wellington,
2293 1134 47 22 that
2351 1136 38 22 she
2400 1136 83 25 desir.es

1898 1163 22 18 to
1931 1159 105 22 establish
2046 1167 13 14 a
2065 1160 137 28 respectable
2220 1161 44 28 day
2283 1162 73 21 school
2373 1163 34 22 for
2425 1162 58 22 little

1897 1186 57 26 girls
1962 1194 5 13 :
1983 1186 44 22 and
2036 1186 19 22 is
2064 1194 50 14 now
2121 1187 68 27 ready
2198 1190 24 19 to
2232 1188 85 22 receive
2326 1189 56 21 such
2392 1196 24 14 as
2431 1196 52 23 may

1897 1212 29 23 b*
1942 1212 108 23 intrusted
2060 1217 23 18 to
2096 1213 41 22 her
2150 1214 87 22 tuition.
2276 1215 54 21 Mrs.
2348 1216 136 22 Davisonis

1897 1239 38 22 the
1950 1239 77 22 widow
2046 1240 27 21 of
2090 1246 14 15 a
2122 1240 128 27 gentleman
2271 1241 55 26 who,
2343 1241 36 22 for
2399 1242 84 22 several

1897 1273 76 20 years,
1985 1266 54 21 held
2048 1273 14 14 a
2076 1266 145 28 responsible*
2227 1267 104 22 situation
2347 1268 75 22 under
2438 1270 45 21 Go-

1897 1296 118 18 vernment
2023 1300 4 14 :
2044 1292 39 22 ahe
2091 1292 42 23 has
2142 1292 86 23 herself
2237 1294 102 22 received
2347 1294 38 22 the
2403 1295 80 23 educa-

1897 1319 46 21 tion
1954 1318 25 22 of
1991 1325 13 15 a
2012 1319 172 27 gentlewoman,
2194 1320 45 22 and
2250 1323 56 19 trust
2320 1320 49 23 that
2384 1321 39 23 she
2438 1322 45 22 will

1897 1345 27 22 be
1944 1345 70 22 found
2037 1345 55 27 fully
2117 1346 105 28 qualified
2245 1346 36 23 for
2295 1347 44 22 -the
2363 1348 120 28 important

1897 1372 50 22 task
1955 1371 40 22 she
2005 1376 104 19 ventures
2119 1376 23 18 to
2151 1372 132 24 undertake.

1925 1405 67 21 From
2010 1405 87 22 various
2114 1405 177 29 circumstances,
2311 1407 54 24 Mrs.
2381 1409 100 23 Davison

1897 1431 20 21 is
1933 1431 94 23 induced
2046 1435 22 18 to
2088 1431 77 28 depart
2181 1433 57 22 from
2255 1433 37 23 the
2304 1435 71 22 -usual
2392 1437 49 21 rule
2457 1437 26 22 of

1897 1458 111 28 quarterly
2017 1461 122 25 payments,
2152 1459 44 23 and
2206 1467 104 21 proposes
2319 1461 37 23 the
2367 1463 115 27 following

1896 1487 66 20 terms
1969 1492 41 20 per
2020 1487 64 20 week.

2351 1517 21 23 £
2397 1524 18 15 t.
2445 1518 22 21 d.

1924 1538 106 29 Reading,
2041 1539 94 27 English
2143 1547 119 21 grammar,
2297 1543 16 29 \
2359 1559 14 13 n

1977 1567 45 21 and
2031 1567 141 23 needlework
2295 1567 18 29 /
2359 1564 14 15 v
2401 1564 9 17 l
2439 1564 14 17 6

1924 1591 95 28 Writing
2027 1593 45 23 and
2083 1593 125 23 arithmetic
2293 1599 19 18 .'.
2358 1599 15 20 0
2399 1600 11 21 1
2439 1601 14 20 0

1924 1619 136 28 Geography
2069 1620 45 22 and
2123 1620 97 29 history.
2358 1626 15 20 0
2401 1627 8 20 1
2439 1628 14 19 0

1924 1645 85 23 French
2360 1653 14 20 o
2401 1654 11 20 1
2440 1654 14 20 6

1924 1672 69 22 Piano
2008 1673 66 23 Forte
2359 1679 15 20 o
2399 1680 14 21 3
2441 1681 13 20 0

1924 1726 77 22 School
2011 1727 68 23 hours
2085 1728 58 22 from
2152 1729 108 27 half-past
2267 1727 51 26 nirfe
2328 1731 33 23 till
2373 1732 70 23 three.

1923 1781 68 22 Little
2006 1781 55 28 boys
2080 1782 70 23 under
2166 1783 44 23 five
2219 1791 65 20 years
2290 1804 7 6 %
2293 1785 26 22 of
2337 1793 41 20 age
2391 1786 43 23 will
2450 1787 43 23 be.

1895 1807 108 23 received.

1923 1841 53 22 Mrs.
1988 1842 119 24 Davison's
2121 1847 91 24 present
2229 1844 90 24 address
2333 1846 20 22 is
2354 1858 10 15 r
2376 1846 104 24 Tmakori

1898 1867 72 22 Road.

1894 1911 120 27 Country
2028 1913 124 22 Sections
2171 1915 45 21 for
2234 1916 61 22 Sale
2316 1923 36 15 on
2370 1913 108 28 Liberal

1888 1954 169 44 XjEV^RAL
2072 1947 139 50 lsectfoni~
2220 1967 40 21 of.
2276 1968 102 29 Country
2404 1969 72 28 Land,

1894 1988 34 23 O
1956 1989 91 29 already
2057 1990 81 23 chosen
2147 1992 24 22 in
2181 1992 39 22 the
2234 1993 92 24 Porirua
2339 1995 93 27 district,
2442 1996 35 22 for

1893 2017 57 25 Sale,
1961 2023 75 15 terms
2045 2025 105 15 liberal.
2180 2019 76 28 Apply
2265 2023 23 19 to

1987 2048 23 22 F.
2026 2049 29 22 A.
2069 2049 171 30 Molesworth,
2258 2052 184 29 Murphy-strett,
2452 2062 26 15 or

1985 2075 35 22 W.
2036 2075 28 23 V.
2079 2077 108 28 Brewer,
2197 2078 194 25 Manners-street.

2013 2128 52 20 For
2080 2128 70 25 Sale,
2165 2134 38 16 ex

1894 2159 40 22 T>
1944 2159 203 29 UTHERFORD,
2189 2162 116 29 DRURY,
2348 2165 21 23 8c
2400 2167 74 22 CO.'S

1893 2185 50 23 XV
1970 2188 98 33 superior
2078 2188 75 27 wines,
2164 2189 37 22 viz
2210 2198 5 14 :
2218 2202 27 4 —
2382 2204 3 3 ■
2403 2192 5 7 '

1919 2212 58 28 Port,
1989 2210 82 32 sherry,
2083 2215 45 22 and
2144 2216 102 24 Madeira
2255 2217 24 22 in
2289 2217 77 28 bottle,

1919 2239 52 22 Pale
1981 2241 44 21 and
2036 2241 75 23 brown
2122 2242 78 28 sherry
2208 2244 24 22 in
2243 2244 72 28 wood,

1919 2266 52 22 Port
1980 2267 24 22 in
2015 2268 69 28 wood,

1919 2293 103 23 Madeira
2030 2294 24 22 in
2065 2295 70 28 wood,

1919 2319 138 29 Hennessy's
2066 2329 84 20 cognac
2159 2324 25 21 in
2194 2326 70 27 wood,

1922 2346 44 22 Old
1975 2347 50 27 pale
2035 2348 68 23 bottle
2113 2350 96 28 brandy.

2204 2385 82 23 Waitt
2301 2388 45 22 and
2361 2388 85 25 Tyssr.

1918 2412 141 29 Wellington,
2071 2416 131 26 September
2211 2417 32 28 19,
2255 2419 61 22 1843.

1944 2465 100 23 Messrs.
2070 2467 154 24 HOLROYD
2248 2478 47 15 and
2321 2472 95 29 HART,

2050 2501 128 23 Notaries
2202 2504 105 27 Public,

1977 2539 37 14 TE
2043 2541 73 19 ARO,
2145 2541 242 19 WELLINGTON.

1917 2563 129 27 September
2053 2567 21 25 4,
2086 2567 61 21 1843.

2055 2617 77 22 Meat
2153 2619 149 27 Company.

1889 2648 89 48 THE
2000 2649 234 30 UNDERSIGNED,
2253 2653 83 28 having
2354 2654 58 23 been
2432 2663 38 21 ap-

1960 2676 91 27 pointed
2065 2677 109 28 Manager
2184 2679 25 21 of
2222 2679 39 22 the
2274 2680 63 23 Meat
2345 2681 124 29 Company,

1888 2701 52 27 begs
1950 2705 22 18 to
1982 2710 116 16 announce
2109 2704 48 22 that
2171 2712 14 15 a
2194 2706 88 27 regular
2291 2707 77 29 supply
2376 2709 28 22 of
2412 2709 57 23 beef,

1888 2731 91 25 mutton,
2001 2730 45 22 and
2062 2730 57 29 pork
2135 2739 52 20 may
2206 2734 82 27 always
2306 2734 27 22 be
2352 2734 119 28 depended

1887 2761 58 21 upon
1956 2759 24 19 at
1990 2756 43 22 this
2043 2758 174 23 establishment.

1914 2788 32 21 As
1969 2788 43 23 this
2036 2790 115 28 Company
2169 2799 107 24 purposes
2295 2794 78 27 selling
2391 2799 24 19 at
2432 2796 36 22 the

1886 2814 75 21 lowest
1969 2815 71 27 prices
2050 2820 23 19 at
2088 2816 72 23 which
2169 2822 19 18 it
2202 2818 18 23 is
2229 2818 71 24 found
2309 2821 36 22 the
2355 2825 60 20 meat
2427 2830 40 17 can

1885 2841 28 20 be
1923 2841 105 28 afforded,
2039 2842 38 23 the
2086 2844 150 28 undersigned
2244 2846 19 22 is
2277 2847 52 28 only
2338 2849 128 23 authorized

1885 2870 22 18 to
1918 2874 48 20 give
1972 2875 54 20 very
2031 2869 87 22 limited
2127 2872 77 26 credit,
2211 2872 46 23 and
2264 2872 40 23 has
2311 2875 54 22 been
2375 2876 92 23 ordered

1884 2896 23 18 to
1923 2898 47 24 stop
1985 2894 32 23 all
2028 2900 105 19 accounts
2147 2897 73 23 which
2235 2906 37 15 are
2287 2904 40 20 not
2341 2902 52 24 paid
2408 2910 59 16 upon

1884 2920 101 23 demand.
2413 2929 3 5 •
2425 2920 13 12 r

1909 2954 46 22 The
1966 2955 99 23 business
2076 2957 24 21 of
2108 2956 37 24 the
2156 2958 115 29 Company
2279 2960 19 21 is
2308 2961 84 25 carried
2399 2970 32 15 on
2440 2964 24 23 in

1883 2982 56 21 their
1954 2988 49 15 new
2017 2983 107 27 building,
2137 2986 88 21 erected
2241 2986 101 23 bstween
2361 2988 104 26 France's

1883 3008 67 22 Hotel
1968 3008 43 22 and
2031 3009 38 22 the
2086 3010 59 22 head
2162 3011 26 21 of
2201 3011 38 23 the
2255 3013 56 28 Bay,
2328 3014 45 23 and
2388 3016 77 26 nearly

1882 3035 96 28 opposite
1990 3039 21 18 to
2022 3036 45 23 Mr.
2077 3036 83 28 Lyon's
2170 3038 70 22 Store.

1908 3095 21 12 tm
1996 3096 13 11 v
2044 3098 27 9 ««
2090 3099 8 8 ,
2104 3099 12 8 n
2120 3099 24 8 .«
2152 3071 36 22 W>
2203 3072 94 24 FIITeER
2298 3090 6 11 »
2319 3075 118 28 Manager.

1907 3095 129 22 November
2044 3098 34 26 23,
2090 3099 59 21 1842.

2048 3143 76 21 Meat
2140 3143 150 30 Company.

1912 3185 8 10 ■>
2007 3175 333 27 VEGETABLES.

1881 3200 174 49 SHIPPING
2067 3202 47 23 and
2129 3202 105 25 Families
2250 3213 42 15 can
2305 3207 28 21 be
2350 3209 113 27 regularly

1931 3228 103 27 supplied
2042 3229 55 22 with
2104 3229 31 22 all
2142 3230 149 29 descriptions
2299 3234 25 22 of
2329 3236 135 27 vegetabl«s.

2156 3263 35 23 W.
2203 3265 102 28 Flyoer,
2317 3267 117 28 Manager.

1905 3288 128 27 September
2039 3290 36 26 29,
2087 3291 60 21 1843.

2037 3334 79 21 Meat
2147 3336 150 29 Company.

2108 3368 124 25 BUTTER

1876 3392 160 50 ALWAYS
2050 3401 29 15 on
2090 3394 69 29 hand,
2175 3397 45 22 and
2236 3401 23 19 to
2273 3399 29 22 be
2316 3399 52 27 had,
2378 3399 84 23 whole,

1954 3420 46 22 sale
2018 3420 43 23 and
2081 3423 71 26 retail,
2172 3427 24 18 at
2216 3424 37 23 the
2276 3425 78 23 lowest
2373 3426 88 23 mark~et

1875 3446 65 28 price,
1956 3455 14 14 a
1988 3447 61 28 large
2068 3449 80 28 supply
2163 3451 26 21 of
2204 3451 37 22 the
2255 3452 127 22 celebrated
2397 3454 63 22 Cow-

1875 3477 86 24 pasture
1972 3474 45 22 and
2026 3475 119 23 Terawitte
2158 3477 71 27 Dairy
2238 3478 84 22 Butter.

2145 3509 36 23 W.
2194 3509 103 29 Flyger,
2312 3512 119 27 Manager.

1900 3534 129 28 September
2037 3536 35 26 29,
2084 3537 61 21 1843.
2258 3535 3 6 '
2309 3540 15 9 --

2036 3582 76 22 Meat
2145 3583 148 28 Company.

2101 3615 131 23 CHEESE.

1875 3640 90 49 THE
1979 3641 90 23 MEAT
2089 3642 154 23 COMPANY
2263 3648 92 28 expects
2373 3644 86 30 shortly

1948 3670 22 19 to
1980 3669 85 22 receive
2074 3669 89 26 regular
2167 3669 98 27 supplies
2271 3672 25 19 of
2303 3670 86 24 Cheese
2398 3672 57 24 from

1875 3692 35 23 the
1921 3694 139 29 Cowpasture
2070 3695 45 23 and
2124 3695 119 23 Terawitte
2249 3696 96 24 Dairies.

2141 3728 36 22 W.
2192 3729 103 28 Flyger,
2309 3731 118 27 Manager,

1898 3754 129 27 September
2035 3757 34 25 29,
2081 3756 59 21 1843.
2307 3773 4 4 .

2042 3800 77 21 Meat
2133 3800 150 28 Company.

1875 3834 182 50 WANTED,
2072 3841 14 14 a
2092 3834 72 23 vessel
2173 3834 28 23 of
2213 3836 69 22 about
2291 3838 27 21 30
2328 3839 69 26 tons,,
2397 3842 23 20 to
2430 3839 28 25 b«

1966 3860 55 32 kept
2037 3861 126 28 constantly
2180 3862 118 28 employed
2311 3863 24 24 in
2352 3865 106 29 bringing

1875 3886 53 29 pigs,
1939 3890 22 19 at
1970 3894 15 15 a
1994 3885 178 36 fixedprfc^per
2180 3888 85 30 p6u,nd,
2271 3890 58 25 from
2338 3891 40 23 the
2388 3897 68 23 coast,

1875 3913 32 22 for
1916 3914 43 23 this
1969 3913 176 24 establishment:
2417 3926 4 3 ■

2130 3952 3 5 •
2145 3941 43 23 W.-
2197 3940 102 32 Flyo»»;
2311 3940 119 45 #«)jq(£.

904 706 10 8 
925 690 90 23 Seeds.

672 724 52 48 A
740 724 84 22 VERY
839 723 155 24 SUPERIOR
1008 723 46 23 and
1063 725 103 22 valuable
1176 728 79 20 assort-

752 754 62 19 ment
830 751 26 21 of
872 751 61 23 fresh
949 750 68 24 Seeds
1031 751 48 27 just
1093 752 108 27 received,
1220 751 36 23 the

672 776 48 22 first
736 777 26 21 of
779 785 14 14 a
807 777 87 27 regular
909 778 85 27 supply,
1005 784 50 16 now
1072 785 29 15 on
1118 778 46 22 sale
1179 782 23 19 at
1218 777 38 23 the

662 803 81 22 'Office
762 803 37 25 of.
805 804 42 22 this
868 804 70 28 Paper
947 805 38 26 -by
1001 803 38 23 the
1058 804 156 29 undersigned,
1230 805 23 21 in

672 830 122 27 quantities
802 834 23 18 to
834 831 43 21 suit
888 831 130 28 purchasers
1026 837 5 15 :
1032 842 29 5 —

698 861 56 24 Fine
765 864 56 22 seed
826 869 60 23 peas,
896 871 67 15 seven
973 864 110 27 varieties,

700 890 43 22 Do.
772 890 37 23 do.
838 891 69 22 broad
917 892 75 25 beans,
1004 890 62 23 three
1075 892 112 26 varieties,

698 916 44 23 Do.
771 917 36 22 do.
835 918 65 22 horse
910 918 76 26 beans,

698 942 45 23 Do.
772 944 34 21 do.
834 944 81 22 scarlet
922 951 94 16 runners
1025 944 46 22 and
1081 944 88 23 French
1178 944 75 26 beans,

660 979 3 6 '
698 969 43 22 Do.
771 970 36 23 do.
836 970 163 28 spring'wheat,
1011 974 67 24 tares,
1089 971 45 22 and
1147 975 52 23 oats,

698 996 85 23 Round
793 997 44 22 and
846 998 86 27 prickly
939 996 96 29 spinach.

699 1022 65 28 Long
772 1024 80 22 scarlet
861 1024 44 22 and
915 1024 73 27 turnip
998 1024 83 26 radish,

698 1049 114 28 Rhubard,
823 1050 66 23 white
906 1050 46 23 and
967 1049 40 24 red
1023 1051 52 22 beet
1090 1050 44 23 and
1149 1049 104 28 mangold

669 1083 43 14 wu»
717 1077 51 26 tzel,
1260 1079 2 23 I

697 1103 124 27 Carraway,
833 1103 52 22 Dill-
889 1104 45 22 and
944 1104 91 25 Burnet,
1260 1104 2 26 {

697 1130 43 21 Sea
750 1130 55 26 cale,
816 1137 126 20 asparagus,
953 1133 80 22 carrot,
1045 1130 46 22 and
1102 1131 95 27 parsnip,
1260 1131 2 26 j

696 1155 96 28 English
802 1156 49 22 leek
861 1156 46 23 and
917 1158 73 23 onion,
1002 1157 95 27 Spanish
1110 1157 35 22 do.

698 1182 123 27 Vegetable
837 1190 94 15 marrow
947 1182 43 23 and
999 1183 54 27 long
1067 1184 87 28 prickly
1163 1190 90 16 cucum-

668 1208 47 26 ber,

696 1235 145 28 Cauliflower,
852 1236 88 28 endive,
950 1235 45 24 and
1008 1236 83 28 celery,

696 1261 118 28 Virginnia
830 1264 99 26 tobacco,
944 1263 152 28 mignionette,
1115 1264 46 23 and
1184 1266 69 20 sweet

667 1295 60 20 peas,

696 1315 38 22 All
746 1320 56 19 sorts
812 1316 26 22 of
843 1316 86 27 garden
940 1315 46 24 and
992 1316 55 21 field
1056 1316 105 28 cabbage,

696 1341 44 23 Do.
852 1343 34 22 do.
969 1341 36 23 do.
1062 1344 81 27 turnip,

696 1368 38 22 All
745 1372 54 19 sorts
809 1370 25 21 of
840 1370 91 27 lettuce,
941 1369 68 26 salad,
1021 1369 149 33 andjbrocoli,

696 1395 37 22 All
744 1400 57 18 sorts
811 1397 24 21 of
841 1397 75 27 lupins
926 1397 43 21 and
978 1397 152 26 nasturtiums,

695 1422 38 22 All
745 1427 56 18 sorts
811 1423 26 22 of
843 1428 68 17 sweet
922 1423 71 26 herbs,

696 1449 50 22 One
756 1449 102 22 hundred
868 1450 77 22 choice
955 1449 89 22 varities
1056 1450 28 21 of
1097 1450 75 22 flower
1180 1449 70 28 seeds,

664 1484 3 5 •
695 1476 22 21 A
727 1484 55 22 very
797 1477 101 22 valuable
915 1479 130 20 assortment
1059 1477 28 21 of
1100 1477 60 22 fresh
1176 1477 75 22 choice

665 1508 86 21 grasses
761 1503 36 22 for
804 1504 153 26 gentlemen's'
964 1503 71 22 lawns
1051 1503 44 22 and
1110 1503 142 28 agricultural

665 1536 114 21 purposes,

694 1557 111 27 Cabbage,
835 1557 91 27 brocoli,
954 1557 107 27 rhubard,
1091 1557 73 27 onion,
1192 1556 59 28 leek,

664 1581 84 24 lettuce
758 1579 80 32 plants,
857 1584 48 27 &c,
918 1583 43 22 will
973 1590 55 15 soon
1037 1584 29 21 be
1076 1584 26 21 fit
1111 1588 22 18 to
1143 1584 28 22 be
1180 1587 72 19 trans-

663 1609 101 28 planted,
775 1609 72 24 raised
857 1611 56 22 from
924 1609 94 29 samples
1030 1610 26 22 of
1065 1611 64 22 these
1139 1611 69 22 seeds.

1079 1644 35 23 W.
1130 1645 93 22 Moody.

672 1673 3 5 '
694 1671 100 21 October
802 1673 19 25 6,
833 1673 61 20 1843.

851 1716 35 22 W.
903 1717 33 22 M.
952 1715 107 27 SMITH,

664 1760 57 16 LATE
732 1762 237 16 SURVEYOR-GENERAL
980 1761 27 14 TO
1020 1760 46 16 THE
1082 1761 50 15 NEW
1148 1762 103 15 ZEALAND

900 1787 113 20 COMPANY,

691 1819 143 26 Surveyor,
849 1820 211 27 Draughtsman,
1076 1819 55 21 and
1145 1819 77 21 Land

908 1847 100 26 Agent.

661 1880 178 28 Tinakori-road,
851 1882 100 28 January
963 1884 21 25 4,
997 1884 62 21 1843.

661 1932 91 45 FOB
766 1932 86 23 SALE,
867 1935 163 20 oxJfcrtrtirtf,-
1039 1934 49 20 arc.,
1110 1935 89 16 .„-.•._-_
1248 1936 13 13 ■?

733 1955 28 20 25
776 1955 77 21 tierces
863 1955 58 26 beef,

687 1982 14 20 3
717 1983 49 19 tons
776 1981 94 22 colonial
882 1982 52 27 hay,

688 2008 14 20 3
717 2009 50 19 tons
778 2007 60 23 Siam
847 2014 75 21 sugar,

686 2035 30 20 30
729 2033 85 23 barrels
823 2035 85 22 bottled
919 2035 42 27 alt,

688 2061 28 21 50
729 2061 71 21 boxes
807 2064 43 20 tea.

687 2087 29 21 50
729 2087 40 22 ash
784 2095 55 18 oars,

687 2115 29 20 30
729 2117 50 19 tons
790 2114 54 27 coal,

689 2140 58 27 Port,
759 2140 83 29 sherry,
854 2142 43 22 and
914 2141 102 24 Madiera
1025 2142 23 21 in
1065 2142 75 25 boltla,
1152 2141 95 23 Ruther-

660 2167 52 22 ford
721 2167 44 22 and
774 2168 94 28 Drury'3
879 2169 76 28 brand,

688 2194 102 28 Liquers,
800 2195 23 21 in
834 2195 71 23 dozen
916 2203 67 19 cases,

688 2221 151 28 Champagne,

687 2247 99 28 Brandy,
796 2256 57 19 rum,
865 2250 42 22 and
917 2250 37 27 gin
966 2251 22 21 in
1000 2249 74 26 hhds.,

686 2275 28 21 30
727 2279 50 17 tons
787 2275 48 22 best
844 2277 93 27 Sydney
948 2277 65 24 flour,

686 2302 29 21 50
728 2305 52 19 tons
790 2302 87 23 Chilian
887 2303 64 27 flour,
964 2310 28 16 ex
1004 2303 107 24 Cheerful.

976 2342 84 23 Waitt
1074 2343 45 22 and
1133 2343 83 23 Tyser.

792 2390 40 19 On
846 2390 70 24 Sale,
932 2395 34 16 ex

657 2421 180 49 WINDOW
853 2423 97 23 GLASS
964 2424 84 24 20+16
1057 2426 24 18 to
1093 2425 74 25 10+8,

755 2448 97 23 Leather
852 2461 26 4 —
880 2451 47 21 sole
936 2449 44 23 and
994 2450 114 27 calf-skin,

686 2475 59 22 Boat
754 2476 94 22 anchors
858 2477 45 22 and
914 2477 84 26 chains,

686 2502 37 22 An
733 2505 132 20 astortment
874 2504 27 22 of
910 2504 157 27 hollow-ware,

687 2529 134 23 Glass-ware
822 2541 26 5 —
850 2531 134 28 comprising
992 2529 62 29 plain
1065 2531 45 22 and
1119 2534 38 19 cut
1165 2531 80 22 dinner

658 2556 103 27 services,
778 2557 75 27 wines,
868 2558 113 25 tumblers,
1001 2557 111 28 druggists
1126 2559 118 26 furniture,

657 2581 61 23 show
727 2583 92 27 glasses,
829 2584 45 22 and
883 2584 65 27 vials,
959 2585 48 24 &c,

686 2609 76 23 White
771 2610 52 22 lead
832 2610 46 23 and
887 2611 63 22 sheet
958 2610 60 27 lead,

686 2636 75 22 Prime
772 2637 58 23 Irish
839 2637 63 28 pork,
915 2638 50 27 split
973 2644 61 21 peas,
1045 2638 42 22 &c.

922 2677 112 22 Bethune
1049 2676 45 23 and
1108 2677 109 23 Hunter.

686 2702 131 27 September
828 2703 18 26 1,
860 2704 61 21 1843.

915 2745 72 25 £150
1260 2742 1 23 !

656 2780 186 48 WANTED,
863 2784 23 19 at
903 2781 78 23 liberal
999 2781 99 28 interest,
1119 2783 34 22 for
1168 2782 78 22 twelve
1260 2776 1 11 '

763 2807 97 27 months,
886 2816 29 14 on
940 2809 173 25 unexceptional
1138 2809 105 28 security.

656 2833 101 23 Address
766 2837 24 19 to
799 2834 29 22 D.
839 2835 24 21 C.
875 2835 35 27 L.,
922 2839 23 19 at
953 2836 37 22 the
1023 2835 95 24 Gazette
1152 2837 78 22 Office.

683 2867 145 28 Wellington,
840 2868 98 23 October
946 2872 20 25 9,
977 2870 61 21 1843.

771 2913 42 21 On
827 2914 69 26 Sale,
912 2921 36 14 ex
1255 2914 3 30 [

662 2950 25 23 X
693 2950 32 24 A
750 2950 102 24 BOXES
876 2952 97 23 assorted
988 2952 145 24 TOBACCO
1148 2954 97 27 PIPES,
1254 2935 7 50 |

656 2976 33 22 fJ
693 2979 31 20 \J
755 2980 42 21 100
810 2979 78 22 tierces
898 2978 122 24 American
1032 2980 60 28 beef,
1253 2981 8 20 U

754 3006 29 21 20
797 3006 52 22 coils
860 3007 99 22 assorted
968 3006 89 28 Europe
1067 3014 62 21 rope.
1256 3001 5 41 J

972 3040 84 22 Waitt
1071 3041 45 23 and
1130 3042 82 23 Tyser.
1256 3060 4 4 ,

683 3069 147 28 Wellington,
841 3072 50 22 Oct.
904 3074 34 25 10,
949 3072 61 23 1843.
1253 3072 8 39 j

715 3115 54 22 For
785 3116 69 25 Sale,
869 3117 39 26 by
922 3117 108 22 Private
1046 3119 143 26 Contract,
1253 3134 6 14 ,

656 3147 94 48 ONE
778 3149 108 26 powerful
913 3150 65 23 black
1007 3150 135 28 Clydesdale
1171 3152 73 28 horse,
1255 3162 6 12 .i

733 3175 38 21 An
783 3175 111 24 excellent
903 3176 96 28 draught
1006 3176 76 28 horse,
1252 3173 9 26 i

684 3201 48 22 One
742 3201 76 23 brown
828 3202 49 28 cob,
888 3204 84 22 broken
982 3204 36 21 for
1027 3204 79 23 saddle
1117 3213 25 15 or
1151 3206 57 28 gig,^
1252 3198 9 31 i

684 3228 50 21 One
744 3228 57 23 road
810 3229 71 22 entire
890 3230 74 27 horse,
974 3230 87 23 broken
1069 3232 36 23 for
1113 3234 39 22 the
1159 3233 84 27 saddle,
1253 3239 8 17 r

684 3255 50 22 One
743 3255 58 26 light
809 3263 55 19 grey
872 3256 73 28 horse,
955 3257 86 23 broken
1057 3259 36 23 for
1110 3260 38 23 the
1159 3260 84 27 saddle,
1253 3255 8 31 ij

654 3281 46 22 and
710 3279 79 31 nearly
796 3283 185 28 thorough-bred.
1218 3301 6 2 -
1253 3293 8 19 r,

682 3308 77 28 Apply
767 3312 25 19 to
809 3310 88 28 George
913 3312 28 22 R.
952 3311 78 28 Hurst,
1048 3315 23 20 at
1086 3314 38 22 the
1142 3315 62 22 Store
1221 3315 22 21 of
1251 3310 10 28 il

654 3336 39 21 the
702 3336 157 28 undersigned.

683 3369 131 30 _(Signed)
872 3371 132 28 Ridgways,
1022 3373 108 28 Guyton,
1142 3376 20 22 &
1176 3376 39 21 Co.
1252 3400 8 1 _

683 3395 144 29 Wellington,
838 3398 51 23 Oct.
900 3401 34 27 10,
945 3401 61 21 1843.
1251 3399 10 21 ?!

886 3445 43 21 On
943 3444 69 26 Sale,
1249 3452 9 28 g

653 3474 74 49 EX
741 3477 127 28 Brougham,
882 3479 104 26 Glenarm,
999 3479 45 23 and
1060 3480 65 23 other
1137 3481 92 22 arrivals
1236 3488 4 15 :
1254 3481 7 31 |-

731 3502 75 29 Flour,
825 3504 85 29 barley,
926 3506 61 25 bran,
1006 3506 101 30 cherqui,
1128 3508 43 22 salt
1187 3507 52 29 porl
1254 3514 4 22 f

653 3529 45 21 and
708 3529 58 28 beef,
773 3531 113 28 Jherrings,
894 3536 44 25 tea,
947 3532 77 28 coffee,
1032 3534 125 27 chocolate,
1166 3542 72 20 sugar,
1260 3541 1 5 •

653 3556 67 22 white
730 3557 45 22 and
792 3558 64 22 moist
867 3558 75 27 (West
957 3559 91 24 Indian/
1056 3561 46 24 and
1108 3580 4 8 ,
1118 3561 121 29 Tahitian):
1248 3556 7 28 f

652 3583 53 28 rice,
720 3590 59 21 rum,
796 3584 105 29 whiskey,
917 3587 46 27 gin,
974 3587 96 29 brandy,
1081 3592 59 25 port,
1157 3585 82 32 sherryi
1248 3582 5 32 f
1260 3585 1 5 *

652 3611 42 25 ale,
705 3613 84 25 porter,
794 3611 62 28 hops,
864 3612 67 29 hock,
939 3614 76 27 claret,
1022 3615 104 29 cordials,
1138 3615 93 24 cherries

650 3643 88 22 raisins,
763 3645 69 15 arrow
855 3643 55 25 root,
936 3647 68 16 cocoa
1020 3645 67 21 -nuts,
1110 3643 123 22 vermicelli

651 3663 123 28 macaroni,
796 3665 102 28 walnuts,
918 3668 78 27 cigars,
1011 3669 94 22 candles
1119 3669 28 22 of
1156 3669 31 24 all
1202 3667 36 26 de*
1248 3663 2 9 '

650 3693 124 24 scnptions,
794 3692 87 23 leather
900 3693 40 29 kip
957 3695 46 22 and
1022 3695 53 27 sole,
1096 3696 66 23 white
1181 3696 49 23 lead

649 3717 64 27 pitch
729 3718 46 22 and
792 3723 39 24 tar,
842 3719 57 28 pilot
915 3722 68 27 cloth,
993 3721 119 30 flushings,
1123 3723 106 26 moleskin

651 3744 42 22 &c.
702 3744 41 22 &c.
827 3750 4 4 '
1004 3751 4 4 *
1043 3752 4 4 '
1137 3752 3 4 .
1221 3751 4 3 .

679 3770 62 29 Also,
752 3779 61 16 some
823 3773 106 24 first-rate
938 3774 70 23 South
1023 3775 125 24 American
1155 3776 69 25 horsei

649 3804 81 21 mares,
748 3799 80 28 mules,
839 3800 46 23 and
901 3808 71 21 asses;
986 3800 53 28 bits,
1049 3801 93 29 bridles,
1150 3803 73 25 halter,

649 3827 77 24 empty
735 3825 74 28 sacks,
819 3824 93 26 &cV&c.
1114 3829 5 7 '
1204 3829 11 28 '■{

677 3848 76 32 Apply
762 3855 25 19 to
1072 3876 4 4 .
1091 3868 4 4 ,
1175 3860 3 7 ■
1210 3852 5 14 «
1253 3865 7 5 .

894 3880 25 23 J;
934 3881 124 24 Boulcott
1075 3882 25 24 &,
1110 3883 48 27 Cos
1193 3886 7 12 :

679 3906 157 31 -..'"..*
1008 3904 200 33 XambidnQaay,
1256 3914 5 19 i

677 3931 99 24 October
787 3933 19 26 6,
816 3930 64 27 1848.
1197 3924 21 37 \

1408 693 41 22 To
1465 694 86 21 Cover
1565 694 56 21 this
1634 695 113 25 Season,

1385 727 31 21 At
1452 728 126 25 Herongate,
1610 728 65 21 River
1707 728 66 25 Hutt,

1280 779 3 3 .
1289 759 89 32 rpHE
1397 760 51 22 well
1467 760 80 22 known
1566 761 111 27 imported
1694 760 176 29 thorough-bred

1296 782 28 25 JL
1361 786 64 22 horse
1443 788 120 27 -ETHER,
1583 788 30 27 by
1632 788 32 22 St.
1681 788 95 27 Patrick,
1795 792 40 18 out
1849 789 25 22 of

1288 810 88 25 Pastille
1382 821 7 19 ;
1404 815 28 21 10
1440 814 93 27 guineas
1542 821 15 15 a
1565 821 69 15 mare.

1314 843 94 24 iEther'a
1428 846 77 27 racing
1523 846 101 28 qualities
1643 854 38 15 are
1706 846 50 23 well
1778 847 89 23 known*

1287 869 81 29 having
1378 871 54 23 been
1440 873 84 22 several
1536 874 64 21 times
1610 880 14 15 a
1629 874 85 21 winner
1721 874 23 21 in
1753 873 114 28 England,

1286 896 19 22 is
1320 897 75 23 fifteen
1409 898 72 24 hands
1496 899 62 23 three
1576 900 78 23 inches
1672 899 63 28 high,
1754 901 45 22 and
1814 908 54 21 very

1286 922 129 25 handsome.

1542 960 70 20 ALSO,,

1312 981 47 22 The
1382 982 109 28 imported
1516 984 175 27 thorough-bred
1709 984 64 23 horse
1791 986 77 21 RIJD-

1283 1008 181 23 DLEBWOR
1472 1012 52 25 TH,
1535 1011 28 27 by
1574 1011 108 27 Emelius,
1694 1015 39 18 out
1742 1013 26 21 of
1777 1012 91 23 Bee-ma-

1285 1035 119 27 Bonnet,
1420 1036 29 28 by
1466 1037 128 27 Blacklock,
1610 1041 38 19 out
1663 1038 27 22 of
1704 1038 97 28 Maniac,
1817 1040 48 27 See,

1285 1064 37 19 ten
1332 1063 93 26 guineas
1434 1071 14 14 a
1454 1071 70 15 mare.

1312 1095 160 23 Riddlesworth
1481 1098 18 21 is
1510 1105 13 14 a
1532 1097 55 23 dark
1596 1098 84 27 brown,
1691 1099 77 28 nearly
1780 1100 86 22 sixteen

1285 1121 76 28 hands,
1374 1123 51 21 with
1434 1127 63 23 great
1506 1131 80 20 power.

1312 1155 56 22 N.B.
1369 1166 27 4 —
1399 1155 76 22 Mares
1491 1156 126 28 remaining
1632 1158 58 21 after
1707 1159 74 22 notice
1799 1159 68 27 being

1284 1181 65 26 given
1356 1182 46 22 that
1412 1181 53 28 they
1473 1189 37 15 are
1520 1183 87 25 stinted,
1621 1183 42 22 will
1674 1185 28 21 be
1711 1185 95 27 charged
1817 1186 43 21 five

1284 1207 100 28 shillings
1402 1216 14 14 a
1434 1209 69 21 week.
1532 1209 72 28 Every
1623 1212 108 21 attention
1745 1212 60 28 paid,
1825 1212 40 23 but

1284 1238 40 18 not
1331 1235 136 22 answerable
1476 1235 36 22 for
1521 1236 120 23 accidents.
1671 1238 74 28 Apply
1748 1242 30 21 .to

1601 1276 87 24 Henry
1703 1278 35 22 W.
1754 1278 85 23 Petre.

1311 1309 136 27 Herongate,
1460 1311 50 21 Oct.
1521 1311 33 21 13.

1350 1353 110 23 PUBLIC
1484 1355 145 22 MEETING
1653 1355 45 22 will
1720 1357 29 21 be
1768 1357 52 22 held
1845 1362 22 18 at

1362 1380 108 22 Barrett's
1488 1381 77 26 Hotel,
1585 1388 29 15 on
1638 1383 109 27 Saturday
1771 1384 95 28 evening

1282 1411 62 24 next,
1357 1407 96 23 October
1463 1408 57 26 14th,
1531 1412 22 18 to
1563 1408 103 22 consider
1676 1409 36 22 the
1722 1410 112 28 propriety
1844 1412 25 21 of

1272 1434 113 27 -entering
1394 1435 45 21 into
1450 1442 13 14 a
1473 1435 158 28 Subscription,
1642 1436 36 21 for
1690 1436 36 23 the
1736 1444 96 20 purpose
1844 1438 25 22 of

1283 1461 97 27 erecting
1389 1468 13 14 a
1412 1461 120 23 Memorial
1542 1465 22 19 to
1575 1469 41 15 our
1620 1463 74 22 fellow
1702 1463 108 23 Colonists
1815 1464 50 23 who

1282 1487 39 23 fell
1331 1490 24 19 at
1363 1487 99 23 Wairau.

1310 1513 47 23 The
1366 1514 99 22 business
1476 1515 25 22 of
1507 1515 37 22 the
1560 1515 104 28 Meeting
1680 1516 43 23 will
1735 1524 130 17 commence

1283 1544 24 18 at
1316 1541 13 23 7
1337 1541 85 23 o'clock
1432 1542 116 28 precisely.

1311 1572 96 23 October
1415 1574 21 26 6,
1449 1575 61 21 1843.

1487 1620 40 20 To
1542 1620 33 20 be
1591 1620 75 25 Sold,

1284 1654 49 47 A
1364 1653 131 23 BAKER'S
1524 1654 124 23 PATENT
1681 1656 141 28 MANGLE,
1853 1665 12 14 a

1361 1681 79 22 Scotch
1451 1684 52 24 cart,
1514 1681 69 22 either
1592 1682 35 21 for
1636 1682 66 22 horse
1715 1691 25 14 or
1756 1684 108 27 bullocks,

1284 1706 114 27 complete,
1409 1714 43 15 one
1462 1711 34 18 set
1505 1708 26 21 of
1538 1708 64 23 horse
1611 1708 91 23 harness
1711 1710 45 22 and
1768 1713 41 19 two
1820 1715 45 17 sets

1283 1732 27 23 of
1315 1730 86 26 bullock
1411 1734 98 28 harness,
1521 1734 42 23 and
1573 1742 14 15 a
1595 1736 101 28 quantity
1707 1737 26 21 of
1739 1736 82 23 wheels
1831 1738 34 21 for

1283 1760 103 23 barrows.

1310 1788 75 27 Apply
1394 1791 22 19 at
1425 1787 38 23 the
1496 1788 94 23 Gazette
1623 1789 79 23 Office.

1310 1819 127 27 September
1447 1821 32 25 19,
1491 1821 61 21 1843.

1478 1866 44 22 Ex

1283 1899 71 26 f\B
1369 1899 78 23 SALE
1461 1899 29 28 by
1504 1899 38 23 the
1556 1900 151 28 undersigned
1708 1911 28 7 —

1270 1922 74 34 rffe/L
1359 1925 83 27 Hint's
1449 1927 148 23 sun-rior-old
1604 1932 52 19 noxt
1665 1929 63 23 wine,
1743 1929 86 22 bottled
1839 1929 24 23 in

1272 1947 110 27 ,OporfoT
1466 1951 6 2 ~
1491 1952 28 3 "'
1610 1953 12 6 **
1705 1957 5 3 '
1741 1953 32 5 —

1309 1973 100 27 Hosiery,
1420 1974 56 28 lace,
1487 1975 45 22 and
1541 1976 94 28 netting,

1308 2000 163 27 Earthenware,
1482 2002 49 22 well
1541 2004 106 26 assorted,

1307 2026 122 28 Champion
1439 2028 21 21 &
1470 2028 58 22 Co.'s
1538 2029 92 27 vinegar
1639 2032 24 20 in
1672 2031 51 22 half
1729 2032 131 28 hogsheads.

1656 2064 87 23 Willis
1759 2067 19 22 &
1793 2067 39 22 Co.

1307 2092 142 29 Wellington,
1460 2096 89 26 AugUßt
1559 2098 32 26 14,
1603 2098 61 21 1843.

1386 2139 41 21 On
1442 2140 70 25 Sale,
1527 2147 34 15 ex

1281 2169 62 24 O«
1376 2171 112 24 CHESTS
1518 2172 202 25 GUNPOWDER
1748 2175 69 29 TEA,

1281 2199 64 19 MKM
1400 2199 13 20 5
1429 2204 49 17 tons
1488 2199 45 22 fine
1542 2207 73 20 sugar,

1401 2227 14 20 2
1429 2229 50 18 tons
1491 2226 87 27 Bengal
1587 2227 53 27 rice,

1279 2266 1 9 i
1404 2252 91 28 Ginger,
1507 2260 87 22 pepper,
1606 2255 40 22 &c.

1277 2296 3 15 i
1536 2291 114 23 Bethune
1665 2293 41 22 aad
1721 2294 108 23 Hunter.

1276 2324 2 21 ;
1304 2313 142 30 Wellington,
1458 2317 89 28 August
1558 2319 33 26 15,
1603 2320 61 21 1843.

1498 2364 54 20 For
1566 2364 69 24 Sale,

1273 2390 93 41 'npHE
1382 2395 143 23 COTTAGE
1539 2396 95 24 situated
1644 2399 24 22 in
1685 2400 99 22 Oriental
1800 2401 58 28 Bay,

1281 2419 30 24 -L
1349 2422 45 22 and
1406 2422 70 29 lately
1484 2424 105 27 occupied
1604 2425 31 28 by
1645 2426 37 22 the
1699 2426 158 29 undersigned.

1275 2449 20 20 A
1310 2449 52 26 long
1378 2449 60 22 lease
1457 2450 26 22 of
1498 2450 38 22 the
1551 2451 84 23 section
1650 2460 57 21 upon
1727 2454 72 22 which
1819 2455 38 22 the

1274 2474 68 22 house
1352 2475 73 22 stands
1436 2477 44 21 will
1488 2477 29 22 be
1526 2479 101 26 granted.
1803 2494 7 8 »

1299 2501 68 23 Town
1377 2502 53 23 land
1439 2503 45 23 will
1493 2504 28 22 be
1529 2504 67 23 taken
1606 2506 24 21 in
1640 2506 121 30 exchange.

1301 2528 41 22 For
1351 2529 83 22 further
1442 2531 135 27 particulars,
1589 2533 67 27 apply
1665 2536 23 19 to

1590 2566 98 23 George
1702 2567 88 28 Duppa,
1805 2576 25 14 or

1561 2614 7 4 .
1590 2593 35 21 W.
1642 2593 29 22 V.
1686 2594 101 23 Brewer

1274 2633 72 49 ON
1361 2635 85 27 SALE,
1458 2644 28 14 ex
1495 2637 97 21 Deborah
1601 2638 57 22 from
1670 2639 144 28 Launeeston,
1826 2640 29 28 by

1351 2661 37 23 the
1397 2663 147 28 undersigned
1545 2675 26 5 —

1328 2696 40 21 500
1382 2696 88 22 bushels
1480 2700 54 24 oats,

1327 2723 41 21 200
1382 2722 88 23 bushels
1480 2724 91 28 English
1582 2726 83 27 barley,

1326 2750 40 20 380
1381 2749 89 23 bushelß
1481 2752 78 26 wheat,

1326 2776 41 21 230
1382 2776 89 23 bushels
1481 2778 61 27 malt,

1267 2818 1 15 i
1327 2802 71 28 Flour,
1409 2803 43 27 ale,

1326 2830 13 21 2
1354 2830 71 28 drays,
1437 2833 11 19 1
1460 2832 88 28 plough,
1558 2834 69 27 yoke*
1636 2834 43 22 and
1691 2834 82 27 chains,
1785 2836 40 21 Sec.

1608 2867 22 21 J.
1647 2868 33 21 JVf.
1696 2867 101 26 Tati.or,

1298 2889 127 28 September
1436 2893 33 24 12,
1481 2893 59 21 1843.

1259 2932 7 41 I
1390 2938 40 21 On
1444 2939 71 25 Sale,
1526 2940 42 21 Ex

1259 2969 137 27 pTJRIME
1409 2978 60 16 mess
1477 2973 63 26 pork,
1551 2972 85 23 barrels
1645 2974 43 22 and
1699 2974 50 23 half
1756 2976 94 22 barrels.

1258 2996 2 13 l
1259 2996 37 29 ]-L
1327 2997 75 23 Butter
1411 2998 23 22 in
1445 2999 85 27 firkins,
1538 3000 66 21 made
1611 3000 25 24 jn
1646 3001 63 27 May,
1720 3002 60 26 1843,

1259 3023 79 23 «Dried
1357 3025 103 26 oatmeal,
1483 3025 80 23 double
1583 3027 116 22 -barrelled
1721 3030 131 26 percussion

1259 3060 3 18 }
1321 3058 61 19 guns,

1259 3079 2 24 i
1267 3077 87 22 Roman
1364 3082 89 18 cement
1462 3079 23 21 in
1495 3077 137 30 puncheons,
1643 3081 91 27 barrels,
1747 3082 45 23 and
1801 3082 52 23 half

1319 3103 90 28 barrels,

1258 3134 2 14 i
1265 3129 87 24 Plaster
1362 3131 66 27 Paris,
1441 3133 130 22 Rotterdam
1582 3134 94 23 Geneva
1684 3135 23 22 in
1718 3142 69 21 cases,

1259 3171 1 13 i
1265 3157 82 23 Choice
1365 3159 67 22 wines
1453 3159 23 26 (a
1493 3161 44 21 few
1552 3162 79 26 cases,)
1651 3162 86 23 bottled
1752 3163 35 22 ale
1803 3164 45 22 and

1259 3183 9 37 |-
1319 3188 79 24 porter,

1259 3210 99 36 |Refined
1367 3220 72 20 sugar,
1451 3213 105 23 Blankets
1565 3215 45 22 and
1621 3215 112 28 druggets,
1876 3228 2 9 i

1259 3236 69 37 [Nails
1338 3239 30 21 all
1377 3239 67 28 sizes,,
1450 3240 67 22 black
1527 3241 43 22 and
1580 3242 54 22 drab
1644 3242 82 23 beaver
1735 3241 55 29 hats,

1259 3264 76 28 |Paper
1343 3265 117 29 hangings,
1472 3267 80 23 British
1561 3268 68 28 plate,

1259 3291 121 28 ?Tin-ware,
1390 3293 90 22 kitchen
1489 3301 87 20 ranges,
1585 3298 94 24 register
1684 3299 79 23 grates,

1259 3318 87 28 iiStoves,
1358 3326 76 21 ovens,
1444 3321 75 27 frying
1529 3328 60 20 pans,
1599 3329 142 21 campovens,
1747 3323 97 29 fenders,

1259 3345 138 28 {Casements,
1411 3347 176 28 .window-glass,
1605 3348 69 27 deals,
1691 3350 94 27 squared
1798 3350 48 29 flag

1259 3371 1 26 [
1315 3375 82 20 stones.

1259 3395 74 26 'Slates
1341 3400 45 22 and
1395 3401 82 27 sundry
1488 3401 87 28 surplus
1583 3404 78 25 stores,

1258 3434 2 32 j
1441 3432 132 28 Ridgways,
1590 3433 108 28 Guyton,
1714 3442 46 16 and
1775 3436 40 24 Co.

1258 3456 2 37 |
1288 3463 128 27 September
1425 3462 35 28 15,
1472 3465 59 21 1842.
1874 3456 3 45 j

1367 3509 40 21 On
1421 3509 70 26 Sale,
1507 3515 35 16 ex

1260 3541 132 51 HAMS,
1402 3542 84 23 bottled
1496 3543 60 27 beer,
1567 3544 77 28 coffee,
1654 3545 91 28 pickles,

1347 3568 58 24 Steel
1413 3576 60 21 pens-
1478 3570 46 22 and
1533 3570 97 28 holders,

1287 3596 96 22 Manilla
1390 3603 61 20 rope,

1286 3622 115 28 Superfine
1409 3623 65 27 flour,
1484 3623 67 28 cider,
1561 3625 94 28 brandy,
1874 3641 3 7 <

1285 3649 104 23 Mustard
1397 3651 45 22 and
1452 3650 80 28 starch,
1543 3659 61 21 soap,

1286 3676 108 29 Oatmeal,
1404 3677 61 22 linen
1476 3677 107 29 sheeting,
1872 3696 5 5 .

1285 3702 114 29 Blankets,
1409 3704 91 27 Turkey
1509 3705 48 28 figs,
1872 3698 5 16 l

1285 3729 90 28 Cheese,
1385 3734 87 19 mutton
1481 3731 71 28 hams,

1285 3756 46 28 Kip
1340 3757 45 22 and
1394 3757 45 23 sole
1449 3758 92 28 leather,

1284 3783 54 36 SSi?
1377 3784 10 22 1
1392 3784 57 27 beef)
1457 3792 30 16 ox
1493 3789 9 19 tOllt
1503 3793 44 20 011^
1547 3793 39 16 1168
1586 3802 8 11 *
1599 3787 80 23 rai«ns
1687 3788 45 22 and
1738 3793 103 19 currants

1284 3810 115 29 Whiskey,
1409 3818 93 21 oranges
1512 3813 44 22 and
1564 3813 94 26 lemons,
1667 3815 40 22 &c.

1337 3844 18 18 *
1460 3842 5 4 '
1472 3837 251 32 RIDGWA*S,*GuYTON,
1739 3843 20 21 &
1774 3843 38 22 Co.

1259 3865 1 5 '
1284 3862 99 24 October
1391 3865 20 26 3,
1423 3865 61 21 1843.
1503 3881 4 4 ,

1259 3903 173 53 QHkRTER
1440 3904 177 38 PARTIES^ibr
1624 3911 46 24 wit
1681 3916 65 20 atthe
1755 3915 88 22 Goraft*
1872 3915 5 20 f

202 687 55 21 For
270 687 116 22 London
401 687 93 26 direct,

213 720 92 29 rpHE
329 720 44 22 fine
402 721 40 21 fast
464 722 88 26 sailing,
578 723 21 21 A
620 725 19 24 1,

90 747 93 33 ffmL
220 742 27 27 X*
286 746 109 22 schooner
408 748 83 21 LADY
506 749 104 25 LEIGH,

57 790 2 7 ,
70 768 134 39 jflfeS^L
226 775 40 20 109
275 777 51 19 tons
340 774 102 28 burthen,
452 775 47 22 will
515 776 42 22 sail
573 777 67 22 about

63 798 144 37 2K|_BBm
225 800 24 22 *h
252 808 12 14 e
273 802 34 20 Ist
317 800 130 23 November.

253 837 53 23 This
317 837 70 22 vessel
397 838 19 22 is
421 840 106 26 expected
538 840 22 22 in
571 841 69 21 about

228 868 37 19 ten
273 864 57 28 days
339 865 56 22 from
406 873 14 14 a
428 867 40 27 trip
478 868 34 20 via
520 866 119 23 Auckland

59 894 46 23 and
120 892 98 29 Sydney,
232 890 44 23 and
294 899 25 14 as
333 891 41 23 her
388 899 63 21 cargo
468 894 19 22 is
502 894 76 28 ready,
595 894 45 22 will

62 923 56 20 meet
127 919 55 23 with
190 918 128 23 immediate
329 919 111 27 despatch.

86 955 42 22 For
137 960 93 22 passage
240 953 58 27 only,
310 953 65 28 apply
385 956 24 18 to

374 987 80 23 Waitt
470 989 42 22 and
526 989 83 23 TvseK.

86 1019 143 26 Wellington,
240 1019 130 27 September
380 1021 33 24 19,
426 1022 58 20 1843.

199 1063 54 21 For
267 1064 116 21 London
399 1064 93 26 direct,

211 1099 90 24 HTWIE
320 1099 44 22 fine
386 1100 44 22 fast
449 1101 82 28 sailing
553 1103 84 27 barque

91 1123 97 37 figfg*
218 1123 28 24 JL
342 1127 206 27 GLENARM,

63 1149 144 41 >jßgjg|k
223 1153 22 21 A
266 1155 18 24 1,
305 1155 40 20 300
366 1155 111 33 tons^H.
500 1156 52 27 Guy
576 1164 61 15 com-

59 1177 150 37 g_j*_gjSg»
223 1179 105 25 mander;
343 1179 40 22 has
393 1180 103 23 first-rate
510 1189 127 16 accommo-

59 1205 149 31 TBffiEBJBF
224 1205 75 23 dation
318 1207 34 21 for
370 1214 133 25 passengers,
526 1210 43 21 and
592 1210 44 22 will

223 1233 117 28 positively
348 1233 42 23 sail
399 1233 43 23 this
451 1235 86 22 month.

86 1261 42 22 For
143 1260 82 27 freight
235 1267 25 15 or
273 1268 99 20 passage,
382 1261 64 28 apply
461 1264 23 19 to
494 1262 38 22 the
542 1263 94 28 Captain

44 1296 4 5 '
56 1296 30 14 on
96 1287 75 26 board,
184 1294 24 14 or
218 1290 23 19 to

298 1314 21 22 J.
336 1313 120 24 Boulcott
470 1316 21 21 &
505 1316 48 27 Co.,

415 1341 108 24 Lambton
534 1343 73 27 Quay.

82 1369 127 26 Octobers,
221 1370 61 20 1842.

81 1400 86 23 N.B.—
167 1399 49 23 The
234 1400 92 28 Captain
337 1400 43 21 will
397 1403 40 19 not
451 1402 29 21 be
498 1402 137 27 responsible

54 1428 34 22 for
98 1435 44 21 any
145 1426 71 23 -debts
225 1426 128 22 contracted
362 1426 31 27 by
404 1427 36 22 the
449 1436 65 14 crew.

197 1472 54 21 For
266 1472 114 21 London
397 1472 92 22 direct.

113 1509 55 23 m_sT
227 1510 9 15 f
244 1510 10 18 I
262 1504 57 23 IHE
342 1505 44 22 fine
411 1505 39 22 fast
475 1507 80 25 sailing
583 1509 49 23 brier

87 1523 99 42 jggfc.
234 1523 28 31 1
345 1533 203 26 VICTORIA,

84 1557 132 33 JPSSSSyr
239 1560 40 21 3°o
294 1563 54 23 toss,
366 1559 89 24 Sinclair
483 1565 90 24 master,
588 1562 44 22 will

239 1588 40 23 sail
288 1588 36 22 for
339 1588 91 23 London
435 1596 33 16 .on
484 1597 24 15 or
517 1590 69 22 about
594 1590 37 21 the

61 1613 160 38 fg_SSS9
239 1623 10 21 I
253 1624 19 18 st
290 1621 131 27 December,
440 1622 82 28 having
541 1623 30 22 all
592 1622 42 23 her

242 1648 56 22 dead
314 1648 81 27 weight
411 1650 111 27 engaged;
539 1650 38 22 she
592 1650 40 21 has

53 1683 60 15 room
124 1675 54 28 only
186 1675 37 22 for
233 1682 13 15 a
255 1675 41 22 few
306 1678 49 19 tons
365 1675 27 21 of
396 1675 53 27 light
458 1677 77 27 goods.

78 1708 44 21 For
139 1715 100 21 passage,
256 1706 82 28 having
356 1714 54 21 very
428 1709 97 27 superior
544 1716 88 15 accom-

51 1735 120 26 modation,
183 1734 65 28 apply
262 1738 22 17 to

364 1760 79 24 Waitt
459 1762 44 22 and
517 1764 85 21 Tyser.

77 1788 145 27 Wellington,
234 1788 49 22 Oct.
295 1789 32 26 13,
340 1789 59 21 1843.

185 1833 118 26 Passage
320 1834 28 19 to
370 1833 123 22 London.

58 1875 15 9 '"
74 1871 10 12 s<
85 1862 82 38 _C__gl
202 1866 92 34 HpHE
305 1868 62 25 Tyne,
378 1866 66 27 being
454 1867 73 22 under
535 1875 95 20 engage-

73 1890 108 27 .gSCresk
209 1890 30 25 JL
277 1896 63 19 ment
357 1897 23 18 to
399 1893 47 22 load
465 1894 55 23 wool
538 1898 24 19 at
578 1894 53 23 Port

51 1917 145 33 <*_M__E_»
216 1918 92 28 Phillip,'
320 1919 81 22 should
415 1920 144 25 inducement
567 1921 61 26 offer,

49 1942 157 24 mNHDKt
213 1945 45 19 she-
270 1945 43 19 will
330 1943 43 21 cafi
386 1945 53 19 here
451 1951 32 14 on
492 1945 149 26 heirwttyw

78 2008 41 22 For
132 2013 91 22 passage
235 2005 58 28 only,
304 2006 81 32 haying
395 2007 98 26 superior
503 2014 126 14 accommo-

50 2035 91 26 dations,
153 2033 67 28 apply
230 2037 23 17 to
264 2033 91 28 Captain
367 2033 129 26 Robertson,
508 2041 25 14 or
541 2037 23 18 to

307 2066 113 23 Bethune
434 2066 43 23 and
491 2067 108 22 Hunter.

75 2101 144 26 Wellington,
230 2099 89 28 August
330 2101 31 25 15,
374 2101 61 24 1843,

78 2146 51 21 For
145 2145 163 24 Newcastle,
319 2146 68 19 New
402 2145 83 22 South
499 2146 100 25 Wales,

89 2182 73 34 *iK_SL
214 2187 91 29 npHE
333 2187 42 22 fine
404 2188 40 21 fast
472 2188 80 28 sailing
580 2188 49 28 brig

79 2209 112 38 «a_^;v
220 2218 29 19 J-
358 2215 175 27 GANNET,

76 2237 130 39 kJt/Sr_tSi
225 2242 41 21 322
286 2246 50 17 tons
353 2241 101 28 burthen,
474 2242 44 22 will
538 2242 90 23 sairfor

54 2263 152 38 -jBg^MEgT
226 2267 37 23 the
281 2268 70 22 above
368 2272 50 23 port
432 2276 26 15 on
475 2269 98 28 Sunday,
589 2270 38 21 the

51 2291 55 30 'Hnil"
105 2304 4 7 :
108 2291 102 31 %r^_3P
226 2294 50 23 15th
287 2296 91 21 instant.

75 2329 110 23 Steamers
193 2328 64 23 leave
270 2329 123 22 Newcastle
409 2329 33 23 for
460 2331 90 27 Sydney
560 2338 66 21 every

47 2355 65 23 other
129 2356 50 27 day,
191 2355 45 22 and
250 2355 37 23 the
305 2364 91 19 passage
413 2357 18 21 is
444 2357 65 22 made
519 2358 24 21 in
560 2365 66 15 seven

48 2382 73 23 hours.

74 2409 44 23 For
132 2409 83 27 freight
228 2416 25 15 or
266 2416 98 21 passage,
376 2409 65 28 apply
449 2414 24 20 to
489 2411 43 21 Mr.
543 2411 83 22 Nichol

47 2442 28 16 on
87 2436 74 27 board,
172 2443 25 14 or
206 2439 24 19 to

362 2463 80 25 Waitt
456 2464 45 22 and
514 2465 83 23 Tyser.

75 2489 97 23 October
181 2491 19 24 6,
214 2491 58 21 1843.

209 2535 54 20 For
272 2535 85 22 China
371 2535 92 27 direct,

56 2569 105 37 '•^jjjggi
200 2571 91 35 npHE
314 2571 51 29 fine,
381 2571 44 22 fast
443 2573 81 28 sailing
541 2574 85 28 barque

213 2625 21 22 A
249 2627 18 25 1,
287 2627 42 20 600
351 2629 56 23 tons,
426 2627 23 21 T.
472 2628 71 21 Grant
564 2636 61 15 com-

49 2649 149 37 mHHEj
212 2652 98 27 mander,
319 2652 42 22 will
369 2653 40 21 sail
419 2653 21 22 in
446 2654 30 21 all
484 2654 42 22 this
533 2655 78 22 month
617 2664 6 18 ;

213 2678 39 22 has
261 2679 103 22 first-rate
382 2681 199 22 accommodations
590 2682 36 22 for

207 2713 136 20 passengers.

72 2731 42 23 For
127 2731 82 27 freight
224 2740 24 14 or
257 2740 97 20 passage,
366 2733 67 27 apply
442 2736 21 19 to
478 2734 37 21 the
532 2736 93 27 Captain

45 2765 28 15 on
82 2759 77 28 board,
170 2766 25 14 or
204 2763 22 17 to

291 2786 21 21 J.
329 2786 117 23 Boulcott
461 2788 21 22 &
497 2789 45 24 Co.,

407 2813 106 24 Lambton
525 2816 71 25 Quay.

70 2838 97 23 October
175 2841 20 25 6,
207 2841 63 20 1843.

149 2884 41 21 On
205 2884 69 26 Sale,
291 2890 36 16 ex.

217 2919 126 22 IRON.

250 2973 131 28 RiDcnvAvrs,
399 2974 104 28 Guyton,
519 2976 21 22 &
556 2977 39 22 Co.

68 3002 144 29 Wellington,
223 3004 97 22 October
331 3006 32 25 13,
375 3007 60 20 1843.

225 3049 40 20 To
280 3049 159 27 Surveyors,

40 3082 89 49 FOR
144 3081 86 27 SALE,
245 3089 15 14 a
273 3081 105 23 first-rate
397 3084 176 30 Circumferator,
588 3087 36 23 six

113 3108 77 22 inches
209 3108 24 21 in
251 3108 115 27 diameter,
386 3110 79 23 almost
481 3112 60 27 quite
557 3121 49 14 new
615 3122 6 19 ;

39 3134 47 23 also
96 3141 30 15 an
136 3134 112 23 excellent
254 3135 50 22 four
313 3136 49 26 pole
371 3136 71 28 chain,
450 3138 50 22 that
506 3139 41 22 has
554 3147 70 17 never

39 3161 57 25 been
106 3161 23 22 in
139 3168 49 20 use,
198 3161 53 22 with
262 3162 56 28 pins,
331 3162 39 23 &c.

66 3188 77 29 Apply
151 3192 25 19 to

299 3216 114 23 Bethune
426 3218 44 23 and
485 3219 109 24 Hunter.

64 3242 100 23 October
172 3244 20 25 6,
204 3243 61 22 1843.

65 3288 121 21 ROYAL
215 3288 173 22 VICTORIA
418 3290 175 28 THEATRE,

167 3329 109 16 MANNERS
290 3330 93 20 STREET,
400 3331 28 15 TE
442 3332 51 15 ARO.
512 3318 11 12 X

41 3353 91 49 THE
141 3353 153 29 performance
304 3362 29 14 on
341 3355 106 30 Saturday
454 3358 99 28 evening
558 3362 63 25 next,

101 3380 45 22 will
162 3387 129 16 commence
306 3382 52 22 with
377 3383 52 22 The
443 3384 136 24 Innkeeper
595 3394 27 14 of

40 3406 140 26 Abbeville,
192 3413 29 16 or
231 3415 45 15 the
292 3408 92 24 Ostler
402 3418 42 14 and
460 3419 47 15 the
517 3412 103 23 Robber.

37 3433 47 22 and
92 3434 46 21 will
155 3433 108 23 conclude
277 3435 53 22 with
340 3436 97 23 Cherry
444 3438 104 24 Bounce.

65 3465 22 21 A
96 3465 86 26 variety
188 3465 27 22 of
220 3465 87 28 singing
317 3467 78 29 during
405 3469 36 22 the
449 3471 104 25 evening.

205 3510 89 22 Beach
311 3512 140 30 Frontage.

40 3543 66 48 TO
120 3543 40 23 BE
174 3543 73 28 LET,-
254 3545 72 23 beach
334 3546 101 29 frontage
446 3549 45 23 lots
500 3550 25 23 in
535 3554 86 20 section

110 3572 43 20 490
162 3577 29 15 on
207 3570 39 22 the
255 3571 56 23 Plan
321 3573 25 21 of
353 3573 39 23 the
400 3575 66 24 Town
480 3578 27 21 of
513 3578 108 26 Welling-

37 3597 47 25 ton,
94 3597 117 28 adjoining
219 3598 44 22 Mr.
271 3598 87 24 Taine's
365 3604 68 25 store;
446 3604 46 21 and
500 3604 24 23 in
534 3605 85 23 section

35 3623 49 27 •816,
92 3623 100 24 between
200 3625 75 27 Major
280 3625 93 24 Baker's
383 3628 43 23 and
435 3630 42 23 ifr.
486 3631 134 24 Swainson's

40 3655 85 18 nouses.

65 3676 54 23 Also
129 3677 38 23 the
174 3677 114 29 following
296 3680 97 23 sections
402 3689 29 15 on
440 3684 37 22 the
484 3684 55 23 Plan
548 3686 27 21 of
580 3686 39 23 the

40 3709 73 22 *own,
123 3705 46 22 via:
171 3715 28 6 —

137 3736 27 23 55
298 3740 43 21 319
486 3745 41 21 922

70 3787 6 5 .
124 3764 42 21 ™>
299 3765 41 22 718
473 3771 54 23 1079

61 3787 77 29 Apply
150 3793 24 19 ft
298 3794 3 3 '
315 3813 4 4 ,
353 3802 16 11 ,-.

210 3817 27 23 R
251 3818 22 23 J.
288 3818 187 30 WAKEFIELD.or

40 3867 38 7 .-_.
200 3865 7 9 r
207 3844 36 21 W.
258 3844 28 23 V.
301 3845 108 29 Brewer,
423 3850 191 26 Manners-street.

35 3882 92 41 JBW
140 3881 182 36 OPENIHVand
331 3897 29 16 on
370 3892 51 23 Sal*
430 3897 20 19 at
459 3894 39 23 the
507 3895 73 24 Olfic.
590 3890 28 30 o>

32 3912 29 18 •M
97 3912 43 22 tliu
150 3912 76 31 P«pw,
237 3920 42 22 nm
284 3916 75 26 stands
369 3922 25 19 of
397 3926 90 20 jytijous
497 3928 63 18 m«.
