2520 4029
1516 948 100 23 FLAX.

1886 139 55 15 near
1950 138 15 15 a
1975 130 137 23 remarkable
2122 133 136 26 totara-tree,
2274 131 59 23 their
2340 134 116 29 forefather!

1886 157 70 23 killed
1965 158 39 21 tbe
2016 157 43 22 last
2179 158 126 22 Meantime
2319 166 15 14 a
2342 160 67 24 friend
2421 163 34 26 has

1887 185 57 22 been
1956 191 24 14 so
1988 184 67 26 polite
2061 191 24 14 as
2095 186 23 19 to
2128 187 38 23 put
2171 184 49 22 into
2226 192 38 20 my
2272 185 80 27 hands,
2361 194 12 14 a
2382 195 49 22 copy
2437 194 20 21 of

1888 210 38 23 the
1941 211 84 26 Sydney
2038 211 99 25 Morning
2152 212 87 25 Herald,
2258 212 27 21 of
2298 211 50 22 date
2363 215 24 20 26
2403 218 47 27 July

1888 238 59 26 1843,
1959 237 129 27 containing
2097 244 34 15 an-
2136 241 95 18 account
2240 238 25 21 of
2272 245 14 14 a
2297 237 80 24 similar
2385 236 70 31 collec'

1888 263 47 22 tion
1947 264 27 21 of
1987 264 78 27 bones;
2083 264 29 26 by
2123 263 99 22 Richard
2232 264 78 26 Owen,
2321 264 59 29 Esq.,
2390 269 23 21 of
2424 271 31 24 the

1889 290 94 22 London
2160 290 46 22 anid
2215 290 38 21 did
2268 290 49 21 that
2324 293 131 28 gentleman's

1888 316 151 22 observations
2048 316 54 21 offer
2117 316 67 23 much
2197 323 48 15 new
2255 316 145 30 information,
2411 322 44 28 they

1889 342 73 23 would
1978 350 30 15 no
2019 342 69 22 doubt
2096 342 58 23 have
2168 342 122 23 interested
2305 350 55 20 your
2372 348 77 24 readers

1889 369 12 22 I
1911 377 51 20 may
1973 370 91 21 observe
2077 369 75 22 before
2166 369 142 27 concluding,
2319 369 48 23 that
2377 372 33 22 the
2418 377 37 23 col-

1888 395 82 23 lection
1981 396 117 22 examined
2104 396 29 27 by
2144 396 44 21 Mr.
2201 396 77 26 Owen,
2290 403 80 20 appear
2378 401 21 19 to
2408 400 47 27 have

1888 422 57 22 been
1957 430 52 20 very
2020 422 82 22 similar
2117 426 22 17 to
2156 422 47 22 that
2218 422 12 23 I
2245 422 47 22 had
2301 422 37 22 the
2352 423 78 27 honour
2438 433 19 21 of

1889 448 132 28 describing,
2033 448 44 23 and
2089 448 49 22 that
2147 456 29 15 no
2184 452 50 24 part
2243 449 27 22 of
2281 449 38 22 the
2334 450 53 23 head
2397 454 24 21 of
2425 456 30 24 the

1890 475 55 22 Moa
1959 476 41 21 has
2009 483 25 14 as
2048 480 37 22 yet
2095 482 61 15 come
2172 475 72 22 under
2253 475 38 22 the
2306 477 71 22 notice
2386 480 24 21 of
2420 488 34 21 any

1889 502 150 28 comparative
2049 502 133 22 Anatomist.
2211 502 49 22 The
2268 506 61 19 want
2338 504 25 21 of
2373 504 39 23 this
2422 508 33 23 im-

1888 532 89 28 portant
1983 533 100 22 segment
2087 529 27 21 of
2115 528 37 23 the
2158 528 102 23 skeleton
2265 529 19 22 is
2290 533 22 18 to
2317 530 28 22 be
2351 535 103 24 regretted,

1888 561 24 15 in
1928 563 24 14 as
1971 555 67 22 much
2055 562 24 15 as
2095 555 36 22 the
2147 555 153 23 examination
2315 557 27 20 of
2352 563 103 22 numerous

1889 585 60 23 parts
1959 582 27 21 of
1992 582 38 21 the
2039 581 97 22 skeleton
2147 582 44 22 will
2200 582 23 22 in
2234 589 69 20 many
2312 582 111 31 instances,
2428 593 27 17 nof

1888 608 80 22 enable
1979 608 37 22 the
2027 608 148 27 comparative
2185 609 129 22 Anatomist
2323 613 24 18 to
2356 614 52 19 state
2417 621 38 20 pre-

1889 635 68 27 cisely
1964 635 58 22 what
2030 642 51 20 may
2086 635 57 22 have
2156 636 59 21 been
2223 636 40 22 the
2271 636 59 22 form
2337 637 26 22 of
2368 637 35 23 the
2408 646 48 22 parts

1888 662 120 26 awanting.
2038 663 44 21 Mr.
2093 662 68 21 Owen
2173 662 12 22 I
2196 662 102 28 perceive
2312 663 40 22 has
2362 671 22 14 so
2393 666 30 22 far
2430 675 25 15 re.

1888 690 71 19 stored
1968 688 37 23 the
2015 688 43 23 lost
2065 692 61 24 parts
2135 689 26 21 of
2166 688 40 23 the
2216 689 109 27 skeleton,
2337 697 24 16 as
2370 694 20 19 to
2399 693 43 25 give
2446 704 10 15 a

1889 722 49 15 new
1955 723 65 14 name
2036 720 21 17 to
2077 715 36 22 tbe
2124 715 55 27 bird,
2197 716 46 21 and
2259 723 32 15 we
2306 724 37 14 are
2354 718 96 27 informed

1888 741 48 23 that
1959 750 33 14 we
2011 746 58 18 must
2086 742 53 22 look
2162 743 23 21 in
2205 742 77 23 futare*
2298 741 159 32 Ornithological

1889 769 132 27 Catalogues
2039 769 35 22 for
2090 769 38 22 the
2147 770 63 26 Moa,
2229 770 74 22 under
2327 770 37 23 the
2382 772 43 23 title
2441 777 18 22 of

1887 796 114 21 Deinornis
2009 797 65 20 Novae
2083 797 125 22 Zealandice.

1914 823 75 22 There
2008 831 41 14 can
2068 823 28 22 be
2116 824 56 21 little
2190 824 70 22 doubt
2277 824 47 23 that
2341 825 36 22 the
2392 828 65 25 period

1888 849 65 22 when
1964 857 32 14 we
2007 850 53 21 shall
2070 850 57 21 have
2136 857 40 15 our
2186 857 48 15 own
2251 850 131 28 Museum's,
2397 853 18 22 is
2428 861 29 19 not

1888 876 33 21 far
1940 876 90 26 distant,
2049 876 45 22 and
2116 877 10 21 I
2145 877 112 22 therefore
2280 880 64 24 trust,
2363 879 45 22 that
2425 889 30 16 out

1888 902 87 22 friends
1992 907 22 18 at
2030 903 55 22 New
2102 903 127 27 Plymouth,
2248 905 95 27 Poverty
2363 906 50 28 Bay,
2424 911 33 22 and

1889 929 126 27 elsewhere,
2037 930 42 21 will
2103 930 79 22 enable
2207 938 36 15 me
2264 934 23 19 to
2309 932 103 28 complete
2430 943 27 20 my

1889 957 140 21 observation
2039 964 28 15 on
2078 956 36 23 the
2126 957 66 27 Moa;
2204 958 53 26 and,
2268 963 24 17 at
2298 958 37 23 the
2341 966 57 16 same
2408 961 48 28 timo,

1888 990 103 20 preserve
2009 984 35 21 for
2062 983 124 27 inspection
2204 986 24 21 in
2247 985 37 22 the
2309 985 54 23 land
2385 988 24 21 of
2427 996 30 16 out

1888 1009 113 28 adoption,
2011 1010 30 22 its
2052 1017 58 15 more
2121 1011 139 23 remarkable
2270 1012 147 28 productions.

1998 1037 10 22 I
2020 1044 42 20 am,
2075 1045 35 20 my
2121 1037 54 22 dear
2185 1038 42 26 Sir,

2106 1064 58 22 Ever
2176 1066 58 27 truly
2244 1067 84 26 your's,

2201 1092 71 23 Fred.
2284 1094 24 21 J.
2319 1094 75 26 Kxox,
2407 1096 46 23 M.D

1889 1118 142 27 Wellington,
2043 1118 95 22 October
2150 1120 31 24 11,
2196 1120 58 22 1843.

1426 1334 72 23 THE
1528 1334 176 23 THEATRE.

1308 1004 51 24 Our
1387 1006 152 30 enterprising
1566 1010 125 19 townsman
1721 1006 48 23 Mr.
1796 1006 62 23 John

1274 1036 80 30 Wade,
1366 1045 110 24 purposes
1488 1038 149 31 establishing
1648 1047 14 15 a
1674 1039 68 31 depot
1753 1040 35 23 for
1801 1038 57 25 Flax

1274 1071 24 23 in
1310 1070 98 24 Palliser
1420 1071 58 31 Bay,
1491 1072 23 23 in
1526 1071 44 25 lieu
1592 1073 27 23 of
1632 1072 36 24 his
1688 1073 100 31 whaling
1808 1077 47 19 sta-

1274 1104 55 28 tion,
1342 1104 72 23 which
1427 1104 41 24 has
1479 1110 40 18 not
1530 1105 81 24 turned
1624 1111 39 18 out
1684 1113 24 16 so
1729 1106 127 23 successful

1274 1145 25 15 as
1312 1137 65 23 could
1394 1137 55 24 have
1468 1139 56 23 been
1545 1139 96 23 desired.
1680 1139 46 24 Mr.
1749 1139 71 23 Wade
1841 1140 17 22 is

1275 1171 109 29 sanguine
1396 1171 26 23 of
1430 1172 70 30 being
1510 1172 49 23 able
1567 1176 23 19 to
1601 1172 76 23 obtain
1686 1180 12 15 a
1709 1172 64 31 large
1785 1179 72 24 quan-

1273 1203 42 31 tity
1327 1203 25 23 of
1369 1203 135 24 Phormium
1522 1204 75 24 Tenax
1609 1205 58 23 from
1688 1205 38 23 the
1746 1207 112 22 immense

1275 1236 44 24 and
1342 1245 57 23 open
1424 1237 88 24 district
1535 1238 24 23 of
1587 1238 141 32 Wairarapa,
1752 1239 43 23 and
1827 1246 31 15 we

1273 1270 96 30 heartily
1381 1270 56 24 wish
1451 1271 46 23 him
1510 1278 99 16 success.

1982 1179 212 24 SUPREME
2220 1181 161 24 COURT.

2056 1237 108 21 October
2193 1238 20 25 2,
2244 1238 61 26 1843,

1889 1270 79 25 Before
1978 1270 31 20 hit
2019 1270 74 20 Honor
2105 1270 93 20 William
2207 1270 90 26 Martin,
2312 1272 63 25 Chief
2383 1274 73 23 Jutttce,

139 652 289 20 METEOROLOGICAL
443 652 146 24 TABLE

108 1800 170 23 SHIPPING
297 1800 271 23 INTELLIGENCE.

1308 1388 57 24 This
1387 1388 64 32 place
1470 1390 26 22 of
1510 1396 139 18 amusement
1671 1391 19 23 is
1711 1391 88 31 greatly
1815 1391 42 23 im-

1272 1422 103 30 proving,
1388 1422 53 23 both
1456 1430 24 15 as
1493 1423 91 30 regards
1595 1423 37 23 the
1642 1424 76 31 acting
1727 1424 44 24 and
1782 1426 75 30 pieces

1271 1454 121 31 produced.
1430 1455 39 23 On
1490 1456 105 30 Tuesday
1608 1456 66 31 night
1689 1457 52 29 last,
1754 1458 39 24 the
1804 1465 53 24 per-

1271 1487 128 24 formances
1411 1489 114 24 consisted
1541 1489 25 23 of
1580 1497 14 15 a
1616 1489 150 25 melo-draraa
1786 1491 71 23 called

1272 1520 39 24 the
1350 1521 130 31 Innkeeper
1493 1522 24 23 of
1531 1522 129 29 Abbeville,
1674 1531 24 15 or
1720 1524 37 23 the
1780 1524 77 24 Ostler

1272 1553 44 25 and
1334 1554 38 23 the
1536 1556 42 23 and
1602 1557 37 22 the
1658 1556 121 32 laughable
1797 1558 60 23 farce

1271 1587 27 24 of
1342 1588 88 31 Cherry
1603 1590 53 22 with
1679 1590 62 24 three
1762 1599 25 15 or
1808 1591 49 23 four

1272 1628 78 24 songs.
1395 1621 52 24 The
1466 1623 75 30 pieces
1559 1630 58 16 were
1630 1624 101 22 received
1751 1624 53 24 with
1817 1631 40 23 ap-

1270 1653 87 32 plause,
1386 1654 44 24 and
1458 1655 44 23 will
1522 1656 27 22 be
1579 1656 113 31 produced
1721 1659 66 29 again
1812 1657 45 23 this

1271 1687 103 31 evening.
1402 1688 41 23 We
1464 1694 59 17 must
1538 1695 40 17 not
1599 1691 56 22 omit
1667 1691 141 31 mentioning
1819 1690 38 24 the

1270 1720 79 28 ladies,
1374 1721 49 23 who
1449 1722 91 24 deserve
1568 1731 67 22 every
1660 1724 71 23 credit
1755 1724 36 24 for
1820 1724 37 23 the

1270 1762 94 15 raannei
1380 1755 21 23 in
1414 1755 74 23 which
1502 1755 50 31 they
1566 1757 139 31 accomplish
1716 1757 60 24 their
1786 1762 71 28 parts,

1272 1786 52 24 with
1338 1788 118 23 increased
1474 1790 128 22 confidence
1623 1798 61 23 upon
1703 1791 38 23 the
1760 1791 96 30 produc-

1272 1821 47 22 tion
1332 1821 26 22 of
1373 1828 66 23 every
1453 1830 48 15 new
1512 1823 71 29 piece.

1464 1884 202 23 RUNAWAYS.

270 1849 140 21 ARRIVED.

80 1882 92 22 October
187 1884 34 23 12,
231 1884 69 19 cutter
310 1883 130 25 Enterprise,
454 1884 24 19 10
491 1883 73 23 Bathe,
579 1883 54 20 from

50 1910 88 20 Nelaon.

289 1960 115 20 SAILED.
502 1962 6 10 *

80 1992 93 20 October
188 1992 34 24 12,
239 1992 118 26 brigantine
372 1992 79 24 Scotia,
462 1991 34 24 fi,
512 1991 71 24 Ward,
601 1991 33 20 for

49 2019 92 19 Akaroa.

1305 1937 43 22 We
1357 1938 63 20 learn
1432 1940 31 26 by
1475 1942 32 18 atf
1516 1939 93 21 Hobart
1629 1941 73 20 To^n
1809 1942 49 20 that

1271 1973 39 19 out
1322 1969 26 23 of
1364 1969 37 23 the
1414 1969 54 23 nine
1481 1978 49 15 men
1544 1971 49 22 who
1615 1978 58 17 were
1691 1973 122 24 sentenced
1834 1978 23 17 at

1272 2002 38 23 the
1322 2002 90 31 sittings
1426 2002 26 24 of
1468 2003 36 23 the
1524 2004 112 29 Supreme
1658 2004 71 24 Court
1748 2006 23 23 in
1790 2005 67 31 April

1270 2035 46 23 last
1327 2040 22 18 to
1363 2037 182 29 transportation,
1556 2043 45 17 two
1615 2045 56 15 were
1684 2046 105 25 runaway
1803 2047 53 15 con-

1271 2069 56 23 victs
1348 2068 58 24 from
1431 2068 53 24 Van
1503 2070 119 24 Diemen's
1644 2070 75 30 Land,
1739 2073 44 23 and
1805 2072 51 24 four

1270 2102 59 23 from
1356 2102 101 31 Sydney.
1505 2103 56 23 This
1585 2105 20 22 is
1635 2105 151 31 satisfactory,
1813 2106 43 22 and

1272 2136 65 23 bears
1368 2140 38 19 out
1432 2136 39 23 the
1500 2137 91 30 opinion
1622 2139 120 30 expressed
1767 2139 28 30 by
1820 2138 38 24 the

1271 2168 73 31 Judge
1375 2168 26 24 of
1427 2169 38 24 the
1499 2170 89 31 County
1619 2171 70 24 Court
1718 2172 50 23 that
1797 2177 60 19 most

1272 2202 24 23 of
1329 2202 38 23 the
1399 2203 129 30 vagabonds
1557 2204 50 23 who
1637 2204 58 24 have
1725 2206 132 24 committed

1271 2242 104 17 excesses
1387 2236 24 23 in
1425 2236 45 23 this
1480 2237 70 31 place,
1565 2237 29 23 do
1615 2243 40 18 not
1673 2239 84 31 belong
1777 2244 22 19 to
1820 2239 37 23 the

1272 2269 122 30 emigrants
1406 2275 53 18 sent
1470 2275 38 18 out
1519 2270 29 31 by
1559 2270 40 24 the
1621 2272 126 31 Company,
1761 2272 41 24 but
1820 2280 38 16 are

1272 2301 38 24 the
1321 2301 74 25 refuse
1407 2303 27 23 of
1449 2303 37 23 the
1498 2304 167 31 neighbouring
1676 2305 106 25 colonies,

1478 2366 172 24 MARRIED.

1305 2422 33 24 At
1343 2418 52 28 'Kai
1407 2423 72 24 Wara
1492 2424 74 29 Wara,
1580 2433 29 15 on
1622 2425 38 24 the
1675 2426 55 24 10th
1744 2427 111 27 October,

1270 2455 31 31 by
1314 2455 37 24 the
1364 2456 59 23 Rev.
1444 2456 23 24 J.
1481 2457 149 30 Macfarlane,
1642 2459 51 23 first
1714 2460 102 24 minister
1836 2460 23 24 of

1272 2488 38 24 the
1330 2489 81 23 Scotch
1439 2489 101 31 Church,
1563 2491 74 30 N.Z.,
1649 2492 61 23 John
1729 2493 127 33 Campbell,

1272 2522 68 31 Esq.,
1353 2522 108 31 formerly
1473 2524 26 23 of
1514 2524 144 32 Edinburgh,
1672 2533 48 16 now
1738 2527 121 24 Protector

1272 2555 25 23 of
1322 2555 140 32 Aborigines
1488 2562 22 19 at
1531 2558 126 29 Taranaki,
1677 2564 25 19 to
1725 2560 132 30 Catherine,

1271 2589 112 31 daughter
1394 2590 26 23 of
1434 2590 33 24 D.
1482 2590 136 31 M'Donald,
1632 2592 69 33 Esq.,
1713 2594 109 31 formerly
1835 2594 23 24 of

1271 2622 222 31 Druim-an-Soran,
1507 2625 157 29 Argyleshire,
1679 2627 63 24 N.B.

1501 2687 118 24 BIRTH.

77 2046 92 22 October
180 2047 33 23 13,
229 2048 67 19 cutter
314 2046 129 26 Enterprise,
463 2046 33 24 10,
509 2046 72 24 Bathe,
600 2046 35 20 for

47 2074 89 20 Nelson.
532 2090 9 7 -,

79 2101 60 20 Same
158 2102 47 25 day,
230 2102 102 20 schooner
350 2102 72 24 Mana,
444 2102 34 22 27,
500 2102 80 24 Swany,
601 2100 34 21 for
642 2101 2 18 I

48 2129 38 20 the
94 2131 67 18 coast.
642 2125 2 30 j

80 2156 61 20 Same
157 2156 47 26 day,
225 2156 103 21 schooner
347 2157 76 20 Nelson
439 2156 87 23 Packet,
547 2156 33 23 20,
601 2156 34 19 for

51 2183 80 27 Cloudy
141 2183 47 26 Bay
197 2183 40 21 and
247 2183 127 26 WaDganui.

274 2233 34 20 IN
324 2234 83 21 PORT.

75 2268 84 27 Barque
195 2268 130 25 Indemnity,
362 2268 42 20 450
436 2271 58 20 tona,
533 2268 101 25 refitting.

47 2297 82 26 Agenti
134 2310 5 9 ,
151 2295 113 27 Ridgways
273 2296 42 20 and
327 2295 39 21 Co.

75 2324 112 20 Schooner
207 2324 59 25 Ann,
291 2324 28 20 22
339 2326 58 18 tons.
425 2323 54 21 Laid
504 2329 36 21 ap.

76 2352 110 20 Schooner
210 2351 64 26 Erin,
300 2352 27 19 25
353 2355 56 17 tons.
437 2351 54 20 Laid
501 2357 37 20 up.

75 2379 110 22 Schooner
190 2378 72 21 Maori
268 2379 74 27 Davis,
352 2379 24 20 15
384 2382 57 17 tons.
470 2378 122 27 Repairing.

76 2406 85 27 Barque
185 2406 73 26 Mary,
282 2407 42 20 534
348 2409 56 22 tons,
427 2407 75 21 Grant.
546 2407 89 26 Agents,

47 2434 115 26 Ridgways
173 2435 19 18 &
201 2434 41 20 Co.

75 2461 124 26 Brigantine
208 2462 68 23 Ariel,
286 2462 43 20 104
338 2464 57 22 tons,
408 2462 142 21 Cruikshank.
580 2462 55 26 Cap-

47 2489 54 24 tain,
111 2490 79 25 Agent.

77 2516 84 28 Barque
179 2517 106 25 Glenarm,
303 2516 42 22 297
360 2519 55 21 tons,
433 2516 56 27 Guy.
527 2517 108 24 Boulcott,

49 2544 77 26 Agent.

77 2571 50 27 Brig
139 2572 99 24 Gannett,
256 2571 40 21 322
314 2575 56 21 tons,
388 2572 94 21 Nicboll.
512 2572 66 21 Waitt
594 2572 41 20 and

48 2599 72 26 Tyser,
133 2599 88 26 Agents.

75 2626 51 27 Brig
146 2627 103 24 Victoria,
265 2629 40 20 220
319 2629 57 22 tons,
388 2627 100 21 -Sinclair.
518 2627 117 26 Ridgways,

48 2655 43 19 and
101 2654 48 25 Co.,
160 2654 89 27 Agents.

78 2681 108 22 Schooner
194 2682 109 26 Industry,
314 2683 25 21 24
351 2686 56 20 tons,
417 2683 82 26 Wylde.
529 2679 21 23 J.
563 2683 72 24 Wade,

49 2709 77 26 Agent.

65 2737 97 26 -Barque
177 2738 128 25 Brougham,
325 2737 48 21 22T.
393 2737 125 21 Robartaon.
547 2737 89 27 Agent*,

49 2764 101 20 Voulcott
160 2764 41 20 and
213 2765 40 20 Co.

1307 2741 99 24 October
1419 2743 23 26 6,
1456 2747 24 19 at
1492 2743 88 24 Craven
1594 2743 104 33 Cottage,
1713 2745 60 24 Mrs.
1787 2745 22 24 J.
1825 2745 29 22 G.

1272 2774 32 23 R.
1317 2774 85 29 Dixon,
1416 2775 26 24 of
1460 2783 12 16 a
1483 2776 121 30 daughter.

225 2827 120 19 CUSTOM
364 2827 105 19 HOUSE.

1473 2837 182 24 BAPTIZED.

1305 2892 38 23 On
1366 2893 108 30 Sunday,'
1488 2893 101 24 October
1608 2896 23 26 8,
1651 2899 24 19 at
1699 2896 34 23 St.
1758 2895 97 31 Mary's,

1271 2925 104 25 Catholic
1399 2926 95 31 Chapel,
1517 2927 30 31 by
1568 2928 39 23 the
1631 2928 105 24 Catholic
1766 2929 89 27 Pastor,

1269 2959 69 28 John,
1351 2967 40 16 son
1404 2959 26 24 of
1439 2959 60 24 John
1511 2960 44 24 and
1567 2961 124 24 Catherine
1703 2962 73 30 Kiog,
1789 2962 66 23 Wel-

1270 2992 94 29 lington.

198 2888 124 21 Inwards,
339 2888 146 20 Coastwise.

79 3034 29 21 In
123 3041 48 15 thb
331 3042 61 14 from
402 3036 108 20 Akaroa.
543 3037 66 20 Waitt
619 3036 18 25 if

54 3066 72 24 Tyter,
134 3063 89 26 Agents.
254 3064 9 20 1
282 3063 51 21 cask
349 3063 60 26 pork,
419 3063 19 21 'l
460 3063 50 21 cask
525 3063 81 25 arrack,
625 3065 11 19 1

50 3091 68 25 ullage
128 3091 44 24 do.,
184 3091 10 21 1
205 3097 48 15 case
263 3091 64 25 slops,
338 3091 27 21 46
374 3090 60 22 casks
443 3089 63 23 black
516 3091 37 20 oil.

81 3124 29 20 In
119 3128 49 15 tbe
377 3129 61 14 from
449 3122 50 21 Kai
510 3122 75 22 Kora.
614 3124 22 20 /.

56 3150 72 25 Wade,
138 3150 70 25 Agent
209 3150 35 25 Ai
253 3152 50 20 tuns
311 3150 62 24 black
386 3150 39 21 oil-

81 2918 27 21 In
118 2924 48 16 tbb
339 2926 62 15 from
418 2920 129 21 Kapuii.
548 2921 88 24 Master,

51 2947 75 26 Agent.
158 2948 13 20 6
180 2947 60 22 casks
250 2948 56 23 beef,
317 2950 12 18 2
337 2954 59 15 cases
405 2954 60 20 soap,
475 2949 14 20 3
498 2948 50 27 bags
558 2950 51 23 rice,
624 2950 12 19 2

48 2973 55 26 .kegs
118 2975 64 26 nails,
193 2976 11 20 6
223 2976 59 21 casks
292 2976 83 21 bottled
391 2976 39 23 ale,
438 2977 16 19 8
470 2981 59 15 eases
544 2976 63 26 slops,
626 2977 10 20 1

51 3001 50 20 cask
110 3002 63 25 flour,
183 3003 14 20 ti
207 3009 58 14 cases
271 3003 63 24 wine,
345 3004 11 19 1
364 3003 59 21 chest
431 3006 41 21 tea,
483 3004 13 19 3
508 3003 49 25 bags
565 3004 71 20 coffee.

81 3183 29 21 In
118 3188 50 16 the
340 3187 64 17 from
417 3182 112 22 Akaroa.
557 3183 80 26 Eagar,

52 3209 135 27 Jigent.-*-60
203 3210 61 21 casks
278 3211 61 21 black
349 3211 38 24 oil,
402 3210 16 25 J
426 3213 39 20 ton
479 3210 127 24 whalebone,
625 3213 12 19 5

54 3237 62 21 caiks
125 3237 64 26 pork,
200 3238 10 20 1
223 3239 36 19 ton
269 3238 64 24 floury
343 3237 26 22 10
378 3238 64 21 boxes
452 3244 58 19 soap.

193 3312 139 17 OUTWARDS,
357 3313 140 15 COASTWISE.

84 3341 27 21 In
120 3347 49 15 the
342 3347 44 15 for
395 3342 104 20 TXvibov.
501 3342 137 26 Ridgtcays

52 3369 44 20 and
106 3368 44 25 Co.,
160 3368 87 26 Agents.
277 3369 40 20 200
327 3368 77 21 barrels
419 3369 61 25 flour,
492 3369 27 21 40
529 3369 49 25 ba^s
593 3370 45 20 cof-

52 3396 42 24 fee,
110 3396 29 20 36
153 3396 35 20 do.
204 3402 69 20 sugar,
292 3396 13 19 6
323 3396 60 20 casks
392 3396 73 27 sherry
480 3397 63 24 wine,
553 3397 12 20 4
583 3403 55 20 pun-

53 3423 78 21 cheons
142 3423 95 24 cement/
245 3423 12 20 1
268 3423 47 20 bale
324 3422 102 25 blankets,
438 3425 10 19 1
463 3424 69 24 horse,
543 3425 12 19 4
565 3425 53 25 lays,
625 3425 13 19 3

53 3450 57 22 slabs
120 3451 70 25 wood,
197 3452 12 20 4
221 3450 60 21 casks
292 3456 69 20 sugar,
374 3451 9 19 1
395 3451 48 19 cask
451 3451 71 24 shirts,
534 3452 11 20 1
556 3452 82 26 writing

52 3477 58 21 desk.

82 3511 28 22 In
118 3517 48 16 tkr
324 3516 45 15 for
376 3510 179 21 Manawatu.
562 3512 75 25 Agent,

50 3540 96 25 .Syvtons.
178 3540 10 20 1
198 3539 93 28 package
301 3538 91 25 farming
401 3538 141 26 implements,
554 3539 10 20 1
572 3539 65 25 pack-

52 3573 39 19 age
106 3566 97 24 blankets
220 3567 41 21 and
278 3566 77 27 prints,
373 3566 13 19 2
402 3565 35 24 dp.
453 3565 102 26 clothing,
570 3566 11 23 4
599 3568 38 18 ton

51 3594 62 25 floor,
122 3595 16 21 3
146 3597 48 18 cwt.
205 3601 70 21 sugar,
285 3594 28 20 40
324 3592 85 21 bushels
421 3592 78 27 barley,
511 3593 13 20 3
535 3594 34 19 do.
583 3596 54 21 oats,

52 3621 12 20 1
75 3622 111 20 chetttea.

78 3652 31 24 I**
127 3659 49 16 thjb
356 3656 46 17 for
419 3652 101 24 Kaputi.
549 3653 89 24 Master,

51 3681 76 26 Agent.
157 3682 13 21 8
180 3681 62 21 casks
251 3681 56 24 beef,
323 3681 14 21 2
346 3686 58 15 cases
410 3686 62 20 .soap,
482 3681 14 19 3
505 3681 52 26 bags
566 3681 50 23 rice,
625 3681 13 21 3

51 3708 52 27 kegs
113 3709 62 22 nails,
193 3709 13 21 6
216 3709 61 21 casks
292 3708 81 21 bottled
383 3708 43 24 .ale,
444 3708 14 20 8
468 3711 58 17 cases
543 3708 63 27 slops,
626 3709 11 20 1

51 3736 50 21 cask
110 3736 65 25 flour,
187 3736 12 21 6
205 3742 59 15 cases
273 3736 63 24 wine,
344 3736 11 20 1
366 3735 59 21 chest
430 3738 42 21 tea,
482 3735 14 21 3
505 3735 50 26 bags
565 3735 73 25 coffee,

49 3764 15 22 X
75 3766 38 18 ton
121 3763 64 23 flour,
195 3764 11 20 1
219 3766 46 18 cwt.
277 3763 95 20 tobacco.

701 733 49 25 The
762 733 118 25 reduction
891 734 24 23 of
931 734 39 24 the
981 739 47 19 rate
1040 734 26 23 of
1073 735 96 23 interest
1177 735 69 23 under

666 767 39 24 the
716 774 105 24 pressure
832 767 25 24 of
872 768 175 23 circumstances
1058 767 24 23 in
1103 775 14 15 a
1129 759 84 44 colony^
1225 769 21 22 is

666 808 14 16 a
691 800 104 31 question
807 797 50 27 that
866 800 80 23 affects
958 798 39 26 the
1013 800 121 24 merchant
1148 800 42 24 and
1208 801 38 24 the

666 833 185 31 agriculturalist.
886 833 34 23 At
933 833 100 31 Sydney,
1046 842 15 14 a
1078 833 122 29 reduction
1205 834 41 24 has

665 866 57 24 been
733 865 66 25 made
810 866 58 23 from
882 871 39 18 ten
941 873 41 24 per
999 871 59 18 cent,
1070 874 40 23 per
1129 867 81 26 annuni
1223 872 22 19 to

667 900 43 28 six,
731 906 61 24 upon
813 897 52 25 bills
886 899 74 23 which
979 898 57 24 have
1055 906 41 17 not
1113 907 60 16 more
1191 900 53 24 than

666 932 63 23 three
741 932 91 23 months
843 937 23 18 to
884 939 44 16 run
940 941 6 19 ;
967 932 45 23 and
1028 940 61 23 upon
1109 934 93 30 enquiry
1213 941 34 16 w&

666 965 56 23 have
739 965 140 23 ascertained
900 965 49 23 that
968 965 37 23 the
1026 965 103 32 example
1148 974 42 15 was
1210 972 35 19 set

666 998 29 31 by
708 998 37 24 the
757 998 79 23 Union
848 998 67 23 Bank
933 998 26 24 of
973 998 126 25 Australia.
1136 999 46 24 The
1195 1007 49 17 rea-

666 1039 41 16 son
719 1031 26 24 of
759 1031 46 24 this
817 1031 116 24 reduction
954 1036 66 20 must
1033 1031 28 25 be
1081 1033 74 30 owing
1173 1037 22 19 to
1207 1033 37 24 the

666 1064 99 32 crippled
786 1069 58 19 state
865 1064 25 23 of
905 1065 130 23 mercantile
1054 1067 149 22 transactions
1221 1068 23 22 in

667 1097 56 25 New
734 1097 74 24 South
821 1097 85 29 Wales,
917 1098 43 24 and
973 1098 113 31 prudence
1097 1098 42 24 has
1151 1099 94 24 dictated

667 1136 21 18 to
701 1131 37 24 the
750 1130 69 24 Bank
837 1136 23 17 to
878 1130 72 25 which
971 1139 33 15 we
1016 1131 56 24 have
1089 1132 93 29 alluded,
1195 1132 49 24 that

666 1164 39 23 the
725 1163 65 25 cords
811 1164 24 23 of
860 1165 189 23 accommodatiou
1073 1171 63 18 must
1157 1171 37 18 not
1215 1166 29 24 be

665 1197 76 31 pulled
752 1202 38 19 too
806 1197 81 31 tightly
900 1198 71 23 under
990 1198 99 32 existing
1107 1198 134 25 difficulties.

667 1230 50 24 The
727 1230 112 32 principal
851 1231 64 30 point
934 1235 22 19 to
973 1231 27 23 be
1019 1231 109 31 regarded
1141 1233 28 23 in
1188 1240 54 17 con-

666 1263 92 32 ducting
768 1263 104 31 banking
882 1264 115 28 business,
1011 1265 18 22 is
1041 1265 39 22 the
1093 1266 100 30 security*
1200 1266 44 23 and

665 1297 168 32 respectability
846 1297 24 23 of
886 1303 133 23 customers,
1032 1298 44 23 and
1094 1298 19 23 if
1128 1299 60 24 these
1201 1304 42 18 two

665 1330 164 32 qualifications
841 1337 37 16 are
889 1330 124 24 -combined
1033 1330 37 25 the
1089 1332 85 25 banker
1192 1341 51 23 may

666 1364 53 23 with
738 1364 73 30 safety
830 1364 47 31 pull
899 1372 28 14 an
946 1364 122 24 individual
1090 1365 94 32 through
1207 1367 36 24 kls

666 1402 126 26 temporary
810 1397 210 24 embarrassments.
1061 1398 75 24 Much
1156 1404 86 19 caution

665 1430 44 24 and
720 1430 186 31 circumspection
926 1430 42 23 has
987 1431 57 23 been
1063 1431 43 23 and
1120 1432 20 23 is
1151 1432 44 23 still
1206 1439 36 17 re-

665 1464 81 30 quisite
757 1464 24 22 in
801 1463 92 30 Sydney
905 1463 43 23 and
970 1464 39 23 the
1027 1464 66 23 other
1112 1464 131 25 Australian

664 1497 105 23 colonies.
814 1496 75 24 Trade
909 1496 42 24 has
969 1497 129 30 frequently
1117 1498 54 24 been
1190 1499 24 23 of
1230 1508 14 15 a

663 1529 136 31 fluctuating
826 1530 124 28 character,
973 1530 45 23 and
1046 1531 149 30 speculations
1218 1535 24 21 in

663 1562 53 24 land
727 1562 44 24 and
782 1563 44 23 live
847 1563 65 23 stock
933 1563 57 23 have
1010 1564 56 22 been
1086 1565 156 32 outrageously

663 1595 70 32 large,
753 1596 46 24 and
817 1595 82 31 wholly
909 1597 150 24 inconsistent
1080 1597 53 24 with
1152 1598 35 23 the
1206 1607 36 15 re-

664 1637 91 16 sources
767 1630 25 22 of
807 1629 37 23 the
858 1630 119 30 capitalist.
1015 1630 67 24 Land
1094 1631 23 23 in
1127 1631 115 25 Australia

663 1661 41 24 has
710 1663 56 23 been
772 1663 77 22 driven
855 1670 29 23 up
891 1667 22 18 to
920 1670 13 15 a
940 1663 107 24 fictitious
1056 1664 64 23 value
1126 1664 23 23 &
1152 1664 90 32 jobbers

663 1696 57 24 have
742 1696 57 23 been
818 1696 94 30 playing
930 1704 13 15 a
963 1696 100 24 reckless
1087 1698 44 23 and
1152 1699 90 24 ruinous

662 1737 73 23 game.
771 1729 52 24 The
834 1730 60 30 price
906 1729 27 23 of
941 1729 69 32 sheep
1022 1730 41 24 has
1073 1731 85 28 varied,
1167 1731 75 24 within

663 1762 38 24 the
713 1762 44 24 last
767 1762 63 31 eight
842 1770 73 23 years,
926 1762 57 24 from
997 1765 51 22 555.
1063 1769 22 19 to
1096 1767 35 21 2s.
1145 1765 78 23 a-head
1234 1775 5 19 ;

663 1796 43 23 and
719 1796 63 23 other
793 1795 153 31 speculations
964 1796 23 23 in
1000 1796 64 24 those
1077 1798 96 23 colonies
1186 1798 56 24 Have

662 1830 84 31 proved
758 1829 91 32 equally
858 1829 136 23 destructive
1007 1835 21 18 to
1041 1830 38 24 the
1091 1832 150 30 expectations

663 1864 26 23 of
709 1863 38 31 the,
764 1863 136 31 speculator.
936 1863 51 23 The
1011 1863 94 24 demand
1126 1865 33 22 for
1176 1865 65 24 stock

663 1897 41 23 has
720 1897 59 23 been
792 1896 87 31 rapidly
892 1896 139 31 decreasing,
1044 1898 45 22 and
1101 1897 39 24 the
1151 1903 56 19 want
1215 1899 27 22 t>f

662 1935 121 25 pasturage
793 1930 42 22 has
847 1929 77 23 driven
940 1929 38 23 the
996 1937 80 16 owner-
1089 1931 26 22 of
1126 1931 75 22 'flocks
1213 1935 29 20 *o

663 1961 38 23 the
713 1960 94 30 melting
819 1960 24 23 of
858 1959 72 24 tallow
944 1959 43 23 and
1000 1959 37 24 the
1056 1960 151 25 manufacture
1220 1962 26 23 of

663 1994 71 22 hams.

697 2027 46 24 But
769 2026 64 25 these
865 2033 37 16 are
934 2033 80 16 causes
1038 2026 72 25 which
1140 2035 35 16 are
1204 2033 38 18 not

663 2061 117 30 operating
792 2061 22 23 in
828 2059 44 24 this
885 2059 88 30 Colony
1008 2067 79 17 causes
1099 2060 25 24 of
1142 2069 13 14 a
1167 2061 75 30 totally

663 2094 92 24 distinct
773 2093 45 24 and
839 2092 105 24 different
964 2092 115 25 character
1101 2093 56 24 have
1176 2094 65 27 been,

663 2127 43 24 and
719 2136 36 15 are
767 2126 47 24 still
826 2126 105 30 affecting
943 2126 53 23 here
1008 2126 37 24 the
1057 2127 107 24 interests
1173 2127 22 24 of
1206 2128 36 23 the

663 2161 117 24 merchant
798 2160 42 23 and
861 2159 37 23 the
915 2159 92 24 farmer.
1044 2160 52 23 The
1117 2161 43 23 rise
1171 2162 21 23 in
1205 2161 37 24 the

663 2195 61 31 price
743 2194 25 23 of
784 2193 60 28 land,
865 2193 61 23 since
939 2192 37 24 the
989 2193 130 24 settlement
1132 2202 42 16 was
1194 2195 48 23 first

664 2226 143 29 established,
821 2234 45 15 was
877 2226 95 30 gradual
984 2226 48 23 and-
1040 2227 121 31 according
1171 2233 21 18 to
1206 2227 36 24 the

664 2261 95 24 demand
767 2270 6 19 ;
794 2261 17 23 it
824 2267 44 16 was
879 2264 40 18 not
932 2259 37 23 the
981 2260 71 23 result
1064 2260 26 23 of
1099 2268 53 16 over
1163 2268 78 24 specu-

663 2295 71 24 lation
753 2302 26 16 or
798 2293 53 24 land
866 2293 98 31 jobbing
973 2301 5 20 ;
999 2293 43 24 and
1060 2293 21 24 if
1098 2294 18 23 it
1127 2294 21 23 is
1159 2294 22 23 of
1197 2294 45 25 les

665 2332 76 20 extent
752 2335 49 15 now
815 2326 54 24 than
887 2327 19 22 it
926 2334 46 16 was
984 2334 14 15 a
1008 2326 42 23 few
1062 2327 92 23 months
1166 2335 48 24 ago,
1222 2329 21 28 jit

664 2363 19 23 it
694 2362 52 30 only
757 2362 75 30 owing
842 2365 23 18 to
877 2359 65 24 those
954 2367 79 16 causes
1051 2360 73 23 which
1145 2369 34 16 are
1198 2354 44 31 still

665 2404 26 16 so
703 2394 108 31 seriously
825 2393 106 30 affecting
946 2393 39 23 the
1004 2393 96 31 Colony.
1136 2394 46 24 The
1201 2391 41 30 im-

663 2428 113 33 portation
782 2428 25 23 of
813 2426 73 29 stock,
894 2426 19 24 it
919 2427 21 22 is
948 2431 57 24 true,
1014 2426 41 23 has
1062 2426 58 25 been
1130 2425 111 36 restricted

663 2463 31 30 by
717 2462 36 24 the
778 2465 62 19 want
863 2460 24 25 of
908 2460 113 24 sufficient
1043 2465 137 26 pasturage,'
1200 2461 42 25 anl

664 2495 58 24 until
746 2494 38 25 the
806 2494 104 31 question
931 2493 26 23 of
977 2493 37 24 the
1035 2493 67 24 Land
1123 2494 83 24 Claims
1225 2502 17 20 i$

665 2528 87 29 settled,
769 2527 52 25 food
841 2527 35 23 for
894 2527 68 23 cattle
981 2531 63 19 must
1062 2529 136 30 necessarily
1217 2528 25 25 be

665 2570 74 17 scarce
760 2561 45 24 and
822 2560 95 24 limited.
955 2560 61 28 Still,
1029 2560 86 32 though
1134 2561 37 24 the
1185 2568 56 17 mer-

664 2596 68 24 chant
743 2595 45 24 and
799 2595 83 23 farmer
895 2594 106 23 continue
1013 2597 22 20 to
1053 2594 71 24 suffer
1141 2595 54 23 from
1209 2595 34 24 tb>

665 2630 114 31 operation
807 2627 26 24 of
858 2627 116 24 untoward
1003 2628 180 29 circumstauces,
1208 2620 34 34 this

665 2670 78 17 causes
771 2667 23 18 to
818 2660 71 25 which
913 2660 65 24 those
1006 2661 173 24 circumstances
1208 2670 36 16 are

664 2695 144 26 attributable
833 2702 37 16 are
891 2699 40 18 not
952 2694 64 23 those
1034 2694 26 23 of
1075 2702 29 15 an
1124 2694 120 32 unhealthy

665 2729 113 25 condition
791 2728 25 24 of
824 2728 38 25 the
875 2727 96 30 Colony,
983 2727 43 23 and
1038 2727 82 24 should
1133 2733 38 19 not
1180 2729 29 23 be
1217 2737 26 15 so

666 2762 107 33 regarded
785 2762 31 31 by
828 2769 43 23 any
883 2768 43 16 one
938 2761 122 22 interested
1077 2761 23 23 in
1113 2761 37 24 the
1160 2762 87 24 welfare

666 2797 25 22 of
706 2796 37 23 the
755 2795 136 24 settlement.

700 2829 49 25 The
761 2828 92 25 Branch
866 2827 67 25 Bank
948 2832 22 18 at
990 2827 148 32 Wellington,
1159 2837 26 24 up
1198 2834 22 19 to
1234 2838 11 15 a

666 2868 75 20 recent
752 2862 87 32 period,
849 2860 98 25 afforded
960 2861 200 28 accommodation,
1173 2870 22 15 as
1209 2870 36 16 we

666 2898 56 23 have
733 2897 57 24 been
802 2896 66 30 given
882 2900 24 18 to
917 2894 146 28 understand,
1084 2895 82 24 almost
1180 2896 65 31 equi-

666 2931 74 22 valent
752 2934 22 19 to
787 2929 38 24 the
837 2933 70 19 wants
920 2928 26 23 of
962 2928 37 23 the
1012 2928 101 24 settlers.

700 2964 49 24 The
770 2967 48 20 rate
837 2962 25 24 of
876 2962 104 23 discount
1001 2969 43 16 was
1061 2962 54 31 high
1130 2971 6 19 ;
1165 2970 81 24 money
1258 2961 1 24 i

666 3005 47 16 was
723 2996 105 33 required
839 2996 36 24 for
893 2996 106 30 carrying
1018 3003 27 15 on
1065 2996 38 23 the
1122 2997 127 30 operations
1258 2992 2 35 \

667 3031 25 24 of
701 3031 37 23 the
748 3029 130 25 merchants
890 3029 45 24 and
947 3027 185 32 agriculturalist,
1141 3029 40 24 and
1190 3037 62 16 none,
1258 3031 2 19 I

667 3063 100 33 objected
780 3068 22 19 to
814 3064 84 31 paying
909 3062 55 24 10
976 3069 40 24 per
1027 3068 69 23 cent.,
1110 3062 38 24 the
1168 3067 45 19 rate
1225 3068 24 18 at
1258 3055 1 42 j

667 3097 71 24 which
750 3095 193 26 accommodation
955 3103 45 15 was
1018 3095 104 31 granted.
1165 3096 44 24 But
1234 3092 25 29 &'l

666 3130 78 33 period
755 3130 26 24 of
795 3135 129 25 temporary
937 3128 132 32 depression
1093 3128 42 24 has
1153 3130 94 29 arrived,
1251 3126 8 31 \i

668 3164 81 31 during
759 3163 75 24 which
842 3163 37 23 the
891 3161 78 30 Bank,
981 3170 26 15 as
1014 3162 48 23 well
1071 3170 27 15 as
1105 3162 38 24 the
1152 3163 103 29 settlers,.
1258 3161 1 40 jj

668 3197 70 32 ought
749 3201 22 19 to
783 3196 69 24 make
864 3204 13 16 a
887 3196 110 23 sacrifice.
1041 3196 24 23 A
1085 3196 117 31 precedent
1213 3197 43 24 for-
1258 3204 2 18 ;

667 3231 109 29 reducing
787 3229 38 24 the
835 3234 49 19 rate
896 3229 26 23 of
927 3229 103 24 interest
1041 3228 43 24 has
1096 3229 57 24 been
1171 3230 88 24 estab-v

667 3264 73 24 lished
751 3264 24 24 in
788 3262 100 33 Sydney,
901 3262 64 24 there
976 3262 21 24 is
1008 3269 29 17 no
1058 3270 83 16 reason
1162 3263 48 31 why
1229 3265 19 23 it
1253 3258 6 37 '\

668 3297 80 25 should
757 3301 43 20 not
811 3297 28 23 be
850 3295 104 24 followed
966 3300 41 19 ont
1016 3295 62 24 here.
1115 3295 51 25 The
1178 3297 78 24 Bank'

667 3332 53 24 here
738 3332 21 22 is
779 3338 30 16 an
830 3330 35 23 off
881 3333 34 20 set
935 3328 59 25 from
1014 3328 37 24 the
1060 3337 64 15 same
1136 3335 77 25 parent
1225 3332 24 22 in

668 3365 105 28 London,
785 3363 45 24 and
852 3363 21 24 if
885 3362 41 24 the
945 3362 113 31 Manager
1075 3367 25 19 at
1120 3362 90 32 Sydney
1228 3365 21 23 is

668 3402 90 20 content
780 3401 23 19 to
822 3397 105 23 discount
945 3400 24 19 at
983 3396 38 24 six
1039 3403 41 23 per
1098 3401 59 25 cent,
1176 3396 73 25 where

668 3431 55 24 such
741 3439 14 16 a
774 3434 59 20 state
853 3429 26 24 of
892 3429 126 31 insecurity
1028 3429 83 29 exists,
1128 3429 74 32 surely
1224 3431 25 23 in

667 3462 46 26 this
724 3464 89 31 colony,
825 3463 75 24 where
912 3462 38 24 the
969 3467 58 19 state
1047 3462 45 24 and
1109 3462 97 32 position
1226 3464 26 24 of

668 3497 25 24 of
706 3498 30 23 all
748 3497 84 24 classes
844 3497 21 23 is
884 3504 26 17 so
926 3495 71 25 much
1016 3503 61 17 more
1096 3495 88 33 healthy
1205 3497 45 24 and

667 3531 144 28 wholesome,
838 3528 119 26 increased
985 3529 106 24 facilities
1119 3529 78 25 should
1221 3530 28 25 be

667 3565 98 23 afforded
787 3563 57 24 until
869 3563 38 24 the
928 3566 93 28 present
1053 3561 127 26 difficulties
1208 3572 41 16 are

667 3605 116 16 overcome
800 3596 46 24 and
863 3596 114 24 removed.

701 3630 49 24 The
762 3629 91 25 settlers
865 3637 62 16 came
940 3633 23 20 to
971 3629 56 24 New
1037 3629 102 24 Zealand
1148 3630 49 24 with
1207 3630 40 24 the
1256 3630 2 26 j

667 3663 59 32 hope
736 3663 25 24 of
777 3662 120 31 .bettering
907 3662 60 24 their
988 3662 113 24 condition
1112 3671 7 19 ;
1140 3662 50 32 they
1209 3663 40 25 did

668 3701 40 20 not
725 3696 109 32 emigrate
854 3695 34 24 for
909 3695 39 24 the
967 3694 55 25 sake
1043 3695 25 24 of
1091 3695 118 33 indulging
1225 3698 25 23 in

667 3730 99 24 idleness
789 3729 44 25 and
852 3728 121 24 indolence
1008 3729 43 23 and
1084 3729 86 24 backed
1192 3730 56 24 with

668 3771 91 24 energy,
772 3763 57 29 zeal,
839 3762 134 32 enterprise,
985 3762 45 24 aad
1040 3766 91 27 greater
1148 3763 102 24 facilities

668 3797 24 24 in
703 3796 37 24 the
752 3804 48 23 way
812 3796 25 25 of
852 3795 109 32 Banking
980 3796 178 29 accoraodation,
1190 3796 61 25 their

668 3829 146 33 agricultural
825 3829 102 33 pursuits
938 3828 45 32 wijl
1001 3829 26 24 be
1047 3829 125 31 increased,
1190 3829 61 26 their
1256 3840 2 18 j

668 3868 91 29 exports
771 3863 113 25 sufficient
895 3867 24 19 to
929 3867 62 20 meet
1008 3862 59 26 their
1086 3860 101 38 imports,
1205 3863 47 25 tnd

668 3897 58 26 their
743 3896 143 25 commercial
896 3891 151 39 ttajjia^oiis,
1060 3895 27 34 of
1097 3900 93 30 'g**ter,
1205 3897 45 24 im-

667 3935 107 24 portance
787 3930 23 24 fo
823 3929 38 25 the
873 3921 98 38 GoTfony;
1046 3923 7 21 '
1186 3922 19 23 '-'
1224 3928 12 23 \

1916 1330 78 25 Galpin
2004 1337 19 13 v.
2035 1330 88 23 Martin,
2156 1330 43 21 Mr.
2211 1330 97 23 Hanson
2317 1332 35 21 for
2368 1333 88 30 Plaintiff,

1888 1356 43 22 and
1942 1357 45 20 Mr.
2000 1357 79 26 Gould,
2086 1357 37 20 for
2138 1356 140 22 Defendant.
2316 1358 53 23 This
2384 1367 40 16 was
2436 1370 20 15 an

1888 1384 73 21 action
1969 1390 28 15 on
2009 1391 13 13 a
2030 1383 38 22 bill
2076 1383 26 22 of
2107 1383 123 26 exchange.
2260 1384 92 23 Verdict
2359 1386 32 22 for
2397 1388 59 23 Plain,

1887 1410 40 27 tiff,
1947 1409 30 28 by
1997 1414 90 18 consent
2105 1410 33 21 for
2156 1409 49 24 77
2218 1412 32 20 6s.
2265 1412 44 26 9d.,
2319 1412 94 30 interest,
2424 1417 32 22 and

1887 1442 64 17 costs.

1912 1465 120 20 Machattie
2043 1471 19 15 v.
2074 1466 88 25 Martin,
2196 1464 41 23 Mr.
2253 1465 94 23 Hanson
2357 1466 32 23 for
2396 1468 59 24 Plain-

1887 1492 39 26 tiff,
1938 1492 45 21 Mr.
2000 1491 74 22 Gould
2089 1492 35 22 for
2139 1492 138 22 Defendant.
2314 1493 54 22 This
2382 1502 40 15 was
2434 1504 21 15 an

1886 1519 73 21 action
1980 1526 27 14 on
2027 1526 13 13 a
2058 1518 40 22 bill
2115 1518 25 22 of
2161 1519 122 26 exchange.
2328 1520 87 23 Verdict
2431 1524 24 22 for

1888 1545 102 26 Plaintiff,
2002 1546 28 25 by
2038 1549 97 22 consent,
2144 1545 36 23 for
2185 1545 54 26 62,
2248 1546 92 22 interest
2350 1548 41 22 and
2400 1553 54 18 costs.

1916 1580 84 25 Writ/At
2011 1587 20 14 v.
2043 1580 67 25 Toms,
2140 1579 45 23 Mr.
2203 1579 95 22 Hanson
2315 1580 34 22 for
2368 1581 86 29 Plaintiff,

1888 1607 42 21 Mr.
1943 1607 58 21 Ross
2009 1607 35 21 for
2054 1601 137 27 Defendant.
2230 1606 54 22 This
2298 1614 45 14 was
2357 1616 25 13 an
2394 1610 61 23 action

1887 1633 96 27 brought
2002 1637 23 18 to
2042 1640 92 15 recover
2150 1633 37 21 the
2204 1641 46 13 sum
2269 1633 27 21 of
2307 1634 47 22 54
2368 1637 40 20 15s.
2422 1638 33 25 Ba.,

1888 1660 33 22 for
1931 1660 70 27 goods
2016 1660 101 28 supplied
2134 1660 27 28 by
2179 1660 102 22 Plaintiff
2298 1664 20 18 to
2335 1661 120 24 Defendant.

1886 1687 47 22 The
1944 1687 110 22 evidence
2063 1691 58 18 went
2131 1691 22 17 to
2163 1694 69 21 prove
2241 1687 54 26 that,
2305 1688 21 22 in
2336 1689 119 26 November,

1887 1715 60 25 1839,
1959 1714 94 28 Captain
2065 1714 56 27 Hay,
2134 1713 36 23 the
2182 1713 198 25 Harbour-master
2389 1717 23 21 of
2422 1717 33 22 this

1888 1741 60 26 Port,
1959 1749 45 13 was
2016 1741 37 21 the
2063 1745 67 22 agent
2146 1741 25 22 of
2189 1741 36 21 the
2244 1741 103 27 Plaintiff,
2364 1743 39 22 and
2419 1744 36 22 that

1887 1767 36 23 the
1933 1768 77 27 goods,
2022 1768 72 21 whilst
2103 1768 28 22 he
2142 1776 44 14 was
2197 1776 23 14 so
2232 1768 75 27 acting
2316 1776 23 14 as
2350 1769 30 21 his
2392 1776 63 22 agent,

1887 1802 56 14 were
1955 1795 48 21 sold
2012 1795 29 26 by
2052 1795 44 21 him
2108 1798 22 18 to
2140 1795 36 21 the
2189 1795 135 22 Defendant.
2356 1797 59 21 After
2424 1797 30 22 the

1888 1822 106 22 evidence
2001 1822 25 21 of
2033 1821 92 28 Captain
2138 1822 59 26 Hay,
2207 1822 43 22 Mr.
2260 1822 56 22 Ross
2321 1825 113 21 consented
2440 1830 15 16 to

1887 1856 13 14 a
1910 1849 86 21 \erdict
2006 1849 33 21 for
2049 1847 36 23 the
2098 1849 101 23 Plaintiff
2204 1849 34 21 for
2247 1849 48 22 37
2307 1851 42 21 14s.
2361 1851 50 27 10d.,
2421 1852 34 22 and

1887 1879 65 17 costs.

1913 1911 118 20 Machattie
2041 1917 19 14 v.
2072 1911 64 25 Watt,
2170 1910 43 21 Mr.
2222 1910 94 21 Hanson
2324 1910 34 22 for
2366 1912 90 22 Plaintiff.

1888 1937 36 19 No
1933 1945 42 11 one
1980 1936 113 26 -appeared
2108 1936 182 21 fiorJOefendant.
2318 1938 52 21 This
2384 1946 40 14 was
2431 1946 27 14 aa

1887 1961 72 22 action
1970 1964 23 17 to
2004 1965 90 17 recover
2103 1961 60 22 IS2
2178 1963 33 19 9s.
2227 1962 45 24 6d.,
2289 1962 112 26 for^gooda
2412 1964 46 21 *old

1887 1987 44 22 and
1952 1987 111 22 delivered
2083 1987 29 27 by
2129 1987 35 22 the
2182 1986 102 22 Plaintiff
2298 1990 23 19 to
2336 1988 120 27 Defendant,

1888 2014 41 21 and
1941 2014 35 21 for
1985 2021 82 18 money
2079 2014 123 21 advanced.
2241 2013 94 22 Verdict
2350 2014 32 22 for
2391 2015 64 23 Plain-

1888 2041 38 24 tiff,
1939 2042 34 20 for
1983 2041 61 22 192
2054 2042 30 20 93.
2095 2040 43 25 6d.,
2152 2042 44 21 and
2206 2044 70 18 costs.

1914 2069 83 20 Barker
2012 2068 42 20 and
2068 2069 87 20 another
2173 2075 20 14 v.
2215 2069 65 25 Watt,
2312 2068 44 22 Mr.
2377 2070 78 22 Hanson

1887 2095 34 21 for
1932 2095 104 22 Plaintiff.
2063 2096 35 21 No
2116 2103 42 14 one
2169 2095 111 27 appeared
2289 2095 34 21 for
2335 2096 120 22 Defendant.

1887 2122 53 22 This
1962 2130 43 14 was
2026 2129 28 14 an
2070 2122 73 22 action
2163 2122 96 27 brought
2282 2122 28 27 by
2331 2122 96 23 Plaintiff
2439 2131 16 15 aj

1887 2149 102 22 indorsee
2009 2153 23 18 to
2049 2157 93 14 recover
2161 2149 38 22 the
2216 2157 48 14 sum
2283 2150 26 21 of
2325 2150 45 21 62
2384 2150 28 21 ss.
2423 2151 32 21 and

1887 2176 93 22 interest
1990 2176 57 23 from
2058 2176 37 21 the
2113 2176 137 27 Defendant,
2268 2176 37 21 the
2323 2177 71 22 maker
2411 2178 22 20 of
2448 2185 7 14 a

1886 2203 135 30 promissory
2033 2206 50 19 note
2093 2203 33 22 for
2136 2203 48 22 that
2195 2207 99 18 amount.
2338 2203 84 23 Verdict
2432 2204 23 21 for

1888 2229 99 23 Plaintiff
1996 2231 36 21 for
2040 2230 46 22 62
2095 2231 39 24 55.,
2146 2231 90 21 interest
2246 2230 45 21 and
2298 2233 65 19 costs.
2377 2245 4 2 -

1913 2259 72 24 Eager
1995 2265 20 14 v.
2025 2258 89 25 Hurley,
2147 2258 42 21 Mr.
2213 2258 92 21 Hanson
2323 2257 33 22 for
2366 2257 90 23 Plaintiff.

1888 2284 35 22 No
1934 2292 44 14 one
1986 2285 108 27 appeared
2103 2286 35 20 for
2149 2284 136 22 Defendant.
2314 2284 52 22 This
2380 2292 40 14 was
2432 2292 23 14 an

1887 2312 72 21 action
1970 2312 96 27 brought
2077 2311 28 28 by
2117 2312 37 21 the
2171 2311 105 22 Plaintiff*
2285 2318 24 14 as
2324 2312 101 26 indorsee,
2440 2315 17 18 to

1887 2346 91 14 recover
1999 2338 36 22 the
2055 2346 47 14 sura
2123 2339 26 21 of
2159 2339 48 21 24
2224 2340 31 20 Bs.
2272 2338 37 22 4d.
2326 2339 44 21 and
2378 2338 79 22 interest

1887 2366 56 21 from
1953 2366 39 21 the
2003 2366 134 26 Defendant,
2152 2366 35 21 the
2199 2365 77 21 maker
2286 2366 26 20 of
2323 2373 13 13 a
2350 2366 107 27 promisory

1888 2396 50 18 note
1956 2393 35 21 for
2006 2393 49 21 that
2072 2398 97 16 amount.
2210 2392 92 22 Verdict
2320 2393 34 21 for
2373 2392 86 22 Plaintiff

1886 2420 48 22 24
1943 2421 32 21 Bs.
1985 2420 28 21 4d
2023 2437 6 9 ,
2040 2421 93 21 interest
2141 2420 44 22 and
2197 2423 66 18 costs.

1917 2447 93 21 Wallace
2020 2454 14 14 v
2052 2447 69 26 Stobo,
2154 2447 43 22 Mr.
2211 2447 94 21 Hanson
2317 2446 33 22 for
2366 2446 90 22 Plaintiff.

1888 2473 43 23 Mr.
1943 2474 57 22 Ross
2009 2474 33 22 for
2053 2474 135 22 Defendant.
2222 2473 54 23 This
2294 2480 43 14 was
2352 2480 26 15 an
2394 2473 62 22 action

1886 2501 96 27 brought
1992 2501 29 28 by
2030 2501 37 22 the
2079 2501 102 22 Plaintiff
2187 2505 23 17 to
2219 2507 92 15 recover
2319 2500 47 24 42
2376 2501 39 21 13s.
2429 2500 28 22 sd,

1888 2527 36 23 the
1935 2536 66 14 vaiue
2011 2528 26 22 of
2048 2527 68 28 goods
2131 2528 48 22 sold
2197 2527 44 21 and
2260 2526 111 23 delivered
2385 2527 28 27 by
2429 2527 28 21 the

1887 2555 105 21 Plaintiff
1997 2558 21 18 to
2029 2554 36 22 the
2077 2555 138 21 Defendant.

1914 2582 98 22 Thomas
2029 2581 86 23 Waters
2131 2581 127 26 examined,
2290 2581 11 21 I
2319 2588 35 14 am
2372 2589 12 13 a
2400 2581 57 21 book-

1886 2609 83 26 keeper
1979 2613 23 18 at
2016 2613 87 24 present
2112 2618 5 18 ;
2135 2609 11 22 I
2166 2609 66 21 knew
2248 2608 39 22 the
2304 2607 105 23 Plaintiffs
2422 2607 35 22 and

1888 2634 130 24 Defendant
2027 2636 21 22 in
2060 2637 49 21 1841
2119 2644 7 19 ;
2143 2635 10 22 I
2163 2643 45 14 was
2219 2640 69 21 agent
2297 2635 34 21 for
2340 2634 37 22 the
2385 2635 72 27 barque

1886 2665 54 19 Jane
1949 2671 5 18 ;
1972 2663 11 21 I
1994 2663 104 21 recollect
2108 2670 62 14 some
2178 2663 42 21 salt
2230 2662 68 26 being
2309 2661 66 28 given
2390 2661 27 28 by
2429 2661 28 22 the

1888 2690 109 22 Plaintiffs
2006 2694 24 18 to
2042 2690 128 22 Defendant
2178 2690 35 21 for
2218 2689 37 21 the
2264 2696 91 19 purpose
2363 2689 23 21 of
2392 2688 65 26 selling

1888 2722 15 18 tt
1911 2726 5 18 ;
1933 2718 10 21 I
1966 2724 43 14 was
2031 2721 88 24 present
2140 2717 63 21 when
2225 2716 38 22 the
2283 2719 123 23 agreement
2424 2722 33 14 was

1886 2744 82 27 made;
1989 2744 8 22 I
2009 2744 63 22 know
2088 2744 36 22 the
2142 2743 151 23 Defendant's
2301 2742 60 22 band
2372 2742 85 26 writing;

1888 2772 36 22 the
1934 2774 132 25 agreement
2077 2771 112 27 produced
2199 2769 125 29 respecting
2341 2769 35 22 the
2392 2769 38 22 salt
2444 2769 13 21 ii

1887 2798 78 27 signed
1982 2798 29 27 by
2031 2798 66 22 Stobo
2105 2806 5 19 ;
2128 2798 36 22 the
2182 2797 49 23 firm
2249 2799 23 19 at
2292 2797 46 21 that
2357 2797 50 21 time
2424 2803 33 15 was

1888 2825 100 22 Wallace
2000 2825 73 22 White
2084 2825 44 22 and
2140 2825 99 21 Wallace
2249 2832 4 17 ;
2271 2823 38 22 the
2329 2827 41 18 two
2380 2823 77 22 Messrs,

1888 2853 100 21 Wallace
1999 2859 57 15 were
2066 2852 53 22 here
2128 2856 22 17 at
2159 2851 47 22 that
2217 2851 52 21 time
2278 2859 5 17 ;
2296 2850 37 22 the
2345 2852 112 25 agreement

1888 2887 43 13 was
1941 2879 66 21 made
2018 2879 51 21 with
2083 2879 67 21 them.

1913 2905 195 23 Cross-examined
2135 2905 28 28 by
2192 2905 43 21 Mr.
2260 2905 64 26 Ross,
2355 2905 9 21 I
2388 2903 69 27 alwayj

1885 2932 138 23 understood
2033 2932 44 22 Mr.
2087 2931 75 23 White
2175 2938 44 14 was
2228 2931 23 21 in
2267 2931 38 22 the
2318 2931 48 22 firm
2374 2939 4 18 ;
2394 2931 10 20 I
2413 2937 43 15 can-

1886 2963 39 19 not
1944 2959 104 22 recollect
2065 2959 21 21 if
2101 2966 13 15 a
2131 2958 121 22 document
2267 2959 106 26 prepared
2388 2961 23 19 at
2427 2957 29 21 the

1886 2994 60 14 same
1966 2985 53 23 time
2038 2993 44 15 was
2102 2985 87 22 written
2210 2989 23 17 at
2253 2983 37 23 the
2310 2985 53 22 time
2385 2985 25 21 of
2427 2983 29 22 the

1885 3015 142 26 agreement;
2044 3013 11 22 I
2066 3012 65 23 think
2141 3012 38 22 the
2190 3012 120 22 document
2324 3011 106 27 produced
2442 3010 14 22 is

1884 3040 24 22 in
1918 3040 38 22 the
1966 3038 58 24 hand
2035 3039 85 28 writing
2135 3039 25 22 of
2173 3046 41 15 one
2225 3039 25 21 of
2261 3039 38 21 the
2312 3039 109 22 Wallace's
2427 3045 6 19 ;
2447 3037 9 22 I

1884 3067 58 22 have
1952 3067 59 22 been
2022 3067 24 21 in
2056 3066 44 22 this
2110 3069 94 24 country
2219 3066 61 22 since
2298 3067 7 19 1
2310 3067 38 21 841
2355 3074 6 19 ;
2375 3066 12 21 I
2400 3065 56 21 knew

1886 3095 37 22 the
1933 3094 64 28 place
2004 3094 26 21 of
2037 3094 99 22 business
2145 3094 26 22 of
2178 3094 90 21 Messrs.
2277 3092 102 27 Wallace,
2390 3091 66 21 White

1885 3121 45 22 and
1939 3121 100 22 Wallace
2046 3129 6 19 ;
2069 3121 11 22 I
2097 3121 56 22 have
2171 3119 128 28 frequently
2314 3119 44 22 had
2369 3123 87 17 transact

1884 3148 57 23 tions
1952 3148 54 22 with
2016 3147 38 22 the
2068 3148 80 22 House
2155 3156 6 19 ;
2179 3147 101 22 Invoices
2296 3150 49 18 sent
2360 3149 35 18 out
2406 3145 48 21 have

1884 3176 57 21 been
1957 3178 49 19 sent
2020 3182 36 15 me
2070 3175 26 21 in
2113 3175 37 22 the
2165 3175 52 22 firm
2232 3173 28 22 of
2272 3173 100 27 Wallace,
2383 3171 70 25 White,

1884 3202 46 22 and
1939 3201 99 22 Wallace
2045 3210 6 19 ;
2067 3202 12 22 I
2089 3201 65 22 think
2165 3201 45 22 Mr.
2222 3200 76 23 White
2307 3201 18 21 is
2336 3199 58 23 dead.

1912 3229 34 27 By
1955 3229 37 22 his
2002 3229 80 22 Honor
2098 3229 36 22 the
2151 3227 67 24 Chief
2230 3227 122 27 Justice,
2352 3226 43 23 The
2410 3223 43 28 only

1884 3256 103 28 question
1997 3255 71 22 under
2077 3255 37 22 the
2123 3255 51 28 plea
2184 3255 27 21 of
2221 3259 72 17 never
2301 3253 100 23 indebted
2411 3254 42 26 puts

1883 3283 24 22 in
1916 3284 59 21 issue
1988 3290 23 14 as
2021 3286 22 18 to
2053 3283 100 22 whether
2162 3281 38 22 the
2209 3281 70 28 goods
2288 3288 57 15 were
2356 3286 47 16 ever
2412 3277 40 23 sold

1884 3310 44 22 and
1939 3309 121 22 delivered.

1911 3337 44 22 Mr.
1967 3336 96 22 Hanson
2073 3338 23 19 to
2113 3335 38 22 the
2166 3335 85 28 Jury-
2253 3333 154 30 recapitulated
2421 3331 31 22 the

1884 3363 113 26 evidence,
2016 3363 44 22 and
2076 3362 84 27 argued
2177 3363 55 25 that,
2247 3363 72 22 under
2336 3362 35 22 the
2385 3365 66 21 agree-

1884 3394 61 19 ment
1960 3390 100 21 between
2072 3389 102 22 Plaintiff
2180 3389 42 22 and
2234 3389 135 26 Defendant,
2380 3387 42 21 that
2430 3390 20 16 as

1884 3417 37 22 the
1930 3415 138 28 Defendant,
2080 3415 49 22 who
2136 3415 45 22 had
2192 3416 38 22 the
2237 3417 77 25 option
2320 3415 26 22 of
2351 3417 99 20 returning

1883 3444 37 22 the
1930 3444 56 26 bags
1996 3443 26 22 of
2033 3443 41 22 salt
2087 3443 22 22 if
2120 3443 28 22 he
2163 3443 72 22 found
2248 3443 62 22 them
2329 3438 120 26 unsaleable,

1883 3478 69 15 never
1961 3470 38 23 did
2014 3473 75 19 return
2105 3470 69 27 them,
2192 3469 29 22 he
2234 3469 46 23 had
2294 3469 65 23 made
2374 3465 78 25 himself

1882 3497 68 22 liable
1959 3498 34 21 for
2004 3496 56 23 their
2067 3497 74 22 value.

1909 3525 45 22 Mr.
1965 3524 65 25 Ross,
2059 3523 104 23 after-the
2173 3523 98 23 decision
2279 3523 26 24 of
2311 3528 54 21 your
2372 3520 76 22 Honor,

1883 3552 10 22 I
1904 3551 58 22 shall
1978 3553 40 19 not
2036 3549 87 23 trouble
2142 3550 38 22 the
2201 3550 65 27 Jury.
2307 3549 47 22 The
2370 3547 45 22 firm
2431 3546 21 19 of

1883 3577 99 23 Wallace
1992 3577 46 22 and
2047 3577 47 26 Co.,
2104 3577 18 22 is
2133 3577 101 23 different
2239 3580 23 18 to
2270 3575 48 23 that
2324 3575 25 22 of
2356 3572 92 24 Wallace,

1883 3605 82 26 White,
1975 3603 46 24 and
2032 3603 105 23 Wallace.

1909 3631 44 23 His
1978 3630 81 22 Honor
2077 3634 25 18 to.
2118 3631 44 23 Mr.
2185 3631 93 26 Ross,
2279 3629 50 23 You
2346 3626 40 24 had
2403 3629 48 28 your

1881 3657 92 28 remedy
1981 3657 31 28 by
2021 3657 104 28 pleading
2133 3657 25 23 in
2168 3657 135 25 abatement,
2318 3660 24 18 at
2356 3654 33 22 the
2398 3656 47 18 tune

1882 3686 25 22 of
1917 3684 93 27 making
2019 3691 30 20 up
2059 3683 38 23 the
2106 3685 66 22 issue.

1908 3711 94 23 Verdict
2010 3711 35 22 for
2054 3711 102 22 Plaintiff
2159 3711 49 23 40
2216 3713 30 20 os.
2257 3709 35 23 Od.
2304 3707 43 24 and
2356 3708 57 21 costs.

1907 3739 82 22 Rhodet
2003 3745 20 15 v.
2036 3739 104 21 Smith.
2140 3739 46 22 Mi.
2202 3737 93 23 Hanson
2311 3735 33 22 for
2359 3732 89 29 plawtifl;

1881 3767 44 22 Mr.
1937 3766 59 22 Ross
2009 3765 36 21 for
2059 3762 127 26 defendant
2215 3763 53 23 This
2283 3769 43 15 was
2342 3767 28 15 an
2383 3760 66 21 action

1880 3792 97 28 brought
1985 3794 23 20 to
2023 3789 199 26 recover?thVsum
2231 3789 27 23 of
2269 3789 68 23 100.
2349 3787 35 21 the
2392 3787 57 20 value

1881 3821 26 22 of
1911 3820 45 22 five
1965 3822 50 19 tons
2025 3819 26 22 of
2057 3818 95 23 colonial
2161 3817 63 25 flour,
2231 3815 47 23 sold
2289 3811 161 31 bytbeplainntt

1879 3850 24 19 to
1912 3846 39 23 the
1961 3844 139 25 defendant'
2136 3850 15 19 1
2177 3857 12 11 *
2424 3861 6 6 .

1907 3872 98 24 Charles'
2008 3871 68 30 Piper
2084 3863 154 32 eian^nfd.
2238 3868 13 23 l
2256 3872 50 18 'am
2316 3865 58 24 clerk
2381 3867 22 18 to
2408 3863 42 38 .

1879 3899 110 29 plaintiff;
2001 3899 15 22 I
2031 3900 72 27 knpwr
2111 3898 40 24 the
2157 3894 137 27 'defendant
2311 3893 43 25 Mr.
2370 3890 83 26 <h<*P

1879 3915 73 36 Smith
1962 3934 7 20 ;
1983 3926 25 23 in
2014 3923 118 35 JF%&ry
2140 3924 50 25 last,
2201 3915 128 43 Ij^^f*
2335 3923 9 18 f
2346 3916 104 42 fejf}:

1879 3953 55 24 dant
1943 3956 26 19 at
1974 3952 39 23 the
2022 3941 113 40 pliffiK
2143 3954 63 23 tore,
2214 3948 130 30 WHNBWf
2350 3941 99 25 **'

1271 3057 29 20 To
1310 3057 34 20 the
1352 3057 76 20 Editor
1438 3057 29 24 of
1475 3057 36 20 the
1547 3057 53 21 New
1615 3059 92 20 Zealand
1715 3060 88 21 Gazette
1815 3060 42 20 and

1268 3096 1 14 \
1426 3090 125 26 Wellington
1561 3091 129 25 Spectator.'

1268 3115 2 30 I
1296 3124 68 22 Dear
1374 3124 48 26 Sir,
1454 3123 27 22 In
1496 3123 37 22 the
1549 3124 89 22 Gazette
1651 3124 27 23 of
1691 3125 51 24 17th
1758 3126 96 28 August,

1268 3150 46 23 and
1330 3150 40 22 sth
1387 3150 26 21 of
1431 3150 103 27 October,
1551 3152 62 27 1842,
1630 3152 12 26 X
1663 3152 46 23 had
1725 3153 37 22 the
1782 3154 73 21 honor

1268 3172 23 39 |o
1308 3176 82 23 submit
1406 3180 23 19 to
1443 3184 56 22 your
1514 3178 89 23 readers
1620 3179 62 22 short
1697 3180 86 23 notices
1794 3187 29 16 on
1843 3188 14 15 a

1268 3204 117 23 Collection
1395 3205 25 21 of
1431 3204 76 27 bones,
1519 3204 74 24 which
1609 3206 46 23 had
1670 3206 58 23 been
1744 3207 71 23 found
1831 3208 25 21 in

1273 3232 93 26 Poverty
1378 3231 52 28 Bay,
1441 3232 31 28 by
1481 3232 36 21 the
1528 3231 64 27 JRev.
1603 3233 45 22 Mr.
1660 3233 119 24 Williams.
1808 3234 48 23 The

1268 3256 116 36 Collection
1395 3258 112 23 consisted
1517 3259 26 22 of
1548 3261 26 21 21
1585 3260 106 28 portions,
1702 3261 74 22 which
1787 3262 12 22 I
1810 3268 45 15 was

1268 3284 95 35 jsnabled
1382 3288 22 19 to
1423 3285 76 22 divide
1517 3286 47 22 into
1581 3286 62 28 eight
1659 3291 52 23 sets,
1729 3295 24 15 as
1769 3288 86 28 having

1268 3312 110 27 nelonged
1401 3316 23 18 to
1444 3312 61 28 eight
1525 3312 93 23 distinct
1636 3313 68 23 birds.
1743 3314 50 23 One
1814 3319 40 23 set,

1268 3338 117 29 Composed
1396 3339 27 21 of
1435 3338 35 23 six
1479 3339 77 27 bones,
1568 3340 101 22 afforded
1684 3342 171 28 extraordinary

1268 3369 180 23 measurements,
1466 3366 124 27 indicating
1604 3373 15 15 a
1636 3366 45 23 size
1697 3367 27 22 of
1734 3367 51 23 bird
1796 3368 59 29 truly

1268 3392 110 32 gigantic;
1401 3391 55 29 they
1480 3396 23 19 at
1525 3392 36 23 the
1586 3400 62 15 same
1668 3394 62 27 time,
1746 3395 24 22 in
1786 3402 69 21 many

1268 3421 79 31 points,
1357 3419 125 22 resembled
1492 3419 60 23 those
1562 3419 27 22 of
1596 3420 38 22 the
1639 3420 61 23 kiwi.
1730 3422 41 27 My
1780 3422 73 22 notice

1268 3453 21 17 Hi
1301 3447 37 22 the
1350 3447 86 21 GazetU
1451 3446 26 22 of
1488 3446 38 23 sth
1547 3446 105 28 October,
1670 3448 105 23 contains
1792 3457 63 14 some

1272 3474 138 24 jiformatiou
1425 3473 27 22 of
1469 3473 152 22 considerable
1637 3474 94 23 interest
1772 3476 82 28 chiefly

1268 3500 73 23 drawn
1356 3500 56 23 from
1430 3507 30 15 an
1479 3500 146 28 Englishman
1639 3501 50 22 who
1705 3498 45 26 had
1764 3502 89 24 resided

1272 3523 18 34 i
1309 3528 55 23 New
1381 3526 100 23 Zealand
1491 3526 37 23 for
1545 3535 69 20 many
1628 3535 72 21 years.
1743 3529 48 23 The
1808 3529 45 23 for-

1272 3549 43 33 mer
1345 3554 113 23 existence
1467 3557 2 5 '
1483 3554 45 23 and
1551 3554 139 24 subsequent
1719 3556 131 28 extinction,

1272 3582 21 22 xf
1300 3589 14 15 a
1321 3581 47 23 bird
1375 3581 24 22 of
1406 3580 99 28 gigantic
1514 3581 51 27 size,
1575 3581 21 22 is
1603 3589 14 14 a
1625 3581 47 23 fact
1677 3582 55 28 very*
1738 3584 115 27 generally

1270 3616 76 15 mown
1355 3611 24 20 to
1392 3607 38 23 the
1439 3608 140 26 Aborigines,
1590 3608 46 23 and
1646 3608 12 23 I
1667 3616 45 15 was
1726 3610 95 23 enabled
1830 3614 23 18 to

1271 3638 55 20 fraw
1331 3636 38 22 the
1377 3634 113 23 attention
1496 3635 25 22 of
1527 3634 37 23 the
1571 3635 58 22 New
1634 3635 121 29 Plymouth
1763 3637 90 25 Settlers

1273 3664 3 23 i
1287 3672 2 12 i
1299 3663 36 23 the
1350 3662 53 26 fact,
1413 3661 50 23 that
1471 3661 60 32 large
1541 3662 121 24 quantities
1672 3662 26 22 of
1710 3664 38 21 the
1758 3671 93 16 osseous

1275 3695 15 17 *
1293 3690 70 22 mains
1373 3689 25 22 of
1408 3696 15 15 a
1430 3688 101 28 gigantic
1544 3688 52 23 bird
1607 3688 73 25 which
1689 3689 40 23 has
1738 3691 80 23 ceased
1829 3694 22 19 to

1276 3718 55 26 feist,
1342 3723 59 15 were
1409 3714 47 24 still
1464 3718 23 19 to
1496 3715 28 22 be
1533 3715 70 22 found
1613 3716 77 22 within
1700 3717 44 23 five
1753 3718 65 22 miles
1830 3718 27 22 of

1276 3738 41 28 Mat
1324 3744 136 22 settlement.
1489 3742 11 23 I
1510 3745 73 24 regret
1597 3745 23 19 to
1630 3750 46 20 say,
1686 3742 49 24 that
1750 3751 30 15 no
1789 3744 63 24 addi-

1272 3768 65 26 -fbnal
1359 3770 124 28 specimens
1516 3769 57 22 have
1597 3769 62 22 since
1683 3770 99 24 reached
1805 3779 45 16 me.

1279 3796 99 29 Anongst:
1390 3805 15 15 a
1413 3796 88 28 variety
1509 3796 26 22 of
1549 3796 79 22 stories
1643 3800 91 20 current
1750 3802 103 23 amongst

1278 3818 34 32 ftT
1314 3824 125 28 aborigines
1455 3823 118 28 regarding
1590 3822 39 23 the
1643 3824 123 31 extinction
1778 3826 27 22 of
1814 3825 38 23 the

1279 3853 49 27 Ma,
1352 3852 13 22 I
1383 3850 129 24 mentioned
1525 3851 24 21 in
1565 3857 39 24 nay
1615 3850 83 23 former
1710 3852 82 28 notice,
1805 3851 48 23 that

1277 3885 42 18 offi
1331 3878 82 29 partial
1422 3878 87 27 deluge,
1518 3876 45 24 and
1580 3877 15 23 I
1602 3876 47 24 find
1657 3877 59 23 from
1731 3885 14 16 a
1758 3886 93 19 passage

1277 3909 20 29 if
1297 3906 43 27 jDr.
1350 3904 165 29 Peffenbacn's,
1521 3904 45 24 late
1572 3904 63 22 work
1640 3911 34 16 on-
1679 3904 58 24 New
1742 3906 108 27 Zealand,

1276 3928 71 29 5396.
1354 3932 46 23 vol.
1411 3933 20 22 1.
1533 3930 63 24 there
1606 3930 69 24 exiits
1684 3938 14 16 a
1711 3932 106 25 tradition
1826 3932 25 22 in

1315 3958 183 28 neighbourhood
1509 3958 25 22 of
1541 3957 36 23 the
1593 3956 64 25 Likia
1666 3958 119 27 Botu-rua;
1802 3957 49 24 that

1282 3992 13 18 *1
1648 3999 4 7 f
1836 4003 12 7 -a*

555 53 96 46 rij*
674 55 119 41 TSteto
1053 52 189 46 #?#tt
1266 52 91 38 anb
1382 49 302 47 mputnqton
1707 45 256 50 gtpittatox.

1324 137 71 24 THE
1440 125 160 43 WILLIAM

1308 196 150 33 Intelligence
1474 197 95 24 reached
1588 205 28 16 us
1636 205 29 15 on
1687 196 129 31 Thursday,
1829 194 39 32 by'

1275 229 39 25 the
1330 229 139 32 Enterprise
1488 230 67 24 from'
1563 230 97 29 Nelson,
1681 229 26 24 of
1721 229 38 24 the
1778 228 82 25 arrival

1275 262 63 25 there
1350 263 26 23 of
1390 263 38 24 the
1439 263 52 30 brig
1505 262 102 26 William
1616 262 101 24 Stoveld.
1752 262 49 23 She
1815 267 45 17 was

1276 295 116 24 chartered
1402 296 59 23 from
1474 295 95 25 London
1587 300 26 18 to
1625 295 124 28 Taranaki,
1762 295 96 26 Nelson,

1275 328 45 25 and
1330 328 149 31 Wellington,
1492 328 44 23 and
1549 336 39 21 _we
1600 327 138 24 understand
1757 328 41 23 she
1819 327 42 22 has

1276 361 90 29 already
1378 361 56 23 been
1448 366 22 19 to
1482 361 38 23 the
1531 361 85 23 former
1628 360 71 30 place.

1303 428 334 23 CONGRATULATORY
1660 427 167 24 ADDRESS,

705 628 65 22 AND
785 628 216 24 WELLINGTON
1020 629 185 23 SPECTATOR.

767 684 133 25 Saturday,
915 684 110 25 October
1040 685 34 24 14,
1091 685 59 21 1843.

1277 509 2 4 .
1309 489 43 24 We
1363 489 56 24 have
1431 489 67 24 much
1511 490 139 23 satisfaction
1662 490 23 22 in
1697 489 69 31 being
1775 488 50 25 able
1839 494 21 17 to

1275 527 58 19 state
1346 521 49 25 that
1401 530 34 16 we
1442 522 58 24 have
1511 522 68 24 heard
1587 522 50 23 that
1644 523 18 22 it
1669 523 20 22 is
1697 522 38 24 the
1747 522 113 24 intention

1276 555 26 24 of
1317 563 40 16 oar
1378 555 130 24 mercantile
1526 555 87 24 friends
1630 560 23 18 to
1671 560 92 26 present
1783 555 30 24 P.
1826 554 32 24 D.

1276 588 78 32 Hogg,
1374 588 68 31 Esq.,
1456 588 37 24 the
1512 588 177 26 Sub-Collector
1707 588 26 24 of
1749 588 109 24 Customs

1275 627 23 18 at
1315 621 44 24 this
1378 625 59 27 port,
1458 621 54 24 with
1529 630 14 15 a
1562 621 184 32 congratulatory
1766 621 94 24 address

1275 662 59 23 upon
1347 654 36 23 his
1394 655 127 30 promotion
1532 659 22 19 to
1566 654 40 24 the
1625 655 64 23 office
1702 655 25 23 of
1743 654 115 24 Collector

1275 687 26 23 of
1316 687 107 24 Customs
1435 692 23 21 at
1475 687 39 24 the
1529 692 49 19 seat
1595 688 27 23 of
1637 687 164 29 Government,
1815 687 44 23 and

1275 728 33 16 we
1329 720 70 24 doubt
1414 724 43 20 not
1476 720 38 24 the
1534 721 147 31 opportunity
1702 721 26 22 of
1742 720 118 31 attaching

1274 753 59 24 their
1345 754 129 30 signatures
1485 758 23 19 to
1526 754 38 23 the
1585 753 93 24 address
1691 754 45 23 will
1748 754 28 23 be
1789 753 70 24 taken

1274 786 31 31 by
1316 793 67 24 many
1404 786 65 24 other
1488 786 83 24 friends
1593 786 44 24 and
1657 786 159 24 well-wishers
1838 786 22 23 of

1275 819 48 23 Mr.
1345 819 79 31 Hogg,
1446 824 23 19 to
1488 821 76 22 evince
1585 820 59 23 their
1667 820 92 31 opinion
1780 821 25 22 of
1822 818 38 24 the

1275 852 79 31 ability
1367 852 43 23 and
1421 852 51 23 zeal
1483 853 53 23 with
1550 852 75 24 which
1641 852 30 24 he
1689 852 42 24 has
1750 852 62 24 filled
1823 852 37 23 his

1275 885 65 24 office
1352 886 24 22 in
1387 885 149 29 Wellington.

353 689 45 13 itirsi

520 689 24 24 ii
544 689 4 13 J

178 704 16 10 r

451 732 40 13 >,c
500 726 25 20 i-

454 762 58 38 11*

528 725 12 31 V

68 767 28 16 184
96 767 19 16 S.

154 746 52 16 Time
211 746 21 16 of

149 766 88 17 Obierva-

169 786 45 17 tion.

267 755 55 16 Baro-

261 777 63 15 meter.

342 755 84 17 Thermo-

352 778 64 15 meter.

554 767 52 16 Wind

55 843 75 21 friday...

171 845 10 16 9

171 866 52 21 Ip.m.

171 887 10 16 4

171 908 9 15 0

171 928 47 20 Ip.m

171 950 10 15 4

170 970 10 15 9

171 990 52 21 Ip.m.

170 1011 12 16 4

170 1032 10 15 9

171 1052 52 21 Ip.m.

169 1094 11 16 9

169 1115 54 20 Ip.m.

169 1157 11 14 9

170 1177 53 20 lptn.

169 1219 11 15 9

171 1239 51 21 Ip.m.

264 845 60 17 29.834

264 866 59 16 29.810

263 887 59 16 29.723

263 908 60 16 29.500

263 929 59 15 29.410

264 950 58 15 29.325

366 845 26 16 52.

366 866 26 16 53.

366 887 37 16 53.5

366 908 26 16 54.

365 927 25 18 57.

366 949 36 16 57.5

531 838 17 12 r_
576 849 5 1 .

487 861 2 6 ,
531 847 64 18 North.

461 868 37 17 0.01
531 869 76 18 N.N.W.

532 889 74 19 N.N.W.

532 910 62 17 North.

461 931 36 16 .01
533 931 62 17 North.

532 952 63 17 North.

532 973 50 17 N.W.

462 993 36 16 f1.12
531 993 77 23 N.byW

531 1014 50 17 N.W.

531 1035 63 17 North.

461 1057 10 14 0
479 1056 19 17 14
530 1056 63 17 North.

531 1077 70 18 N.N.E.

531 1099 62 17 South.

461 1118 35 17 0.11
530 1120 64 16 South.

531 1141 61 17 Sovth.

531 1162 63 17 South.

461 1181 38 16 0.30
531 1183 63 17 South.

531 1204 63 17 South.

506 1237 3 4 ,
531 1224 44 18 N.E.

453 1243 56 16 Nona.
531 1245 62 17 South.

526 1262 2 21 I
531 1266 63 17 South.

55 906 22 16 la*

55 968 75 20 tanday..

55 1030 74 20 fonday.

55 1092 74 20 Fuetday

55 1153 35 17 Vd

263 1033 60 16 29.350

264 1054 59 16 29.320

263 1075 60 16 29.285

264 1095 59 17 29.445

263 1117 59 16 29.505

263 1137 59 16 29.525

263 1158 59 16 29.855

263 1179 59 16 29.905

263 1200 59 17 29.920

263 1221 59 16 30.015

263 1242 59 16 30.005

263 1263 59 16 29.970

366 1033 36 17 50.5

366 1054 26 16 SO.

366 1075 36 16 50.5

366 1097 25 15 49.

366 1117 26 15 52.

366 1137 36 16 51.5

366 1158 26 16 48.

366 1179 26 16 52.

366 1200 25 16 54.

366 1222 25 15 46.

365 1244 26 15 54.

365 1264 25 16 50.

55 1216 51 17 rhun
112 1228 15 5 ...

55 1322 74 19 Friday,..

55 1384 24 16 )t
133 1387 1 11 :

172 1325 9 15 9

171 1347 52 19 Ip.m.

172 1367 9 16 4

172 1389 9 11 9

168 1409 50 21 -Ip.m

172 1452 9 15 2
196 1441 5 8 '

172 1472 53 22 Ip.m.

172 1515 9 15 9

172 1536 54 21 Ip.m.

172 1578 9 16 9

171 1600 54 20 Ip.m.
238 1611 3 4 .

171 1640 10 16 9

172 1663 53 20 Ip.m.

171 1684 12 15 4

171 1705 10 14 9

171 1725 54 20 lp:m.

247 1311 2 11 i
381 1306 125 18 REMARKS.

247 1325 56 23 {Calm
310 1327 34 17 and
355 1329 87 15 overcast.

248 1348 2 16 I
253 1348 92 16 Moderate
353 1349 61 16 breeze
422 1349 36 16 and
467 1349 68 20 cloudy.

294 1369 33 16 Do.
371 1369 33 17 Do.
448 1370 33 16 Do.

247 1390 60 16 iFreih
314 1390 63 17 breeze
385 1390 34 16 and
428 1392 87 15 overcast.

247 1407 3 11 '
294 1411 33 16 Do.
371 1411 27 16 Do
447 1412 87 19 showery.

247 1432 3 26 I
294 1431 37 19 Do.,
371 1431 31 16 Do.
448 1432 31 16 Do.

248 1475 2 12 i

55 1446 69 20 in<Uy.

55 1508 74 20 *ondy.

55 1571 75 20 'udty

55 1633 69 17 Ved..j,.

247 1478 3 24 I

247 1515 59 21 'Light
312 1517 62 15 breeze
381 1517 35 15 and
424 1520 43 16 very
474 1517 43 16 fln-

253 1537 92 17 Moderate
372 1537 33 17 Do.
447 1536 48 17 rain.

294 1558 34 17 Do.
371 1558 33 16 Do.
445 1558 59 21 heavy
512 1557 66 17 shower
580 1563 15 11 i.

253 1579 65 20 Strong
324 1579 68 19 breeze,
400 1579 71 19 cloudy,
477 1579 34 16 but
518 1579 41 16 fin*.

253 1600 91 17 Moderate
371 1600 32 16 Do.
448 1600 33 16 Do.

264 1637 4 3 .
294 1621 34 17 Do.
371 1621 34 17 Do.
448 1620 34 17 Do.

252 1642 92 17 Moderate
351 1642 62 16 breeze
420 1641 36 17 and
463 1645 44 16 vary
513 1641 42 17 fin*.

292 1663 36 16 X>o.
371 1662 34 17 Do.
425 1663 3 3 '
447 1662 34 16 Do.

294 1684 33 16 Do.
371 1684 32 16 Do.
446 1683 33 16 Do.

252 1705 50 16 Calm
310 1705 37 16 and
355 1708 42 17 very
404 1705 41 15 fine.

247 1722 61 24 |Fresh
315 1725 62 17 breeze
385 1725 35 16 and
428 1729 44 16 very
479 1725 42 17 tint.

63 1696 35 16 bur
112 1707 17 6 ...

146 3822 116 25 AGENTS
276 3824 61 21 FOR
355 3824 69 21 THIS
440 3824 101 21 PAPER.

69 3859 40 19 Mr.
119 3859 128 19 BURCHAM
327 3859 91 17 /.Fetoni.

69 3887 39 21 Mr-
120 3887 23 18 C.
153 3886 114 23 ELLIOTT,
277 3887 106 19 Examiner
388 3886 66 22 (Met,
461 3886 73 20 Nelson
543 3887 75 20 Htd.

69 3913 40 22 Mr.
119 3915 20 17 J.
146 3914 24 20 D.
177 3914 93 19 BAINES
344 3914 165 23 STiwHymouthj
515 3915 104 19 Tanaakl.

69 3943 40 24 Ifx.
119 3942 29 21 Hi
156 3942 131 20 CHUETON.
292 3953 49 12 .,...
344 3942 110 23 Wanganui
457 3955 5 5 .

68 3970 41 21 Hr.
119 3971 32 20 W.
162 3968 101 23 WJLSON
345 3971 42 22 By
393 3971 23 19 <tf
423 3971 86 20 Ultnd.

873 139 164 22 FREIGHTS..
1196 132 15 19 ?
1237 160 2 4 ,

663 173 97 22 London
786 162 37 40 J|;
1008 161 45 35 ?<\.
1063 184 73 7 ......
1154 171 14 20 0
1192 171 14 20 0
1232 170 15 20 0

662 207 58 22 New
733 207 79 22 South
826 205 86 23 Walis
926 212 47 15 and
982 204 70 27 Y,DS
1058 204 43 22 -JV.-
1118 204 129 21 ..200

662 240 96 23 Nstsos
954 230 76 31 #."X.'
1117 241 19 19 A
1154 240 53 21 2.-0
1234 240 14 26 Q

661 275 125 22 Taranaki
797 282 45 14 and
849 275 139 24 C0a5t......
1154 275 14 20 2
1194 275 13 19 0
1234 274 14 20 0

663 309 129 22 Auckland
1180 308 41 20 nil.

778 367 99 23 Hotice
891 370 31 19 to
938 368 187 21 Subscribers.
1146 386 6 3 .
1162 367 4 7 '
1194 366 16 28 ,*'

664 400 79 28 Papers
757 402 46 20 will
814 402 37 19 not
861 402 24 19 be
898 402 49 19 tent
952 417 3 4 .
964 402 30 18 to,
999 405 92 21 pertont
1103 400 68 26 living
1179 400 36 28 eftf
1224 400 27 26 of

690 437 52 21 ort
751 435 125 25 Nicholson,
893 435 71 20 unless
974 437 161 24 arrangements
1144 434 43 22 are'
1187 435 61 21 Made

686 471 37 23 for
732 472 35 19 the
771 472 104 25 payment
884 470 29 25 of
918 471 40 20 the.
964 476 63 20 same,
1037 471 96 25 through
1143 470 104 29 an^Agent

690 507 24 19 at
726 506 134 25 Wellington.
867 512 25 5 --
995 510 4 5 -
1031 511 8 4 -
1155 503 2 13 :/*:
1157 501 19 30 /*

181 158 5 2 -
294 130 105 38 Notice.
452 139 5 37 |
486 147 21 11 "'
505 130 3 18 :

55 177 211 52 AMEETISF&
280 179 28 22 of
318 179 37 22 the
374 179 111 22 Creditors
502 177 27 23 of
536 177 53 23 '.Mr.
603 176 30 22 D.

133 205 145 28 Macdonald,
296 206 45 23 Kai
355 205 78 24 Warca
448 205 86 27 Warra,
545 203 44 23 will
606 203 30 22 be

54 233 53 22 hld
117 236 24 19 at
149 233 39 22 the
197 233 147 22 Commercial
353 233 72 26 Hotel,
437 231 111 23 Lambton
558 231 73 25 Quay,

54 259 64 22 when
129 259 39 22 tbe
178 259 66 22 funds
253 259 97 22 realized
358 259 58 22 from
425 259 40 21 the
472 261 69 19 estate
552 255 44 23 will
605 255 29 23 be

54 285 139 23 distributed.

82 319 84 23 Parties
171 320 83 28 having
263 328 44 20 any
313 320 76 22 claims
398 326 36 15 are
444 318 83 28 hereby
532 318 102 27 advised,

54 347 49 21 that
111 348 76 22 unless
195 347 54 27 they
258 346 81 23 render
344 346 60 31 such;
411 344 102 29 properly
524 344 111 23 authenti-

52 373 72 25 cated,
135 377 24 18 to
174 377 37 19 the
226 375 108 23 Trustees,
344 372 101 28 previous
461 374 24 19 to
500 371 38 22 the
553 371 44 27 day
611 370 27 23 of

52 400 106 28 meeting,
169 400 53 31 they
231 400 44 22 will
284 400 27 21 be
322 398 107 23 excluded
438 398 58 22 from
507 398 29 21 all
544 397 92 30 partici-

53 426 74 28 pation
138 434 24 14 in
174 428 36 20 tbe
214 425 119 23 'dividend.

242 465 116 22 Kenneth
376 465 178 30 Bbthune,!^
579 480 22 15 ta

242 492 96 21 Alfred
353 492 73 24 Hort,
502 480 17 38 J
525 480 108 21 Trustees.

81 531 57 22 N.B.
168 531 22 22 A
198 530 37 22 list
245 530 25 22 of
283 531 142 27 outstanding
434 530 64 23 debts
510 530 44 23 will
564 534 22 18 at
597 530 38 22 the

48 561 65 18 lame
122 557 56 22 time
186 557 29 22 be
226 556 104 28 disposed
340 556 29 23 of.

80 588 143 27 Wellington,
235 589 99 21 October
343 591 31 23 11,
386 591 59 21 1843.
