2520 4029
247 2234 168 25 POSTAGE.

64 2274 35 24 To
114 2275 163 25 Subscribers,
294 2281 77 14 other
387 2272 145 23 Newspaper
552 2273 75 22 Esta-

39 2309 152 19 blishments,
203 2308 46 14 and
266 2300 160 22 Commanders
444 2307 26 15 of
486 2300 111 22 Vessels.
601 2311 27 5 —

38 2329 29 23 In
77 2336 40 15 our
126 2335 69 22 paper
205 2327 25 22 of
242 2326 131 28 September
388 2328 35 25 30,
435 2334 31 15 we
476 2327 100 22 inserted
586 2328 39 21 the

37 2356 67 22 latest
113 2354 137 28 regulations
261 2354 68 21 about
338 2354 104 26 Postage.
471 2354 44 22 For
524 2354 39 21 the
575 2361 53 15 con-

39 2383 108 22 venience
164 2382 27 21 of
209 2388 40 16 our
266 2380 130 23 mercantile
413 2380 92 28 friends,
521 2388 33 15 we
571 2381 57 22 have

38 2409 89 28 printed
137 2408 63 23 them
216 2415 60 21 upon
293 2415 13 14 a
322 2406 51 23 half
383 2408 64 21 sheet
460 2408 27 21 of
498 2415 74 24 paper,
584 2408 44 22 and

38 2436 53 28 they
97 2443 44 15 can
150 2443 50 15 now
210 2435 28 22 be
248 2434 157 28 conveniently
411 2434 77 28 posted
497 2442 23 14 in
527 2442 30 14 an
564 2435 64 23 office

39 2463 35 23 for
82 2462 92 28 general
184 2462 122 22 reference.

68 2490 42 22 We
120 2492 85 19 cannot
215 2489 113 22 ourselves
336 2488 79 28 gather
425 2489 57 22 from
494 2489 37 22 the
541 2490 87 26 regula-

39 2517 59 22 tions
107 2516 39 23 the
155 2519 92 26 postage
257 2516 133 27 chargeable
401 2523 61 20 upon
480 2516 99 24 colonial
588 2524 41 21 pa-

38 2550 50 25 pers
98 2542 79 29 posted
193 2547 24 17 at
232 2542 145 28 Wellington,
388 2543 43 22 but
447 2550 31 15 we
494 2543 59 22 have
569 2544 59 22 been

38 2570 114 23 informed
160 2570 50 24 that
219 2569 38 22 the
267 2577 50 15 sum
329 2570 132 27 chargeable
471 2570 19 22 is
500 2577 43 15 one
553 2578 77 20 penny

38 2604 40 21 per
86 2604 77 23 paper.
191 2596 54 24 This
254 2597 20 21 is
284 2604 13 14 a
306 2596 73 28 heavy
389 2601 46 22 tax,
447 2597 44 21 and
501 2597 83 22 indeed
595 2605 33 14 we

40 2629 89 24 suspect
137 2624 39 22 the
185 2623 137 28 regulations
332 2623 44 23 will
391 2624 28 22 be
435 2623 69 23 found
513 2624 117 28 generally

38 2654 24 20 to
71 2652 56 22 bear
136 2651 101 27 severely
247 2657 61 22 upon
317 2650 39 23 the
366 2651 113 22 colonists.

67 2679 50 21 One
125 2684 76 22 peony
217 2677 55 22 each
290 2677 44 23 will
348 2682 95 18 amount
458 2682 23 18 to
498 2677 61 28 eight
576 2677 53 23 shil-

40 2705 57 28 lings
106 2705 46 23 and
162 2704 62 28 eight
231 2711 70 20 pence
318 2712 40 20 per
372 2712 86 15 annum
468 2712 61 20 upon
539 2712 42 14 our
590 2712 40 20 pa-

40 2740 47 20 per.
99 2729 2 9 '
115 2732 56 23 This
181 2739 50 15 sum
245 2738 32 16 we
293 2731 57 23 shall
365 2732 28 22 be
409 2731 89 28 obliged
514 2735 22 18 to
546 2731 84 28 charge

42 2759 113 28 quarterly
163 2758 26 22 in
204 2758 100 22 advance
320 2759 34 21 for
363 2766 81 20 papers
459 2759 94 22 ordered
568 2763 23 17 to
602 2760 28 21 be

41 2789 49 19 sent
99 2789 40 19 out
147 2785 26 23 of
181 2784 37 23 the
228 2785 86 28 colony,
322 2785 30 28 by
358 2792 93 21 persons
459 2786 99 22 resident
567 2785 62 23 here.

42 2813 63 21 More
116 2811 56 24 than,
187 2819 42 15 one
244 2819 54 20 year
311 2812 62 22 since
384 2820 33 14 we
433 2813 134 22 announced
581 2813 50 22 that

40 2847 33 15 we
82 2839 76 23 would
166 2843 41 18 not
217 2839 78 28 supply
305 2846 79 21 papers
401 2843 23 19 to
439 2840 81 27 parties
530 2840 101 27 residing

42 2870 40 19 out
97 2867 28 22 of
135 2866 39 23 the
189 2865 85 29 colony,
287 2866 75 22 unless
377 2866 56 24 such
449 2867 136 22 subscribers
595 2874 36 15 ar-

41 2893 85 27 ranged
135 2894 36 22 for
184 2893 39 22 the
237 2897 107 23 payment
358 2893 34 23 for
406 2893 62 23 them
485 2893 97 28 through
600 2902 29 14 an

42 2924 66 23 agent
117 2921 61 22 here.
207 2920 61 28 Only
277 2924 41 18 two
329 2920 87 29 foreign
426 2921 136 22 subscribers
572 2921 58 23 have

42 2947 107 23 attended
157 2951 24 19 to
191 2947 44 22 this
244 2947 81 27 notice,
337 2948 45 22 and
393 2947 40 23 the
446 2947 74 28 heavy
529 2956 101 19 expence

41 2975 26 22 of
77 2977 93 26 postage
180 2978 22 18 to
212 2973 73 23 which
294 2981 33 15 we
342 2975 57 22 shall
409 2975 28 21 be
447 2975 92 27 subject,
551 2975 79 23 makes

40 3001 19 23 it
68 3001 126 28 absolutely
204 3008 118 21 necessary
330 3001 35 23 for
375 3010 27 14 us
410 3009 49 15 now
474 3005 24 19 to
513 3009 65 21 carry
588 3010 43 15 our

40 3028 75 22 notice
123 3029 47 22 into
180 3028 72 23 effect.
273 3028 28 22 In
311 3029 74 22 future
393 3029 94 28 English
492 3029 138 22 subscribers

40 3055 50 23 who
106 3055 58 23 have
180 3058 41 19 not
233 3055 54 28 paid
297 3055 59 23 their
371 3056 160 28 subscriptions
548 3057 26 21 in
591 3064 39 15 ac-

42 3082 109 23 cordance
177 3081 52 23 with
252 3089 40 15 our
310 3083 81 26 notice,
412 3083 46 21 and
481 3082 50 23 who
555 3083 75 22 desire

42 3112 22 18 to
91 3109 60 21 have
176 3116 41 14 our
241 3109 88 21 Gazette
351 3113 61 19 must
440 3109 65 28 apply
534 3112 24 20 to
590 3118 41 15 our

42 3135 97 23 London
162 3135 83 27 Agent,
271 3136 45 23 Mr.
341 3137 96 26 Bowler,
465 3140 24 18 at
512 3136 38 23 the
573 3137 58 23 New

43 3162 101 22 Zealand
160 3162 136 28 Company's
312 3163 79 27 Office,
403 3162 103 29 London,
522 3168 22 17 to
555 3163 76 26 whom

42 3196 34 15 we
90 3188 59 23 have
165 3188 59 23 been
233 3189 137 29 forwarding
384 3191 36 22 for
435 3197 61 15 some
511 3190 55 23 time
581 3195 51 23 past

43 3215 44 23 and
96 3218 23 20 to
127 3215 78 23 whom-
209 3223 32 15 we
252 3215 56 24 shall
324 3218 106 22 continue
440 3220 23 19 to
472 3217 99 26 forward;
581 3218 50 28 fifty

41 3243 76 26 copies
135 3242 25 22 of
180 3241 39 23 the
238 3243 94 22 Gazette.
369 3245 50 22 The
438 3244 53 28 only
510 3244 126 24 difference,

42 3269 45 22 will
96 3268 29 23 be
135 3269 51 26 this,
197 3269 48 23 that
253 3271 126 23 heretofore
389 3279 33 16 we
437 3271 59 23 have
508 3276 51 18 sent
569 3272 62 23 them

42 3295 98 28 through
151 3295 37 23 the
198 3300 55 24 post,
265 3298 45 22 and
324 3306 51 15 now
384 3306 35 15 we
437 3302 57 19 must
503 3299 57 22 send
568 3299 63 24 them

42 3323 29 28 by
80 3326 87 25 private
175 3325 150 27 opportunity,
334 3333 24 15 as
365 3326 19 21 it
394 3333 53 20 may
453 3325 62 28 offer,
524 3326 27 22 of
557 3326 74 23 which

42 3350 38 23 the
90 3349 96 28 Postage
196 3350 147 28 Regulations
351 3353 82 26 permit
442 3361 5 19 ;
458 3352 53 28 they
520 3353 47 22 will
578 3361 53 15 con-

42 3377 120 28 sequently
172 3380 41 18 not
221 3377 28 22 be
259 3377 105 24 obtained
374 3387 24 14 so
407 3379 134 29 frequently.

70 3405 34 21 As
111 3412 33 14 we
155 3403 58 23 shall
222 3403 64 23 have'
289 3408 22 18 to
320 3412 44 21 pay
372 3410 92 24 postage
474 3414 30 15 on
514 3407 29 22 all
553 3414 80 22 papers

43 3438 32 15 we
91 3431 57 22 send
164 3434 24 18 to
203 3438 26 14 or
242 3432 88 21 receive
344 3433 58 22 from
423 3432 38 23 the
477 3434 106 28 colonies,
599 3442 34 15 we

42 3460 60 20 must
111 3457 91 23 decline
212 3457 38 22 the
258 3462 88 23 greater
362 3462 50 24 part
425 3460 26 21 of
462 3467 41 15 our
512 3461 119 29 exchange

42 3492 85 21 papers,
139 3492 24 15 as
175 3485 38 21 the
223 3488 39 18 tax
272 3485 74 22 would
355 3483 40 25 fall
405 3493 54 21 very
465 3488 100 28 severely
571 3495 62 23 upon

43 3519 41 16 our
98 3512 66 23 small
184 3511 176 23 establishment.
397 3512 74 23 Those
491 3513 48 23 who
559 3523 72 20 cease,

43 3539 58 22 after
110 3539 44 22 this
163 3542 23 18 to
195 3539 88 22 receive
294 3547 40 14 our
338 3547 76 21 paper,
423 3540 43 22 will
476 3540 74 27 please
559 3542 75 24 there-

42 3566 47 23 fore
99 3568 23 19 to
134 3565 139 24 understand
284 3574 41 15 our
334 3574 79 15 reason
423 3573 26 16 as
457 3574 49 15 now
517 3568 75 26 given.

70 3593 49 22 We'
127 3593 59 22 have
200 3593 57 22 been
274 3593 25 22 in
318 3593 39 22 the
373 3593 66 23 habit
452 3594 26 22 of
494 3594 80 29 giving
594 3604 41 15 our

43 3626 68 20 paner
125 3623 23 18 to
166 3619 39 22 the
221 3624 93 19 masters
331 3621 26 22 of
367 3620 31 23 all
414 3620 61 28 ships
488 3620 25 23 in
527 3621 106 25 harbour.

43 3646 54 23 This
107 3646 41 23 has
156 3646 60 23 been
224 3655 14 14 a
246 3648 92 22 heavier
355 3651 39 19 tax
409 3647 55 23 than
480 3655 69 21 many
558 3651 77 22 would

43 3680 103 22 suppose,
156 3673 47 23 and
212 3674 38 22 the
259 3678 40 19 tax
307 3674 41 23 has
358 3675 58 22 been
435 3674 37 23 the
482 3682 59 15 more
558 3676 44 23 felt
611 3685 24 15 as

43 3700 37 22 the
90 3704 96 19 masters
202 3700 26 23 of
238 3701 62 29 ships
316 3702 58 22 have
389 3701 75 27 rarely
473 3702 127 24 forwarded
608 3712 27 15 us

43 3734 80 22 papers
131 3728 24 21 in
164 3731 85 24 return,
261 3736 27 15 or
297 3729 98 22 afforded
410 3735 28 16 us
451 3729 145 24 information
611 3732 25 22 of

45 3761 44 21 any
99 3754 143 28 description.
270 3756 33 22 To
311 3756 57 22 such
377 3755 157 24 commanders
543 3764 25 15 as
578 3758 56 22 send

45 3787 26 15 xv
78 3787 87 21 papers,
178 3789 25 14 or
212 3782 82 23 render
308 3790 27 15 us
349 3782 75 23 useful
439 3782 150 30 information,
600 3793 33 14 we

44 3805 57 23 shall
111 3807 28 22 be
148 3808 76 28 happy
233 3809 45 22 still
285 3813 25 18 to
318 3810 53 28 give
380 3810 41 23 the
431 3810 98 28 Gazette;
544 3811 43 23 but
595 3812 38 22 the

45 3833 74 28 heavy
129 3841 95 21 expense
233 3836 26 21 of
265 3840 92 24 postage
361 3840 23 19 to
390 3836 74 24 which
475 3845 32 15 we
517 3837 57 24 shall
584 3846 51 16 now

45 3860 30 21 be
83 3861 105 27 exposed,
198 3862 78 23 makes
284 3864 19 21 it
311 3871 118 21 necessary
439 3864 34 23 for
482 3872 26 15 us
518 3869 22 18 to
551 3873 83 16 econo-

45 3893 58 15 mise
112 3887 31 22 all
157 3888 38 22 the
210 3894 76 19 means
300 3890 24 22 in
339 3898 40 15 our
393 3899 82 21 power.
504 3892 39 22 We
560 3893 74 23 there-

45 3913 181 24 fore'announce
240 3916 51 23 that
304 3916 169 25 henceforward
485 3918 47 23 this
545 3925 88 18 custom

45 3944 139 26 terminate*.

1898 3890 76 17 Printed
1985 3891 38 19 Mid
2035 3892 98 21 published
2149 3895 54 18 every
2219 3892 113 21 Wednesday
2347 3890 37 18 and
2393 3888 83 19 Saturday

1919 3911 89 21 morning,
2022 3912 22 20 by
2062 3913 87 17 Sakvxi*
2161 3913 89 19 Rxtamb,
2262 3914 24 17 ,at
2300 3913 31 17 the
2347 3911 53 17 Office
2414 3909 20 17 of
2444 3912 32 14 »•

1919 3933 49 16 Nbw
1980 3932 99 19 Ziaiaxs
2090 3934 92 17 Qaektts
2192 3937 43 13 amd
2249 3935 133 16 WBunrcwon
2395 3930 72 17 8»««*a

1919 3957 44 15 to*.
1973 3953 156 24 Manaqutiett,
2138 3953 115 22 Wellington.
2265 3954 42 18 Part
2314 3951 107 24 (Nfokvlsn.
2430 3950 46 18 Jww

1919 3975 85 18 Ztfti»4.
2077 3967 37 12 7^

565 36 98 47 Sty*
686 37 119 41 Weto
830 36 209 42 ißcalanti
1065 37 192 46 <&a}tttc
1279 36 92 39 attb
1397 34 300 48 W^tiiuxQton
1721 33 254 49 &pttiatot.

52 124 90 25 rivicea
152 132 35 17 vre
198 125 59 31 hope
266 129 24 19 to
301 124 28 24 be
348 124 94 25 enabled
460 129 24 20 to
504 126 53 30 give
577 125 58 24 their

50 158 93 25 results.

287 188 113 22 DERBY.

78 217 26 21 11
115 218 24 19 to
148 216 14 21 5
172 217 49 25 agtt
402 216 151 22 Cotherstone.

77 244 27 20 13
115 245 22 18 to
146 244 15 20 2
400 242 82 22 British
491 242 110 22 Yeoman.

78 270 27 20 16
113 271 23 19 to
147 270 10 20 1
233 267 44 27 (tic)
404 268 132 22 Gamecock.

75 296 29 21 18
113 299 24 17 to
145 296 10 21 1
232 294 44 28 (tli)
404 296 115 21 Amorino.

76 322 27 22 18
111 324 24 19 to
146 323 9 21 1
404 321 124 23 Winesour.

73 349 83 23 2Qtol
410 348 114 23 Parthain.

73 374 30 22 20
112 378 23 19 to
146 377 11 20 1
233 374 44 26 (tk)
405 374 117 23 Aristidea.

73 401 28 22 25
111 405 23 18 to
146 404 10 20 1
407 401 116 28 Dumplin.

73 428 28 21 25
111 431 23 19 to
145 430 10 20 1
168 438 7 9 i
410 428 82 27 Gaper.

73 454 28 21 25
112 458 22 18 to
145 457 10 20 1
231 453 43 26 (tk)
408 454 97 23 General
515 454 101 23 Pollock.

73 482 29 19 30
111 484 23 19 to
144 483 9 20 1
230 480 43 30 (tk)
407 481 125 23 Newcourt.

72 508 28 21 33
110 510 23 18 to
143 509 9 20 1
230 506 43 26 (tk)
405 507 133 28 Blackdrop.

71 533 30 21 40
110 537 23 18 to
144 536 9 19 1
406 534 149 27 Highlander.

70 560 30 21 40
110 564 22 18 to
143 562 9 20 1
406 560 144 23 Maccabeus.

71 586 29 21 50
110 590 23 19 to
143 588 10 21 1
229 586 42 26 (tk)
406 586 104 28 Progress
519 588 52 22 colt.

71 612 29 21 50
110 616 23 19 to
143 615 10 20 1
405 614 80 28 Mercy
494 614 52 23 colt.

70 640 30 21 50
109 643 23 18 to
143 642 8 19 1
404 640 130 29 Fakeaway.

70 668 29 19 66
108 669 23 19 to
141 668 10 20 1
228 666 42 26 (tk)
405 668 116 26 Languish
531 668 52 23 colt.

71 694 28 23 66
109 696 21 19 to
142 694 9 21 1
229 692 43 28 (tk)
405 694 100 23 Brocard
515 695 53 22 colt.

70 721 29 20 66
109 723 23 18 to
143 722 10 20 1
404 720 40 23 All
454 720 37 23 the
501 728 82 18 mares,

31 753 4 5 •
55 747 44 21 100
108 750 22 18 to
142 748 10 21 1
228 746 42 26 (tk)
408 747 52 22 Earl
468 747 25 22 of
496 747 139 24 Richmond.

56 774 43 21 -100
109 776 22 18 to
142 775 9 20 1
228 772 43 27 (tk)
407 773 79 22 Elixir.

56 800 43 21 100
108 802 22 19 to
142 802 9 19 1
228 799 44 26 (tk)
407 800 94 23 Lucetta
511 801 51 22 colt.

292 826 92 22 OAKS.

84 855 14 20 6
108 856 22 19 to
141 854 10 21 1
163 856 50 23 agst
411 853 72 22 Maria
493 854 60 28 Day.

71 881 26 20 12
106 883 23 18 to
139 880 11 21 1
405 880 76 22 Laura
489 880 55 28 filly.

402 906 79 23 Judith
492 907 89 24 Hutter.

402 933 35 22 Sis
446 937 22 18 to
480 934 67 26 Jeffy.

70 959 138 27 12tol(tk)
404 960 48 23 The
463 960 66 28 Lilly.

400 987 85 27 Peggy.

70 1014 27 22 16
107 1017 23 19 to
142 1015 9 20 1
405 1014 97 22 Poison.-

406 1040 146 28 Extempore

161 1077 5 7 ■
405 1067 70 28 Bessy
481 1068 95 22 Bedlam
585 1068 46 28 filly

68 1094 28 21 15
106 1097 23 18 to
140 1095 10 20 1
226 1093 43 26 (tk)
403 1094 114 26 Elegance
527 1095 56 27 filly.

68 1121 81 21 20tol
224 1119 43 27 (tk)
403 1121 100 27 Cowslip.

69 1146 48 23 The
131 1146 132 28 particulars
271 1147 26 21 of
310 1147 38 22 the
364 1155 52 15 race
431 1148 35 21 for
482 1148 38 21 the
535 1148 96 23 Trades-

41 1174 71 23 man's
123 1173 49 29 Cup
188 1176 24 19 at
222 1173 98 28 Chester,
332 1174 44 23 will
393 1181 82 21 appear
489 1176 23 21 in
522 1175 109 22 Wednes-

43 1199 63 29 day's
118 1207 75 21 paper.

144 1234 47 15 THE
208 1234 63 15 RINO.
273 1239 27 3 —
302 1235 75 15 ROUOE
393 1235 47 16 AND
456 1235 63 16 NOIR.

168 1254 74 21 Sambo
257 1255 84 25 Sutton,
353 1263 20 14 v.
384 1257 119 24 Bungaree.

68 1281 73 22 These
150 1281 130 27 champions
290 1282 35 21 for
333 1282 58 22 fistic
406 1283 61 22 fame
485 1287 45 18 met
540 1284 36 22 for
593 1283 37 23 the

41 1308 84 23 •econd
139 1309 55 22 time
209 1315 29 15 on
254 1308 38 22 the
307 1308 53 23 25th
375 1309 26 22 of
418 1310 88 22 March.
541 1311 36 22 On
593 1310 38 23 the

40 1334 48 23 first
97 1335 117 22 occassion
231 1335 102 27 Bungree
344 1343 49 15 won
411 1336 36 22 the
457 1336 89 28 laurels,
558 1338 40 21 but
607 1338 23 22 in

42 1360 38 23 the
90 1361 84 23 second
183 1362 54 21 bout
246 1362 38 21 the
294 1362 61 23 sable
361 1363 83 27 prince,
454 1364 106 22 removed
569 1364 62 23 them

42 1388 59 23 from
111 1388 39 22 the
161 1388 141 23 Australians
310 1389 60 22 brow
381 1390 46 22 and
443 1390 77 27 placed
530 1391 63 22 them
603 1399 28 14 on

43 1414 34 23 hit
87 1422 57 16 own.

68 1441 48 22 The
125 1442 57 27 fight
191 1449 45 15 was
244 1442 35 22 for
289 1442 47 22 .€SO
346 1443 68 27 aside,
428 1443 44 22 and
482 1451 62 16 came
556 1444 34 23 off
600 1452 30 15 on

41 1468 37 23 the
99 1468 96 23 Kentish
210 1473 61 18 coast
289 1469 71 22 below
379 1470 139 23 Graveaend.
548 1471 83 28 Young

40 1494 80 24 Broom
123 1503 13 14 e
146 1496 45 22 and
201 1495 85 27 Cullen,
297 1496 64 22 acted
376 1504 24 15 as
411 1497 80 22 second
501 1497 46 22 and
561 1498 69 23 bottle

41 1522 79 23 holder
130 1526 23 19 to
163 1522 125 28 Bungaree,
299 1524 45 21 and
355 1523 52 22 Jem
417 1524 87 21 Turner
514 1525 45 21 and
569 1525 59 22 Jack

42 1549 107 28 Haunan,
169 1549 105 22 attended
292 1550 24 21 in
340 1557 13 15 a
372 1550 86 22 similar
477 1552 101 27 capacity
597 1552 33 22 for

42 1576 80 23 Sambo
134 1578 87 21 Sutton.
249 1576 48 23 The
307 1577 86 29 betting
399 1579 43 20 6to
451 1579 20 25 4,
483 1578 42 22 and
531 1580 29 21 30
571 1582 22 19 to
602 1580 28 21 20

39 1610 29 15 on
78 1603 126 28 Bungaree.

67 1630 49 22 The
130 1630 114 28 pugilistic
261 1634 121 20 encounter
393 1638 45 16 was
451 1632 80 22 almost
548 1633 82 22 devoid

42 1656 24 23 of
72 1657 102 27 interest,
184 1658 65 21 when
266 1659 53 22 time
329 1667 43 14 was
383 1658 71 23 called
470 1659 24 22 in
506 1659 37 22 the
560 1660 66 22 ninth

40 1684 79 26 round,
132 1684 103 27 Bungree
244 1691 48 16 rose
299 1686 58 21 from
372 1686 34 22 his
416 1686 175 28 second'sicnne,
605 1694 24 15 as

41 1710 21 23 if
71 1711 68 27 going
148 1714 24 19 to
181 1712 38 21 the
230 1712 94 27 scratch,
334 1712 41 22 but
388 1717 23 17 to
421 1712 38 22 the
469 1713 160 23 astonishment

40 1738 26 22 of
79 1738 38 26 all,
127 1737 29 22 he
170 1739 125 27 approched
310 1740 37 21 the
357 1740 86 21 referee
459 1740 46 22 and
515 1740 50 22 said
598 1741 28 21 he

40 1764 73 22 would
121 1764 58 28 fight
192 1772 31 15 no
231 1764 91 30 longer;
338 1766 63 22 there
410 1766 46 22 had
470 1767 57 21 been
542 1775 15 13 a
565 1771 64 23 great

40 1790 50 24 deal
100 1791 28 22 of
137 1790 48 24 talk
199 1792 69 22 about
276 1799 92 21 crcS3es,
379 1793 45 22 and
434 1793 28 22 he
473 1793 73 23 would
553 1794 76 22 forfeit

40 1818 45 24 Mr.
105 1818 154 28 Humphrey's
279 1820 45 26 (his
341 1820 104 26 backers)
466 1827 88 21 money.
591 1822 37 21 He

38 1844 54 24 then
101 1844 108 23 returned
219 1849 22 18 to
254 1846 36 22 his
299 1854 86 19 corner,
397 1847 46 22 and
454 1847 85 28 calling
548 1848 37 22 for
593 1849 35 21 his

39 1870 85 24 clothes
140 1872 109 28 prepared
258 1876 22 19 to
290 1874 61 27 quite
361 1874 39 22 the
409 1874 58 27 ring,
477 1875 86 27 saying,
599 1876 29 21 he

39 1898 74 23 would
117 1905 71 19 pever
193 1902 63 19 enter
261 1900 44 22 Mr.
314 1900 154 28 Humphrey's
475 1901 68 23 house
553 1903 74 26 again.

38 1924 39 23 He
86 1925 55 25 then
150 1926 89 27 retired,
247 1926 90 28 leaving
346 1928 84 22 Sambo
437 1935 22 14 in
469 1929 126 26 possession
604 1930 27 21 of

41 1951 39 22 the
103 1952 52 23 field
179 1953 57 22 after
258 1953 97 28 fighting
377 1954 63 27 eight
456 1955 83 21 rounds
557 1955 25 22 in
602 1957 25 21 11

38 1978 105 24 minutes.

64 2006 93 22 Death.
160 2016 29 7 —
189 2006 42 22 We
247 2011 75 23 regret
337 2004 33 26 to'
375 2014 116 16 announce
506 2007 37 24 the
559 2008 69 24 death

38 2032 26 23 of
81 2034 44 21 Mr.
147 2034 78 21 James
244 2033 107 29 Howard,
365 2034 46 23 late
428 2034 103 24 landlord
546 2036 26 22 of
590 2036 38 22 the

38 2060 74 22 Coach
122 2060 45 22 and
177 2060 90 28 Horses,
283 2062 23 21 in
322 2061 159 23 Dover-street
496 2062 130 29 Piccadilly,

36 2087 27 22 of
77 2087 74 22 which
171 2087 29 23 he
217 2095 44 15 was
277 2088 38 22 the
334 2089 124 28 proprietor
473 2089 35 22 for
522 2089 105 23 fourteen

36 2121 72 16 rears.
137 2115 39 21 He
191 2114 52 22 died
257 2118 25 19 at
296 2115 38 23 the
350 2123 41 19 age
406 2116 27 21 of
445 2117 35 26 58,
490 2117 138 28 universally

27 2138 124 26 lamented
170 2142 30 27 by
215 2149 13 14 a
245 2142 61 26 large
324 2143 66 22 circle
409 2143 25 21 of
449 2144 99 27 sporting
565 2152 61 19 men,

28 2180 3 5 •
38 2168 49 22 who
97 2169 131 28 frequented
238 2169 34 22 his
304 2170 77 22 Minor
390 2171 144 21 Tattersall's.

1896 123 220 25 WHOLESALE
2146 122 126 26 PRICES
2305 122 172 31 CURRENT.

1995 162 134 15 CORRECTED
2144 162 29 15 UP
2187 162 29 15 TO
2230 162 57 15 LAST
2303 161 80 16 MIGHT.

1888 187 2 25 j
2238 188 17 18 jg
2276 192 17 13 S.
2317 188 19 17 d.
2389 188 16 18 *
2465 194 12 15 d

1898 216 64 22 Ale:
1976 223 42 22 par
2026 216 48 22 hhd
2095 228 46 10 ...'
2242 219 14 19 6
2284 218 13 20 0
2325 218 49 20 0..
2392 219 13 19 0
2432 220 12 20 0
2469 224 12 18 o

2072 250 41 21 per
2118 243 101 23 barrel..
2237 245 15 20 4
2266 244 28 21 10
2322 245 14 19 0
2354 257 19 7 ..
2390 245 14 21 6
2430 247 13 19 0
2469 250 12 19 o

2073 270 91 27 perdoz
2241 271 54 21 011
2326 271 14 20 0
2357 283 18 7 ..
2393 271 50 22 013
2469 277 11 19 0

1898 296 98 22 Arrack
2005 304 6 14 :
2027 296 42 22 Per
2078 297 44 28 gal.
2133 296 24 22 in
2166 296 61 22 bond
2241 298 14 20 0
2285 297 11 20 1
2324 296 14 21 6
2356 310 5 6 .
2368 310 7 6 .
2391 297 13 21 0
2430 299 12 21 2
2468 306 13 19 o

1898 322 92 22 Bread:
2007 322 43 22 Per
2057 322 46 23 2lb.
2114 322 52 22 loaf
2242 325 15 19 0
2284 325 14 19 0
2324 324 14 20 4
2356 336 19 7 ..
2392 324 13 20 0
2430 326 13 18 0
2467 329 11 19 %

1898 349 73 22 Beef:
1986 349 78 28 Fresh,
2083 357 91 15 carcase
2189 356 41 21 per

2014 376 24 22 lb
2238 378 15 20 0
2280 377 13 20 0
2322 377 14 20 8
2355 389 18 7 ..
2391 377 14 20 0
2430 378 13 20 0
2456 380 21 22 U

2005 402 54 27 Salt,
2068 410 41 18 per
2122 403 68 22 tierce
2204 417 19 7 ..
2241 404 14 20 3
2269 404 27 24 1Q
2322 404 15 20 0
2354 416 19 6 ..
2392 404 12 20 6
2430 405 12 19 0
2465 409 13 19 0

1898 429 95 22 Butter
1999 437 7 14 :
2023 429 65 27 Irish,
2098 437 42 21 per
2146 430 32 21 lb.
2202 444 7 5 .
2216 444 6 7 .
2242 431 14 20 0
2283 431 13 20 0
2324 430 14 21 9
2356 443 5 6 .
2368 443 6 5 .
2392 431 13 20 0
2432 431 9 20 1
2467 434 12 20 s

2020 456 68 22 Fresh
2243 458 14 20 0
2284 458 14 20 2
2325 457 14 21 0
2359 469 18 7 ..
2395 457 14 20 0
2433 458 12 20 2
2469 461 12 20 6

1898 482 111 24 Brandy:
2025 483 59 22 First
2089 482 94 29 quality,
2190 490 41 20 per

2046 510 76 27 gallon
2131 509 25 22 in
2166 509 62 22 bond
2241 511 14 20 0
2281 511 15 20 4
2324 511 14 20 0
2356 523 5 6 .
2367 522 6 7 .
2391 510 14 20 0
2432 509 11 22 7
2467 514 12 20 6

1898 536 85 22 Brown
2004 537 86 21 Stout:
2114 543 41 21 per
2168 535 55 23 hhd.
2237 536 14 21 5
2279 538 14 20 0
2320 538 14 20 0
2351 550 18 7 ..
2390 535 13 22 7
2429 537 11 20 5
2465 540 12 20 0

1898 563 100 23 Cigars:
2011 563 102 27 Manilla,
2121 570 41 20 per
2167 563 62 27 1000,

2046 590 24 22 in
2080 589 60 23 bond
2241 590 14 21 2
2283 591 14 20 0
2323 590 50 21 0..
2392 590 13 20 2
2419 590 24 21 10
2467 594 12 20 0

2009 616 127 22 Chinsurah
2140 623 40 20 per
2186 616 72 22 10001
2288 617 13 21 0
2328 617 14 21 0
2358 628 20 7 ••
2395 617 13 20 0
2434 618 12 19 0
2468 621 11 19 0

1898 644 87 22 Coffee
1992 651 6 15 :
2009 643 65 27 Java,
2084 651 41 19 per
2133 643 23 22 lb
2241 644 15 21 0
2283 644 15 20 0
2324 644 14 20 3
2356 656 19 7 ..
2392 644 14 19 0
2432 644 12 20 0
2468 645 11 22 1

1898 670 90 23 Cheese
1995 678 6 14 :
2017 670 107 22 Cheshire
2242 672 14 19 0
2284 670 11 20 1
2324 670 82 21 6..0
2432 671 12 20 0
2468 673 11 20 0

2016 697 55 22 Pine
2081 696 75 28 Apple
2177 699 79 19 ....0
2285 698 11 19 1
2324 697 82 20 2..0
2432 698 12 19 0
2468 700 12 20 0

2015 724 76 22 Dutch
2243 725 14 20 0
2284 725 14 20 0
2326 724 12 20 8
2356 736 19 7 ..
2393 724 14 20 0
2432 724 12 20 0
2458 724 22 22 10

1898 751 106 22 Candles
2013 758 5 14 :
2025 750 94 28 English
2127 757 56 20 wax,
2191 757 41 21 per

2041 778 23 22 lb
2241 779 14 20 0
2282 778 14 20 2
2323 778 13 20 3
2355 790 18 7 ..
2392 777 14 20 0
2432 778 12 19 3
2468 781 11 19 0

2008 805 77 27 Sperm
2243 805 14 20 0
2286 804 90 22 110..
2394 804 14 20 0
2433 804 47 22 0q

2005 831 80 22 Mould
2241 833 13 19 0
2282 832 14 20 0
2324 832 14 19 6
2356 844 18 6 ..
2392 831 13 20 0
2434 830 12 21 0
2469 833 10 20 8

2007 858 56 27 Dips
2149 864 6 14 :
2241 859 14 20 0
2283 859 14 19 0
2324 857 50 20 5..
2392 856 14 21 0
2433 858 12 19 0
2469 861 12 18 o

1898 884 93 22 Flour:
2001 885 35 20 Ist
2040 884 95 27 quality,
2145 891 40 20 per
2189 886 40 19 ton

2021 910 25 22 of
2056 912 55 20 2000
2119 910 36 22 lbs
2225 912 27 19 16
2279 912 16 19 0
2322 912 14 19 0
2354 910 50 21 ..20
2430 911 13 20 0
2469 915 10 19 0

1996 938 46 21 2nd
2052 938 56 21 ditto
2229 938 26 22 12
2282 939 14 19 0
2324 939 14 19 0
2356 937 50 20 ..16
2432 938 12 19 0
2469 941 10 19 0

1898 964 63 22 Flax
1968 972 5 14 :
1989 964 29 22 N.
2030 964 25 22 Z.
2066 972 39 20 per
2114 967 39 19 ton
2177 964 78 22 ....15
2284 966 13 19 0
2324 966 14 19 0
2357 977 18 6 ..
2392 964 14 21 0
2432 965 12 19 0
2468 968 11 19 0

1924 991 44 22 Do.
1969 1002 28 5 —
1998 992 106 21 onboard
2104 1002 27 4 —
2132 990 119 27 pressedl7
2279 992 15 20 0
2321 992 14 20 0
2354 1004 18 6 ..
2389 991 14 20 0
2429 991 12 20 0
2466 995 11 18 o

1898 1018 61 22 Gin:
1979 1018 54 22 Pale
2049 1019 25 21 in
2084 1017 61 23 bond
2242 1019 13 20 0
2282 1019 14 20 3
2324 1019 14 20 6
2355 1031 18 6 ..
2391 1017 13 20 0
2431 1018 11 19 5
2467 1021 11 19 6

1947 1045 63 26 Case,
2018 1046 14 20 4
2038 1045 37 26 gal
2084 1046 37 20 4-5
2130 1045 25 21 in
2164 1044 61 22 bond
2242 1046 10 19 1
2281 1046 14 19 4
2323 1046 13 20 0
2355 1058 18 5 ••
2392 1043 11 21 1
2432 1045 11 20 8
2467 1049 11 17 o

1898 1070 82 24 Hams:
1994 1072 130 26 Yorkshire,
2140 1079 40 19 per
2189 1071 22 22 lb
2220 1087 6 6 .
2241 1073 14 20 0
2282 1073 14 19 0
2322 1071 13 22 7
2356 1084 18 7 ..
2392 1073 14 19 0
2432 1072 11 19 0
2458 1073 20 21 10

1897 1098 128 23 Mustard:
2040 1098 44 22 Per
2091 1098 73 22 dozen
2177 1112 46 7 ....
2241 1101 14 19 0
2270 1099 27 21 16
2324 1100 14 19 0
2356 1112 18 6 ..
2392 1099 14 20 0
2420 1097 23 21 18
2467 1102 12 18 o

1897 1125 100 23 Mutton
2006 1134 6 14 :
2034 1126 94 21 Carcase
2137 1132 40 21 per
2186 1124 23 23 lb
2220 1142 6 5 .
2242 1127 13 20 0
2283 1127 13 19 0
2324 1126 13 20 7
2356 1139 4 6 .
2368 1138 5 7 .
2391 1126 14 19 0
2431 1126 12 19 0
2467 1128 11 19 9

1898 1152 123 22 Musket's:
2035 1152 94 22 Walnut
2136 1152 93 22 stocked
2242 1155 14 19 0
2270 1153 26 21 15
2323 1154 15 19 0
2355 1165 19 7 ..
2394 1152 10 21 1
2432 1154 12 19 0
2469 1155 12 19 0

1897 1179 79 22 Milk:
1991 1179 43 23 Per
2041 1180 48 27 pint
2241 1182 14 19 0
2282 1181 14 19 0
2323 1179 14 21 2
2355 1192 19 7 ..
2391 1179 14 20 0
2432 1179 11 20 0
2467 1181 11 20 3

1898 1206 92 22 Maize:
2006 1214 39 19 per
2055 1206 80 22 bushel
2241 1208 13 20 0
2282 1207 14 20 4
2324 1207 13 19 0
2356 1219 19 7 ..
2392 1206 13 20 0
2430 1206 12 20 5
2467 1208 12 20 0

1898 1233 57 21 Oil:
1971 1233 103 26 Linseed,
2084 1240 40 21 per
2133 1232 76 28 gallon
2220 1248 6 7 .
2241 1235 14 19 0
2282 1233 14 21 6
2324 1233 13 20 6
2356 1246 18 7 ..
2392 1233 14 20 0
2432 1233 11 20 8
2467 1235 12 20 0

1973 1259 283 28 Black,incask,pertonlß
2285 1261 13 20 0
2326 1261 13 19 0
2357 1260 49 20 ..20
2432 1261 11 19 0
2467 1263 12 18 0

2006 1287 78 25 Sperm
2222 1287 29 21 50
2279 1287 12 19 0
2321 1287 12 19 0
2352 1286 49 22 ..75
2429 1287 11 18 0
2467 1288 10 18 0

1898 1313 63 23 Pork
1969 1322 6 13 :
1990 1313 77 27 Fresh,
2085 1320 89 16 carcase
2190 1320 39 21 per

2014 1340 30 22 lb.
2065 1353 9 7 r
2240 1342 14 20 0
2281 1342 14 19 0
2322 1342 14 20 3
2355 1354 18 6 ..
2390 1341 13 19 0
2430 1342 49 20 OS

1897 1367 76 22 Pork:
1990 1367 66 27 Irish,
2067 1374 40 19 per
2115 1367 75 22 barrel
2202 1382 19 5 ..
2241 1367 13 21 3
2270 1368 26 20 10
2324 1369 14 19 0
2356 1381 18 6 ..
2392 1368 13 20 4
2419 1368 24 20 10
2467 1371 12 18 0

1897 1393 131 23 Potatoes:
2051 1397 54 19 New
2119 1393 110 28 Zealand,

2074 1428 39 20 per
2122 1424 40 19 ton
2175 1435 46 7 ....
2240 1423 14 19 4
2282 1423 13 19 0
2324 1424 13 18 0
2355 1436 4 6 .
2367 1435 6 5 .
2390 1423 14 19 G
2430 1424 13 18 0
2467 1425 12 19 0

1897 1447 93 23 Porter
2000 1456 5 14 :
2035 1449 103 26 Dunbar,
2149 1448 25 22 in
2180 1448 47 22 hot.
2237 1460 5 3 -

2064 1482 40 21 per
2113 1475 42 21 doz
2239 1477 14 19 0
2269 1477 26 21 12
2321 1478 14 19 0
2352 1489 5 7 .
2365 1489 5 6 .
2389 1477 13 19 0
2418 1476 23 20 13
2467 1479 12 19 0

2005 1501 84 28 Bryant
2100 1502 45 22 and
2154 1503 70 21 Davis
2238 1503 56 21 012
2322 1505 13 19 0
2353 1515 5 7 .
2366 1516 5 6 .
2390 1503 51 21 013
2466 1506 12 18 0

1897 1528 97 22 Picklbs
2006 1537 5 13 :
2044 1529 116 27 AssoiJed,
2189 1536 40 21 per

2068 1556 58 25 doz.,
2150 1560 77 23 quarts
2241 1559 14 19 0
2270 1557 25 20 15
2324 1559 12 18 0
2355 1570 18 6 ..
2392 1558 12 19 0
2420 1557 22 21 17
2468 1560 11 17 0

1897 1582 72 22 PiTcn
1982 1591 5 13 :
2022 1583 139 28 Stockholm,
2189 1590 41 21 per

2044 1610 73 22 barrel
2243 1611 9 20 1
2282 1613 14 19 0
2324 1614 12 18 0
2354 1625 18 6 ..
2390 1612 13 19 0
2429 1613 12 19 0
2467 1614 10 19 0

1898 1635 93 24 Plank:
2020 1636 55 23 Port
2096 1637 134 28 Nicholson,

2045 1672 40 19 per
2095 1667 40 19 100
2145 1665 45 21 feet
2203 1667 52 20 ..0
2283 1667 13 19 6
2324 1667 13 19 0
2356 1679 17 6 ..
2390 1667 13 19 0
2418 1666 23 20 10
2466 1669 11 18 0

1896 1689 70 24 Rici:
1980 1691 108 22 Common
2100 1698 38 21 per
2145 1696 49 17 cwt.
2205 1707 19 5 ..
2243 1696 13 18 0
2272 1694 24 20 15
2326 1694 12 19 0
2356 1705 18 7 ..
2392 1694 12 18 0
2430 1694 12 18 0
2467 1695 11 19 0

1980 1718 66 22 Good
2241 1721 14 20 0
2270 1720 26 21 17
2325 1721 13 19 0
2356 1733 17 7 ..
2392 1718 10 23 1
2429 1721 12 19 0
2465 1722 12 19 0

1896 1744 68 23 Rum:
1982 1745 24 22 P.
2018 1745 25 23 B.
2054 1745 34 26 P.,
2103 1746 126 31 pergallon

2018 1773 22 21 in
2055 1772 61 23 bond
2240 1776 13 19 0
2281 1775 14 20 2
2322 1774 14 21 9
2353 1787 18 6 ..
2389 1775 12 19 0
2426 1774 13 20 5
2463 1777 12 18 0

1896 1799 89 22 Su»ar:
2003 1799 119 22 Mauritius
2132 1807 41 20 per
2179 1804 50 18 cwt.
2243 1803 14 19 0
2284 1802 14 19 0
2326 1802 47 19 0..
2406 1807 52 14 none

2006 1826 80 22 Brown
2101 1826 118 23 ditto....
2239 1830 12 19 0
2267 1829 25 20 15
2321 1829 12 20 0
2352 1842 17 6 ..
2388 1828 9 20 1
2427 1829 12 19 0
2463 1830 11 19 0

2006 1853 96 22 Refined
2117 1853 55 28 loaf,
2190 1861 40 21 per

2032 1880 22 22 lb
2241 1884 14 20 0
2282 1884 14 19 0
2323 1884 48 24 6J..
2389 1884 13 18 0
2427 1883 12 19 0
2464 1884 11 21 8

2007 1907 96 22 Manilla
2122 1915 40 20 per
2175 1913 48 18 cwt.
2240 1912 13 18 0
2268 1911 27 20 13
2322 1912 13 18 0
2352 1923 18 6 ..
2389 1910 12 19 2
2426 1910 13 19 0
2463 1912 12 19 0

1897 1934 72 21 Salt:
1987 1934 125 28 Liverpool,
2122 1942 42 20 per
2173 1939 37 18 ton
2220 1952 5 5 .
2241 1937 13 20 5
2281 1937 14 20 5
2323 1938 13 19 0
2354 1936 46 21 ..11
2428 1938 13 19 0
2463 1938 13 19 0

1896 1960 59 20 Soap
1965 1968 5 13 :
1998 1961 102 21 Hawes's
2123 1960 105 27 London,

2022 1994 40 18 per
2068 1990 40 18 ton
2226 1989 29 19 30
2281 1989 14 18 0
2323 1988 13 19 0
2353 1987 49 19 ..34
2427 1988 13 18 0
2466 1988 11 15 ft

2016 2012 117 27 Liverpool
2227 2015 26 20 22
2281 2015 14 19 0
2322 2015 14 19 0
2352 2026 5 7 .
2364 2013 37 21 .28
2427 2013 13 20 0
2462 2015 11 19 0

1897 2039 90 22 Starch
1995 2047 5 14 :
2018 2039 42 21 Per
2068 2039 23 22 lb
2242 2042 14 20 0
2282 2042 14 20 0
2324 2040 13 21 7
2354 2053 5 6 .
2367 2053 6 7 .
2390 2041 13 19 0
2429 2041 8 19 1
2462 2042 12 20 9

1897 2065 142 23 Scantling:
2056 2067 43 21 Per
2107 2067 40 21 100
2156 2067 67 21 feet..
2242 2069 14 19 0
2284 2069 14 19 6
2325 2069 13 19 0
2356 2081 17 5 ..
2391 2068 13 19 0
2429 2068 12 20 8
2465 2069 11 19 0

1897 2093 128 22 Shinglhs:
2042 2093 42 22 Per
2091 2095 62 26 1000,
2162 2094 29 21 N.
2201 2094 26 23 Z.
2241 2096 15 19 0
2282 2096 14 20 6
2324 2095 13 20 0
2354 2108 19 6 ..
2390 2095 13 19 0
2418 2094 23 20 10
2465 2096 11 19 0

2028 2121 70 27 Ditto,
2121 2121 28 21 V.
2161 2121 27 21 D.
2201 2121 26 22 L.
2241 2123 14 19 0
2282 2124 15 19 0
2324 2122 14 20 0
2356 2135 5 5 .
2368 2135 5 5 .
2390 2122 14 20 0
2418 2122 23 20 12
2463 2123 13 19 0

1896 2147 63 22 Tar:
1976 2148 53 21 Coal
2244 2149 9 20 1
2282 2150 14 19 0
2324 2150 13 19 0
2356 2162 17 6 ..
2393 2148 8 19 1
2429 2149 12 19 5
2465 2150 12 19 0

1980 2174 128 23 Stockholm
2244 2176 11 20 I
2271 2177 27 20 10
2325 2177 13 19 0
2356 2190 4 5 .
2368 2189 5 5 .
2391 2176 13 19 0
2429 2177 12 18 0
2466 2176 11 20 0

1896 2201 49 22 Tea
1954 2210 5 13 :
1968 2202 81 27 Hyson
2055 2201 55 28 skin,
2116 2209 41 20 per
2167 2202 63 22 chest
2243 2205 13 20 4
2283 2205 14 19 0
2315 2213 3 5 •
2324 2204 14 19 0
2356 2216 4 6 .
2368 2216 5 6 .
2390 2204 14 18 6
2428 2203 13 19 6
2466 2204 11 18 0

1972 2229 93 27 Congou
2242 2232 13 19 8
2283 2232 14 19 0
2325 2229 78 21 0..1G
2429 2232 12 17 0
2465 2230 12 19 0

1896 2255 105 23 Tobacco
2009 2264 7 13 :
2030 2256 142 27 Negrohead,
2190 2263 40 19 per

2055 2282 31 23 lb.
2098 2283 24 22 in
2140 2282 58 23 bond
2242 2286 13 19 0
2283 2286 13 19 0
2324 2286 47 19 9..
2390 2285 13 18 0
2430 2283 9 22 1
2465 2285 12 20 4

1896 2309 164 23 Turpemtine:
2076 2310 147 27 Pergallon..
2242 2314 14 19 0
2283 2312 13 22 7
2324 2313 13 20 6
2356 2324 16 7 ..
2391 2312 13 19 0
2429 2312 12 19 9
2465 2312 13 20 0

1896 2335 162 24 Whalebone:
2075 2337 42 22 Per
2126 2342 40 17 ton
2177 2338 93 22 ....100
2284 2340 14 20 0
2325 2340 13 19 0
2355 2338 61 21 ..120
2429 2339 13 20 0
2467 2339 12 20 0

1896 2362 70 24 Wine
1974 2371 6 14 :
1994 2364 90 28 Sherry,
2093 2371 42 21 per
2143 2365 51 27 pipe
2205 2380 18 5 ..
2230 2367 26 20 20
2283 2368 15 19 0
2324 2368 14 19 0
2356 2366 48 21 .-40
2429 2366 13 19 0
2466 2366 13 19 0

2008 2391 69 27 Ditto,
2093 2399 41 20 per
2148 2392 81 22 dozen.
2243 2395 14 19 0
2273 2395 25 20 16
2326 2395 13 18 0
2356 2406 17 5 ..
2392 2393 12 20 2
2430 2394 13 18 0
2468 2394 12 19 0

2008 2418 59 27 Port,
2077 2426 40 20 per
2126 2418 51 28 pipe
2203 2435 5 5 .
2216 2434 5 5 .
2227 2421 26 21 25
2281 2422 14 19 0
2322 2422 14 19 0
2352 2433 6 6 .
2365 2434 5 5 .
2376 2420 25 21 40
2427 2422 13 17 0
2464 2420 13 19 0

2074 2453 39 21 per
2123 2446 50 22 doz.
2203 2462 5 5 .
2217 2461 4 6 .
2242 2449 9 20 1
2281 2449 15 20 0
2322 2449 14 20 0
2354 2460 3 5 •
2366 2461 4 4 •
2389 2448 12 19 2
2427 2447 13 17 0
2465 2447 12 19 0

2005 2472 152 29 Champagne,
2172 2472 56 23 ditto
2242 2476 14 20 0
2282 2476 14 19 0
2323 2476 14 19 0
2354 2487 18 6 ..
2390 2474 13 20 0
2429 2474 11 20 C
2466 2474 13 19 0

2007 2500 75 22 Claret
2242 2503 14 20 0
2271 2503 27 20 10
2324 2502 14 20 0
2355 2514 18 7 ..
2391 2502 13 19 0
2429 2501 14 19 0
2467 2502 12 17 0

1898 2525 120 24 Poultry:
2034 2526 80 28 Fowls,
2120 2534 42 20 per
2168 2528 60 27 pair.
2243 2530 14 19 0
2283 2530 14 20 3
2324 2530 14 19 6
2356 2540 18 7 ..
2392 2528 13 19 0
2430 2526 12 21 fi
2467 2528 12 19 0

2034 2554 82 28 Ducks,
2128 2554 55 22 ditto
2204 2570 18 5 ..
2242 2557 13 19 0
2281 2556 15 20 5
2324 2557 13 18 0
2354 2568 18 6 ..
2390 2556 13 18 0
2430 2555 12 18 8
2466 2556 13 18 0

2034 2581 79 28 Geese,
2124 2581 56 22 each
2202 2596 5 6 .
2216 2596 5 6 .
2240 2583 55 21 010
2322 2583 14 20 0
2352 2594 6 8 .
2366 2595 5 6 .
2389 2581 52 21 012
2466 2582 12 19 0

2032 2608 109 28 Turkeys,
2152 2608 55 22 each
2243 2610 12 20 1
2283 2611 15 19 0
2324 2610 14 20 0
2356 2622 5 6 .
2368 2622 7 6 .
2394 2609 9 20 1
2430 2608 13 20 5
2467 2608 13 20 0

2034 2635 104 27 Pigeons,
2148 2636 79 27 (wild,)

2059 2669 41 21 per
2108 2662 49 29 pair
2178 2665 78 19 ....0
2283 2665 14 19 0
2324 2664 81 20 0..0
2430 2663 13 20 0
2467 2663 12 20 0

2032 2690 85 26 Ducks,
2126 2690 36 22 do.
2173 2690 51 22 do..
2243 2692 13 19 0
2284 2691 13 19 5
2325 2691 13 19 0
2356 2704 17 5 ..
2392 2691 13 19 0
2430 2690 13 20 0
2467 2690 12 19 0

1898 2716 73 22 Egos:
1988 2717 44 21 Per
2041 2716 73 22 dozen
2245 2719 14 19 0
2286 2719 13 19 2
2326 2719 14 19 0
2357 2731 18 6 ..
2392 2718 14 19 0
2430 2717 13 21 3
2468 2717 13 19 0

1898 2744 77 21 Cows:
1990 2744 72 22 Milch
2232 2745 26 21 12
2284 2748 14 17 O
2326 2747 14 18 0
2356 2745 50 20 ..30
2430 2747 13 17 O
2468 2745 13 18 0

1899 2770 95 22 Mares:
2010 2771 76 21 Brood
2230 2773 26 19 20
2284 2774 13 18 0
2324 2771 80 21 0..70
2430 2771 13 19 0
2468 2771 11 19 0

1898 2797 117 23 Working
2032 2797 120 23 Bullocks
2159 2806 5 14 :
2188 2799 43 21 Per

1924 2825 109 26 pair...'.
2230 2827 28 20 30
2284 2827 14 19 0
2326 2827 13 19 b
2356 2825 50 21 ..40
2430 2825 14 20 0
2468 2825 13 19 0

1898 2851 64 23 Hire
1972 2859 26 15 or
2009 2859 69 15 ditto
2085 2860 5 13 :
2107 2853 42 21 Per
2157 2853 50 27 day,
2217 2860 14 14 a

1926 2882 59 18 team
1994 2878 46 22 and
2047 2879 74 22 driver
2245 2881 9 19 1
2284 2881 15 19 0
2326 2881 14 19 0
2357 2893 18 6 ..
2392 2879 14 20 0
2431 2879 13 19 0
2469 2879 12 19 0

1898 2905 87 22 Sheep:
2001 2905 61 22 Each
2242 2908 13 19 0
2270 2907 25 19 15
2324 2908 14 19 0
2354 2919 19 7 ..
2394 2907 7 20 1
2429 2907 14 19 5
2468 2905 12 20 0

1897 2931 64 23 Boat
1972 2932 73 23 Hire:
2060 2933 44 21 Per
2109 2932 50 28 day,
2165 2933 64 22 with-

2088 2963 40 19 out
2137 2959 72 23 hands
2219 2976 6 6 .
2241 2962 14 18 0
2270 2961 37 20 10'
2323 2962 13 19 0
2354 2973 19 7 ..
2393 2961 8 19 1
2430 2961 14 20 0
2467 2960 12 19 0

1897 2985 86 23 Wages
1989 2994 6 14 :
2024 2986 140 28 Mechanics,
2189 2994 41 20 per

2049 3013 63 23 week
2243 3015 11 21 1
2282 3016 14 19 0
2324 3016 13 19 0
2354 3027 19 7 ..
2392 3015 10 21 1
2419 3015 25 20 10
2467 3014 12 20 0

2034 3040 125 24 Labourers
2176 3055 46 7 ....
2241 3043 54 20 018
2323 3043 13 19 0
2354 3055 6 7 .
2366 3055 7 7 .
2392 3042 10 20 1
2418 3043 25 19 10
2467 3041 12 20 0

2133 3068 122 22 DUTIES.

1897 3093 100 24 British
2007 3095 91 23 Spirits
2314 3098 31 20 4s.
2355 3102 39 21 per
2402 3094 77 28 gallon.

1897 3121 106 23 Foreign
2015 3121 55 23 ditto
2314 3124 31 21 ss.
2356 3129 37 20 per
2401 3121 76 27 gallon.

1896 3148 106 23 Tobacco
2011 3149 178 28 manufactured,
2317 3152 28 19 Is.
2355 3156 39 21 per
2402 3149 28 21 lb.

2011 3177 207 22 Unmanufactured
2360 3183 39 21 per
2405 3175 28 22 lb.

1898 3203 75 22 Snuff
2314 3206 31 20 2s.
2354 3210 39 22 per
2400 3202 28 22 lb.

1898 3229 87 25 Cigars
2314 3232 32 21 2s.
2356 3237 39 21 per
2403 3229 27 22 lb.

1898 3256 82 23 Wines
2305 3258 26 21 15
2344 3264 39 22 per
2392 3259 52 20 cent.

1897 3283 57 28 Tea,
1968 3285 84 27 Sugar,
2068 3285 88 26 Flour,
2174 3285 115 27 Wheat,!

1915 3311 46 22 and
1970 3311 64 22 other
2044 3312 85 27 Grain,
2141 3313 14 20 5
2164 3318 39 21 per
2212 3315 58 19 cent.
2284 3307 5 27 1
2329 3326 13 13 A
2354 3325 48 11 _-i-
2404 3332 21 7 M
2426 3332 19 7 _,

1898 3337 40 23 All
1946 3337 62 23 other
2018 3339 104 22 Foreign
2129 3335 143 31 productions
2283 3337 13 24 f
2315 3326 28 22 ad
2354 3326 92 21 valorera
2448 3340 5 6 -

1911 3365 45 22 and
1960 3365 166 22 manufactures
2135 3366 25 21 10
2166 3372 40 20 per
2213 3370 57 19 cent.
2276 3361 13 31 J

2098 3392 187 25 EXCHANGE.

1897 3432 68 23 Bank
1973 3432 51 23 bills
2034 3440 28 15 on
2072 3432 96 23 London
2199 3420 82 44 {30&
2293 3424 27 21 60
2333 3422 53 28 ****
2395 3420 82 37 '^'J

2202 3448 15 26 I
2250 3456 39 20 per
2300 3453 59 19 cent,
2368 3453 108 24 premium.

1898 3472 35 23 On
1942 3473 90 27 Sydney
2317 3476 71 23 Ditto.

1897 3499 88 23 Private
1994 3500 50 22 bills
2295 3502 109 23 Nominal.

1917 3553 40 17 The
1966 3553 49 17 Niw
2025 3552 99 21 Zxaiand
2135 3554 92 19 Gazette
2234 3557 36 16 and
2281 3556 131 17 Weklucstok
2422 3554 55 16 S»o<

1896 3578 65 13 tatoh.
1965 3574 16 17 is
1987 3574 97 20 published
2090 3579 55 17 every
2152 3576 113 22 Wednesday
2274 3578 38 16 and
2322 3576 89 20 Saturday.
2430 3573 44 18 Sub-

1895 3595 62 21 joined
1963 3599 30 13 are
1999 3594 33 17 the
2037 3596 89 17 terms:—

1917 3615 64 18 Pkics
1987 3619 24 14 ov
2018 3619 41 14 thx
2065 3616 98 18 Papzb.—
2163 3617 56 22 Forty
2223 3619 85 20 shillings
2313 3622 32 17 per
2354 3620 70 16 annum,
2434 3619 42 17 pay*

1896 3636 41 17 able
1941 3636 21 17 in
1968 3636 81 17 advance
2053 3642 5 15 ;
2068 3641 22 13 or
2095 3637 87 22 sixpence
2189 3639 29 17 for
2223 3639 59 21 single
2294 3640 89 17 numbers.

1917 3657 156 17 Advertisements
2080 3659 37 17 will
2122 3660 35 16 not
2162 3664 67 17 appear
2238 3660 21 17 in
2270 3661 31 17 the
2310 3662 76 16 ensuing
2395 3657 74 17 number

1896 3678 18 17 if
1921 3678 81 17 received
2008 3678 48 17 later
2062 3679 46 17 than
2119 3680 21 16 10
2147 3679 73 21 o'clock,
2227 3685 49 16 a.m.,
2282 3686 25 12 on
2313 3681 31 17 the
2349 3678 88 21 mornings
2444 3678 31 16 be-

1896 3699 38 17 fore
1947 3699 118 21 publication.
2086 3700 160 19 Advertisements
2258 3702 38 18 will
2306 3703 22 16 be
2338 3699 92 19 continued
2437 3697 35 17 and

1896 3720 77 20 charged
1984 3720 50 17 until
2041 3722 168 20 counter-ordered;
2221 3723 46 17 such
2272 3723 53 17 order
2330 3721 48 18 must
2383 3721 21 16 be
2411 3720 39 16 sent
2457 3719 18 16 to

1896 3741 32 17 the
1937 3740 53 18 Office
2002 3742 37 16 two
2058 3742 45 21 days
2120 3742 62 18 before
2192 3744 118 20 publication,
2321 3743 35 17 and
2365 3741 49 17 must
2422 3740 22 17 be
2453 3739 20 17 1b

1896 3761 79 21 writing.
1987 3777 2 8 ,
1997 3761 158 19 Advertisement!
2168 3765 87 16 received/
2269 3765 51 21 after
2336 3764 21 17 10
2372 3761 66 18 o'clock,
2450 3764 23 13 on

1896 3782 84 21 Tuesday
1990 3782 39 18 and
2039 3783 66 22 Friday
2115 3784 94 21 mornings
2220 3784 38 17 will
2268 3786 23 16 be
2302 3783 75 22 charged
2387 3782 49 18 twice
2444 3780 30 18 the

1893 3803 58 17 -usual
1955 3804 54 16 rates.
2040 3812 13 10 .,
2060 3812 8 13 „>.
2082 3814 20 12 ,
2121 3814 3 4 .

1888 3830 2 11 ;
1916 3822 34 19 All
1954 3824 67 19 orders,
2032 3822 158 23 advertisements,
2199 3825 39 17 and
2247 3824 161 18 communications
2418 3824 18 16 to
2446 3822 30 16 the

1897 3845 71 19 Editor,
1972 3849 30 12 are
2008 3847 99 19 requested
2109 3847 22 15 to
2137 3847 24 16 be
2166 3845 98 21 addressed
2269 3848 20 14 to
2295 3847 38 16 this
2338 3846 61 20 Osce.

1462 121 116 22 Gfazette
1593 122 91 21 Office.

1277 150 202 29 STATIONERY
1493 153 198 24 WHOLESALE
1705 155 21 22 &
1741 155 126 23 RETAIL.

1278 188 89 49 WE
1389 188 44 26 beg
1454 191 24 19 to
1501 195 117 16 announce
1697 188 88 28 arrival,
1809 189 61 21 from

1374 211 111 36 England,
1496 215 26 22 of
1529 215 40 22 the
1583 216 49 21 first
1641 219 50 24 part
1700 216 26 21 of
1733 223 43 24 pur
1790 219 80 18 exten-

1278 240 47 23 sive
1333 241 77 22 orders
1417 241 25 22 in
1451 240 45 23 this
1505 241 144 29 department
1658 242 27 22 of
1691 241 109 23 business.
1822 242 49 22 Our

1278 267 64 22 stock
1351 267 90 29 already
1451 269 93 22 consists
1560 269 26 21 of
1597 276 67 19 every
1674 268 76 22 article
1766 268 105 28 required

1277 294 36 24 for
1327 294 98 27 Schools,
1442 294 81 28 Banks,
1540 296 87 26 Courts,
1646 295 54 23 Law
1715 295 89 24 Offices,
1823 296 47 21 and

1278 320 91 29 Artists,
1380 321 53 27 &c;
1449 322 74 23 whilst
1532 322 38 22 the
1587 322 140 22 ornamental
1736 321 45 22 and
1797 317 73 27 draw-

1277 348 39 26 ing
1329 355 63 15 room
1407 348 122 28 stationery
1544 348 41 23 has
1598 352 42 18 not
1651 349 60 21 been
1726 348 143 23 overlooked.

1277 374 49 23 The
1336 374 126 24 difficulties
1472 374 117 28 attending
1597 375 39 22 the
1646 375 48 22 first
1701 374 170 23 establishment

1277 400 83 28 having
1369 402 58 21 been
1442 409 124 20 overcome,
1576 402 46 22 and
1633 409 67 20 every
1715 402 82 22 arrival
1811 402 59 22 from

1278 428 106 26 England
1401 428 85 27 adding
1500 428 61 23 fresh
1577 428 112 23 additions
1703 431 24 19 to
1741 435 40 15 our
1797 428 71 28 stock,

1278 453 48 24 will
1340 454 78 23 enable
1433 462 27 15 us
1468 458 24 19 to
1507 455 82 22 reduce
1607 463 41 14 our
1662 455 94 27 charges
1766 462 29 15 on
1810 459 61 18 most

1278 481 89 22 articles
1376 485 24 18 at
1408 481 57 22 least
1474 482 27 21 50
1508 489 42 21 per
1559 485 59 19 cent.

1305 513 157 28 Storekeepers
1479 513 43 22 and
1541 513 119 23 wholesale
1680 513 85 22 dealers
1784 520 43 16 can
1841 513 29 23 be

1278 540 102 27 supplied
1395 543 23 19 to
1432 547 45 20 any
1486 543 85 24 extent,
1588 540 46 22 and
1650 547 30 15 on
1697 543 67 19 terms
1780 540 90 28 equally

1278 566 165 27 advantageous
1452 570 23 19 to
1486 574 43 21 any
1538 566 106 23 obtained
1653 567 24 22 in
1688 567 97 28 Sydney,

1304 593 99 27 Writing
1412 600 74 21 paper,

1305 619 116 28 Imperial,

1304 647 82 27 Royal,

1305 673 116 26 Foolscap,
1432 674 90 23 various
1533 674 113 28 qualities.

1305 700 74 27 Large
1390 700 61 22 thick
1459 703 56 25 post,
1526 708 62 16 wove
1599 703 45 22 and
1654 700 54 28 laid,

1305 727 61 21 Note
1376 734 85 21 papers,
1479 739 4 4 •

1305 753 94 28 Playing
1409 754 71 27 cards,
1491 754 106 24 coloured
1607 755 44 22 and
1661 754 54 27 gold
1725 755 77 25 backs,

1305 781 62 26 Copy
1381 780 75 27 books,

1305 807 72 22 Black
1385 806 52 23 lead
1445 807 94 29 pencils,

1306 833 68 23 India
1383 834 87 27 rubber,
1481 835 72 22 bottle
1562 835 45 22 and
1616 837 87 26 patent,

1306 860 69 27 Ivory
1385 859 80 23 folders
1475 861 44 22 and
1533 861 87 28 knives,

1306 887 47 22 Pen
1363 887 85 27 knives,

1291 915 9 4 '
1305 913 89 27 Rulers,
1405 921 55 20 copy
1468 913 80 28 books,

1305 941 76 21 Blank
1390 940 51 22 bills
1451 941 26 21 of
1484 941 122 28 exchange,

1305 967 78 23 Letter
1393 967 44 22 and
1447 967 40 22 bill
1496 967 57 28 files,

1306 994 44 22 Ink
1360 994 45 22 and
1414 994 40 22 ink
1464 995 109 27 powders,

1304 1020 79 23 Bibles
1392 1021 44 21 and
1446 1024 138 25 testaments,

1304 1047 99 28 Spelling
1413 1047 76 27 books,
1500 1049 97 27 various,

1304 1074 106 27 Primers,

1305 1101 125 23 Children's
1440 1101 70 23 books
1518 1102 25 22 in
1552 1105 64 24 great
1625 1102 94 27 variety,

1304 1128 76 22 Blank
1395 1129 172 22 Custom-house
1583 1129 76 24 forms,
1670 1129 35 22 for
1721 1130 145 27 auctioneers,

1278 1155 46 22 and
1333 1155 30 23 all
1373 1155 37 22 the
1421 1156 63 22 other
1494 1156 173 22 Custom-house
1686 1160 67 18 torms
1763 1157 34 21 for
1809 1164 59 15 mer-

1278 1182 86 22 chants.

1305 1209 116 22 Seamen's
1430 1209 99 23 advance
1540 1212 71 25 notes,

1304 1237 116 21 Seamen's
1430 1236 88 23 articles
1528 1237 27 21 of
1561 1240 139 23 agreement,

1305 1263 137 27 Log-books,

1304 1289 77 23 Blank
1391 1289 65 27 writs,

1304 1316 135 23 Parchment
1447 1317 34 22 for
1489 1317 76 27 deeds,

1304 1343 81 28 Quills,

1303 1370 58 22 Thin
1373 1374 55 25 post,
1441 1370 64 27 ditto,
1876 1368 2 37 j

1303 1397 58 22 Fine
1369 1397 54 23 bath
1435 1401 56 24 post,
1502 1397 48 28 gilt,
1876 1392 2 37 j

1303 1424 91 22 Double
1410 1424 110 27 elephant,
1531 1424 150 29 antiquarian,
1698 1421 108 32 imperial,
1822 1426 46 21 and

1276 1451 64 27 royal
1350 1451 99 27 drawing
1459 1458 75 20 paper,

1304 1478 92 27 Oblong
1406 1478 90 27 clasped
1504 1478 173 23 memorandum
1687 1478 79 28 books,

1303 1504 90 23 French
1402 1505 87 27 tracing
1498 1512 76 21 paper,

1303 1532 90 22 Ladies'
1403 1531 45 23 and
1458 1532 148 27 gentlemen's
1618 1533 53 21 card
1682 1540 68 19 cases,

1303 1558 65 22 Ditto
1432 1559 36 21 do.
1529 1559 72 22 tinted
1611 1559 45 22 and
1666 1560 117 21 embossed
1794 1560 71 27 cards,

1303 1586 97 27 Sponge,
1414 1586 75 21 wafers
1500 1586 22 21 in
1533 1588 14 19 2
1557 1594 33 14 oz.
1602 1587 77 26 boxes,

1303 1613 71 22 Black
1395 1613 54 27 edge
1468 1613 44 21 and
1533 1613 113 22 bordered
1665 1616 54 19 note
1736 1613 45 22 and
1802 1614 66 22 letter

1275 1646 77 21 paper,

1304 1667 93 22 Invoice
1406 1666 77 28 books,
1495 1667 53 22 with
1557 1667 101 27 indexes,
1670 1667 89 22 various
1769 1667 63 27 sizes,

1303 1693 59 22 Cash
1373 1693 76 27 books,
1460 1693 64 23 ruled
1536 1693 89 29 double,
1636 1694 90 23 various
1736 1694 56 23 sizes

1303 1720 134 28 Envelopes,

1304 1747 88 22 Pewter
1401 1748 124 26 inkstands,

1303 1774 82 28 Ebony
1393 1774 123 27 inkstands,
1527 1774 54 23 with
1590 1775 104 27 drawers,

1303 1801 75 22 Broad
1389 1801 43 22 and
1441 1809 85 14 narrow
1537 1809 68 20 green
1616 1802 41 23 silk
1670 1803 87 27 ribbon,
1876 1804 2 22 !

1303 1828 66 21 Brief
1376 1828 45 22 and
1431 1828 58 22 deed
1498 1836 75 20 paper,

1303 1855 75 22 Ruled
1388 1862 66 20 paper
1464 1856 34 21 for
1507 1856 41 21 bill
1557 1856 77 25 head*,

1303 1881 74 28 Royal
1393 1882 67 27 hand,
1473 1882 82 22 double
1573 1882 61 23 hand
1649 1884 85 26 brown,
1752 1883 45 23 and
1805 1884 62 28 royal

1275 1909 76 22 brown
1363 1909 114 27 wrapping
1485 1917 75 21 paper,

1273 1949 4 12 (
1277 1954 3 5 .
1303 1935 100 27 Ledgers
1414 1936 43 21 and
1467 1940 97 18 account
1573 1936 77 26 books,
1662 1938 88 22 various
1762 1939 61 23 sizes,

1275 1960 5 9 '
1302 1961 85 22 Pocket
1395 1961 87 27 ledgers
1492 1962 44 21 and
1545 1962 172 23 memorandum
1728 1964 76 24 books,

1302 1988 121 27 Engraved
1432 1995 57 20 copy
1497 1988 53 28 slips
1559 1988 47 22 and
1615 1988 78 28 books,

1303 2015 53 22 Best
1366 2015 79 22 Welch
1454 2016 66 21 slates
1538 2016 61 26 large
1608 2016 45 21 and
1661 2015 74 28 small,

1265 2049 2 14 i
1302 2042 111 22 Coloured
1421 2049 87 20 papers,

1275 2092 39 20 To
1331 2092 163 20 Gentlemen
1508 2093 150 26 intending
1671 2093 30 20 to
1717 2094 75 20 enter
1807 2094 60 20 into

1300 2119 47 21 the
1375 2119 144 27 profitable
1548 2119 110 26 pursuit
1688 2119 31 22 of
1745 2121 123 27 Grazing

1301 2146 57 22 and
1379 2146 135 27 Breeding
1534 2147 94 24 Stock,
1651 2146 43 22 for
1714 2147 88 22 which
1823 2149 44 20 the

1302 2173 90 21 fertile
1412 2173 109 21 Islands
1544 2174 31 21 of
1591 2174 70 21 New
1680 2175 122 21 Zealand
1821 2180 46 16 are

1300 2206 34 15 so
1349 2200 152 27 peculiarly
1515 2201 129 27 adapted.

1275 2235 93 21 fTIHE
1381 2234 151 27 undersigned
1541 2236 44 27 beg
1594 2240 24 18 to
1625 2236 83 22 inform
1719 2236 58 22 their
1783 2236 85 23 friends

1282 2257 29 26 JL
1346 2262 46 22 and
1408 2261 38 23 the
1460 2262 75 33 public
1552 2263 123 28 generally,
1693 2263 48 21 that
1759 2263 52 28 they
1821 2264 46 22 will

1275 2292 101 18 contract
1399 2289 34 21 for
1453 2288 37 22 the
1515 2289 101 28 delivery
1642 2291 26 21 of
1690 2289 38 23 the
1751 2290 117 29 following

1275 2314 135 29 description
1423 2315 26 22 of
1456 2316 73 27 Stock,
1538 2317 24 21 in
1571 2324 45 21 any
1627 2317 54 22 Port
1691 2317 26 22 of
1729 2316 38 23 the
1778 2317 90 23 Islands

1275 2342 25 22 of
1306 2342 58 22 New
1374 2342 101 23 Zealand
1482 2351 5 13 :
1489 2354 29 4 —

1300 2376 98 25 Homed
1414 2377 66 23 cattle
1499 2378 126 28 (improved
1640 2378 89 27 breeds)
1745 2380 26 21 of
1783 2378 30 23 all
1829 2378 39 23 de-

1275 2404 126 28 scriptions,

1300 2438 93 27 Horses,
1416 2438 56 23 from
1495 2439 38 22 the
1557 2439 51 23 best
1627 2439 94 28 English
1742 2439 46 22 and
1804 2439 64 23 Arab

1274 2465 71 27 studs,
1362 2465 93 22 suitable
1471 2466 36 21 for
1525 2467 86 27 racing,
1627 2467 85 26 saddle,
1722 2474 26 14 or
1760 2466 93 23 harness
1861 2476 4 19 ;

1274 2492 45 24 and
1328 2492 108 27 breeding
1446 2500 80 20 mares,

1302 2526 58 23 Pure
1370 2526 75 22 Saxon
1456 2526 45 22 and
1509 2528 88 21 merino
1608 2535 65 19 ewes,

1265 2578 2 7 ,
1301 2558 122 22 Half-bred
1439 2558 113 24 Leicester
1567 2559 46 23 and
1628 2559 89 24 merino
1735 2568 64 19 ewes,
1816 2569 52 21 par-

1275 2585 103 28 ticularly
1388 2585 95 28 adapted
1498 2586 33 22 for
1541 2586 44 24 this
1595 2590 104 25 country,
1710 2594 24 16 as
1743 2588 53 28 they
1804 2589 64 22 unite

1265 2613 2 21 i
1275 2612 82 28 weight
1367 2612 26 22 of
1400 2620 86 14 carcass
1496 2613 54 22 with
1559 2614 99 22 fineness
1667 2615 27 22 of
1701 2615 64 22 wool.

1301 2644 49 23 The
1374 2644 151 28 undersigned
1548 2653 42 15 can
1619 2647 169 22 accommodate
1816 2655 53 21 pur-

1275 2671 89 23 chasers
1379 2672 27 21 of
1420 2672 57 21 their
1487 2672 68 23 Stock
1573 2673 54 22 with
1644 2674 117 22 extensive
1775 2675 94 28 grazing

1275 2705 61 20 nins,
1347 2698 78 23 within
1435 2700 41 21 100
1485 2699 66 23 miles
1560 2700 27 22 of
1592 2700 45 22 this
1648 2700 60 23 Port.

1538 2733 36 23 W.
1590 2734 26 22 B.
1632 2735 97 22 Rhode*
1743 2736 44 21 and
1802 2736 39 21 Co.

1506 2785 42 20 On
1562 2785 72 25 Sale,

1278 2817 91 49 THE
1400 2817 71 22 NEW
1496 2818 153 23 ZEALAND
1679 2820 189 28 PORTFOLIO,

1351 2844 128 23 conducted
1495 2845 31 28 by
1545 2846 32 22 H.
1593 2847 23 22 S.
1635 2847 125 27 Chapman,
1781 2848 36 26 (of
1830 2849 39 22 the

1279 2871 85 22 Middle
1372 2871 110 28 Temple,)
1493 2872 219 25 Barrister-at-Law.

1303 2904 45 21 No.
1362 2904 49 22 I.—
1411 2904 22 22 A
1449 2904 76 22 Letter
1540 2908 24 19 to
1582 2905 39 23 the
1639 2906 70 27 Right
1726 2906 62 23 Hon.
1808 2908 60 23 Lord

1278 2930 98 28 Stanley,
1396 2931 117 28 Secretary
1532 2933 27 21 of
1575 2933 60 22 State
1656 2933 36 23 for
1710 2933 37 22 the
1768 2934 101 23 Colonial
1876 2929 2 35 J

1279 2957 153 28 Department,
1444 2958 14 11 '•
1466 2959 37 21 On
1509 2959 39 22 the
1554 2959 189 24 Administration
1751 2961 26 21 of
1781 2961 87 23 Justice

1277 2985 23 23 in
1310 2985 56 22 New

1304 3018 46 23 No.
1362 3018 34 22 II.
1398 3029 28 5 —
1427 3018 76 23 Letter
1517 3022 24 19 to
1556 3019 61 22 John
1632 3020 62 23 Abel
1708 3021 80 27 Smith,
1805 3022 62 29 Esq.,

1279 3045 68 27 M.P.,
1381 3046 36 21 On
1426 3045 38 23 the
1470 3046 146 28 Advantages
1623 3047 75 23 which
1705 3048 73 22 would
1787 3055 81 17 accrue

1278 3076 22 19 to
1309 3072 95 27 English
1416 3072 125 29 Capitalists
1550 3073 58 22 from
1618 3073 38 23 the
1667 3075 170 23 establishment
1845 3077 27 22 of

1279 3108 12 14 a
1299 3100 61 21 Loan
1371 3100 102 26 Company
1482 3100 35 22 for
1526 3102 54 19 New
1588 3102 101 27 Zealand,
1701 3102 86 24 similar
1797 3107 23 19 to
1830 3104 38 22 the

1279 3125 128 24 Australian
1417 3126 66 23 Trust

1305 3162 44 22 No.
1360 3161 77 23 III.—
1509 3162 100 23 Address
1619 3166 23 19 to
1651 3163 40 22 the
1701 3164 56 23 New
1767 3165 102 23 Zealand

1279 3189 66 23 Land
1354 3189 137 27 Proprietors
1501 3189 99 24 resident
1613 3191 25 22 in
1647 3190 39 23 the
1696 3191 85 23 United
1797 3192 73 28 King-

1279 3217 59 26 dom,
1348 3223 32 15 on
1394 3216 85 23 several
1494 3220 93 19 matters
1596 3218 27 22 of
1629 3218 140 28 importance
1778 3223 23 18 to
1811 3220 59 23 their

1304 3278 44 22 No.
1464 3278 37 22 On
1520 3278 39 24 the
1580 3279 116 23 Financial
1715 3281 114 23 condition
1846 3281 27 23 of

1279 3305 55 23 New
1477 3305 31 28 by
1517 3305 93 24 Charles
1618 3307 78 28 Terry,
1708 3307 60 28 Esq.,
1778 3308 89 27 F.R.S.,

1279 3334 81 21 r.S.A.

1305 3365 44 22 No.
1365 3363 28 22 V.
1395 3375 29 5 —
1425 3366 19 20 1.
1495 3365 161 23 Observations
1681 3373 30 15 on
1734 3365 136 31 facilitating

1279 3391 140 28 Emigration
1442 3394 23 19 to
1489 3391 57 23 New
1570 3392 109 28 Zealand,
1698 3392 31 29 by
1747 3401 80 16 means
1846 3395 27 22 of

1279 3419 116 22 Moderate
1416 3418 97 27 Charges
1527 3419 37 22 for
1582 3419 69 22 Chief
1666 3420 46 21 and
1728 3420 140 24 Fore-Cabin

1439 3445 27 22 In
1475 3453 14 14 a
1500 3445 78 23 Letter
1587 3449 24 18 to
1621 3445 86 29 Joseph
1717 3448 84 28 Somes,
1814 3448 53 28 Esq.

1279 3473 40 22 &c.
1329 3472 41 23 &c.
1400 3471 34 29 By
1444 3472 31 21 H.
1486 3472 22 23 S.
1520 3472 124 29 Chapman.

1280 3504 4 7 '
1304 3506 22 20 2.
1366 3505 23 21 A
1400 3504 75 21 Letter
1483 3511 29 14 on
1523 3504 107 29 Banking
1639 3506 25 22 in
1674 3506 57 22 New

1279 3532 33 27 By
1323 3531 87 22 Arthur
1419 3531 25 21 T.
1457 3531 109 28 Holroyd,
1578 3533 53 28 Esq.

1304 3565 46 23 No,
1366 3564 41 22 VI.
1409 3575 28 5 —
1634 3573 29 16 on
1672 3566 40 23 the
1722 3567 146 29 Advantages

1280 3593 24 24 of
1315 3599 16 15 a
1347 3592 185 27 Representative
1547 3593 123 29 Assembly
1684 3594 37 23 for
1738 3594 58 23 New
1811 3596 57 23 Zea-

1306 3650 101 23 General
1416 3650 47 23 title
1473 3651 46 22 and
1527 3652 155 24 introduction
1693 3657 22 19 to
1724 3653 38 23 the
1773 3655 82 23 Series.

1468 3690 69 16 PRICE
1556 3692 120 15 SIXPENCE.

1308 3716 87 21 Gazette
1406 3714 78 28 Office,
1496 3716 70 28 Sept.,
1578 3718 61 21 1843.

1469 3766 85 21 Fresh
1569 3766 106 28 Butter,

1280 3800 162 53 ALWAYS
1458 3807 29 15 on
1503 3800 50 23 Sale
1568 3804 24 19 at
1608 3801 39 23 the
1657 3802 66 24 Meat
1734 3803 135 30 Company's

1359 3826 116 29 premises.
1585 3835 3 5 •
1616 3834 2 4 •
1719 3831 3 5 '
1799 3841 4 2 ■
1825 3829 4 5 '

1275 3860 14 14 ''
1430 3857 8 2 '
1552 3854 36 24 W.
1602 3855 106 29 ?i.roER,
1724 3857 117 30 Manager.

1281 3905 72 49 ON
1368 3904 86 26 SALE,
1469 3909 24 18 at
1503 3905 45 23 this
1559 3906 72 28 office,
1641 3906 72 24 blank
1723 3908 58 23 Bill
1793 3909 77 23 Books

1381 3931 94 23 Gazette
1510 3933 72 28 office,
1594 3933 57 23 Dec.
1660 3935 22 22 4.

1306 3958 72 27 Sugar
1388 3965 84 20 papers,

798 123 88 21 Town
903 122 31 21 of
945 122 169 22 Manewatu.

664 155 92 49 THE
778 155 214 23 PROPRIETORS
1016 156 27 21 of
1058 155 48 24 .the
1125 155 63 23 three
1202 155 52 22 first

752 181 89 23 choices
856 184 24 20 at
887 183 38 21 the
942 181 44 23 last
1000 182 108 22 selection
1119 182 26 22 of
1157 184 94 25 country

663 207 70 28 lands,
746 207 84 28 having
849 209 137 22 determined
999 215 63 20 upon
1079 209 38 21 the
1133 209 41 21 site
1188 209 36 22 for
1238 215 14 15 a

676 241 95 23 TOWN
786 242 44 22 ON
844 242 64 22 THE
923 242 190 24 MANEWATU
1126 242 108 26 RIVER,

663 268 57 22 After
724 270 80 19 several
811 270 60 20 vititt
880 272 22 18 to
910 268 38 22 the
956 268 189 28 neighbouroood,
1156 268 47 22 and
1211 268 40 22 the

662 297 58 20 most
738 295 86 22 careful
842 295 45 22 and
904 295 84 22 minute
1008 296 151 22 examination
1174 296 27 21 of
1213 295 37 21 the

664 325 70 19 tfutire
750 322 92 28 district,
858 321 66 23 aided
938 322 32 27 by
977 322 39 23 the
1032 322 146 28 professional
1191 321 58 27 skill,

663 358 24 13 £.„
693 348 107 28 owledge,
810 349 55 22 'and
879 348 130 28 experience
1025 349 26 21 of
1061 348 39 23 the
1116 351 60 20 most
1189 355 61 16 com-

663 377 76 25 petent
745 375 88 28 judges,
851 382 92 21 propose
958 377 23 20 to
997 375 55 22 offer
1062 375 35 22 for
1113 375 103 28 disposal,
1228 379 23 18 at

812 402 37 21 the
863 405 89 24 present
960 402 61 26 time,
1033 402 68 21 about

663 432 220 22 TWENTY-FIVE
917 432 106 27 ACRES,
1061 433 38 21 IN
1136 433 115 22 ALLOT-

664 459 113 27 MENTS,
792 459 87 22 EACH
899 458 39 22 OF
963 459 63 21 ONE
1047 459 150 24 QUARTER
1211 459 39 21 OF

878 484 45 23 AN
939 485 91 22 ACRE.

686 518 49 23 The
743 522 50 24 spot
802 518 52 23 thus
863 518 96 23 selected
971 526 112 21 possesses
1092 519 36 22 the
1138 523 59 18 most
1211 526 40 15 ex-

661 545 85 22 tensive
760 546 102 27 frontage
876 548 23 19 to
917 544 55 28 deep
984 550 69 17 water
1068 546 27 21 of
1105 553 44 25 any
1164 553 29 15 on
1212 546 37 21 the

660 572 65 22 river.
755 572 22 21 It
794 572 19 21 is
832 571 97 23 situated
945 572 45 21 iust
1002 575 25 18 at
1043 572 49 22 that
1110 572 64 28 point
1192 573 57 22 from

723 598 73 23 which
806 605 13 15 a
828 598 56 22 road
894 598 72 22 would
974 598 87 23 branch
1072 599 33 22 off
1111 602 22 19 to
1143 598 38 23 the

662 632 94 15 WOODED
779 633 47 14 AND
847 631 98 16 FERTILE
966 633 118 14 DISTRICTS
1105 633 75 14 ALONG
1204 633 45 15 THE

831 659 56 14 BASE
901 659 28 14 OF
943 659 45 14 THE
1004 659 76 21 HILLS,

661 683 49 23 and'
717 684 72 21 above
798 683 74 22 which
882 683 37 22 the
933 684 129 26 navigation
1077 684 35 22 for
1121 684 81 22 vessels
1211 684 39 21 be-

662 717 74 15 comes
746 712 86 24 tedious,
842 711 25 25 if
872 713 36 18 not
917 711 89 26 difficult
1042 711 23 21 Tt
1073 712 18 20 is
1097 711 107 23 therefore
1211 711 38 21 the

860 738 63 27 point
932 738 72 22 wborp
1015 737 38 22 the

661 771 89 22 LAND
764 771 68 22 AND
848 771 113 22 WATER
974 771 164 22 CARRIAGE
1153 771 87 23 MEET

661 797 45 22 and
716 797 74 23 where
798 805 15 15 a
821 798 71 22 Town
909 805 60 14 must
983 805 29 14 be
1028 805 91 15 formed
1136 798 65 22 when
1211 798 38 22 the

662 823 85 22 district
762 824 20 21 is
792 825 87 21 settled.
908 824 22 23 It
938 831 44 14 was
992 824 99 23 selected
1106 825 30 27 by
1146 825 38 22 the
1197 826 52 21 Sur-

661 851 81 26 veying
752 851 59 22 Staff
822 858 25 15 as
857 851 37 22 the
903 851 139 22 rendezvous
1051 851 36 22 for
1101 851 58 22 their
1173 851 61 27 body
1242 859 6 20 ;

661 877 43 21 and
713 877 42 22 has
764 877 57 22 been
830 885 52 14 now
895 877 77 27 found,
981 878 59 21 after
1051 879 86 21 several
1154 878 95 23 months'

660 903 104 28 location,
776 907 22 18 to
812 904 28 22 be
849 904 39 22 the
897 907 58 18 most
969 905 167 26 advantageous
1145 906 104 26 position,

661 930 56 22 from
734 931 28 21 its
777 931 98 27 peculiar
896 931 84 28 facility
996 931 27 22 of
1035 932 112 27 approach
1157 932 53 22 both
1220 932 30 27 by

660 957 53 21 land
722 957 46 22 and
778 961 74 18 water.

688 989 28 22 In
727 990 155 22 confirmation
892 990 27 21 of
924 990 37 22 the
971 990 132 28 superiority
1114 991 25 21 of
1148 990 43 22 this
1201 993 50 25 spot

659 1023 54 15 over
722 1023 45 21 any
777 1018 63 22 other
847 1021 40 24 yet
895 1016 88 28 known,
996 1017 39 22 the
1046 1018 90 21 Messrs.
1145 1016 103 28 Kebbell,

659 1043 58 22 after
735 1043 38 22 the
792 1044 151 22 examination
959 1044 27 21 of
1001 1044 38 21 the
1058 1044 60 22 river
1133 1044 58 22 from
1210 1044 39 21 the

661 1069 90 23 Paneiri
760 1067 48 26 Pah
817 1075 23 18 to
850 1072 29 21 its
888 1070 85 28 mouth,
984 1070 140 23 determined
1139 1078 29 15 on
1179 1075 70 18 erect-

899 1098 39 26 ing
950 1098 59 22 their

660 1130 66 23 SAW
742 1131 80 22 MILL
844 1131 231 22 IMMEDIATELY
1090 1131 158 23 OPPOSITE.

659 1162 49 23 The
726 1162 71 23 works
816 1164 24 21 of
856 1163 49 22 that
924 1163 169 22 establishment
1111 1171 37 15 are
1167 1167 23 19 at
1206 1164 43 22 this

660 1193 100 19 moment
779 1190 22 22 in
817 1190 64 28 rapid
896 1197 106 24 progress,
1021 1190 43 22 and
1084 1190 37 22 the
1139 1191 110 28 proposed

659 1216 70 23 Town
739 1216 45 23 will
793 1217 133 27 necessarily
932 1216 92 28 partake
1031 1218 25 21 of
1062 1218 44 21 this
1116 1218 132 26 advantage.

686 1249 49 23 The
754 1250 93 22 nucleus
863 1250 25 22 of
903 1256 14 15 a
934 1250 68 22 Town
1019 1251 27 26 is,
1056 1251 23 21 in
1095 1251 50 26 fact,
1158 1251 91 28 already

659 1276 97 26 created,
765 1277 31 27 by
805 1277 38 22 the
854 1277 165 22 concentration
1036 1277 25 22 of
1075 1277 38 22 the
1124 1279 125 26 Surveying

660 1303 58 22 Staff
725 1310 29 15 on
764 1303 48 22 that
822 1308 55 23 spot,
889 1311 24 14 as
922 1303 37 21 the
970 1308 75 18 centre
1061 1304 26 22 of
1098 1305 151 22 communica-

649 1342 2 13 i
659 1331 45 21 tion
715 1334 24 18 to
750 1331 38 21 the
797 1329 149 28 surrounding
955 1329 87 23 district
1048 1339 5 19 ;
1070 1331 38 22 the
1118 1332 97 21 erection
1226 1332 26 21 of

661 1357 89 23 Messrs.
763 1357 116 22 Kebbell's
894 1357 48 22 Saw
959 1357 63 22 Mills
1040 1359 96 27 opposite
1145 1366 5 18 ;
1167 1359 30 26 by
1210 1358 37 22 the

659 1388 164 23 arrangements
837 1384 35 22 for
887 1390 29 16 an
932 1385 115 21 extensive
1058 1385 99 22 General
1170 1386 62 21 Store
1240 1393 6 18 ;
1256 1388 2 19 i

659 1411 45 21 and
713 1411 30 27 by
751 1411 39 21 the
798 1411 44 21 late
852 1410 133 32 application
992 1412 34 20 for
1035 1419 14 14 a
1055 1412 109 21 Licensed
1172 1413 75 20 House

658 1444 27 15 on
696 1437 38 22 the
743 1441 50 24 part
802 1437 26 22 of
839 1444 29 14 an
879 1436 121 22 individual
1010 1437 55 24 .who
1080 1439 47 26 has,
1139 1439 61 21 since
1210 1439 38 22 the

658 1464 119 22 formation
795 1464 26 22 of
834 1464 38 21 the
889 1463 90 28 Colony,
995 1465 99 26 pursued
1110 1473 14 13 a
1142 1465 106 22 lucrative

659 1491 62 21 trade
732 1491 53 21 with
795 1491 37 21 the
842 1491 93 26 natives,
947 1490 45 22 and
1003 1491 74 23 whose
1088 1491 130 28 knowledge
1226 1493 25 21 of

658 1517 37 23 the
706 1517 136 28 advantages
852 1518 27 21 of
885 1517 37 21 the
932 1517 102 28 position,
1042 1519 117 28 prompted
1169 1519 46 22 him
1225 1522 24 19 at

658 1552 55 14 once
725 1548 22 18 to
756 1545 74 27 prefer
839 1544 50 22 that
900 1544 143 27 application.

683 1576 49 23 The
743 1577 93 22 Natives
851 1576 31 28 by
891 1576 73 22 whom
978 1576 45 22 this
1033 1577 55 22 land
1099 1585 44 15 was
1153 1578 94 23 claimed

658 1611 36 14 are
705 1604 60 27 quite
776 1603 109 28 prepared
894 1606 22 19 to
925 1603 50 27 give
981 1610 31 21 up
1019 1605 132 27 possession,
1159 1606 45 21 and
1210 1612 37 15 are

657 1630 147 28 exceedingly
814 1630 94 22 anxious
920 1634 22 17 to
957 1630 59 22 have
1025 1638 15 14 a
1050 1631 119 29 European
1178 1639 69 22 popu-

657 1657 68 22 lation
736 1664 82 20 among
828 1658 68 26 them,
906 1656 84 28 having
1007 1657 57 22 been
1074 1665 59 21 upon
1145 1659 36 22 the
1190 1663 59 18 most

657 1684 96 28 friendly
760 1684 87 27 footing
857 1684 53 22 with
919 1684 37 21 the
969 1685 126 27 Surveying
1105 1686 57 26 Staff
1167 1686 82 26 during

655 1711 38 23 the
703 1711 50 22 four
762 1719 26 14 or
797 1711 42 22 five
850 1710 88 23 months
948 1711 52 27 they
1021 1712 58 22 have
1095 1712 55 23 been
1161 1712 88 23 located

655 1738 70 23 there.

683 1773 33 22 As
727 1773 37 21 the
773 1773 137 27 Proprietors
919 1780 94 20 purpose
1023 1776 23 19 to
1056 1773 87 28 dispose
1154 1774 25 22 of
1185 1774 41 22 but
1235 1781 12 14 a

655 1799 86 22 limited
756 1799 88 27 portion
862 1800 26 21 of
898 1799 38 22 the
950 1800 70 22 Town
1037 1804 22 17 at
1077 1804 97 24 present,
1193 1802 54 26 they

654 1826 80 28 pledge
744 1827 133 22 themselves
886 1826 54 27 that,
951 1830 23 18 at
983 1834 30 14 no
1032 1827 74 22 future
1116 1827 63 28 sales,
1190 1828 56 22 shall

656 1853 37 22 the
704 1854 128 21 allotments
840 1854 29 21 be
879 1856 40 25 put
924 1860 30 21 up
964 1856 23 19 at
997 1862 14 13 a
1021 1851 45 26 Jess
1077 1862 48 15 sum
1134 1855 55 22 than
1199 1862 48 15 now

656 1881 90 22 offered.

682 1914 23 21 A
724 1914 132 27 Prospectus
875 1912 45 23 and
940 1912 55 23 Plan
1017 1914 27 21 of
1058 1914 38 22 the
1113 1914 70 22 Town
1202 1914 44 22 will

655 1940 86 27 shortly
750 1940 28 21 be
787 1940 68 26 ready
865 1940 34 21 for
908 1940 125 26 inspection
1048 1944 23 17 at
1084 1940 37 22 the
1132 1941 82 21 Offices
1224 1941 26 20 of

657 1967 90 21 Messrs.
760 1966 68 21 Waitt
837 1966 46 21 and
892 1966 75 26 Tyser,
978 1966 32 22 Te
1021 1968 54 20 Aro.

682 1998 147 27 Wellington.
840 1997 65 23 Anril
915 1999 33 23 22,
960 1999 60 21 1842.

657 2048 72 49 ON
746 2048 78 22 SALE
839 2052 24 18 at
883 2048 37 21 the
939 2048 72 22 Office
1032 2049 23 21 of
1075 2049 44 22 this
1136 2056 111 21 paper.—

736 2074 62 28 Keys
809 2075 24 21 of
842 2075 38 21 the
890 2075 68 21 Town
969 2075 25 22 of
1001 2075 57 23 New
1068 2076 128 27 Plymouth,

682 2102 68 22 Plans
761 2103 25 20 of
795 2103 99 26 Country
905 2102 66 22 Land
979 2103 75 22 round
1066 2103 144 28 Wellington,
1221 2103 24 21 in

656 2136 57 20 case,

682 2156 70 22 Plans
763 2156 26 22 of
796 2156 92 27 Nelson,
899 2156 23 22 in
934 2164 58 19 case,

682 2184 80 27 Copies
779 2183 26 22 of
818 2183 38 23 the
873 2184 55 22 New
948 2183 101 23 Zealand
1063 2183 103 28 Journal,
1184 2185 60 26 1842,

655 2211 117 26 complete,
785 2211 82 26 bound,

682 2237 136 28 Chapman's
828 2236 115 28 Portfolio,
954 2237 87 28 bound,

682 2264 75 22 Prints
764 2266 26 20 of
795 2265 94 27 Nelson,

683 2291 75 23 Prints
769 2291 26 22 of
799 2291 143 28 Wellington,

682 2318 68 22 Plans
760 2319 27 21 of
794 2319 85 22 Nelson
890 2320 23 21 in
923 2318 86 28 Sheets,

683 2345 69 22 Plans
762 2346 26 21 of
795 2346 99 27 Country
905 2345 66 23 Land
979 2349 24 19 at
1017 2345 146 29 Wellington,

682 2372 70 22 Plans
760 2373 25 21 of
794 2373 36 21 the
839 2373 70 21 Town
920 2373 25 21 of
952 2372 57 24 New
1019 2373 129 28 Plymouth.

682 2406 132 28 September
823 2408 33 26 19,
868 2408 63 21 1843.

898 2458 53 21 For
966 2459 71 25 Sale,

656 2490 158 50 WHEAT
835 2490 67 22 AND
923 2490 113 26 FLOUR,
1051 2491 38 23 the
1107 2491 98 28 produce
1223 2490 25 23 of

752 2516 39 22 the
801 2517 66 27 Hutt,
877 2517 25 23 in
917 2517 55 28 bags
982 2517 46 28 (200
1028 2517 59 28 ibs,)
1101 2523 23 17 at
1140 2519 35 23 £2
1189 2520 55 24 10a.,

655 2543 50 23 half
720 2544 56 26 bags
795 2544 31 22 £1
847 2545 33 21 ss.
918 2543 59 28 Bags
997 2548 22 18 to
1041 2546 26 21 be
1086 2545 114 28 returned,
1221 2552 25 14 or

656 2570 97 27 charged
766 2572 32 20 2s.
814 2571 37 22 6d.
881 2570 54 24 Also
945 2578 14 14 a
968 2571 64 23 small
1049 2572 103 27 quantity
1162 2573 26 21 of
1193 2572 53 22 seed

657 2597 76 31 spring
741 2598 47 21 and
798 2598 79 22 winter
886 2598 73 22 wheat
968 2599 44 21 and
1022 2599 95 22 skinless
1128 2600 83 27 barley.

685 2624 75 34 Apply
771 2628 23 18 to
811 2625 90 21 Messrs.
913 2625 96 22 Rhodes
1026 2626 47 22 and
1085 2627 47 27 Co.,
1143 2626 33 22 Te
1192 2628 53 25 Aro,

658 2658 24 16 or
691 2655 22 18 to
723 2651 46 23 Mr.
785 2653 128 26 Swainson,
930 2652 151 29 Hawkshead,
1094 2653 69 23 River
1179 2653 67 23 Hutt.

684 2685 55 27 July
748 2686 21 26 4,
782 2686 61 22 1843.

808 2731 139 23 Situation
969 2732 128 22 Wanted.

658 2764 99 35 rpWO
771 2771 76 21 young
861 2771 59 21 men,
933 2766 48 26 just
997 2766 89 22 arrived
1096 2766 29 28 by
1136 2766 37 22 the
1183 2768 64 25 Mary

665 2788 29 26 JL
757 2792 57 21 from
835 2791 104 28 London,
959 2799 37 15 are
1018 2793 94 23 anxious
1130 2797 23 18 to
1173 2794 76 23 obtain

656 2818 123 27 situations,
792 2818 45 23 and
855 2818 44 23 will
916 2819 33 22 be.
959 2819 70 22 found
1046 2820 85 28 willing
1146 2825 23 18 to
1181 2821 66 22 make

658 2845 135 23 themselves
812 2845 115 29 generally
945 2847 82 22 useful.
1062 2848 44 22 For
1124 2848 123 27 reference,

658 2873 68 28 apply
736 2877 22 18 to
769 2872 37 23 the
817 2873 162 27 undersigned.

1005 2902 97 22 Samuel
1117 2902 103 22 Revans.
1256 2902 2 33 |

659 2945 92 23 HHHE
774 2947 80 20 Nelson
876 2947 117 21 Examiner
1017 2949 43 20 and
1081 2950 53 20 New
1158 2951 93 20 Zealand

665 2967 29 28 JL
732 2973 111 21 Chronicle
859 2973 127 31 (published
995 2978 24 19 at
1028 2975 103 29 Nelson,)
1148 2977 18 22 is
1185 2984 66 22 regu-

656 2999 57 28 larly
733 3001 140 22 transmitted
890 3004 23 18 to
929 3001 147 29 Wellington,
1096 3003 43 23 and
1155 3011 53 21 may
1221 3004 29 22 be

657 3027 44 22 had
711 3030 23 19 at
743 3027 39 23 the
792 3027 64 23 office
866 3027 26 23 of
902 3027 44 23 this
955 3036 77 21 paper.

684 3058 48 23 The
742 3060 79 21 Nelson
830 3061 116 21 Examiner
962 3061 45 23 will
1017 3062 28 21 be
1056 3062 70 23 found
1135 3071 29 14 an
1176 3064 75 22 excel-

656 3086 49 22 lent
712 3086 102 23 medium
823 3087 35 22 for
868 3087 140 24 advertisers.

684 3118 80 22 Terms
772 3119 35 22 for
816 3119 39 23 the
864 3127 74 20 paper,
949 3123 37 19 ten
995 3120 104 29 shillings
1112 3130 40 20 per
1160 3125 92 26 quarter

656 3145 96 29 payable
760 3145 25 23 in
795 3145 109 24 advance.

685 3177 84 22 Orders
791 3178 35 21 for
845 3178 39 22 the
906 3185 68 21 paper
995 3180 48 21 and
1065 3180 186 24 advertisements

658 3204 104 23 received
771 3207 24 19 at
804 3205 38 22 the
852 3205 72 22 Office
934 3205 26 22 of
972 3206 45 22 this
1025 3214 78 20 paper.

656 3273 3 4 ,
832 3255 66 23 Just
917 3256 160 28 Published,

660 3289 93 32 rpHE
777 3289 214 23 WELLINGTON
1014 3291 183 25 ALMANACK
1215 3293 38 23 for

667 3309 28 30 JL
736 3318 67 22 1843:

893 3351 125 16 CONTENTS.

687 3370 109 24 Weather
818 3370 78 28 Table,
917 3372 82 26 Cycles,
1016 3372 45 22 and
1085 3373 167 25 Astronomical

661 3397 120 28 Numbers,
793 3398 119 26 Calendar,
929 3399 137 23 Gardener's
1082 3401 45 22 and
1141 3401 111 24 Farmer's

661 3424 116 28 Calendar,
787 3424 186 28 Meteorological
984 3426 72 23 Table
1065 3427 35 22 for
1116 3429 62 27 1840,
1188 3431 62 26 1841,

660 3451 45 23 and
712 3453 8 21 J
729 3453 47 26 842,
788 3452 100 28 Eclipses
897 3453 26 21 of
929 3452 39 22 the
978 3453 47 23 Sun
1035 3453 56 25 and.
1099 3454 79 29 Moon,
1194 3457 57 22 New

660 3478 101 22 Zealand
776 3479 123 28 Company,
910 3479 54 23 Post
979 3480 72 22 Office
1062 3481 146 28 Regulations
1216 3483 36 23 for

661 3504 56 24 New
727 3506 110 27 Zealand,
847 3506 58 22 Civil
920 3506 188 30 Establishment,
1120 3509 57 23 Fees
1187 3510 63 23 Land

661 3532 91 23 Claims'
776 3532 80 28 Office,
881 3533 53 23 Post
957 3534 101 22 Office—
1059 3535 101 23 Colonial
1188 3538 62 27 Law,

663 3559 73 22 Police
762 3559 71 23 Office
833 3571 28 4 —
862 3560 67 27 Petty
953 3561 109 28 Sessions,
1093 3563 111 29 Holidays
1228 3568 23 19 at

668 3585 74 24 Public
751 3586 89 29 Offices,
851 3587 112 24 Dißcou&t
972 3588 71 28 Days.

868 3620 73 23 Price
956 3624 30 21 Is.
1001 3622 40 23 6d.

833 3671 78 21 Meat
924 3672 154 28 Coxqpany,

663 3703 73 49 AN
765 3703 202 24 APPRENTICE
993 3709 25 16 to
1045 3707 39 24 the
1107 3708 103 25 business
1232 3710 20 23 is

741 3730 96 23 wanted.
867 3731 45 22 For
929 3733 139 29 particulars,
1084 3736 69 27 apply
1168 3744 29 16 on
1213 3736 39 24 the

661 3763 116 21 premises.

934 3786 36 22 W.
985 3786 105 30 Flyger,
1106 3789 123 28 Manager.-

687 3810 132 28 September
826 3812 38 26 29*
873 3813 61 22 1843.
1156 3830 3 5 ,

837 3857 76 30 *Just
926 3867 135 23 received.

661 3896 129 50 I)LANS
812 3896 27 22 of
919 3897 71 24 Town
1009 3900 29 21 of
1055 3900 168 27 Wellington.

733 3923 70 26 Plan,
811 3924 28 22 of
843 3923 40 24 the
893 3925 109 24 Harbour
1011 3927 28 24 of
1052 3927 56 24 Port
1124 3928 127 25 Nicholson

688 3949 104 29 Mefutsgs
803 3951 70 27 tards,
