2550 4020
1255 61 101 32 THE

62 109 472 132 NEW
636 114 889 137 ZEALAND
1629 124 869 137 GAZETTE

1235 281 101 33 AND

59 314 1163 145 WELLINGTON
1338 314 1163 145 SPECTATOR.

2310 558 97 40 [Vol.
2430 559 48 32 11.

21 565 5 13 ,
88 538 65 32 No.
176 539 67 40 76.]

569 540 132 33 PORT
723 542 290 42 NICHOLSON,
1035 546 264 33 SATURDAY
1318 545 244 44 MORNING,
1584 552 288 33 SEPTEMBER
1896 558 53 34 25,
1974 559 91 29 1841.

736 635 158 27 Important
908 638 61 21 Sale
984 640 31 20 at
1028 639 109 27 Cloudy
1150 640 66 25 Bay.

680 668 161 49 MESSRS.
857 670 23 21 J.
895 670 46 23 and
943 670 3 12 ;
956 671 28 22 G.
995 671 97 23 WADE
1101 672 59 22 have
1168 672 103 23 received

777 696 146 23 instructions
941 698 59 22 from
1021 698 35 22 W.
1075 698 115 29 Mayhew,
1209 699 61 28 Esq.,
1277 713 3 9 ,

678 721 152 24 Vice-Gohsul
840 722 24 23 of
877 723 38 22 the
925 724 86 23 United
1024 726 75 21 States
1115 726 27 21 of
1157 726 112 26 America,

677 750 26 20 to
715 748 48 23 Sell
778 749 31 28 by
824 750 79 23 Public
918 750 108 29 Auction,
1043 752 119 28 positively
1177 752 94 22 without

676 781 97 22 reserve,
784 780 25 18 at
813 777 100 22 Gutter's
920 778 56 27 Bay,
984 776 164 25 Underwood's
1157 779 112 27 Harbour)

677 801 88 29 Cloudy
775 802 55 28 Bay,
841 811 30 14 on
881 804 125 28 Thursday,
1021 805 38 22 the
1067 806 55 22 30th
1132 806 138 27 September,

676 830 63 25 1841,
750 832 24 19 at
783 836 43 15 one
835 830 88 23 o'clock
932 832 112 27 precisely
1050 840 6 20 ;
1075 832 40 22 the
1130 832 72 22 whole
1219 833 28 20 of
1258 839 13 14 a

675 855 101 29 whaling
784 856 177 28 establishment,
977 858 149 28 appendages,
1145 859 46 21 and
1205 858 73 22 other'

675 887 108 23 property
797 883 26 22 of
833 883 40 22 the
887 884 45 23 late
948 884 64 23 John
1024 886 113 26 Medares,
1154 886 114 27 deceased,

676 910 125 27 consisting
810 910 27 22 of
837 921 26 5 —
873 931 4 5 ,
1012 910 68 29 ••*'>.

704 944 41 20 100
754 946 53 19 tuns
816 944 31 22 oil
862 944 72 27 (more
941 947 30 20 br
969 947 8 8 s
977 936 94 41 less^jj|;'
1072 938 9 17 fc

730 971 14 19 6
755 973 51 19 tons
814 970 61 22 bone
890 971 73 27 (more
973 979 26 14 or
1009 972 68 27 less,)'

731 998 14 20 6
754 996 65 22 boats
833 997 37 26 (or
879 998 162 27 thereabouts,)

702 1022 24 22 A
736 1023 103 28 quantity
849 1024 28 21 of
886 1024 98 28 whaling
993 1032 61 20 gear,

702 1049 24 22 A
735 1049 76 23 choice
821 1053 137 20 assortment
967 1051 27 23 of
1004 1051 66 28 slops.

943 1086 66 19 ALSO,

702 1101 41 23 All
751 1102 39 22 the
798 1102 68 28 right,
882 1103 56 28 title,
955 1105 45 21 and
1016 1104 95 23 interest
1125 1105 28 21 of
1170 1105 36 22 the
1224 1105 45 23 late

674 1127 63 23 John
747 1129 107 23 Medares
864 1133 23 19 to
897 1130 39 23 the
945 1131 100 28 whaling
1054 1131 179 24 establishment.

943 1192 64 20 ALSO,

731 1216 45 22 ON
789 1216 148 29 MONDAY,
958 1218 145 23 OCTOBER
1116 1220 21 26 4,
1153 1220 61 26 1841,

675 1251 35 20 At
718 1249 39 23 the
767 1251 170 23 establishment
946 1253 28 21 of
984 1252 39 22 the
1032 1252 46 22 late
1089 1253 62 22 John
1157 1253 112 27 Medares;

675 1280 25 18 at
710 1276 85 29 Kapiti,
806 1281 24 19 at
839 1286 44 14 one
892 1279 89 22 o'clock
988 1279 123 28 precisely;
1126 1279 32 22 all
1172 1279 38 22 the
1219 1287 51 20 pro-

675 1307 66 24 perty
750 1304 27 22 of
787 1303 38 23 the
835 1305 49 21 said
893 1308 71 20 estate
973 1306 71 26 there,
1060 1306 126 28 consisting
1195 1307 27 21 of
1232 1307 38 21 the

675 1328 100 30 whaling
783 1331 179 29 establishment,
977 1332 38 28 oil,
1029 1333 67 28 bone,
1114 1333 67 28 slop's,
1197 1333 71 28 boats,

674 1356 101 29 whaling
783 1364 60 21 gear,
856 1359 21 21 &
878 1366 11 14 c
890 1375 6 6 ,
907 1360 41 21 &c.
960 1360 42 22 &c.

704 1390 79 23 Public
793 1391 111 23 attention
915 1393 21 21 is
944 1392 148 28 particularly
1101 1392 87 23 invited
1197 1395 24 20 to
1232 1393 38 22 the

676 1416 72 23 above
758 1417 53 33 sale^
822 1425 25 15 as
856 1418 19 22 it
883 1426 54 25 may
944 1419 30 22 be
991 1418 39 23 the
1044 1419 50 22 first
1110 1420 46 21 and
1171 1420 45 22 last
1231 1427 39 21 op-

675 1444 118 28 portunity
802 1452 22 14 in
835 1445 46 22 this
891 1446 93 27 Colony,
1000 1446 37 22 for
1045 1446 83 31 parties
1138 1446 100 22 desirous
1248 1446 25 22 of

676 1471 114 27 engaging
799 1472 24 21 in
832 1471 39 22 the
880 1471 109 23 lucrative
1005 1472 105 23 business
1124 1474 28 21 of
1164 1473 104 28 whaling,

676 1500 24 19 to
710 1504 89 20 possess
808 1498 135 23 themselves
954 1499 26 22 of
991 1505 14 16 a
1014 1499 83 22 station
1106 1500 25 21 in
1141 1500 42 21 full
1193 1507 77 20 opera-

676 1523 58 27 tion,
742 1524 46 22 and
793 1524 30 22 all
831 1524 40 23 the
878 1525 143 28 appendages
1028 1533 31 14 on
1066 1525 38 22 the
1112 1529 57 25 spot.
1197 1527 73 22 These

676 1550 95 23 stations
780 1550 58 23 have
847 1552 59 21 been
917 1552 87 28 proved
1012 1555 23 19 to
1044 1552 29 23 be
1083 1552 85 23 second
1177 1555 23 20 to
1209 1561 61 14 none

676 1576 24 22 in
711 1577 82 22 Cook's
803 1578 86 22 Straits.

704 1603 49 22 The
771 1604 46 22 fine
831 1604 137 28 fast-sailing
986 1605 87 29 barque
1089 1606 81 26 Bright
1186 1608 82 26 Planet,

677 1630 46 22 and
732 1630 38 23 the
781 1630 85 28 clipper
875 1632 110 23 schooner
995 1634 113 20 Susannah
1117 1635 58 24 Ann,
1188 1634 45 22 will
1242 1635 27 21 be

677 1657 109 27 prepared
796 1660 23 19 to
829 1658 52 22 take
890 1665 133 21 passengers
1032 1663 23 19 to
1064 1660 40 22 the
1118 1661 54 27 sale,
1190 1660 80 23 should

676 1690 14 15 a
709 1684 112 22 sufficient
839 1686 97 22 number
954 1686 62 28 offer,
1040 1689 23 20 at
1082 1694 55 21 very
1155 1688 114 22 moderate

675 1713 68 20 rates.
773 1711 43 22 For
825 1719 104 20 passages
939 1713 69 27 apply
1018 1716 23 19 to
1050 1713 39 22 the
1098 1712 158 24 Auctioneers.

678 1754 151 24 /^OLYER
842 1756 46 22 and
901 1756 71 23 CO.'S
985 1756 53 29 pale
1046 1757 36 23 ale
1096 1757 46 23 and
1155 1761 77 24 porter
1245 1758 23 22 in

678 1778 42 25 \y
750 1782 89 27 bottles,

706 1808 95 28 Barclay
810 1809 46 22 and
867 1809 58 23 Co.'s
934 1810 89 22 bottled
1031 1813 84 25 porter,

704 1834 71 23 Flour
783 1843 23 14 in
816 1836 86 22 barrels
911 1837 46 21 and
967 1837 52 22 half
1024 1837 91 28 barrels,

705 1862 65 27 Soap,
787 1862 100 28 vinegar,
904 1863 93 28 pickles,
1015 1863 41 23 fish
1077 1871 86 20 sauces,
1183 1865 85 23 bottled

675 1888 62 27 fruit,
748 1890 107 27 mustard,
867 1891 45 21 and
922 1897 77 15 coarse
1010 1890 42 22 salt
1060 1892 25 22 in
1095 1891 76 28 hhds.,

704 1915 110 28 Tobacco,
824 1916 112 27 blankets,
946 1917 47 21 and
1001 1917 42 22 red
1049 1918 76 25 baiz*,

703 1942 78 22 Dutch
791 1943 82 22 clocks.
903 1944 36 22 On
950 1943 47 23 sale
1005 1944 32 27 by

1032 1971 36 22 W.
1083 1971 28 22 B.
1125 1971 115 23 Burgess.

678 2011 94 49 ONE
780 2015 80 24 patent
867 2013 102 27 portable
977 2013 64 23 hand
1049 2014 60 22 flour
1117 2014 56 27 mill,

756 2040 11 20 1
783 2039 149 27 gentleman's
946 2040 47 22 and
1003 2043 10 19 1
1030 2040 73 28 lady's
1117 2041 86 28 quilted
1216 2041 52 22 sad-

676 2065 44 26 dle,
736 2062 78 31 bridle,
831 2067 47 21 and
893 2067 77 28 whips,
982 2067 55 23 with
1049 2074 57 16 nose
1115 2068 62 22 band
1193 2071 23 19 to
1232 2068 38 22 the

675 2091 75 28 latter,

705 2121 10 19 1
727 2119 90 27 parlour
826 2119 93 28 register
925 2124 72 23 grate,

705 2147 11 20 1
728 2145 109 23 beautiful
845 2147 85 22 bronze
941 2150 36 19 tea
986 2154 51 21 urn,

706 2172 57 22 Fine
773 2173 58 22 Irish
840 2173 75 23 linens
925 2174 46 22 and
979 2173 112 28 hollands,

706 2199 73 22 Linen
789 2199 70 28 drills,
870 2200 67 22 white
946 2201 47 21 and
1002 2201 114 27 coloured,

703 2226 102 27 Printed,
816 2227 66 27 dyed,
894 2227 45 23 and
952 2227 118 23 embossed
1086 2228 123 23 moleskins
1225 2228 46 23 and

678 2253 137 27 velveteens.

705 2279 112 23 Coloured
826 2280 47 22 and
882 2280 66 23 white
958 2284 98 20 cantoon
1066 2281 73 23 cords.

774 2307 76 28 Apply
860 2311 23 19 to
892 2308 46 22 Mr.
948 2308 90 27 Penny,
1048 2312 25 18 at
1082 2309 45 21 Mr.
1139 2309 100 22 Grace's.

678 2351 75 49 ON
763 2352 46 21 sale
817 2351 32 28 by
859 2352 38 22 the
905 2352 156 28 undersigned
1071 2361 6 14 :—:
1078 2364 30 6 —

757 2378 70 23 Fresh
838 2378 94 28 salmon,

706 2404 92 23 Salmon
806 2409 79 22 trouts,

705 2431 71 22 Fresh
784 2432 115 23 haddocks
909 2432 79 28 entire,

705 2458 80 23 Boiled
795 2459 83 27 turbot,

704 2485 72 22 Fresh
785 2486 43 22 cod
836 2486 50 28 fish,

706 2512 70 22 Mock
786 2512 68 23 turtle
864 2521 62 20 soup,

708 2540 85 22 Oxtail
821 2540 38 23 do.

708 2566 36 21 Ox
753 2566 71 23 cheek
835 2567 37 22 do.

706 2592 124 28 Vegetable
840 2594 36 22 do.

706 2620 89 22 Stewed
803 2621 58 27 veal,

705 2646 45 22 Do.
762 2647 52 22 with
823 2655 70 19 green
902 2655 61 20 peas,

705 2673 100 23 Roasted
814 2675 46 22 and
870 2674 75 23 boiled
955 2676 59 26 beef,

706 2700 45 23 Do.
833 2701 37 22 do.
954 2702 119 28 Highland
1082 2705 99 25 mutton,

706 2727 94 28 Sheep's
808 2727 60 24 head
877 2728 73 28 broth,

705 2754 93 23 Mutton
826 2755 37 22 do.

705 2780 78 23 Hotch
793 2782 75 28 potch,

704 2806 82 26 Potted
794 2808 66 28 head,

705 2834 65 23 Plain
784 2839 102 23 carrotts,

704 2861 62 28 Soup
776 2862 45 22 and
830 2862 85 28 bouilli,
927 2863 42 22 &c.

948 2902 6 4 •
981 2890 103 22 Waters
1099 2890 46 23 and
1160 2891 84 22 Smith.

675 2931 92 52 THE
776 2932 153 28 undersigned
938 2933 59 22 have
1007 2941 31 15 on
1047 2933 54 28 sale,
1114 2936 144 28 exjfaroline,

748 2960 29 20 28
786 2959 80 22 tierces
875 2959 73 28 prime
958 2960 68 22 India
1034 2968 51 15 new
1094 2961 60 29 beef,
1191 2970 7 3 -

748 2987 29 21 20
786 2993 63 15 cases
857 2986 46 22 fine
913 2986 106 23 hollands
1030 2987 49 28 gin,
1092 2985 21 13 *

703 3012 28 22 25
741 3012 70 22 boxes
820 3020 62 20 soap,
893 3013 55 23 each
957 3010 84 31 4SSbs.,
1050 3010 55 35 '*%^

704 3040 29 20 40
741 3038 42 23 lbs.
793 3036 97 30 Spanish
900 3044 101 24 annatto,

705 3067 27 21 10
741 3066 85 22 barrels
835 3073 63 21 navy
906 3067 78 23 bread.

978 3094 104 23 Waters
1100 3095 46 23 and
1160 3097 85 21 Smith.

883 3139 39 21 To
937 3139 35 21 be
987 3139 76 26 Sold,

676 3171 53 49 A
751 3170 141 23 WOODEN
912 3172 293 24 DWELLING-HOUSE
1227 3173 45 23 and

755 3198 146 22 native-built
910 3199 71 27 Store,
993 3200 97 22 situated
1101 3208 30 15 on
1147 3201 123 23 Thorndon

676 3224 60 28 Flat,
751 3224 47 23 and
815 3224 25 23 in
860 3225 39 22 the
920 3226 135 27 occupation
1074 3227 28 21 of
1117 3228 28 22 R.
1157 3228 51 22 Bali
1226 3227 45 23 and

676 3252 50 26 Co.,
736 3252 47 21 and
788 3252 19 22 is
816 3254 25 19 at
849 3250 40 24 the
898 3255 92 25 present
996 3253 54 23 time
1060 3253 71 29 doing
1139 3262 15 15 a
1162 3255 109 22 lucrative

675 3278 111 22 business.
823 3278 49 22 The
895 3280 137 27 proprietors
1054 3280 94 28 leaving
1171 3281 45 22 this
1237 3281 35 22 for

675 3304 131 28 Wanganui
817 3305 21 22 is
849 3304 38 24 the
897 3306 56 27 only
960 3313 82 15 reason
1050 3307 38 23 for
1104 3307 60 23 their
1177 3308 95 27 wishing

675 3334 25 20 to
710 3332 88 28 dispose
808 3332 27 22 of
839 3332 27 22 it.
894 3332 84 29 Apply,
990 3340 31 15 on
1029 3333 39 23 the
1078 3335 116 27 premises,
1205 3338 25 19 to

1122 3361 23 23 J.
1161 3362 82 22 Jones.

675 3403 91 49 FOR
779 3403 87 28 SALE,
873 3408 5 2 ~
885 3403 55 23 with
957 3403 132 24 immediate
1106 3407 134 26 possession,
1258 3413 13 14 a

763 3431 101 26 superior
886 3431 147 23 native-built
1055 3431 79 29 house,
1162 3433 109 22 weather-

674 3456 107 28 boarded,
791 3456 70 29 lined,
868 3457 46 23 and
923 3457 102 28 floored,'
1028 3459 54 22 with
1089 3459 38 22 the
1135 3459 61 22 lease
1202 3460 28 21 of
1233 3459 37 22 the

673 3483 92 28 ground
790 3484 36 22 for
847 3491 70 16 seven
944 3492 74 21 yeus.
1056 3485 47 23 For
1129 3486 140 28 particulars,

675 3511 68 28 apply
753 3514 24 19 to

734 3539 5 5 *
881 3537 28 23 R.
923 3538 96 27 Brown,
1028 3539 216 23 >Commercial-inn.

903 3584 55 20 For
974 3583 70 26 Sale,

674 3617 53 48 A
741 3616 215 23 SUBSTANTIAL
966 3617 46 22 and
1021 3617 52 23 well
1085 3617 99 23 finished
1191 3623 78 20 warre,

760 3643 106 28 standing
881 3651 29 15 on
920 3647 50 24 part
981 3643 28 23 of
1021 3643 38 23 the
1076 3647 60 19 town
1156 3650 58 21 acre,
1225 3643 44 22 No.

673 3672 49 25 473,
741 3670 53 22 with
809 3670 102 27 frontage
929 3674 24 18 to
969 3671 239 27 Wellington-terrace
1225 3669 45 22 and

674 3697 169 22 Bolton-street.
871 3697 48 23 The
926 3698 97 26 ground,
1030 3698 74 22 under
1110 3697 13 23 7
1131 3704 65 19 years
1201 3697 68 26 lease,

673 3724 19 22 is
710 3724 51 22 well
777 3723 94 23 drained
887 3724 45 22 and
945 3725 83 22 fenced
1028 3735 28 5 —
1056 3723 106 30 partially
1172 3723 96 26 cleared,

673 3751 46 22 and
736 3758 60 15 sown
812 3751 54 22 with
875 3751 61 22 seed.
965 3751 46 22 For
1021 3755 75 21 terms,
1110 3750 68 29 apply
1188 3757 30 14 on
1232 3749 38 22 the

673 3781 53 24 spot
735 3781 22 18 to

1013 3803 47 23 Mr.
1075 3803 22 22 J.
1108 3802 36 22 W.
1161 3803 81 21 Jones.

902 3850 55 20 For
970 3848 73 24 Sale,

679 3883 43 47 A
741 3882 87 22 GOOD
843 3882 209 22 weather-boarded
1068 3881 87 27 House,
1167 3880 102 22 contain-

754 3909 39 26 ing
803 3909 34 21 six
846 3909 81 21 rooms'.
958 3909 44 21 For
1013 3908 137 26 particulars,
1168 3906 67 28 apply
1246 3909 22 18 to

675 3935 20 21 J.
710 3935 82 26 Millar,
805 3942 53 15 near
870 3935 38 21 Dr.
918 3934 133 27 Fitzgerald,
1063 3934 123 22 Thorndon
1197 3932 57 23 Flat.

1487 642 98 22 Public
1600 642 109 22 Notice.

1300 672 202 49 WHEREAS,
1518 676 62 27 large
1590 677 122 26 quantities
1722 677 26 21 of
1761 677 130 22 whalebone

1383 701 57 22 have
1449 702 58 22 been
1518 702 69 22 taken
1596 703 31 26 by
1637 702 38 22 the
1682 703 94 22 Natives
1786 703 58 22 from
1853 703 38 23 the

1300 727 74 21 wreck
1383 727 27 22 of
1416 727 37 23 the
1462 730 78 24 David,
1551 731 23 19 at
1591 729 114 28 Wyderop
1714 729 55 28 Bay,
1781 730 45 22 and
1841 734 51 23 part

1292 752 36 25 .of
1333 753 37 22 the
1379 762 61 14 same
1456 755 42 23 has
1512 756 60 22 been
1585 755 88 28 bought
1684 756 32 27 by
1726 756 130 27 Europeans
1868 760 24 18 at

1296 778 48 28 ,this
1353 780 70 28 place,
1435 781 45 23 and
1489 790 14 14 a
1512 782 62 27 large
1585 783 104 27 quantity
1699 783 45 21 still
1757 783 96 21 remains
1866 783 23 21 in

1294 805 44 22 ■the
1345 808 125 26 possession
1481 809 26 21 of
1513 809 39 22 the
1560 809 94 22 Natives
1663 809 56 21 both
1726 813 24 17 at
1760 809 79 22 Petoni
1846 810 45 21 and

1296 832 41 22 the
1345 833 64 23 other
1417 835 63 27 pahs,
1492 842 43 21 we,
1552 835 119 28 therefore,
1686 836 85 27 hereby
1782 843 60 15 warn
1860 836 29 22 all

1405 861 58 22 from
1477 862 139 27 purchasing
1633 862 38 22 the
1687 870 69 19 same,
1768 870 24 14 as
1804 870 33 14 we
1853 870 37 14 are

1299 887 109 27 prepared
1421 891 23 19 to
1460 888 98 28 identify
1566 889 24 27 it,
1602 889 46 21 and
1662 889 46 21 will
1722 892 59 18 treat
1795 889 30 21 all
1841 896 50 21 per-

1299 920 52 14 sons
1360 920 25 15 so
1402 914 86 28 buying
1503 915 27 22 of
1543 915 38 23 the
1599 915 94 22 Natives
1706 923 23 14 as
1745 916 110 22 receivers
1868 917 27 21 of

1299 940 72 22 stolen
1390 945 111 24 property,
1523 942 46 22 and
1587 945 118 25 prosecute
1724 942 61 22 them
1800 943 91 21 accord-

1299 966 70 28 ingly.

1531 995 64 22 John
1610 995 46 22 and
1670 995 97 23 George
1782 995 81 23 Wade.

1327 1027 144 29 Wellington,
1482 1029 133 27 September
1623 1031 35 25 29,
1670 1031 61 20 1841.

1475 1074 64 21 Sale
1555 1074 31 20 of
1598 1074 118 21 Houses.

1302 1106 158 48 MESSRS.
1475 1106 97 23 WADE
1585 1107 55 27 begs
1654 1110 24 19 to
1692 1107 74 27 notify
1780 1107 48 22 that
1837 1108 54 27 they

1391 1140 37 15 are
1438 1134 131 27 instructed,
1581 1133 46 22 and
1636 1134 45 21 will
1698 1134 86 27 shortly
1793 1134 66 28 bring
1867 1139 23 18 to

1300 1159 38 22 the
1347 1159 107 28 hammer,
1463 1161 44 21 five
1518 1161 146 21 comfortable
1675 1164 106 24 cottages,
1792 1161 53 22 with
1852 1161 38 22 the

1299 1185 60 23 lease
1374 1187 103 22 attached
1494 1190 24 19 to
1533 1187 70 27 them,
1615 1187 97 22 situated
1727 1195 29 14 on
1767 1187 123 23 Thorndon

1299 1212 58 23 Flat.

1301 1258 71 49 ON
1388 1258 85 28 SALE,
1484 1266 31 15 ex
1522 1260 62 25 Lady
1593 1260 68 24 Leigh
1671 1258 46 22 and
1724 1260 61 25 Lucy
1796 1260 81 26 Sharpe
1884 1267 5 14 :

1379 1285 125 27 Furniture,
1524 1286 124 27 consisting
1666 1286 26 21 of
1713 1286 78 28 tables,
1810 1286 79 27 chairs,

1300 1312 102 28 drawers,
1414 1312 90 28 glasses,
1516 1315 137 25 mattrasses,
1663 1313 42 22 &c.

1328 1339 117 27 Crockery,

1328 1366 107 27 Christy's
1444 1365 97 22 London
1552 1366 58 27 hats,

1329 1392 130 28 Ginghams,
1494 1392 89 28 checks,
1616 1392 143 28 salampores,
1801 1393 89 27 printed

1300 1418 101 28 drugget,

1470 1446 102 27 tobacco,

1327 1472 56 23 Fine
1393 1473 45 22 and
1447 1481 77 14 coarse
1534 1474 50 27 salt,

1327 1499 97 27 Brandy,
1431 1500 46 27 gin,

1327 1526 54 22 Port
1390 1526 56 23 wine
1456 1527 21 22 in
1489 1527 79 27 bottle,

1327 1552 78 23 Porter
1414 1554 23 21 in
1446 1553 80 27 bottle,

1327 1579 106 28 Vinegar,

1327 1606 80 23 Mould
1417 1606 97 28 candles,
1527 1614 61 20 soap,

1318 1633 82 27 .Prime
1411 1634 109 21 Hambro'
1529 1634 56 22 beef
1591 1634 46 22 and
1645 1635 66 27 pork,

1328 1660 99 28 Cordage
1437 1661 27 21 of
1470 1660 29 22 all
1510 1661 63 27 sizes,

1327 1686 64 23 Pitch
1400 1688 45 21 and
1455 1691 41 23 tar,

1327 1714 94 22 Powder
1428 1714 45 22 and
1483 1714 58 27 shot,
1552 1714 71 28 pipes,

1327 1741 85 27 Paints,
1422 1741 171 22 anti-corrosive
1604 1742 71 27 paint,
1685 1741 103 28 brushes,

1329 1767 106 22 Assorted
1445 1768 67 21 block
1522 1768 101 26 tinware,

1329 1795 168 26 Ironmongery,
1502 1794 120 28 including
1632 1798 110 18 cross-cut
1752 1803 62 19 saws,
1822 1795 67 27 vices,

1300 1821 79 27 anvils,
1390 1821 45 22 and
1445 1821 99 26 bellows,
1555 1822 115 21 Canadian
1681 1829 61 19 axes,
1754 1823 40 21 &c.

1328 1848 119 27 Weighing
1466 1848 122 27 machines,
1609 1848 83 28 trucks,
1716 1849 79 27 seives,
1816 1848 72 28 chain,

1300 1874 85 22 anchor
1393 1875 45 21 and
1447 1874 74 22 chain.

1521 1909 27 21 T.
1565 1909 32 22 M.
1614 1909 135 22 Partridge
1765 1909 44 22 and
1824 1909 39 22 Co.

1327 1942 145 27 Wellington,
1484 1942 132 27 September
1625 1943 34 26 25,
1671 1943 62 21 1841.

1289 1999 9 9 r
1320 2003 8 7 •
1407 2006 5 2 -
1444 2007 5 3 .
1466 1999 63 14 ,^
1531 2002 5 10 :
1537 1987 134 25 Toj,fi]t,_

1301 2019 50 48 A
1362 2018 90 22 WELL
1466 2018 98 22 situated
1580 2020 121 21 allotment
1717 2022 23 20 of
1753 2020 64 23 land.
1845 2022 46 22 En-

1379 2045 63 28 quire
1452 2048 23 19 at
1484 2045 38 22 the
1560 2046 95 23 Gazette
1689 2047 78 22 Office.

1376 2090 132 27 Building
1522 2091 174 21 Allotments
1711 2093 28 19 to
1755 2093 59 21 Let.

1302 2123 91 48 THE
1411 2123 202 22 ADVERTISER
1628 2124 66 21 offers
1710 2132 59 19 upon
1786 2125 107 28 Building

1376 2149 89 27 Leases,
1475 2157 15 14 a
1498 2150 97 22 number
1605 2150 27 21 of
1642 2150 70 22 Town
1721 2152 137 22 Allotments
1867 2153 24 22 in

1301 2176 37 22 the
1348 2180 59 18 most
1416 2176 108 22 desirable
1533 2180 62 24 parts
1605 2177 27 21 of
1642 2177 43 22 this
1696 2178 141 23 Settlement.

1327 2210 49 21 The
1394 2210 110 22 attention
1521 2210 27 22 of
1566 2210 38 22 the
1621 2211 75 26 public
1714 2211 18 21 is
1748 2212 145 28 particularly

1301 2236 72 22 called
1391 2239 24 19 to
1432 2236 39 22 the
1489 2237 127 27 advantage
1635 2237 26 22 of
1679 2238 107 27 Building
1802 2239 89 28 Leases,

1299 2263 75 22 which
1383 2263 37 22 the
1429 2264 154 27 undersigned
1592 2264 19 21 is
1621 2264 97 22 enabled
1726 2269 24 17 to
1759 2269 73 23 grant,
1840 2267 51 26 viz.,

1300 2290 58 22 from
1367 2297 70 15 seven
1445 2293 24 18 to
1485 2293 141 24 twenty-one
1642 2298 74 19 years,
1734 2293 120 27 according
1870 2297 22 18 to

1299 2316 40 22 the
1356 2316 67 22 value
1440 2317 27 21 of
1487 2317 39 22 the
1548 2317 115 28 buildings
1684 2319 112 27 proposed
1819 2323 22 18 to
1864 2320 29 22 be

1301 2344 97 22 erected.
1426 2344 76 27 Apply
1512 2347 24 19 to

1465 2378 22 21 J.
1502 2378 27 22 T.
1545 2378 147 27 Wicksteed,
1705 2386 24 15 or

1463 2404 36 23 W.
1515 2404 30 23 V.
1560 2405 108 27 Brewer,
1684 2406 193 23 Manners-street.

1301 2450 118 48 LAND
1439 2450 40 22 TO
1503 2450 97 22 LET.—
1600 2451 70 21 Town
1694 2458 63 15 acres
1780 2452 43 22 No.
1844 2454 46 26 IGB,

1379 2478 46 26 156,
1435 2478 49 26 423,
1500 2478 36 26 47,
1546 2479 49 25 561,
1608 2479 49 26 559,
1675 2478 45 22 and
1734 2486 68 20 many
1818 2479 74 23 others

1301 2503 25 22 in
1335 2504 38 22 the
1383 2507 59 19 most
1450 2504 109 22 desirable
1574 2505 125 21 situations.
1727 2505 57 21 Also
1797 2509 95 24 country

1301 2530 55 22 land
1362 2537 30 15 on
1401 2530 37 22 the
1448 2530 73 24 banks
1531 2531 27 21 of
1565 2531 37 22 the
1612 2531 70 22 River
1691 2531 60 22 Hutt
1760 2532 45 22 and
1814 2540 30 14 on
1853 2533 38 22 the

1302 2557 93 22 Porirua
1403 2557 62 23 road.
1494 2558 77 26 Apply
1581 2561 24 19 to

1691 2585 22 21 J.
1729 2585 36 22 W.
1781 2586 81 22 Child.

1513 2629 42 21 To
1570 2629 33 21 be
1618 2630 59 24 Let,

1303 2662 163 50 SEVERAL
1479 2662 95 23 TOWN
1585 2663 105 32 ACRES,
1700 2663 23 22 in
1733 2664 89 22 various
1831 2668 60 23 parts

1366 2690 27 21 of
1403 2690 147 27 Wellington.
1578 2690 45 22 For
1632 2690 138 28 particulars,
1786 2692 65 26 apply
1867 2695 23 18 to

1476 2724 27 21 E.
1520 2724 145 26 Catchfool,
1676 2723 107 23 Dickson-
1790 2728 73 19 street.

1511 2770 42 20 To
1568 2769 34 21 be
1616 2770 60 24 Let,

1303 2801 90 48 THE
1407 2799 59 25 town
1485 2808 52 16 acre
1553 2801 44 23 No.
1614 2803 42 21 680
1670 2809 30 15 on
1715 2801 38 23 the
1770 2802 123 29 Surveyor-

1377 2828 117 22 General's
1502 2828 63 28 plan,
1574 2828 124 28 belonging
1708 2831 22 19 to
1748 2829 38 22 the
1803 2829 88 23 Church

1301 2854 27 22 of
1338 2855 113 22 Scotland.
1469 2855 56 22 'For
1534 2859 75 24 terms,
1621 2855 67 28 apply
1698 2859 24 18 to

1491 2889 95 22 Robert
1597 2890 28 21 R.
1637 2890 101 26 Strang,
1753 2889 110 22 Solicitor.

1322 2933 87 21 Town
1423 2935 62 21 and*
1493 2935 125 26 Country
1632 2935 79 21 Land
1724 2937 29 19 to
1768 2935 34 20 be
1818 2936 57 20 Let.

1303 2957 231 58 SECTIO'NS||nd
1667 2968 27 22 of
1707 2968 100 23 Sections
1823 2968 24 22 in
1861 2968 32 23 all

1372 2998 60 23 parts
1449 2991 169 27 of\the&,Towji
1637 2994 27 23 of
1679 2994 146 28 Wellington,
1844 2995 48 22 also

1302 3020 100 33 Country
1412 3017 140 28 Sectionßfin
1562 3021 38 22 the
1617 3021 97 22 districts
1730 3022 27 21 of
1769 3022 41 27 the.
1824 3022 65 27 Hutt,

1302 3046 37 22 the
1353 3047 85 27 Kaiori,
1449 3048 38 21 the
1497 3047 78 28 Ohiro,
1588 3048 46 22 and
1646 3048 38 22 the
1699 3048 99 22 Porirua.
1826 3048 67 27 Long

1301 3073 71 22 leases
1382 3074 27 21 of
1415 3074 36 23 the
1468 3078 98 24 country
1574 3075 55 22 land
1644 3074 47 23 will
1706 3075 28 21 be
1748 3075 96 27 granted
1861 3082 30 15 on

1301 3101 130 22 reasonable
1442 3105 75 18 terms.
1547 3101 45 22 For
1600 3101 132 29 particulars
1742 3102 66 28 apply
1819 3104 23 19 to

1493 3135 100 22 Hanson
1605 3135 46 22 and
1665 3135 117 27 Alzdori*,

1527 3168 124 23 Thorndon
1661 3170 73 26 Quay,
1745 3168 146 28 Wellington.

1301 3212 122 28 Country
1437 3213 127 22 Sections
1583 3213 44 21 for
1645 3213 62 21 Sale
1727 3219 38 15 on
1783 3213 111 24 Liberal.

1548 3241 102 20 Terms.

1303 3272 164 49 SEVERAL
1501 3273 104 22 Sections
1633 3274 26 21 of
1691 3274 101 26 Country
1819 3273 71 27 Land,

1366 3299 92 28 already
1467 3300 85 22 chosen
1560 3300 25 22 in
1595 3300 38 22 the
1647 3300 94 23 Porirua
1755 3300 92 27 district,
1858 3300 35 22 for

1301 3326 59 27 Sale,
1370 3333 74 16 terms
1454 3334 108 15 liberal.
1591 3327 77 28 Apply
1678 3330 25 19 to

1396 3360 25 22 F.
1437 3360 29 22 A.
1479 3361 175 27 Molesworth,
1672 3360 185 28 Murphy-street,
1868 3368 25 14 or

1395 3387 36 21 W.
1446 3387 28 22 V.
1491 3388 108 26 Brewer,
1611 3387 195 22 Manners-street.

1301 3431 118 49 LAND
1433 3432 63 22 IOR
1510 3432 118 22 SALE.—
1628 3432 48 22 The
1689 3432 71 22 Town
1770 3432 67 26 Acre,
1852 3433 42 20 884

1378 3466 29 15 on
1418 3459 37 22 the
1465 3458 243 28 Surveyor-General's
1717 3459 52 27 plan
1779 3466 6 19 ;
1800 3457 46 23 and
1854 3457 39 23 the

1301 3485 101 28 Country
1412 3485 76 22 Lands
1502 3485 25 22 in
1543 3485 37 22 the
1597 3485 61 28 right
1673 3485 27 22 of
1713 3485 77 22 choice
1803 3485 27 22 of
1840 3484 54 22 land

1301 3511 77 23 orders
1396 3512 55 22 Nos.
1466 3512 49 27 687,
1533 3512 48 27 726,
1602 3513 61 25 1084,
1684 3511 28 22 of
1726 3511 38 22 the
1783 3511 48 22 first
1848 3511 46 22 and

1302 3538 110 28 principal
1421 3538 136 23 settlement.
1586 3539 46 21 For
1641 3541 71 19 terms
1721 3537 68 29 apply
1798 3541 23 18 to

1555 3572 29 22 R.
1599 3572 29 22 R.
1644 3572 100 27 Strang,
1756 3570 109 23 Solicitor.

1327 3605 144 28 Wellington,
1482 3605 134 28 Augusts,
1628 3607 60 20 1841.

1449 3657 40 20 To
1503 3657 35 21 be
1555 3657 66 20 Sold
1637 3662 29 15 or
1681 3657 59 23 Let,

1303 3689 163 50 SEVERAL
1484 3689 72 22 Town
1572 3689 46 22 and
1634 3690 101 26 Country
1753 3688 101 22 Sections
1869 3688 28 21 of

1366 3716 72 22 Land.
1466 3716 79 28 Apply
1555 3718 22 19 to

1620 3742 95 21 Robert
1726 3741 27 22 R.
1765 3741 99 21 Strang.

1442 3786 158 26 Wanganui
1616 3785 133 22 Sections.

1304 3819 173 48 WANTED
1487 3819 42 21 TO
1539 3818 173 26 PURCHASE,
1720 3824 14 15 a
1740 3817 43 22 few
1788 3817 103 27 sections,

1397 3852 29 15 on
1436 3845 132 22 reasonable
1578 3848 75 23 terms,
1665 3845 34 21 for
1709 3844 68 27 ready
1788 3851 88 20 money.

1329 3878 75 28 Apply
1414 3879 28 26 by
1452 3878 67 22 letter
1529 3882 23 17 to
1564 3878 24 21 B.
1599 3878 33 27 C,
1643 3880 23 19 at
1675 3877 38 22 the
1729 3877 64 22 office
1810 3878 26 21 of
1853 3876 38 23 the

1300 3906 95 27 pazette,
1407 3906 64 21 when
1481 3912 14 14 a
1510 3904 104 28 personal
1630 3904 156 27 appointment
1802 3904 45 21 will
1864 3904 27 21 be

1300 3932 75 24 [made.

166 632 70 21 New
249 632 123 22 Zealand
388 632 151 28 Company.

56 664 93 29 fpHE
165 664 104 23 COURT
283 665 40 22 OF
343 665 176 23 DIRECTORS
530 666 41 23 OF
583 666 66 23 THE

62 683 30 30 JL
130 690 75 23 NEW
222 690 153 24 ZEALAND
390 691 156 24 COMPANY
562 693 87 28 hereby

53 718 53 28 give
115 718 83 27 notice,
208 717 50 23 that
268 718 55 27 they
331 719 59 22 have
398 719 107 22 reserved
514 720 35 21 for
562 720 48 22 sale
624 723 24 20 to

54 752 92 21 persons
155 745 100 22 resident
262 745 26 22 in
297 745 58 22 New
371 746 104 23 Zealand
491 753 25 16 or
530 747 40 22 the
587 748 62 22 Aus-

54 771 107 22 tralasian
171 771 112 29 Colonies*
294 774 45 20 two
344 772 139 23 hundredof
489 773 37 22 the
532 773 116 24 thousand

54 798 128 22 allotments
196 799 133 22 mentioned
344 799 25 22 in
383 799 40 22 the
438 800 91 28 printed

54 825 34 22 for
111 824 113 23 Purchase
243 826 28 21 of
410 827 26 21 in
454 827 39 22 the
510 827 137 28 Company's

54 851 84 23 second
148 851 137 28 settlement,
297 853 96 27 hearing
403 853 53 23 date
471 853 57 23 New
544 854 104 23 Zealand

54 879 85 26 House,
155 878 54 22 15th
224 879 117 28 February
355 881 62 26 1841,
433 880 75 28 copies
526 880 28 23 of
572 880 75 23 which

54 912 54 21 may.
122 905 29 22 be
171 905 107 22 obtained
300 910 25 19 at
342 907 39 23 the
400 907 247 27 Surveyor-General's

54 931 71 28 office,
135 931 150 28 Wellington.

79 957 74 23 These
161 959 44 22 200
212 958 141 23 allottments
360 959 61 23 have
436 960 59 23 been
513 961 93 22 entered
621 961 25 23 in

53 984 38 23 the
99 984 97 29 registry
205 985 26 22 of
242 985 149 32 applications
400 987 74 22 under
482 987 39 22 the
536 988 110 23 numbers

52 1013 40 21 401
103 1014 24 19 to
142 1013 41 21 600
202 1011 56 23 both
271 1013 117 28 inclusive,
408 1014 47 21 and
473 1013 39 22 the
529 1014 73 28 rights
622 1016 27 21 of

52 1038 78 23 choice
135 1038 26 22 in
169 1041 87 26 respect
266 1039 26 21 of
305 1039 39 22 the
362 1039 49 22 said
428 1041 108 21 numbers
551 1041 47 22 will
616 1041 29 22 be

52 1064 141 23 determined
201 1065 30 28 by
239 1065 35 22 lot
283 1065 25 22 in
320 1066 108 27 England
436 1074 26 15 as
471 1067 24 22 in
506 1067 38 22 the
553 1075 52 15 case
621 1068 28 22 of

53 1091 30 23 all
91 1091 39 23 the
139 1091 66 23 other
213 1091 138 24 allotments.

87 1118 127 27 Intending
235 1118 134 29 purchasers
387 1120 27 21 of
431 1119 64 23 these
515 1120 130 23 allotments

52 1148 61 20 must
121 1145 89 26 deposit
217 1145 38 23 the
266 1145 73 23 whole
353 1146 205 28 purchase-money
574 1148 72 26 (£3OO

51 1173 35 21 for
95 1171 65 27 each)
170 1172 49 22 into
228 1179 47 21 any
285 1173 27 21 of
323 1173 38 22 the
370 1173 61 22 local
439 1174 113 22 branches
569 1174 26 23 of
605 1174 40 23 the

52 1198 76 23 Union
137 1199 68 21 Bank
214 1199 27 22 of
257 1199 129 28 Australia;
403 1200 47 23 and
467 1208 30 14 on
513 1202 133 27 presenting

52 1233 26 15 or
86 1225 153 26 transmitting
248 1228 24 20 to
286 1225 39 23 the
341 1226 137 29 Company's
492 1228 78 27 acting
584 1228 63 28 prin-

52 1252 57 28 cipal
118 1255 70 24 agent
195 1253 25 21 in
229 1253 59 21 jNew
297 1253 108 28 Zealand,
416 1256 25 19 at
449 1255 55 21 Port
513 1253 132 29 Nicholson,

54 1286 29 15 an
92 1279 196 28 acknowlegment
293 1280 27 21 of
327 1279 38 23 the
372 1281 86 27 receipt
463 1281 26 22 of
494 1281 57 22 such
558 1281 89 29 deposit

52 1306 31 27 by
91 1305 39 23 the
139 1306 73 27 Bank,
229 1305 40 23 the
283 1306 120 29 depositor,
419 1315 26 14 or
459 1308 35 21 his
508 1312 76 23 agent,
600 1308 47 23 will

52 1332 87 23 receive
149 1333 60 22 from
218 1332 38 23 the
262 1333 137 28 Company's
405 1335 50 22 said
462 1335 110 27 principal
579 1338 68 24 agent

53 1366 14 15 a
84 1359 90 22 written
193 1359 138 23 declaration
350 1361 26 21 of
394 1361 39 22 the
449 1361 97 22 number
561 1362 26 21 in
606 1362 40 22 the

53 1385 95 28 registry
158 1386 28 22 of
195 1386 148 28 applications
352 1388 105 22 awarded
466 1392 23 18 to
504 1388 57 23 such
577 1388 70 29 depo-

53 1413 60 26 sitor,
123 1412 55 23 with
188 1420 29 14 an
224 1413 153 28 undertaking
384 1417 23 19 to
413 1415 86 22 deliver
504 1415 38 22 the
548 1416 99 22 sections

54 1439 73 23 which
135 1439 56 22 such
200 1439 114 28 depositor
323 1448 26 14 or
357 1441 35 22 his
402 1445 69 23 agent
479 1449 53 20 may
541 1442 71 22 select
621 1443 25 22 in

52 1468 88 24 respect
149 1466 27 22 of
188 1465 38 23 the
234 1466 62 27 right
305 1467 28 22 of
343 1467 78 22 choice
430 1468 81 28 falling
525 1468 31 28 by
572 1468 33 23 lot
623 1472 24 19 to

54 1489 54 26 such
117 1493 97 22 number
222 1493 25 21 in
255 1493 40 22 the
304 1494 103 27 registry.

80 1519 48 22 The
137 1519 106 23 numbers
252 1519 25 23 in
287 1520 38 22 the
334 1521 97 27 registry
444 1521 45 22 will
499 1521 28 22 be
540 1522 107 23 awarded

53 1545 86 28 strictly
148 1546 25 22 in
181 1546 40 22 the
231 1546 67 22 order
307 1547 27 22 of
344 1547 38 22 the
391 1549 154 26 presentation
556 1549 28 21 of
590 1549 57 22 such

54 1572 85 28 deposit
146 1573 97 28 receipts
252 1576 24 19 to
287 1573 38 23 the
335 1574 137 28 Company's
480 1575 49 22 said
535 1575 112 28 principal

54 1602 74 24 agent.

81 1625 28 23 In
119 1633 51 15 case
179 1625 99 28 deposits
287 1627 82 22 shonld
377 1628 30 21 be
415 1628 68 22 made
492 1628 35 22 for
536 1635 14 14 a
558 1631 89 24 greater

54 1653 96 21 number
158 1653 28 22 of
200 1653 130 23 allotments
343 1654 55 22 than
415 1655 39 22 the
469 1656 43 21 200
526 1655 82 27 placed
624 1658 24 19 at

54 1679 38 22 the
101 1679 98 28 disposal
214 1680 28 22 of
258 1680 39 22 the
314 1681 136 28 Company's
467 1684 69 25 agent
548 1682 26 21 in
589 1682 57 22 New

53 1705 108 28 Zealand,
178 1706 39 22 the
227 1706 88 29 deposit
325 1708 96 28 receipts
430 1709 25 21 in
464 1711 89 25 respect
562 1709 27 21 of
599 1716 47 20 any

54 1733 55 22 such
118 1736 64 19 extra
191 1733 131 23 allotments
330 1735 45 21 will
386 1738 42 19 not
436 1735 28 22 be
474 1735 115 28 accepted,
599 1736 47 21 and

54 1759 37 23 the
100 1759 74 23 whole
182 1763 96 19 amount
287 1761 27 21 of
324 1761 38 22 the
369 1761 89 28 deposit
467 1761 45 23 will
518 1763 30 21 be
556 1765 91 20 return-

54 1786 27 22 ed
90 1789 24 19 to
124 1786 39 22 the
173 1786 120 29 depositor,
308 1787 54 22 with
370 1788 96 23 interest
475 1792 23 19 at
505 1788 39 23 the
555 1792 92 19 current

53 1816 48 18 rate
120 1813 27 22 of
165 1813 96 23 interest
278 1821 31 15 on
327 1815 99 28 deposits
443 1815 96 22 allowed
556 1816 32 28 by
607 1815 39 23 the

54 1839 76 23 Union
139 1840 67 22 Bank
214 1841 28 21 of
252 1841 123 22 Australia.

81 1867 37 21 No
128 1866 87 28 deposit
224 1868 97 27 receipts
331 1868 44 22 will
384 1868 28 22 be
422 1868 107 28 accepted
538 1869 60 22 after
607 1869 39 22 the

54 1893 136 28 Company's
212 1894 111 27 principal
341 1898 69 24 agent
427 1895 24 22 in
470 1896 57 21 New
545 1896 102 21 Zealand

54 1919 56 23 shall
120 1920 57 22 have
186 1920 95 22 learned
290 1921 49 22 that
348 1917 38 26 the
396 1922 103 27 drawing
514 1922 27 21 of
551 1923 44 21 lots
612 1923 35 23 for

53 1947 93 28 priority
155 1947 27 22 of
192 1947 86 28 choice,
288 1948 41 22 has
339 1948 68 22 taken
419 1949 66 27 place
497 1949 24 22 in
532 1949 114 27 England.

81 1973 22 22 It
111 1973 20 22 is
148 1975 117 26 expressly
283 1975 127 33 stipulated,
431 1975 50 22 that
499 1975 29 22 all
547 1976 100 27 deposits

53 2000 46 22 and
106 2000 148 30 applications
260 2000 60 23 shall
328 2002 28 20 be
365 2002 73 21 made,
449 2002 87 25 subject
551 2005 24 18 to
590 2002 57 21 such

52 2025 138 28 regulations
200 2033 23 15 as
232 2026 59 22 have
300 2027 65 28 been,
380 2034 27 15 or
419 2035 54 20 may
486 2028 113 22 hereafter
609 2028 36 26 be,

54 2051 66 23 made
128 2052 31 36 by
169 2052 39 22 the
228 2053 125 32 Company,
372 2054 37 22 for
427 2054 38 22 the
485 2055 98 26 disposal
600 2057 47 20 and

54 2079 54 22 final
117 2079 99 28 delivery
224 2080 26 22 of
254 2080 148 29 preliminary
410 2079 68 24 lands
482 2081 25 22 in
515 2081 38 22 the
562 2081 84 23 second

53 2105 134 24 settlement.

161 2140 35 28 By
206 2140 66 23 order
280 2140 29 23 of
319 2140 39 23 the
367 2142 76 26 Court,

299 2175 27 22 F.
341 2175 93 22 Dillon
449 2175 69 28 Bell,

385 2210 119 28 Secretary
513 2217 41 21 pro
563 2213 56 19 tern.

54 2234 55 22 New
123 2234 99 23 Zealand
233 2235 88 28 House,

108 2261 103 28 London,
221 2262 62 22 22nd
292 2262 73 28 April,
376 2264 63 21 1841.

286 2308 245 27 Surveyor-General's
539 2309 79 27 Office,

355 2335 92 27 August
456 2337 34 24 26,
502 2337 61 20 1841.

54 2366 145 49 NOTICE
216 2367 29 22 IS
265 2367 128 23 HEREBY
414 2368 108 28 GIVEN,
542 2368 51 23 that
616 2376 31 15 no

119 2393 54 23 land
183 2394 45 22 will
235 2394 30 22 be
275 2395 85 22 offered
368 2402 30 16 on
415 2395 40 22 the
471 2395 48 23 first
527 2396 120 28 Thursday

54 2420 23 21 in
87 2420 104 28 October,
203 2420 35 23 for
247 2421 116 23 selection.

261 2448 36 23 W.
309 2449 32 22 M.
353 2449 83 27 Smith,
448 2449 63 28 Capt,
521 2449 69 28 R.A.,

386 2476 232 28 Surveyor-General.

175 2519 137 22 Southern
326 2521 83 21 Cross
429 2521 91 22 Hotel.

55 2551 96 48 FJ.
167 2552 127 23 FRANCE
307 2553 55 27 begs
371 2556 24 19 to
405 2554 108 27 acquaint
521 2554 39 23 the
570 2554 77 26 public

101 2589 11 10 •
142 2579 47 22 and
205 2580 89 22 visitors
309 2583 24 19 to
348 2580 55 22 Port
419 2581 125 22 Nicholson
558 2581 52 22 that
617 2581 30 22 he

53 2603 39 23 has
101 2612 51 15 now
162 2606 88 27 opened
257 2606 37 23 bis
306 2607 108 26 premises
424 2615 25 15 as
459 2615 30 15 an
501 2608 62 22 hotel
571 2616 6 19 ;
593 2608 53 27 and,

54 2630 82 28 having
143 2632 112 28 imported
265 2634 31 22 all
306 2634 35 22 his
354 2641 50 15 own
419 2635 77 27 wines,
507 2636 82 26 spirits,
600 2634 47 23 and

54 2658 55 22 malt
125 2658 90 29 liquors,
233 2660 30 22 he
278 2667 44 16 can
341 2661 140 29 confidently
500 2662 147 24 recommend

54 2684 60 23 them
124 2693 24 14 as
156 2686 68 28 being
233 2686 39 23 the
278 2687 52 23 best
338 2687 24 22 in
372 2687 39 23 the
422 2688 93 28 Colony.
544 2689 103 22 Dinners

54 2714 37 24 got
99 2719 31 20 up
139 2719 31 15 on
179 2712 38 23 the
228 2714 98 23 shortest
334 2715 83 22 notice.
435 2726 3 4 •

230 2759 132 21 Barrett's
377 2760 93 22 Hotel.

54 2789 106 53 JOHN
186 2791 107 23 WATTS
316 2792 55 28 begs
389 2796 25 19 to
432 2793 104 23 intimate
559 2797 25 19 to
607 2794 39 23 the

115 2820 82 25 gentry
206 2819 45 22 and
259 2819 141 22 inhabitants
409 2820 27 22 of
441 2820 148 28 Wellington,
596 2821 52 22 that

115 2851 25 14 m
159 2845 136 27 succeeding
314 2846 45 21 Mr.
379 2846 69 23 Hunt
467 2847 25 22 in
511 2849 38 20 the
574 2848 72 21 above

54 2870 173 29 establishment,
245 2872 28 21 he
290 2874 68 20 trusts
372 2872 30 22 he
421 2872 47 23 will
483 2873 52 27 give
553 2874 94 27 general

54 2897 144 28 satisfaction,
208 2898 46 22 and
262 2899 68 21 merit
338 2899 77 27 public
424 2900 158 28 approbation,
592 2900 32 28 by
632 2908 15 15 a

54 2924 81 22 careful
145 2925 46 21 and
205 2925 114 27 judicious
329 2925 107 22 selection
446 2926 28 22 of
476 2926 82 25 .choice
567 2927 78 27 wines,

54 2950 84 28 spirits,-
142 2951 43 22 &c.

79 2977 57 22 N.B.
137 2988 30 5 —
167 2977 59 23 Well
242 2977 64 23 aired
320 2978 64 23 beds.
412 2979 40 22 An
462 2979 106 27 ordinary
585 2979 62 27 daily

54 3006 22 19 at
83 3005 14 20 2
106 3011 48 16 p.m.

79 3030 144 29 Wellington,
234 3031 133 28 September
376 3033 34 26 16,
422 3033 63 22 1841.

254 3074 40 25 £5
308 3077 129 22 Reward.

55 3108 88 50 THE
159 3109 154 29 undersigned
322 3111 46 22 will
375 3118 47 21 pay
432 3111 39 22 the
480 3112 72 22 above
562 3120 50 15 sum
623 3116 23 19 to

125 3142 46 23 any
177 3144 82 21 person
269 3137 52 23 who
326 3138 45 22 will
380 3139 53 26 give
442 3138 47 23 him
498 3139 148 23 information

55 3161 46 23 that
108 3170 53 22 may
170 3164 52 23 lead
231 3168 23 19 to
264 3165 40 22 the
314 3165 129 22 conviction
453 3166 28 21 of
491 3165 38 23 the
544 3169 68 25 party
620 3174 27 15 or

54 3193 79 22 parties
144 3191 55 22 .who
214 3191 59 22 have
290 3192 59 22 been
366 3192 72 28 lately
446 3192 27 23 in
488 3193 39 22 the
540 3196 107 20 constant

54 3217 94 25 practice
157 3218 27 22 of
189 3218 98 27 stealing
295 3218 35 23 his
339 3219 72 22 fowls.

166 3243 2 7 '
269 3245 112 23 William
395 3246 106 28 Taylor,
515 3246 102 23 Builder.

79 3269 143 30 Wellington,
233 3272 133 28 September
374 3274 35 26 23,
421 3274 62 21 1841.

243 3313 59 26 £20
316 3317 129 22 Reward.

55 3345 87 25 'T^HE
152 3349 152 29 undersigned
313 3350 45 24 will
366 3350 52 29 give
429 3351 39 23 the
479 3351 70 23 above
558 3351 87 23 reward

61 3373 29 21 J-
125 3378 24 19 to
158 3383 46 21 any
214 3384 83 16 nerson
313 3385 26 15 or
353 3385 95 20 persons
464 3378 51 22 who
530 3379 47 22 will
592 3379 53 28 give

55 3401 51 21 such
114 3402 144 24 information
269 3412 25 15 as
303 3404 46 23 will
355 3405 54 22 lead
422 3408 24 19 to
461 3405 39 22 the
515 3405 129 22 conviction

54 3427 36 30 ?£..
89 3434 29 15 an
118 3436 16 19 y
141 3436 81 21 person
232 3438 25 16 or
266 3439 94 20 persons
368 3432 138 28 feloniously
513 3432 79 28 taking
598 3433 46 22 and

55 3454 76 27 wiling
139 3462 46 23 any
193 3457 38 28 pig
241 3466 26 14 or
275 3459 51 28 pigs
335 3459 103 22 branded
448 3459 22 22 G
479 3459 30 22 D.

253 3483 4 4 '
415 3486 98 22 George
524 3486 92 22 Duffa.

225 3528 86 28 Dairy
330 3530 133 21 Utensils.

54 3555 179 50 WANTED,
249 3562 90 23 articles
353 3563 27 22 of
386 3563 40 23 the
440 3563 63 23 kind.
532 3564 79 29 Apply
619 3567 25 20 at

80 3610 13 8 „
146 3586 39 23 the

80 3610 128 29 September
215 3616 35 26 25,
262 3617 64 20 1841.

54 3652 179 50 WANTED,
251 3666 16 15 a
282 3659 61 28 good
356 3660 62 27 plain
435 3661 65 22 cook.
530 3662 76 30 Apply
621 3666 24 19 at

145 3683 38 23 the
192 3685 117 23 residence
319 3687 27 21 of
352 3686 95 28 Captain
457 3687 35 22 W.
504 3689 33 21 M.
547 3689 81 22 Smith.

54 3723 149 50 NOTICE.
205 3740 27 6 —
233 3730 87 23 Parties
335 3734 23 18 to
374 3731 76 22 whom
466 3732 102 23 muskets
584 3741 59 15 were

94 3778 6 5 .
130 3756 75 22 issued
210 3757 59 22 from
277 3757 38 22 the
325 3760 70 20 stores
403 3758 27 21 of
437 3758 39 22 the
482 3759 160 29 undersigned,

54 3779 78 28 during
139 3781 38 23 the
186 3787 79 18 recent
273 3784 137 23 commotion
421 3784 62 28 here,
494 3793 38 14 are
542 3790 101 24 request-

54 3806 27 20 ed
88 3808 22 19 to
119 3811 76 20 return
206 3810 37 22 the
252 3818 64 15 same
325 3819 23 14 as
358 3811 63 27 early
431 3819 25 14 as
466 3812 104 26 possible.

55 3859 5 2 .
411 3837 90 23 Willis
516 3838 46 23 and
577 3839 38 22 Co.

53 3873 89 47 JUST
167 3879 196 24 RECEIVED.—
364 3882 107 22 Nautical
494 3882 147 28 Almanacks,

114 3904 60 23 1842.

78 3928 87 31 Sydney
176 3933 67 23 Sheet
253 3935 126 22 Almancks
389 3935 36 22 for
435 3935 61 23 1841.

2018 646 92 22 Union
2125 649 81 20 Bank
2220 649 29 21 of
2266 651 148 21 Australia.

1923 677 96 23 London
2036 680 93 27 Office,
2146 681 44 22 No.
2204 684 38 25 33,
2259 683 51 22 Old
2326 684 184 24 Broad-street,

1976 712 95 28 Capital,
2080 713 124 28 £800,000;
2225 715 52 28 paid
2286 724 36 20 op,
2337 718 118 27 £500,000.

2158 752 109 14 DIRECTORS
2273 754 4 12 :

2028 773 69 20 George
2104 774 39 16 Fife
2150 775 67 20 Angas,
2226 776 48 21 Esq.,

2027 793 70 18 Robert
2103 795 75 19 Brooks,
2188 796 49 20 Esq.,

2026 814 64 16 James
2097 815 49 17 John
2153 816 99 20 Cummins,
2261 818 49 19 Esq.,

2027 835 69 16 Robert
2103 835 97 21 Gardener,
2211 837 49 21 Esq.,
2272 838 121 21 Manchester,

2027 855 48 16 John
2084 856 46 16 Gore
2147 857 48 20 Esq.,

2026 875 49 17 John
2083 876 80 17 William
2171 877 75 19 Buckle,
2251 879 49 21 Esq.,

2026 896 98 20 Benjamin
2131 898 21 16 E.
2159 898 64 20 Llndo,
2231 899 48 20 Esq.,

2027 917 74 17 Charles
2109 918 76 16 Edward
2193 919 87 21 Mangles,
2289 920 47 21 Esq.,

2023 937 120 21 Christopher
2150 939 85 20 Rawson,
2244 940 47 20 Esq.,
2303 941 80 21 Halifax,

2026 958 79 17 Thomas
2113 959 65 20 Sands,
2185 960 50 21 Esq.,
2242 960 99 22 Liverpool,

2026 978 63 17 James
2096 980 56 20 Bogle
2160 981 64 19 Smith,
2230 981 49 20 Esq.,

2026 999 63 17 James
2096 1000 80 17 Ruddell
2182 1002 57 19 Todd,
2247 1002 43 21 Esq.

1922 1025 84 17 Trustees
2011 1031 5 11 :
2032 1027 82 17 George
2126 1028 56 16 Carr
2193 1028 61 20 Glyx,
2267 1030 49 20 Esq.,
2326 1030 52 17 Johk
2390 1031 60 20 Gore,
2459 1032 49 21 Esq,,

2069 1048 36 17 and
2112 1049 67 17 James
2185 1049 18 16 J.
2210 1049 101 21 Cummins,
2320 1051 42 21 Esq.

1949 1072 81 19 Bankers
2035 1079 5 11 :
2052 1074 75 18 Messrs.
2135 1076 61 20 Glyn,
2208 1076 114 21 Hallifax,
2329 1078 71 20 Mitts,
2407 1079 36 16 and
2451 1079 31 17 Co.

2041 1102 102 22 Secretary:
2155 1104 84 17 Samuel
2246 1105 92 20 Jackson,
2347 1106 41 20 Esq.

2012 1129 81 18 Colonial
2100 1130 103 21 Inspector:
2214 1131 19 17 J.
2240 1132 18 16 C.
2265 1132 103 20 M'Larkn,
2376 1133 42 21 Esq.

2043 1177 69 21 New
2130 1178 123 21 Zealand
2272 1180 115 21 Branch.

1920 1208 54 17 Local
1981 1209 103 18 Directors:
2100 1211 46 16 Gbo.
2158 1211 18 17 S.
2187 1212 73 19 Evans,
2273 1213 48 21 Esq.,
2333 1213 68 21 D.C.L.,
2414 1215 36 17 and
2461 1216 47 16 6xo.

2143 1232 92 21 Hunter,
2247 1234 43 20 Esq.

1921 1256 97 22 Manager:
2028 1258 49 17 John
2086 1258 72 20 Smith,
2166 1260 49 20 Esq.,
2224 1260 35 17 late
2267 1261 20 16 of
2295 1261 31 16 the
2333 1261 116 18 Commercial
2456 1263 53 17 Bank

2091 1279 19 16 of
2119 1280 89 20 England,
2221 1281 120 17 Manchester.

2031 1306 115 23 Branches
2157 1311 23 18 at
2195 1308 98 28 Sydney,

2195 1335 172 29 HobartTown,

2197 1361 10 22 1
2214 1366 131 24 Aunceston,
2356 1364 45 21 and

2196 1388 11 21 I
2215 1392 35 18 ort
2259 1388 80 29 Philip.

1922 1412 54 22 Port
1983 1412 132 29 Nicholson,
2127 1414 81 22 March
2218 1416 33 26 24,
2263 1417 61 21 1840.

1923 1465 91 36 rpHE
2030 1466 116 23 Directors
2162 1468 26 21 of
2203 1468 41 22 the
2259 1468 57 23 New
2330 1470 100 23 Zealand
2444 1472 64 22 Land

1929 1491 30 23 JL
1997 1493 116 28 Company
2127 1494 84 28 hereby
2228 1495 51 27 give
2295 1496 80 28 notice,
2393 1498 48 21 that
2455 1498 55 28 they

1921 1519 57 22 have
1985 1527 115 15 effected
2108 1528 32 14 an
2150 1528 171 16 arrangement
2328 1523 53 22 with
2388 1524 36 23 the
2433 1525 76 23 Union

1921 1545 65 22 Bank
2000 1547 27 21 of
2042 1547 121 27 Australia,
2180 1548 45 21 No.
2241 1550 34 26 38,
2290 1549 43 22 Old
2350 1550 158 28 Broad-street,

1922 1572 101 28 London,
2034 1573 36 22 for
2078 1573 38 22 the
2129 1573 169 24 establishment
2311 1576 25 22 of
2349 1584 14 14 a
2378 1578 131 23 BRANCH

1921 1599 90 22 BANK
2025 1600 35 22 IN
2074 1601 73 21 NEW
2160 1601 159 29 ZEALAND,
2331 1603 96 28 through
2436 1605 74 22 which

1921 1625 38 22 the
1968 1626 103 22 business
2083 1627 26 21 of
2122 1627 38 22 the
2177 1628 58 22 New
2249 1629 101 22 Zealand
2362 1630 65 23 Land
2443 1632 67 22 Com-

1921 1660 60 19 pany
1990 1653 45 22 will
2044 1653 28 21 be
2082 1655 134 21 transacted.
2245 1655 48 22 The
2307 1656 113 23 Directors
2435 1658 75 22 there-

1921 1679 47 21 fore
1977 1680 146 22 recommend
2131 1684 24 19 to
2172 1681 111 22 Colonists
2298 1682 37 23 the
2354 1684 73 21 Union
2444 1684 65 23 Bank

1922 1705 26 22 of
1966 1706 114 22 Australia
2097 1714 25 14 as
2140 1715 29 14 an
2194 1709 170 22 establishment
2384 1712 128 28 possessing

1921 1732 57 22 their
1994 1733 71 22 entire
2088 1734 138 28 confidence,
2246 1736 45 21 and
2310 1736 49 22 able
2378 1740 21 19 to
2417 1738 95 30 provide

1921 1759 126 28 effectually
2063 1760 35 22 for
2112 1760 39 23 the
2165 1761 107 22 financial
2286 1766 70 19 wants
2373 1764 25 21 of
2408 1764 38 22 the
2461 1765 51 22 first

1921 1785 135 23 settlement.

2089 1813 35 28 By
2134 1814 66 22 order
2209 1815 28 21 of
2246 1815 38 22 the
2293 1816 80 28 Board,

2167 1848 86 22 JOHN
2267 1849 103 28 WARD,
2386 1851 125 29 Secretary,

1922 1880 54 22 New
1987 1880 101 22 Zealand
2098 1881 64 22 Land
2173 1883 135 27 Company's
2317 1884 77 26 Office,

1950 1909 18 21 1,
1980 1907 160 28 Adam-street,
2152 1909 104 27 Adelphi,
2267 1910 53 22 2?th
2328 1911 68 27 Aug.,
2406 1913 62 21 1839.

1930 1951 114 22 TAMES
2056 1951 126 22 BURTON
2197 1953 67 22 AND
2275 1954 82 28 SONS,
2368 1955 144 28 Millwrights-

1922 1976 27 22 O
1972 1977 46 22 and
2034 1978 132 27 Engineers,
2178 1979 26 22 of
2214 1980 82 22 John's
2310 1981 71 28 Place,
2399 1982 113 23 Holland-

1922 2007 73 22 street,
2006 2004 149 28 Southwark^
2159 2005 112 27 London,.
2272 2007 44 27 beg
2323 2008 63 21 leave
2395 2011 24 18 to
2427 2009 83 23 inform

1922 2029 121 27 capitalists
2053 2030 45 21 and
2107 2030 38 23 the
2154 2031 89 22 settlers
2250 2032 24 22 in
2291 2034 96 27 general,
2399 2034 47 23 that
2457 2035 54 28 they

1922 2063 42 14 can
1977 2057 29 20 be
2021 2057 103 27 supplied
2140 2065 30 14 on
2185 2058 115 23 moderate
2316 2063 67 19 terms
2397 2062 45 21 and
2458 2065 23 19 at
2498 2070 13 15 a

1922 2083 68 20 short,
1997 2083 83 27 notice,
2091 2084 54 21 with
2154 2087 71 20 steam
2236 2086 91 26 engines
2337 2087 27 22 of
2374 2095 44 20 any
2428 2096 82 20 power,

1922 2109 66 22 horse
1997 2110 46 21 and
2052 2114 69 17 water
2131 2110 87 28 wheels,
2229 2112 60 21 wind
2296 2113 65 27 mills,
2373 2121 42 15 saw
2425 2116 46 21 and
2480 2116 32 22 oil

1924 2136 65 26 mills,
2005 2136 46 21 and
2068 2144 67 20 every
2150 2137 56 22 kind
2223 2138 26 21 of
2258 2139 49 22 mill
2321 2140 45 22 and
2380 2142 131 28 machinery

1922 2160 94 24 suitable
2026 2167 23 17 to
2060 2170 13 15 a
2086 2171 48 14 new
2150 2164 129 23 settlement
2286 2173 5 14 :
2308 2166 69 23 either
2393 2169 116 27 complete,

1924 2197 25 13 or
1957 2189 38 22 the
2004 2190 50 21 iron
2065 2190 45 21 and
2124 2190 63 23 brass
2202 2192 69 25 work,
2282 2193 39 21 &c.
2337 2194 60 27 only,
2407 2196 70 27 ready
2487 2199 23 19 to

1924 2216 30 21 fix
1969 2220 23 17 to
2008 2216 39 21 the
2060 2217 71 27 wood,
2145 2218 54 21 with
2211 2219 101 27 working
2325 2220 115 28 drawings,
2458 2225 22 19 to
2497 2230 14 14 a

1923 2243 65 26 scale,
2000 2243 117 28 complete,
2129 2244 45 21 and
2186 2252 68 20 every
2263 2246 67 23 detail
2347 2247 45 22 and
2401 2248 109 23 direction

1922 2269 66 27 given
2000 2272 22 19 to
2033 2271 79 20 enable
2129 2271 38 21 the
2176 2274 121 24 purchaser
2312 2276 21 19 to
2348 2274 58 22 avail
2421 2274 96 24 himself

1924 2296 26 21 of
1961 2296 37 21 the
2007 2296 81 23 labour
2097 2300 22 18 to
2129 2298 28 21 be
2167 2298 72 22 found
2254 2306 30 15 on
2300 2299 36 23 the
2347 2304 54 24 spot,
2412 2301 55 22 both
2476 2302 36 22 for

1924 2323 91 26 making
2030 2323 38 22 the
2084 2330 119 19 necessary
2216 2325 105 29 framing,
2331 2327 45 22 and
2390 2328 35 21 for
2439 2328 72 28 fixing

1924 2349 37 21 the
1971 2349 137 28 machinery.
2138 2351 42 22 We
2189 2351 45 27 beg
2246 2352 46 22 also
2308 2356 22 19 to
2344 2354 43 21 call
2401 2356 109 22 attention

1924 2378 24 19 to
1956 2383 14 14 a
1978 2380 80 23 patent
2066 2377 101 27 portable
2178 2378 52 22 crab
2241 2379 26 21 of
2279 2386 40 15 our
2327 2387 49 15 own
2385 2381 125 29 invention,

1924 2403 65 21 made
1999 2406 22 18 to
2031 2403 76 22 attach
2117 2408 24 17 to
2151 2411 13 14 a
2174 2404 66 23 shear
2248 2405 38 28 leg
2294 2407 49 26 pole
2354 2414 25 15 or
2388 2411 53 25 tree,
2449 2411 23 19 to
2481 2409 30 22 be

1922 2429 56 21 used
1987 2430 52 21 with
2053 2430 79 22 blocks
2146 2431 44 22 and
2200 2432 40 22 fall
2253 2433 34 21 -it
2299 2434 20 21 is
2333 2434 86 28 getting
2433 2438 79 19 exten-

1922 2456 70 27 sively
2001 2457 49 21 into
2060 2464 40 15 use
2107 2457 29 27 by
2144 2458 99 23 buildets
2252 2459 44 22 and
2305 2460 80 23 others.
2413 2462 22 21 It
2444 2462 19 21 is
2473 2462 41 22 ad-

1922 2482 96 28 mirably
2028 2483 96 28 adapted
2141 2484 36 21 for
2190 2492 14 14 a
2221 2492 50 15 new
2287 2486 87 28 colony,
2385 2495 24 14 as
2422 2488 20 22 it
2455 2489 19 22 is
2488 2492 25 19 at

1922 2516 56 15 once
1987 2510 102 27 portable
2099 2511 44 21 and
2153 2512 115 27 powerful,
2280 2513 44 22 and
2333 2520 41 15 can
2386 2514 27 22 be
2423 2516 89 27 applied

1922 2535 73 23 where
2005 2537 65 21 other
2079 2538 64 21 crabs
2160 2542 86 18 cannot
2253 2540 36 21 be.
2318 2540 22 22 It
2352 2540 44 23 will
2405 2541 51 22 take
2467 2549 47 21 any

1922 2562 77 27 length
2014 2564 26 21 of
2051 2563 47 28 fall,
2108 2564 46 21 and
2170 2572 53 20 may
2239 2566 28 21 be
2282 2565 134 29 disengaged
2428 2571 24 18 at
2466 2576 46 20 any

1922 2589 61 27 point
1995 2590 94 22 without
2098 2591 132 28 unwinding
2237 2592 23 27 it,
2270 2593 45 22 and
2324 2593 61 22 there
2394 2594 18 22 is
2420 2602 31 15 no
2460 2603 53 19 pos-

1922 2616 82 27 sibility
2029 2617 26 22 of
2075 2617 38 22 the
2140 2618 40 21 fall
2206 2620 151 27 overrunning
2375 2628 25 14 or
2424 2623 88 26 getting

1917 2642 109 27 jammed.
2046 2643 62 22 Each
2118 2648 52 23 part
2178 2645 45 22 will
2233 2646 26 21 be
2270 2654 24 13 so
2304 2647 108 27 carefully
2419 2649 93 22 marked

1922 2669 48 22 that
1978 2669 63 23 there
2050 2671 45 21 will
2109 2671 29 21 be
2153 2678 30 14 no
2200 2672 110 30 difficulty
2318 2673 23 22 in
2352 2674 89 28 putting
2449 2675 63 23 them

1921 2696 108 27 together,
2040 2697 47 22 and
2096 2697 37 22 the
2141 2698 72 22 whole
2223 2699 45 22 will
2277 2700 29 21 be
2316 2701 98 27 securely
2424 2702 89 26 packed

1922 2723 45 21 and
1981 2723 100 28 marked,
2092 2732 25 13 so
2129 2732 25 14 as
2168 2728 22 19 to
2206 2729 94 24 prevent
2316 2733 44 21 any
2369 2728 103 23 accident
2487 2737 28 14 or

1922 2749 95 23 mistake
2026 2758 30 14 on
2067 2751 38 22 the
2115 2758 86 21 voyage
2211 2760 5 19 ;
2234 2751 111 24 delivered
2353 2758 23 18 at
2388 2761 46 21 any
2442 2756 77 22 wharf

1922 2776 24 22 in
1955 2776 105 22 London.

1950 2803 43 22 For
2002 2804 115 22 reference
2127 2805 45 21 and
2188 2808 69 19 terms
2272 2806 66 28 apply
2348 2810 23 19 to
2388 2815 40 14 our
2437 2812 75 25 agent,

1922 2829 44 23 Mr.
1976 2830 81 28 Henry
2068 2831 97 28 Boyton,
2177 2832 120 28 Engineer,
2306 2834 142 28 Wellington,
2455 2835 57 23 New

1922 2856 106 22 Zealand.

1981 2902 87 21 AND
2092 2902 260 24 AGENCIES.—
2351 2905 39 21 TO
2413 2906 101 22 LAND-

1999 2928 184 23 HOLDERS.—
2182 2930 49 21 The
2249 2930 156 29 Undersigned
2422 2932 45 28 beg
2488 2936 25 19 to

1923 2955 54 22 offer
1986 2954 136 23 themselves
2131 2959 23 18 to
2164 2956 59 22 their
2231 2956 86 23 friends
2325 2958 46 22 and
2384 2958 37 22 the
2436 2959 77 28 public

1922 2988 25 15 as
1955 2981 89 27 Agents
2053 2982 36 22 for
2098 2982 38 21 the
2146 2982 96 28 disposal
2249 2984 27 21 of
2282 2984 69 22 Town
2360 2985 45 22 and
2412 2986 100 27 Country

1922 3007 83 28 Lands,
2017 3008 46 22 and
2072 3012 57 19 trust
2138 3009 59 22 their
2206 3010 97 22 colonial
2314 3012 139 25 experience'
2459 3020 54 20 may

1922 3034 78 22 entitle
2009 3034 63 23 them
2082 3038 23 19 to
2115 3043 14 14 a
2141 3035 65 22 share
2215 3036 28 22 of
2251 3036 39 22 the
2298 3038 75 26 public
2381 3041 129 25 patronage.

1949 3067 64 28 They
2022 3068 46 22 will
2076 3068 29 22 be
2113 3068 77 28 happy
2199 3072 24 19 to
2231 3076 93 21 arrange
2337 3071 36 21 for
2381 3071 44 22 and
2435 3079 78 21 super-

1920 3094 81 22 intend
2009 3094 39 22 the
2058 3102 93 20 surveys
2158 3095 46 21 and
2209 3096 159 23 sub-divisions
2375 3097 26 22 of
2406 3098 38 22 the
2449 3098 63 23 land.

1923 3121 90 21 Liberal
2022 3121 112 22 advances
2143 3121 45 23 will
2202 3122 28 22 be
2246 3123 64 22 made
2320 3131 29 14 on
2358 3124 64 22 lands
2431 3125 81 26 placed

1921 3147 25 22 in
1955 3147 59 22 their
2022 3147 72 23 hands
2101 3148 36 22 for
2143 3148 54 22 sale.
2225 3149 65 28 They
2296 3150 44 22 will
2347 3150 47 22 also
2400 3151 28 22 be
2432 3149 81 31 ■happy

1923 3177 23 19 to
1955 3174 66 22 assist
2029 3175 137 27 proprietors
2174 3175 25 22 in
2207 3174 87 29 leasing
2305 3176 57 22 their
2370 3177 72 23 lands.

2205 3209 63 22 John
2278 3210 45 21 and
2333 3210 60 22 Geo.'
2402 3210 81 23 Wade.

2023 3253 158 27 Wanganui
2196 3254 78 20 Land
2287 3255 121 26 Agency.

1924 3285 99 49 THE
2047 3286 153 26 undersigned
2227 3287 85 27 having
2336 3288 87 23 resided
2450 3297 63 14 some

1991 3312 91 22 months
2097 3316 24 18 at
2136 3314 132 26 Wanganui,
2288 3313 39 22 has
2342 3314 57 23 been
2416 3316 96 22 enabled

1924 3341 23 19 to
1957 3339 65 21 make
2031 3339 95 22 himself
2136 3340 136 27 acquainted
2281 3340 53 22 with
2347 3341 38 22 the
2401 3342 50 22 best
2460 3343 53 22 sites

1923 3365 35 22 for
1968 3365 36 22 the
2014 3365 108 22 selection
2131 3366 27 21 of
2164 3370 94 28 country
2267 3367 71 27 lands,
2349 3368 45 22 and
2403 3368 111 23 therefore

1924 3392 52 22 with
1991 3392 131 22 confidence
2132 3393 90 21 tenders
2231 3393 35 22 his
2275 3394 96 22 services
2381 3398 23 19 to
2414 3396 100 27 proprie-

1924 3422 52 23 tors,
1993 3426 26 15 as
2033 3426 30 14 an
2078 3419 79 27 Agent
2169 3419 35 22 for
2220 3419 38 22 the
2274 3420 106 23 selection
2392 3422 59 26 'sale,
2461 3429 53 21 pur-

1924 3445 73 28 chase,
2009 3445 45 22 and
2064 3445 87 28 leasing
2159 3449 106 25 property
2274 3447 24 21 in
2308 3447 48 22 that
2365 3448 91 23 district.

1952 3471 86 23 Letters
2047 3472 35 22 for
2093 3472 36 22 the
2140 3473 125 22 subscriber
2279 3476 22 19 to
2315 3474 27 21 be
2356 3474 119 23 addressed
2488 3478 24 19 to

1924 3498 38 22 the
1973 3506 50 15 care
2033 3499 27 22 of
2070 3499 92 22 Messrs.
2173 3499 78 28 Wade,
2263 3500 144 26 Wellington.

2170 3525 32 22 H.
2220 3527 119 27 Churton,
2353 3527 129 27 Wanganui.

1924 3569 102 48 NOT.
2033 3569 45 22 CE.
2079 3580 29 5 —
2108 3569 98 22 Persons
2211 3570 100 23 desirous
2319 3572 25 21 of
2347 3572 66 26 being
2416 3571 98 22 married

2004 3596 31 27 by
2047 3596 39 22 the
2097 3596 56 22 Rev.
2164 3596 62 23 John
2237 3597 135 27 M'Farlane,
2382 3598 46 21 first
2435 3598 79 23 minis-

1924 3625 33 18 ter
1967 3622 26 21 of
2003 3622 39 21 the
2050 3622 81 23 Scotch
2141 3623 90 22 Church
2240 3624 24 22 in
2280 3624 55 22 New
2352 3624 104 26 Zealand,
2475 3631 37 14 are

1924 3649 118 27 requested
2051 3652 24 19 to
2084 3650 94 26 register
2188 3650 59 23 their
2260 3657 77 15 names
2352 3650 51 22 with
2417 3650 38 22 the
2470 3657 42 15 un-

1924 3675 118 27 dersigned
2051 3678 24 19 at
2083 3676 68 21 latest
2159 3676 38 22 the
2207 3677 110 27 Saturday
2326 3676 102 32 previous
2442 3679 23 19 to
2475 3676 38 22 the

1924 3702 163 28 ceremony,<iin
2098 3702 66 22 order
2171 3706 22 19 to
2201 3703 159 27 proclamation
2368 3703 26 21 of
2400 3702 72 22 banns
2481 3710 30 15 on

1924 3728 104 21 Sabbath.
2040 3734 4 2 *
2058 3728 97 23 Persons
2164 3729 46 22 also
2218 3729 99 22 desirous
2326 3729 27 21 of
2362 3728 84 28 having
2454 3729 60 22 their

1924 3754 101 22 children
2044 3755 109 27 baptised,
2172 3758 60 19 must
2248 3755 102 27 previous
2367 3755 86 22 thereto
2461 3756 51 26 give

1924 3781 36 22 the
1971 3781 104 27 requisite
2086 3782 144 22 information
2241 3782 24 21 in
2275 3781 64 22 order
2348 3784 23 18 to
2385 3782 94 27 registry
2489 3784 25 20 to

2194 3808 95 21 Robert
2303 3807 26 22 R.
2345 3808 99 27 Strang,

1983 3833 111 28 Solicitor,
2110 3835 115 26 Registrar
2234 3834 34 21 for
2278 3833 37 22 the
2325 3834 79 21 Scotch
2413 3834 97 23 Church.

1926 3878 180 49 NOTICE.—
2107 3878 48 22 The
2173 3881 88 24 present
2279 3880 105 19 entrance
2401 3880 23 19 to
2444 3878 71 22 Waitt

1990 3906 44 21 aud
2045 3906 88 26 Tyser's
2152 3905 82 26 offices,
2244 3904 18 22 is
2280 3911 30 16 on
2326 3904 39 22 the
2379 3904 60 28 right
2453 3904 62 23 hand

1925 3931 46 22 side
1981 3932 26 21 of
2021 3932 56 21 their
2087 3931 100 27 bonding
2197 3934 78 19 stores.
