4198 6020
129 221 30 29 of
171 221 70 31 their
254 224 151 30 individual
419 227 54 28 and
496 227 139 30 collective
654 228 96 38 import-

133 269 67 21 ance
221 262 70 29 have
317 264 75 29 these
414 266 81 28 Llind
521 268 59 34 Lay
602 276 73 18 men.
712 266 56 29 The

134 299 106 36 biggest
251 302 49 27 lias
315 302 45 29 the
377 308 70 26 most
461 309 26 25 to
501 315 47 27 say
565 304 143 35 regarding
727 306 41 28 his

131 339 135 30 influence
298 343 28 26 in
365 343 176 29 Parliament.
597 344 56 27 The
691 344 76 35 burly

132 379 125 29 member
284 379 40 29 for
343 381 106 29 Wimea
475 382 96 28 claims
590 382 59 29 that
671 383 20 27 it
713 392 54 18 was

133 419 152 36 absolutely
298 429 144 28 necessary
456 422 40 27 for
509 422 54 28 him
578 428 26 21 to
619 422 30 27 be
661 425 107 32 present

134 461 28 22 at
182 457 46 28 the
248 458 118 36 opening
385 468 154 28 ceremony,
560 469 28 18 as
611 459 74 29 there
699 469 68 18 were

134 497 33 26 2G
192 496 79 29 other
292 497 137 29 members
449 498 146 35 belonging
620 502 27 25 to
710 508 30 19 us

133 535 62 27 who
211 544 69 19 were
299 540 47 31 apt
359 541 27 22 to
405 536 32 28 be
451 537 42 27 led
512 541 91 32 astray
616 538 90 26 unless
726 537 42 28 his

132 576 104 25 master
260 574 78 28 mind
362 583 56 19 was
442 574 76 29 there
544 579 27 24 to
593 575 68 36 keep
692 575 74 28 them

133 611 126 34 straight.
307 612 156 35 According
487 618 27 22 to
542 613 43 27 his
611 614 106 26 version
742 614 29 26 of

132 652 115 24 matters
260 649 21 27 it
294 649 23 27 is
331 649 64 36 only
409 659 14 18 a
438 650 123 28 member
574 650 29 27 of
619 658 82 19 suave
714 649 52 28 and

132 686 104 29 urbane
249 696 132 19 manners
392 688 63 28 who
470 688 22 27 is
512 688 110 36 capable
642 689 30 27 of
687 688 82 35 doing

130 724 65 34 this,
233 725 55 28 and
325 725 47 28 the
404 725 125 30 Wiamea
557 726 210 37 representative

133 764 95 28 claims
250 770 27 23 to
299 764 70 29 have
390 765 76 28 these
489 765 200 36 qualifications
710 765 29 28 in
752 775 15 18 a

132 810 67 27 very
220 802 112 28 marked
357 803 104 35 degree.
498 803 58 27 The
575 807 69 24 state
658 803 110 27 dinners

133 840 68 28 with
215 842 53 26 His
280 841 165 35 Excellency
458 851 45 18 are
517 842 56 27 also
593 851 15 18 a
626 851 96 17 means
741 841 30 28 of

132 878 136 38 rounding
292 880 39 28 off
351 880 46 29 the
421 880 87 37 rough
533 889 107 20 corners
661 880 30 28 of
712 889 54 27 any

133 918 69 29 little
216 920 150 36 prejudices
380 920 88 28 which
483 929 64 26 may
562 930 63 26 crop
638 929 36 27 up
685 929 27 19 in
722 920 46 28 the

133 956 64 28 heat
206 957 29 26 of
239 956 105 33 debate,
353 958 54 26 and
418 967 29 17 as
456 958 47 26 the
513 958 139 26 Governor
661 958 106 26 doesn't

134 998 50 34 put
206 1003 35 21 on
263 1004 55 29 any
338 995 68 29 frills
426 998 28 26 at
475 995 75 29 these
574 995 69 29 little
668 994 100 38 parties

134 1034 164 37 everything
319 1044 92 27 passes
430 1035 39 28 off
491 1035 28 28 in
542 1035 74 36 quite
637 1045 15 18 a
672 1035 95 35 family

134 1071 68 30 kiud
227 1073 30 29 of
277 1083 71 27 way.
386 1073 48 36 My
465 1073 111 28 incisive
601 1072 95 34 friend,
722 1072 45 28 the

124 1111 76 28 4ion.
214 1111 124 28 member
350 1112 41 28 for
402 1112 47 27 the
468 1111 56 36 city
543 1111 30 28 of
588 1112 111 31 Nelson,
719 1111 49 28 has

134 1149 59 27 also
214 1158 69 25 gone
308 1150 51 36 (for
371 1150 47 27 the
431 1149 52 27 last
495 1150 67 26 time
575 1150 14 26 I
608 1148 112 35 believe)
741 1154 27 22 to

134 1187 179 37 Wellington.
358 1188 59 29 The
442 1187 82 37 depth
550 1187 29 29 of
600 1186 54 30 this
679 1188 89 27 man's

134 1227 216 35 parliamentary
369 1226 158 35 knowledge
544 1227 23 27 is
585 1226 182 32 astounding;

135 1263 34 29 he
182 1264 94 29 knows
289 1273 75 21 more
383 1264 30 29 of
421 1264 47 29 the
481 1264 72 29 rules
566 1263 30 29 of
611 1263 95 28 debate
719 1271 6 26 ;
745 1264 22 27 is

134 1312 77 20 more
236 1304 28 28 in
289 1304 47 28 the
361 1303 157 29 confidence
549 1303 29 28 of
604 1303 80 28 Stout
714 1301 54 30 and

134 1341 97 35 Vogel,
262 1341 55 30 and
344 1343 25 27 is
398 1351 16 19 a
444 1343 87 27 better
561 1341 138 35 authority
731 1350 35 18 on

136 1380 118 37 "May's
279 1381 217 35 Parliamentary
697 1378 67 29 than

135 1427 56 27 ftny
210 1419 79 27 other
310 1419 137 32 member;
467 1421 29 25 at
516 1418 67 27 least
597 1418 33 26 he
653 1426 61 26 says
733 1417 34 26 he

134 1456 40 36 is;
193 1456 55 30 and
271 1456 54 30 like
351 1456 45 29 Mr
418 1454 74 31 John
517 1455 69 29 Kerr
607 1454 35 31 lie
663 1454 24 30 is
711 1454 56 30 also

135 1496 110 29 wanted
257 1500 28 25 to
298 1496 68 37 keep
379 1496 42 29 his
434 1499 79 34 party
531 1495 132 34 together.
700 1494 67 29 Last

134 1543 68 29 year
220 1534 34 30 ho
275 1535 54 29 had
350 1535 84 37 hopes
453 1534 29 29 of
501 1543 15 19 a
531 1534 134 37 portfolio.
701 1533 66 28 This

134 1583 67 28 year
212 1574 35 29 he
261 1574 50 29 has
324 1575 69 29 fears
405 1574 40 30 for
458 1574 41 28 his
508 1577 65 25 seat.
611 1573 35 29 So
659 1572 70 29 have
742 1572 24 28 I.

135 1612 58 28 The
224 1612 130 29 Motueka
385 1612 119 28 member
532 1612 23 27 is
589 1614 49 26 out
668 1611 30 28 of
724 1610 43 28 his

134 1651 120 30 element
278 1656 30 25 at
332 1654 117 35 present.
496 1649 51 30 His
569 1649 146 37 allegiance
739 1652 28 26 to

135 1690 136 28 Atkinson
299 1699 58 20 was
386 1689 195 37 praiseworthy
609 1688 82 29 when
715 1697 51 19 one

134 1728 141 29 recollects
298 1728 47 30 the
369 1729 61 34 ties,
448 1727 121 38 political
593 1726 54 30 and
672 1725 92 35 social,

78 1766 7 12 '
134 1767 91 28 which
239 1767 64 28 held
315 1767 77 28 them
405 1767 124 35 together
539 1775 6 25 ;
565 1766 54 27 and
633 1765 131 35 although

134 1804 15 29 I
164 1804 123 30 consider
299 1805 34 29 he
347 1814 55 20 was
421 1804 103 30 treated
543 1805 28 28 in
595 1812 16 20 a
632 1803 135 29 shameful

134 1852 118 20 manner
264 1845 36 36 by
313 1844 46 29 the
373 1845 180 35 demagogues
567 1847 28 25 at
616 1842 46 30 the
681 1847 67 25 meet-

134 1882 48 35 ing
195 1883 28 27 in
237 1882 110 29 Trask's
365 1882 122 37 paddock
506 1885 28 26 at
546 1882 47 28 the
611 1882 45 35 fag
674 1881 53 29 end
740 1881 31 28 of

134 1919 52 29 last
200 1920 111 33 session,
334 1920 33 28 he
388 1920 45 28 did
446 1923 48 25 not
513 1919 80 29 make
612 1927 29 20 as
661 1919 70 36 good
751 1927 15 19 a

134 1966 49 21 use
197 1958 29 30 of
242 1959 46 29 the
306 1957 178 39 opportunity
501 1957 161 38 providence
680 1957 86 29 threw

136 1997 29 28 in
179 1997 42 29 his
238 2007 60 28 way
311 2007 30 19 as
353 1998 35 28 he
401 1997 89 37 might
498 1997 71 29 have
577 1997 79 28 done.
692 1997 56 36 Any-

135 2035 63 30 how
211 2036 34 29 he
258 2046 66 19 once
337 2037 46 28 did
396 2046 63 27 pose
471 2036 42 29 for
525 2041 53 24 two
596 2035 94 36 nights
703 2044 29 20 as
751 2044 16 20 a

137 2074 127 29 Minister
287 2075 30 28 of
339 2075 179 28 Agriculture,
544 2074 54 29 and
628 2073 46 29 did
694 2082 75 20 some

136 2113 101 27 service
251 2117 27 24 to
297 2113 42 28 his
358 2113 180 28 constituents
560 2113 30 27 in
612 2113 61 28 that
694 2113 74 27 short

135 2153 71 24 term
220 2150 30 27 of
258 2150 86 28 office.
381 2151 14 27 I
409 2150 69 28 need
491 2150 64 36 only
567 2154 82 32 quote
661 2159 17 19 a
689 2158 76 20 verse

136 2188 71 30 from
222 2188 126 31 Patience
362 2192 27 28 to
402 2188 83 31 finish
498 2188 82 30 with:

205 2237 23 26 A
242 2237 63 27 loud
319 2237 53 28 and
386 2237 214 28 demonstrative
614 2246 65 18 man
692 2244 6 26 ;

204 2275 24 28 A
241 2274 122 29 revolver
376 2275 55 28 and
443 2279 42 24 tar
498 2274 99 29 bucket
609 2284 64 19 man
685 2282 7 26 ;

238 2314 44 27 An
295 2312 216 35 arboricultural,

239 2351 76 36 High
329 2352 184 36 agricultural,

205 2390 65 30 Two
283 2390 67 38 days
363 2391 126 37 portfolio
503 2400 73 20 man.

617 2439 117 28 Korari.

154 2509 220 37 (Continuation
386 2509 34 39 of
433 2510 91 35 News,
538 2520 41 20 see
591 2510 49 30 4th
652 2510 98 39 Page.)

1410 87 115 39 THE
1580 87 58 37 L\
1654 87 111 37 ELL
1818 82 184 43 TIMES,
2058 78 307 50 SATURDAY,
2422 79 114 41 MAY
2591 92 55 39 15,
2704 84 101 37 1886.

295 2590 137 42 Mining
459 2591 152 33 Notices.

204 2674 250 29 APPLICATION
475 2674 74 29 FOR
570 2673 131 30 LEASE.

573 2760 94 29 Owen.

488 2801 61 27 21st
560 2799 85 37 April,
660 2800 76 27 1886.

172 2846 40 27 To
231 2853 56 20 the
306 2845 128 29 Warden
452 2853 33 21 at
506 2845 204 27 Murciiison

137 2892 37 58 I
194 2893 158 26 HEREBY
374 2893 83 35 apply
475 2893 41 26 for
540 2902 15 17 a
577 2891 194 34 Gold-Mining

210 2929 86 28 Lease
317 2930 29 27 of
365 2929 47 29 the
433 2929 80 28 lands
537 2928 164 29 hereinafter
724 2928 30 28 de-

136 2968 113 33 scribed,
275 2969 28 27 in
328 2968 164 28 accordance
523 2968 66 28 with
614 2968 47 28 the
688 2968 80 28 Gold-

138 3005 108 37 Mining
258 3006 100 28 Leases
371 3006 179 35 Regulations
571 3006 29 26 of
616 3006 67 27 New
703 3006 49 26 Zea-

136 3043 75 34 land,
225 3044 53 28 and
293 3044 13 28 I
320 3053 87 28 agree,
426 3053 74 28 upon
522 3044 47 29 the
591 3044 131 37 approval
743 3044 29 28 of

137 3082 56 27 this
213 3083 175 34 application,
402 3087 28 23 to
452 3086 110 24 execute
576 3091 15 18 a
604 3081 71 29 lease
697 3091 72 26 upon

136 3119 47 30 the
198 3119 72 30 basis
283 3120 103 29 therein
400 3120 97 34 stated,
522 3119 24 30 if
565 3119 47 30 the
631 3120 140 29 Governor

136 3159 71 26 shall
221 3159 79 27 think
314 3159 30 27 fit
358 3164 27 23 to
398 3163 79 31 grant
490 3159 46 27 the
550 3167 84 18 same.

373 3209 171 32 MATHEW
562 3208 139 36 BYRNE,

581 3250 154 36 Applicant.

172 3354 89 29 Name
275 3354 53 29 and
341 3354 109 30 address
460 3355 29 28 in
502 3354 49 29 full
561 3353 30 30 of
598 3352 173 39 applicant

208 3392 121 30 Mathew
341 3394 102 36 Byrne,
457 3393 93 29 Owen.

173 3439 77 36 Style
271 3439 88 30 under
381 3440 91 29 which
497 3439 21 29 it
543 3439 23 29 is
590 3438 128 29 intended
743 3441 28 26 to

209 3478 115 27 conduct
353 3478 44 27 the
421 3478 265 27 businessGolden
711 3478 60 26 Hill

208 3514 70 30 Gold
292 3516 108 34 Mining
412 3516 152 36 Company.

174 3565 103 29 Extent
290 3565 29 29 of
334 3565 105 34 ground
457 3564 109 38 applied
584 3564 185 30 forSixteen

208 3604 55 27 and
276 3603 89 29 a-half
375 3612 84 19 acres.

174 3650 149 29 Minimum
337 3650 117 29 number
466 3650 31 29 of
506 3660 64 19 men
592 3650 132 37 proposed
743 3653 28 26 to

207 3690 32 26 be
253 3689 144 36 employed
409 3689 36 36 by
463 3690 47 26 the
528 3690 84 26 lessee
615 3689 88 27 For
724 3688 46 28 the

205 3727 59 32 first
283 3726 98 33 twelve
409 3726 121 36 months,
558 3728 16 29 2
598 3735 82 29 men;
710 3726 45 32 sub-

206 3770 153 35 sequently,
383 3768 81 29 when
493 3769 30 27 in
547 3768 50 28 full
627 3768 84 34 work,
739 3770 32 26 12

205 3815 75 19 men.

172 3854 124 29 Amount
315 3853 30 30 of
362 3853 101 38 capital
483 3852 134 40 proposed
630 3856 27 27 to
677 3852 32 31 be
729 3853 27 28 in-

208 3893 92 28 vested
302 3894 161 32 12,000.

174 3932 136 37 Proposed
323 3932 80 29 mode
417 3932 29 28 of
463 3931 123 36 working
604 3931 47 29 the
670 3930 101 29 land

207 3971 168 35 Tunnelling
388 3971 53 28 and
455 3970 109 36 sinking
576 3971 41 27 for
630 3973 104 33 quartz.

173 4010 105 28 Precise
300 4009 235 36 localityNorth
555 4009 54 28 and
631 4008 141 38 adjoining

207 4048 46 28 the
268 4048 62 29 Uno
344 4048 167 37 Company's
524 4048 81 28 lease.

172 4087 82 31 Term
275 4087 40 30 for
327 4086 90 31 which
436 4086 72 31 lease
530 4086 24 30 is
574 4085 195 40 requiredls

206 4135 88 26 years.

172 4163 79 30 Time
270 4163 30 29 of
315 4163 191 35 commencing
524 4162 228 38 operationslm-

207 4203 148 36 mediately
367 4213 36 20 on
416 4203 128 36 granting
558 4204 25 28 of
595 4202 82 30 lease.

173 4307 58 28 The
254 4307 84 28 above
360 4308 166 36 application
539 4307 54 28 and
612 4316 54 24 any
685 4306 71 35 objec-

139 4346 58 28 tion
211 4346 103 28 thereto
327 4346 55 28 will
396 4346 31 28 be
442 4345 83 29 heard
534 4349 28 24 at
572 4345 46 28 the
627 4344 144 29 Warden's

139 4384 85 28 Office
238 4388 28 25 at
280 4384 167 35 Murchiion,
461 4394 36 19 on
519 4384 184 34 TUESDAY,
723 4384 48 28 6th

139 4423 106 34 JULY,
259 4424 75 28 1880.

174 4475 63 39 Any
258 4485 97 29 person
378 4474 118 39 desiring
517 4478 28 27 to
567 4474 87 39 object
676 4478 29 26 to
726 4474 47 29 the

139 4515 71 27 issue
223 4516 29 26 of
263 4525 14 17 a
292 4516 107 35 Mining
417 4516 85 27 Lease
523 4525 74 26 upon
619 4515 46 27 the
687 4514 84 28 above

141 4553 162 36 application
331 4556 83 31 must,
439 4553 97 29 within
557 4554 34 27 30
611 4553 71 27 clear
705 4552 67 36 days

140 4592 69 27 from
223 4592 46 28 the
289 4591 62 29 date
372 4593 30 27 of
421 4592 67 28 such
508 4592 174 35 application,
698 4596 75 23 enter

140 4628 43 29 his
205 4628 134 38 objection
359 4633 27 26 at
407 4630 46 29 the
475 4630 143 29 Warden's
639 4629 83 29 Office
745 4632 28 25 at

142 4667 87 38 Lyell.

243 4721 152 28 ALFRED
412 4721 34 29 A.
467 4721 201 34 CORFIELD,

543 4761 53 28 Pro
609 4760 129 29 Warden.

245 4812 143 29 Warden's
405 4813 93 34 Office,

178 4850 87 34 Lyell,
279 4851 48 27 7th
342 4852 75 32 May,
432 4853 45 25 188
477 4853 30 25 G.

973 218 116 32 Public
1108 219 152 32 Notices.

900 336 25 29 v
928 357 6 7 -
1046 345 148 52 mm
1300 338 24 27 E
1326 358 7 7 '

979 435 270 35 NOTICE.

814 545 136 31 LYELL
972 545 222 33 LICENSING
1217 547 200 32 DISTRICT.

797 651 99 32 rrllE
919 653 120 31 Annual
1060 653 223 32 LICENSING
1302 654 129 32 MEET-

802 700 27 31 J-
874 709 73 31 ING
962 710 32 31 of
1013 709 50 32 the
1077 710 160 40 Licensing
1253 710 177 32 Committee

795 767 43 32 for
853 766 50 32 the
917 767 124 32 District
1065 767 32 32 of
1115 767 86 41 Lyell
1225 767 61 32 will
1309 767 36 32 be
1361 767 70 32 held

795 826 30 30 at
839 823 50 33 the
905 823 91 33 Court
1008 823 111 38 House,
1127 823 95 42 Lyell,
1230 834 39 22 on
1280 824 125 34 THURS-

795 881 91 39 DAY,
903 881 50 33 the
968 881 53 33 3rd
1035 881 57 44 day
1111 881 32 34 of
1164 881 117 39 JUNE,
1299 884 86 37 1886,
1402 884 30 31 at

795 952 88 24 noon,
900 941 43 30 for
962 940 51 31 the
1037 941 217 31 consideration
1279 941 31 31 of
1331 941 83 40 Appli-

795 996 112 34 cations
931 995 45 35 for
1003 995 183 35 Certificates
1209 995 45 35 for
1281 995 149 40 Licenses,

795 1056 164 36 Transfers,
975 1065 32 22 or
1021 1055 157 32 Removals
1193 1055 32 32 of
1242 1055 149 32 Licenses.

835 1141 79 32 ALL
949 1141 294 33 APPLICATIONS
1281 1144 81 29 must
1396 1142 35 32 be

795 1199 169 33 LODGED
978 1199 31 32 in
1023 1199 148 42 duplicate
1185 1199 72 33 with
1279 1199 50 33 the
1345 1199 87 33 Clerk

795 1256 32 32 of
837 1256 51 32 the
903 1256 100 37 Court,
1026 1266 39 22 on
1089 1266 33 22 or
1145 1256 98 32 before
1268 1256 162 37 FRIDAY,

795 1314 50 31 the
862 1314 71 31 14th
948 1314 56 41 day
1019 1314 32 33 of
1062 1314 97 36 MAY,
1177 1315 86 35 1886,

832 1371 97 33 Dated
943 1370 59 34 this
1017 1370 72 34 BOtli
1105 1370 92 42 April,
1215 1371 86 32 1886.

891 1427 165 31 ALFRED
1077 1428 35 30 A.
1135 1427 216 36 CORFIELD,

923 1484 86 34 Clerk
1024 1484 32 34 of
1067 1484 160 43 Licensing
1242 1483 187 36 Committee.

970 1717 273 34 NOTICE.

797 1944 99 34 mHE
919 1944 120 34 Annual
1055 1944 224 34 LICENSING
1300 1943 129 34 MEET-

803 1992 27 35 J-
877 2003 73 33 ING
965 2003 32 33 of
1007 2003 51 33 the
1072 2003 160 42 Licensing
1253 2003 177 33 Committee

795 2062 44 32 for
853 2062 51 32 the
918 2061 123 33 District
1055 2062 33 32 of
1098 2061 200 33 HAMPDEN
1321 2062 61 32 will
1395 2062 36 32 be

795 2119 69 31 held
879 2122 29 29 at
933 2119 50 32 the
1008 2119 92 32 Court
1114 2119 111 37 House,
1248 2119 182 37 Murchison,

797 2186 38 22 on
849 2175 201 39 TUESDAY,
1066 2175 51 33 the
1133 2176 46 32 Ist
1203 2175 118 39 JUNE,
1344 2177 86 37 1886,

797 2236 30 29 at
860 2244 89 26 noon,
984 2234 44 32 for
1061 2234 52 32 the
1153 2234 216 33 consideration
1403 2234 33 32 of

797 2291 202 42 Applications
1052 2291 45 33 for
1150 2291 183 33 Certificates
1387 2291 45 33 for

797 2348 148 39 Licenses,
990 2349 164 38 Transfers,
1199 2348 165 40 Renewals,
1400 2360 32 23 or

798 2407 156 33 Removals
969 2407 32 33 of
1011 2406 150 35 Licenses.

837 2521 80 33 ALL
951 2521 293 35 APPLICATIONS
1281 2523 81 33 must
1396 2521 36 35 be

797 2579 169 33 LODGED
980 2580 32 31 in
1026 2579 147 43 duplicate
1187 2580 72 32 with
1280 2580 51 32 the
1347 2580 86 32 Clerk

798 2639 31 32 of
841 2639 50 32 the
906 2639 100 37 Court,
1022 2650 39 21 on
1075 2650 32 21 or
1119 2639 97 32 before
1228 2639 202 38 TUESDAY,

797 2695 51 33 the
864 2696 72 32 11th
950 2696 56 42 day
1020 2697 32 31 of
1063 2696 96 39 MAY,
1178 2698 86 31 1886.

836 2753 97 32 Dated
947 2753 59 32 this
1021 2753 73 32 30th
1108 2753 56 43 day
1180 2754 31 32 of
1222 2754 93 41 April,
1333 2756 85 31 1886.

889 2812 164 31 ALFRED
1075 2813 35 30 A.
1136 2813 216 36 CORFIELD,

923 2866 87 33 Clerk
1024 2869 31 30 to
1069 2866 160 42 Licensing
1244 2867 186 33 Committee.

868 2952 37 41 J.
961 2952 40 42 B.
1066 2952 180 42 BEEC
1263 2954 95 49 HE,

943 3063 172 38 Broadway,
1137 3063 148 38 Reefton,

801 3163 338 62 gHAREBROKER,
1176 3165 21 29 &
1235 3161 197 33 GENERAL

895 3252 253 32 COMMISSION
1183 3253 150 31 AGENT.

836 3443 149 42 Enquries
1017 3442 45 33 for
1088 3443 89 33 latest
1205 3443 170 41 quotations
1401 3443 32 33 in

796 3500 116 40 mining
927 3500 96 32 stocks
1037 3500 149 41 promptly
1199 3500 111 40 replied
1324 3503 41 29 to.

823 3683 170 21 TELEGRAMS
1014 3683 199 20 IMMEDIATELY
1232 3683 167 21 ANSWERED.

800 3760 391 74 M'Sherry's
1224 3758 210 63 Hotel

966 3876 77 37 (Late
1063 3874 214 38 M'Quillan's,)

876 3953 241 38 BROADWAY,
1148 3952 205 33 REEFTON.

800 4127 107 57 THE
921 4125 182 35 undersigned
1126 4125 103 32 having
1245 4125 109 28 entered
1376 4125 58 28 into

887 4163 153 38 possession
1053 4163 32 28 of
1103 4162 56 29 this
1172 4162 175 29 well-known
1361 4162 73 29 hotel

798 4202 122 30 business
933 4202 99 29 wishes
1049 4207 28 24 to
1098 4202 101 29 iniorm
1220 4200 41 30 his
1285 4210 148 21 numerous

798 4242 102 26 friends
912 4242 56 26 and
980 4242 46 26 the
1039 4241 145 33 travelling
1194 4240 90 36 public
1295 4241 137 35 generally

798 4280 60 29 that
872 4282 34 26 he
919 4279 109 29 intends
1041 4283 27 25 to
1081 4289 78 27 spare
1172 4288 35 19 no
1225 4278 78 30 effort
1315 4288 28 19 in
1357 4278 78 30 order

799 4323 27 23 to
839 4318 81 28 make
933 4318 54 28 this
1001 4318 71 28 hotel
1086 4318 102 35 replete
1201 4317 66 28 with
1280 4327 82 26 every
1373 4327 45 18 con-

799 4357 129 29 venience
941 4356 54 29 and
1011 4359 131 34 comport.

799 4512 73 32 Ales,
889 4512 92 29 Wines
994 4511 59 28 and
1065 4511 104 37 Spirits
1182 4511 34 37 of
1233 4511 67 28 Best
1321 4506 114 33 Brands

1007 4549 64 37 only
1089 4549 138 37 supplied.

954 4626 124 38 JOHN
1103 4623 254 50 M'SHERRY,

1220 4693 181 20 PROPRIETOR.

1041 4769 149 39 PURE
1219 4766 213 42 DRUGS!

890 4887 62 40 W.
979 4887 36 40 J.
1046 4887 55 39 M.
1133 4885 224 50 HANSBY,

805 4949 197 32 tiAMILY
1030 4949 82 30 and
1144 4948 293 33 dispensing

806 4992 28 39 r
1023 4991 196 38 CHEMIST,

954 5059 162 26 BROADWAY,
1145 5059 140 21 REEFTON.

804 5109 84 28 Eleve
901 5109 32 27 de
946 5108 140 28 Vlnstitut
1098 5107 40 27 St.
1148 5106 136 34 Francois
1298 5106 113 33 Xavier,
1422 5116 18 17 a

953 5147 117 36 Bruges,
1085 5145 29 28 la
1126 5144 163 38 Belguique.

897 5200 38 28 M.
955 5200 30 27 P.
1007 5200 27 28 S.
1055 5199 34 27 N.
1109 5199 40 32 Z.,
1208 5198 38 28 M.
1267 5198 29 28 P.
1317 5198 30 28 C.

806 5293 108 29 Twelve
926 5294 87 35 years'
1028 5292 128 28 assistaut
1169 5295 28 25 to
1211 5291 52 28 Dr.
1279 5291 122 34 Morice,
1416 5291 29 29 of

1035 5329 180 37 Greymouth.

841 5407 170 36 Physicians'
1032 5406 197 38 Prescriptions
1254 5405 55 30 and
1333 5405 109 37 Family

807 5447 129 35 Receipes
948 5446 153 37 accurately
1112 5444 188 38 compounded
1314 5444 67 29 with
1395 5445 46 28 the

807 5485 147 28 PUREST
973 5485 137 28 DRUGS.

861 5569 175 21 SPECTACLES
1057 5570 34 20 TO
1113 5569 64 21 SUIT
1201 5569 54 20 ALL
1277 5569 112 21 SIGHTS.

843 5643 89 27 Toilet
963 5643 162 35 Requisites,
1150 5642 168 35 Perfumery,
1345 5642 99 28 Patent

810 5680 149 30 Medicines
972 5680 55 28 and
1040 5680 152 35 Druggists'
1209 5679 139 34 Sundries,
1362 5680 46 27 &c.

885 5759 107 29 Teeth
1009 5759 195 36 Extracted,
1223 5759 67 37 &c.,
1310 5757 58 31 &c.

812 5832 114 31 rSf'All
937 5832 90 34 Drugs
1038 5832 183 28 Guaranteed,
1232 5832 52 27 and
1297 5835 28 24 at
1338 5831 106 36 greasy

949 5870 185 27 REDUCED
1154 5869 145 28 PRICES.

318 4925 118 30 Public
455 4925 151 31 Notices.

183 5142 168 34 BULLER
373 5141 160 33 COUNTY
550 5141 188 34 COUNCIL.

342 5265 239 33 NOTICE.

147 5397 26 25 T
195 5390 185 33 PURPOSE
404 5389 89 41 being
519 5389 31 32 in
577 5389 137 32 LYELL
742 5399 38 22 011

149 5421 23 51 1
214 5447 163 38 FRIDAY,
400 5449 67 30 21st
487 5447 187 33 INSTANT.

187 5561 180 41 Ratepayers
387 5560 66 32 who
467 5560 74 32 have
556 5562 53 30 not
622 5560 68 41 paid
705 5560 77 32 their

148 5620 91 33 Rates
259 5619 60 33 will
342 5619 36 34 be
401 5619 135 42 required
550 5621 31 32 to
595 5619 37 33 do
646 5630 32 22 so
691 5630 7 28 ;
720 5617 62 34 also

147 5679 31 31 to
193 5676 133 43 Register
340 5675 77 33 their
430 5676 91 42 Dogs.

306 5745 79 31 JAS.
409 5745 37 31 E.
470 5745 232 35 GILLESPIE,

496 5800 75 32 Rate
587 5800 155 33 Collector.

187 5867 158 40 Westport,
362 5867 70 40 May
448 5867 80 36 11th,
547 5869 85 30 1886.

1628 215 119 34 Public
1770 214 151 33 Notices.

1461 298 163 41 FERN
1671 294 154 42 FL'AT
1871 289 220 48 HOTEL,

1619 360 125 33 U.PPER
1775 358 162 29 BULLER.

1462 466 108 61 THE
1584 466 85 28 above
1683 464 175 28 well-known
1874 462 75 28 hotel
1968 462 23 26 is
2013 461 80 32 again

1551 505 86 28 under
1646 505 46 27 the
1704 506 193 34 management
1906 501 29 28 of
1945 500 44 28 Mr
2000 497 93 31 Alfred

1462 544 100 33 Smith,
1573 544 46 28 the
1632 544 100 27 former
1744 542 159 37 proprietor.

1495 645 92 37 Every
1600 644 237 29 accommodation
1845 643 55 27 and
1913 642 180 28 convenience

1460 683 40 28 for
1513 683 140 28 travellers
1666 682 119 29 between
1799 682 47 28 the
1859 681 77 28 West
1949 680 81 27 Coast
2041 677 53 29 and

1461 720 112 35 Nelson,
1594 720 150 37 Hampden
1767 718 173 33 Matakitaki,
1963 717 130 36 Glenroy,

1461 759 116 34 Maruia,
1591 759 53 29 and
1657 759 47 29 the
1718 760 83 28 Owen
1815 757 89 30 Reefs.

1461 871 160 30 Newman's
1635 871 89 37 Royal
1747 870 68 29 Mail
1836 870 69 29 Line
1925 869 30 29 of
1972 867 122 30 Coaches

1494 911 81 30 make
1599 911 56 30 this
1677 903 137 45 iiostelery
1833 909 47 30 the
1902 909 59 29 first
1982 908 77 37 day's

1529 954 75 30 stage
1617 951 71 27 from
1698 951 77 27 West
1783 950 82 27 Coast
1874 952 28 24 to
1912 948 112 28 Nelson.

1493 1063 125 29 Tourists
1631 1071 51 19 can
1695 1062 33 28 be
1740 1061 131 38 provided
1884 1061 67 28 with
1963 1069 81 25 every
2054 1068 26 19 re-

1460 1101 154 36 quirement
1625 1101 42 28 for
1678 1101 112 34 visiting
1803 1100 46 29 the
1862 1099 76 29 lakes
1951 1098 55 30 and
2019 1106 55 27 mag-

1459 1139 112 28 nificent
1584 1139 182 34 surrounding
1778 1143 125 30 country.

1493 1176 105 29 Horses
1611 1176 54 29 and
1684 1176 145 37 equipages
1843 1184 15 20 a
1872 1174 152 38 speciality.

1641 1237 189 36 ALFRED
1853 1237 163 43 SMITH,

1893 1279 166 38 Proprietor.

1714 1365 156 43 wolf
1916 1364 36 43 &
1997 1362 96 51 CO.,

1460 1557 632 63 BUTCHERS.

1561 1654 114 30 Dealers
1688 1653 29 29 in
1730 1652 38 31 all
1781 1653 180 38 descriptions
1975 1652 30 30 of

1475 1703 105 29 FARM
1616 1703 79 28 AND
1731 1703 120 27 DAIRY
1888 1700 190 29 PRODUCE.

1458 1781 99 28 Hotels
1566 1780 55 29 and
1634 1780 131 28 Families
1773 1779 100 28 waited
1886 1788 36 19 on
1935 1778 42 27 for
1984 1778 110 27 Orders.

1491 1858 101 29 Orders
1611 1857 139 30 delivered
1768 1859 29 26 to
1819 1856 38 29 all
1877 1858 76 35 parts
1966 1865 15 19 o
2012 1855 48 30 the

1716 1896 125 28 District.

1631 1972 73 30 Note
1718 1971 48 31 the
1780 1971 124 30 Address

1477 2030 114 33 JS'W
1610 2030 66 29 OL
1695 2030 23 28 F
1789 2028 115 30 AND
1985 2027 91 34 CO.,

1511 2089 73 28 Next
1607 2087 48 30 the
1679 2087 192 29 Government
1888 2085 155 37 Buildiugs,

1606 2136 86 28 Cliff
1712 2135 120 31 Street,
1851 2134 104 26 Lyell.

1460 2230 209 38 BROWN'S
1690 2228 119 38 BOOT
1836 2226 260 39 EMPORIUM

1711 2284 135 40 IjYF.LL.

1460 2470 106 35 hoping
1591 2470 42 26 for
1654 2479 17 17 a
1692 2470 182 26 continuance
1895 2468 30 26 of
1942 2467 48 27 the
2010 2476 85 22 same,

1460 2507 99 29 wishes
1572 2510 45 26 too
1630 2507 53 29 call
1696 2506 72 29 their
1786 2505 136 29 attention
1935 2507 29 25 to
1978 2503 44 28 his
2034 2512 62 19 new

1460 2547 78 28 stock
1559 2547 31 28 of
1611 2547 110 27 Ladies'
1745 2545 99 28 Maids'
1867 2543 56 30 and
1941 2543 155 29 Children's

1460 2585 85 28 Boots
1567 2585 30 27 in
1618 2587 77 34 great
1717 2583 114 37 variety.
1867 2582 77 32 Also,
1958 2581 43 28 his
2019 2581 76 37 large

1461 2625 56 28 and
1529 2623 96 29 varied
1639 2623 77 29 stock
1729 2622 30 30 of

1461 2676 119 31 Men.s.
1594 2675 141 32 Youths'
1749 2675 27 31 &
1789 2673 100 40 Boys'
1907 2673 106 31 Boots
2026 2672 69 31 and

1718 2710 119 33 Shoes.

1461 2814 88 27 Fresh
1563 2814 91 28 Goods
1667 2814 121 34 arriving
1808 2813 135 34 monthly,
1957 2811 90 28 which
2060 2811 35 28 he

1495 2851 22 27 is
1531 2851 117 34 offering
1660 2854 29 25 at
1701 2851 88 35 prices
1801 2853 29 25 to
1840 2850 54 27 suit
1907 2849 47 28 the
1969 2849 90 27 times.

1460 2889 45 27 All
1530 2888 139 36 imported
1702 2888 85 35 goods
1816 2886 117 29 marked
1962 2887 30 27 in
2019 2886 75 36 plain

1721 2925 111 36 figures.

1496 3002 130 28 N.E.A
1638 3002 100 36 supply
1750 3002 30 28 of
1800 3001 90 28 North
1903 3000 104 28 British
2022 3001 71 27 Gum

1460 3041 85 29 Boots
1571 3040 56 29 ard
1651 3041 70 29 Own
1747 3039 82 30 Make
1849 3039 182 38 Watertights
2055 3038 24 30 al-

1459 3089 75 26 ways
1547 3089 36 18 on
1595 3079 85 28 hand.

1495 3117 116 37 Repairs
1622 3116 143 39 promptly
1775 3116 130 29 executed
1918 3115 55 29 and
1986 3115 107 29 elastics

1460 3156 131 27 inserted.

1486 3232 71 31 Note
1571 3232 47 30 the
1628 3231 272 31 AddressJOHN
1920 3230 149 36 BROWN,

1459 3279 90 30 Boot
1572 3279 28 30 &
1627 3279 210 30 Shoemaker
1858 3279 28 29 &
1914 3279 179 37 Importer,

1524 3322 141 39 (Opposite
1678 3321 81 31 Bank
1772 3322 31 29 of
1813 3322 67 29 New
1893 3321 141 36 Zealand.)

1578 3406 187 38 JAMES
1806 3405 171 42 RYAN,

1463 3494 88 60 Q.E
1558 3494 89 27 NER
1653 3495 25 26 A
1684 3494 24 27 L
1781 3492 314 63 gTOREKEEPER,

1611 3571 86 31 Cliff
1720 3571 121 36 Street,
1859 3571 87 30 Lyel.

1462 3725 92 32 Goods
1568 3724 132 41 carefully
1712 3724 106 40 packed
1831 3727 28 28 to
1872 3724 38 31 all
1922 3727 76 37 parts
2010 3724 31 30 of
2050 3724 45 31 the

1719 3766 115 30 district.

1477 3940 106 29 BANK
1602 3939 112 30 PRICE
1734 3939 120 30 GIVEN
1874 3938 75 31 FOR
1967 3938 110 30 GOLD.

1480 4020 359 40 WELCOME
1911 4020 164 46 INN,

1722 4079 105 30 Lyell.

1572 4170 154 33 ELLEN
1755 4169 234 34 WILLIAMS

1550 4227 145 31 returning
1712 4222 101 29 thanks
1831 4227 43 23 to?
1895 4231 61 27 pact
1977 4220 117 33 favours,

1535 4261 64 36 begs
1617 4264 29 25 to
1665 4260 102 28 inform
1784 4260 50 28 her
1851 4259 103 29 friends
1973 4258 56 28 and
2050 4258 45 28 the

1462 4300 91 36 public
1573 4298 61 30 that
1655 4298 49 30 she
1728 4299 50 29 has
1799 4298 58 37 just
1879 4297 154 37 completed
2053 4307 28 18 ex-

1464 4338 102 28 tensive
1585 4338 138 27 additions
1746 4337 55 28 and
1820 4336 160 29 alterations
2001 4340 28 23 to
2048 4335 48 28 her

1462 4376 142 37 premises,
1623 4375 55 30 and
1697 4376 47 29 the
1766 4375 208 30 accomodation
1992 4373 24 30 is
2034 4382 61 20 now

1680 4413 192 38 unsurpassed.

1462 4493 74 35 Ales,
1561 4492 104 35 Wines,
1687 4492 54 29 and
1765 4491 97 39 Spirits
1888 4490 30 29 of
1939 4489 158 30 First-class

1636 4532 111 34 Quality
1761 4532 64 33 only
1838 4531 74 35 kept.

1533 4608 78 29 Good
1629 4608 126 33 Stabling
1772 4605 255 29 Accommodation.

1636 4668 127 30 ELLEN
1788 4667 206 33 WILLIAMS,

1844 4707 219 27 Proprietress.

1524 4789 218 38 FORSYTH
1764 4789 27 37 &
1815 4786 230 46 MASTERS,

1464 4855 293 62 WHOLESALE
1785 4855 20 26 &
1835 4854 140 27 RETAIL
1994 4854 83 27 IRON-

1687 4892 192 31 MONGERS,

1616 4947 169 31 Broadway,
1805 4945 144 32 Reefton,

1467 4999 80 28 Have
1560 5007 36 19 on
1608 4996 76 30 hand
1702 4996 136 37 imported
1859 4996 85 29 direct
1961 4996 70 28 from
2055 4995 44 30 the

1518 5037 92 27 Home
1624 5036 130 31 markets,
1768 5045 14 16 a
1796 5036 87 29 Lar<je
1897 5035 54 27 and
1966 5035 65 27 Well-

1653 5073 121 29 assorted
1794 5073 83 29 Stock
1890 5073 29 28 of

1467 5136 167 38 Builders'
1650 5134 218 48 Furnishing,
1883 5134 136 48 Mining
2033 5135 67 37 and

1574 5198 146 38 General
1742 5198 256 46 Ironmongery,

1469 5271 99 30 Which
1590 5271 66 37 they
1676 5281 45 19 are
1742 5270 133 38 prepared
1897 5273 29 26 to
1948 5271 50 28 sell
2020 5273 27 26 to
2060 5280 26 20 re-

1481 5311 103 28 sidents
1596 5311 30 28 of
1635 5310 78 36 Lyell
1727 5315 29 23 at
1765 5309 151 37 extremely
1928 5309 52 28 low
1993 5310 95 36 prices.

1470 5414 152 30 Bickford's
1636 5414 81 33 Fuse,
1731 5413 91 28 Hall's
1839 5412 126 35 Blasting
1979 5412 121 34 Powder,

1470 5455 122 33 Octagon
1606 5453 82 33 Steel,
1702 5453 90 27 Ames'
1816 5451 125 34 Shovels,
1963 5451 66 28 Pick
2048 5451 54 29 and

1470 5494 137 26 Hammer
1620 5491 134 30 Handles,
1768 5491 54 30 &c.,
1834 5494 95 31 agents
1942 5490 41 28 for
1992 5490 110 28 Nobel's

1705 5528 162 36 Dynamite.

1470 5589 159 34 Furniture,
1660 5587 134 35 Bedding.
1825 5587 114 34 Lamps,
1982 5586 120 38 Cutlery,

1471 5630 171 37 Carpenters'
1657 5627 90 32 Tools,
1766 5627 103 33 Paints,
1892 5626 66 34 Oils,
1982 5627 120 34 Colours,

1608 5668 94 34 Fancy
1714 5666 91 32 Ware,
1818 5667 62 30 &c.;
1900 5666 66 31 also,

1474 5718 23 31 A
1511 5719 86 36 Large
1610 5718 175 30 Assortment
1803 5716 29 30 of
1850 5716 165 30 Galvanised
2029 5716 73 36 Iron,

1574 5760 145 26 Bessemer
1731 5757 54 27 and
1804 5757 103 35 Plough
1929 5757 73 27 Steel

1660 5812 105 30 WIRE
1785 5811 128 29 ROPES.

1575 5866 59 27 SSS
1665 5864 176 28 OCTAGON
1870 5864 129 27 STEEL.

2217 5064 184 37 GEORGE
2434 5062 42 37 .
2500 5062 193 46 LEVIEN,

2138 5127 124 29 Member
2272 5128 30 26 of
2308 5127 45 27 the
2361 5125 236 28 Pharmaceutical
2605 5125 106 35 Society
2718 5124 55 28 and

2224 5163 238 32 Pharmaceutical
2480 5163 165 29 Conference
2659 5163 30 28 of

2345 5205 84 27 Great
2446 5204 118 32 Britain,

2142 5259 204 63 SUBGEON
2384 5257 174 32 DENTIST,
2589 5257 181 34 CHEMIST,

2300 5297 79 28 AND
2399 5295 204 34 DRUGGIST,

2353 5342 205 35 (REGISTERED.)

2139 5432 55 28 For
2206 5432 34 27 20
2252 5439 78 28 years
2349 5429 148 37 practising
2519 5429 29 27 in
2567 5428 205 34 Marlborough,

2140 5470 55 29 and
2207 5470 54 28 late
2275 5468 31 29 of
2325 5468 103 28 Nelson
2447 5467 128 33 districts,
2589 5468 23 27 is
2633 5476 61 19 now
2713 5476 45 27 pre-

2238 5507 82 36 pared
2333 5511 28 23 to
2376 5506 93 28 attend
2483 5506 128 35 patients,
2625 5506 55 27 and

2175 5563 72 28 CAN
2279 5563 50 26 BE
2361 5560 225 29 CONSULTED
2622 5560 117 27 DAILY

2142 5680 98 26 Booms
2264 5685 29 19 in
2318 5677 186 27 Commercial
2534 5675 111 32 Hotel,
2669 5675 104 26 Lyell.

2175 5773 99 29 Advice
2297 5774 91 26 Gratis
2406 5772 72 26 from
2497 5773 17 25 9
2533 5774 27 24 to
2581 5772 31 24 11
2631 5779 75 24 a.m.,
2720 5770 53 27 and

2140 5813 70 28 from
2295 5811 13 27 5
2328 5819 17 28 p
2356 5818 38 19 m.

2356 5863 31 26 G.
2407 5862 34 27 E.
2453 5861 163 31 .LEVIEN,
2638 5860 101 28 M.P.S.

2631 211 118 31 Public
2777 211 151 32 Notices.

2131 417 109 124 <H
2265 463 338 66 'B6AOTOMN
2639 465 30 64 S
2705 465 173 64 WINTER
2918 463 368 66 CEAPERY'B6.

2160 526 21 17 rX
2182 527 58 37 XS
3314 529 60 38 &
3376 525 22 25 r

2396 615 244 60 JOHN
2702 614 452 59 FENNELL

2131 715 59 29 Has
2203 717 85 29 much
2309 718 123 36 pleasure
2451 719 30 27 in
2502 719 176 34 announcing
2697 721 28 25 to
2744 718 47 27 the
2813 717 171 28 inhabitants
3006 715 30 28 of
3057 715 80 37 Lyell
3162 715 55 28 and
3242 716 184 36 surrounding

2504 757 120 29 districts
2646 757 47 29 the
2716 755 102 30 arrival
2842 755 30 30 of
2888 765 16 20 a
2923 754 125 29 LARGE

2131 826 269 132 STOCK
2451 831 107 127 OF
2608 831 356 127 WINTER
3015 826 411 132 DRAPERY

2643 1016 273 31 COMPRISING

2166 1093 97 41 The
2284 1094 159 41 Latest
2466 1093 226 42 Novelties
2710 1092 85 41 and
2820 1089 214 42 Fashions
3054 1088 39 41 in
3118 1088 165 41 Ladies'
3304 1087 85 40 and

2474 1147 155 40 Gents'
2657 1145 208 49 Wearing
2883 1144 200 50 Apparel,

2132 1237 67 31 And
2223 1238 107 30 invites
2352 1248 39 20 an
2415 1237 165 40 inspection
2605 1237 31 31 of
2657 1236 51 31 tlie
2732 1246 90 26 same,
2848 1235 108 39 feeling
2980 1246 67 19 sure
3072 1235 66 31 that
3163 1235 43 31 for
3234 1235 190 35 VARIETY,

2281 1281 190 40 QUALITY,
2487 1280 58 32 and
2559 1279 139 33 VALUE
2714 1279 71 42 they
2800 1278 160 33 CANNOT
2975 1278 36 32 be
3027 1277 248 34 SURPASSED.

2134 1463 138 42 Ladies'
2311 1465 71 40 and
2418 1464 197 43 Children's
2664 1462 215 43 WINTER
2923 1460 144 41 HATS
3106 1458 38 41 in
3184 1459 52 39 all
3278 1458 144 54 Shapes.

2168 1660 107 30 Ladies'
2291 1660 156 30 WINTER
2460 1660 165 29 JACKETS
2638 1659 55 29 and
2705 1658 117 30 CAPES
2834 1658 30 30 in
2876 1658 37 31 all
2925 1658 47 30 the
2984 1658 108 30 Newest
3107 1658 104 39 Shapes
3224 1658 55 31 and
3292 1659 97 37 Styles.

2278 1736 86 39 New
2386 1736 190 39 Feathers!
2617 1735 87 38 New
2725 1733 175 40 Flowers!
2941 1735 86 39 New
3050 1735 228 49 Trimmings!

2149 1818 58 42 ST
2229 1816 48 33 All
2305 1817 51 34 the
2384 1817 94 33 NEW
2507 1816 59 33 and
2593 1815 290 34 FASHIONABLE
2912 1816 166 32 WINTER
3106 1815 132 33 DRESS
3261 1815 163 36 STUFFS,

2434 1893 67 31 And
2523 1892 235 33 TRIMMINGS
2780 1893 32 32 of
2829 1903 86 31 every
2935 1891 188 42 description.

2133 2074 138 74 MEN'S,
2311 2076 115 62 BOYS'
2463 2077 70 59 and
2567 2076 179 62 YOUTHS'
2784 2074 212 64 CLOTHING
3031 2074 38 61 in
3099 2074 146 62 Endless
3271 2074 151 75 Variety.

2279 2294 84 55 o

2540 2377 121 33 CLIFF
2683 2378 170 40 STREET,
2873 2380 150 35 LYELL.

2134 2520 140 66 The
2312 2520 364 76 Hampden
2721 2519 467 76 Co-operative
3231 2520 192 62 Store

2429 2617 362 76 Company,
2829 2615 312 64 Limited.

2133 2811 109 59 THE
2257 2811 84 30 above
2351 2811 146 37 Company
2505 2812 23 28 is
2541 2822 62 17 now
2614 2810 149 36 supplying
2775 2810 48 29 tho
2835 2809 142 37 following
2992 2808 85 37 goods
3087 2812 28 27 at
3126 2820 17 19 a
3156 2809 84 37 slight
3252 2809 122 30 advance
3388 2818 36 20 on

2603 2848 149 28 NELSON
2767 2848 187 27 PRICES:

2334 3086 36 27 Of
2381 3085 60 28 first
2454 3085 70 27 class
2537 3085 114 36 quality.
2688 3085 25 26 A
2725 3084 89 35 Large
2828 3085 55 26 and
2896 3084 102 28 Varied
3009 3084 176 28 Assortment
3198 3085 35 28 of

2131 3142 202 52 Crockery,
2370 3140 172 41 Earthen
2571 3140 76 40 and
2680 3140 229 47 Glassware,
2946 3140 281 54 Ironmongery,
3257 3142 80 47 &c.,
3360 3142 65 39 &c.

2133 3292 125 37 Men's
2292 3290 76 38 and
2404 3290 115 49 Boys'
2558 3288 273 51 Kaipoi-made
2879 3288 207 51 Clothing;
3133 3288 114 46 Hats,
3285 3290 139 46 Shirts,

2232 3342 357 50 Under-Flannels;
2645 3341 175 41 Drawers
2855 3341 73 41 and
2964 3340 145 51 Moles;
3151 3341 175 50 Tweeds,

2330 3398 176 52 Hosiery,
2529 3397 209 49 Blankets;
2769 3396 163 47 Calicos,
2955 3396 139 49 Prints,
3118 3398 91 38 Flan-

2542 3453 93 46 nels,
2657 3452 79 47 &c.,
2758 3452 65 39 &c.
2876 3452 144 38 Also

2295 3528 156 51 Wheat,
2498 3528 109 50 Oats,
2655 3527 115 50 Bran,
2805 3526 118 42 Chaff
2944 3526 76 41 and
3052 3526 193 42 Potatoes.

2168 3682 98 27 Orders
2279 3679 197 37 accompanied
2493 3679 37 35 by
2544 3678 64 28 cash
2622 3678 175 28 remittances
2814 3678 163 36 punctually
2996 3678 130 29 attended
3139 3682 38 31 to,
3191 3678 55 29 and
3264 3679 87 37 goods
3369 3679 43 28 des-

2133 3719 117 39 patched
2264 3725 28 22 at
2305 3727 15 20 a
2334 3720 139 26 moments
2485 3716 100 29 notice.

2167 3759 84 31 Local
2269 3758 129 39 produce,
2417 3756 142 38 including
2577 3755 104 37 Hides,
2702 3754 95 37 Skins,
2821 3753 97 38 Wool,
2937 3754 126 37 Butter,
3076 3756 57 36 &c.,
3147 3756 55 36 &c.,
3221 3754 154 40 purchased
3387 3754 41 33 for

2133 3800 82 26 Cash.

3012 3831 35 30 R.
3067 3831 131 36 M'NEE,
3217 3832 108 30 Lessee.

2168 3875 170 33 Murchison,
2352 3873 66 29 15th
2431 3872 85 35 June,
2531 3873 77 28 1885.

2711 4083 130 44 TKY

2211 4232 136 66 KI
2383 4232 82 65 R
2497 4229 744 69 KFATHIOK
3249 4233 15 31 3

2685 4576 87 57 JSL
2816 4584 94 49 S/I

2403 4831 75 39 IT
2554 4830 73 40 IS
2703 4829 154 41 THE
2932 4830 233 40 BEST.-

2803 5065 320 42 BELFAST
3173 5064 258 49 HOTEL,

2994 5136 113 28 GIBBS
3127 5136 120 29 TOWN.

2973 5188 187 30 Eight-Mile
3179 5189 89 30 Road.

2805 5262 109 53 rjIHE
2921 5263 186 38 undersigned
3115 5265 105 36 having
3227 5264 131 30 removed
3365 5264 69 28 from

2895 5315 66 28 Zala
2974 5317 86 27 Town
3073 5317 56 27 and
3142 5317 108 28 erected
3267 5327 61 17 new
3347 5327 70 26 prem-

2804 5361 53 28 ises
2877 5371 30 19 as
2927 5362 96 34 above,
3041 5363 24 28 is
3089 5373 63 19 now
3170 5364 134 38 prepared
3324 5369 27 23 to
3371 5364 65 27 offer

2804 5409 135 29 excellent
2980 5412 240 28 accommodation
3250 5416 28 25 to
3318 5412 117 31 visitors,

2805 5456 137 35 boarders,
2957 5458 55 28 and
3025 5458 47 29 the
3084 5459 92 37 public
3189 5459 151 37 generally.

2805 5550 76 28 Ales
2901 5550 102 29 Wines
3020 5560 56 19 and
3097 5553 111 28 Spirits
3232 5562 34 19 of
3290 5562 57 19 the
3369 5561 68 19 best

2956 5599 153 37 Qualities
3123 5609 71 20 only
3208 5609 80 21 kept.

2930 5694 155 56 Charges
3112 5696 191 41 Moderate.

2981 5818 126 28 PETER
3125 5817 245 32 ARMSTRONG,

3239 5865 164 32 Proprietor.

3635 204 118 32 Public
3778 206 149 31 Notices.

3661 289 248 28 NOTICE.

3463 367 39 27 To
3516 367 45 27 the
3576 365 175 30 inhabitants
3759 370 26 25 ol
3799 366 79 36 Lyell
3889 367 54 27 and
3954 367 129 28 surround-

3693 406 49 37 ing
3754 405 113 28 district.

3602 461 366 59 HENRY^YOUNG

3464 541 133 58 BEGS
3611 546 27 24 to
3653 542 125 28 intimate
3797 541 60 28 that
3878 541 34 28 he
3935 540 110 29 intends
4070 545 28 23 to

3560 584 67 23 start
3641 579 117 36 Baking,
3772 579 54 28 and
3839 579 35 35 by
3898 579 102 36 paying
4022 579 78 26 strict,

3464 619 133 26 attention
3612 623 26 22 to
3652 618 43 27 his
3717 618 123 27 business
3860 622 28 22 to
3911 616 81 28 merit
4013 626 16 18 a
4048 617 51 27 fair

3464 654 79 28 share
3558 656 29 26 of
3596 659 123 33 support.
3757 656 57 26 The
3827 656 73 35 price
3913 654 55 28 will
3980 654 33 28 be

3562 725 23 35 4
3589 711 48 39 lb.
3661 712 145 38 LOAF
3869 735 12 6 -
3938 710 61 50 gd.

3499 804 37 27 11.
3556 805 131 27 YOUNG
3701 805 109 27 intends
3824 810 28 22 to
3866 805 99 35 supply
3979 804 45 28 the
4033 812 66 25 very

3464 840 58 30 best
3535 842 105 37 quality
3650 842 30 29 of
3692 842 89 29 bread.
3819 843 23 27 A
3850 842 73 35 large
3934 846 164 24 assortment

3464 880 31 27 of
3515 880 81 28 small
3621 881 83 33 goods
3733 880 82 29 made
3845 890 82 27 every
3950 879 147 36 Saturday.

3466 918 122 39 Nothing
3610 919 49 30 but
3680 919 45 31 the
3751 920 57 29 best
3833 919 167 38 ingredients
4022 919 76 29 used,

3465 959 54 26 and
3532 960 162 35 everything
3707 960 58 26 sold
3780 964 27 22 at
3820 960 140 35 Westport
3972 959 96 34 prices.

3465 1042 197 28 CHRISTENING,
3693 1043 142 27 WEDDING,
3866 1044 55 19 AND
3958 1042 139 21 BIRTHDAY

3550 1082 86 19 CAKES
3654 1083 76 18 MADE
3749 1083 35 19 ON
3803 1083 56 18 THE
3878 1082 139 20 SHORTEST

3654 1121 130 20 POSSIBLE
3803 1121 110 20 NOTICE.

3499 1187 70 29 Note
3584 1187 45 29 the
3642 1188 119 29 Address

3464 1238 111 53 ALL
3596 1239 242 54 NATIONS
3867 1238 230 55 BAKERY

3535 1308 137 37 (Opposite
3686 1308 26 28 J.
3728 1308 89 38 Ryan,
3831 1308 196 37 Storekeeper.)

3572 1389 177 43 JAMES
3797 1390 188 49 INGLIS,

3467 1507 311 33 OHAEEBROKEE
3859 1511 234 30 COJIJIISSIUN

3678 1644 205 35 AGENT,

3539 1778 114 28 Cliff
3692 1778 158 31 Street,
3887 1779 140 27 Lyell.

3482 1867 127 38 POST
3652 1868 193 37 OFFICE
3889 1868 187 42 HOTEL,

3669 1926 219 26 LYELL.

3513 2021 224 40 PETER
3767 2022 280 40 MANGOS

3463 2085 142 69 BEGS
3625 2089 28 24 to
3666 2086 103 28 inform
3789 2085 44 28 his
3850 2086 104 28 triends
3975 2085 54 28 and
4052 2086 45 28 the

3566 2124 92 36 public
3680 2124 62 28 that
3767 2124 43 28 his
3829 2133 61 19 new
3911 2124 187 28 commodious

3633 2162 86 27 Hotel
3732 2163 23 26 is
3768 2171 63 18 now
3844 2171 80 26 open.

3460 2199 153 30 Travellers
3632 2199 54 30 and
3705 2201 110 28 visitors
3834 2204 28 25 to
3881 2199 55 30 this
3955 2199 131 30 establish

3494 2244 78 24 ment
3584 2240 57 28 will
3652 2240 58 27 find
3723 2240 72 28 their
3805 2240 118 28 comfort
3930 2240 56 27 and
3998 2249 48 19 con-

3528 2278 132 27 venience
3670 2278 168 36 thoroughly
3848 2277 129 28 attended
3990 2282 37 23 to.

3460 2316 58 29 The
3532 2316 146 29 bedrooms
3700 2326 46 19 are
3756 2317 79 35 lofty,
3849 2316 55 28 and
3917 2316 63 28 well
3993 2316 105 36 lighted

3662 2355 56 29 and
3738 2355 159 28 ventilated.

3495 2433 206 29 Comfortable
3731 2433 127 29 Parlors
3885 2441 55 19 and
3961 2433 85 29 First-

3678 2480 82 18 class
3777 2472 104 26 Table.

3478 2509 59 28 One
3560 2509 30 27 of
3610 2509 127 27 Alcock's
3751 2509 78 26 Prize
3842 2508 117 27 Billiard
3972 2508 107 28 Tables.

3460 2587 59 27 The
3532 2587 57 26 Bar
3600 2587 24 26 is
3637 2586 113 27 stocked
3760 2586 67 27 with
3842 2587 73 31 Ales,
4045 2587 55 26 and

3513 2625 99 38 Spirits
3624 2626 30 28 of
3670 2624 168 38 guaranteed
3856 2625 102 29 brands
3971 2625 74 37 only.

3494 2665 24 26 A
3536 2665 144 27 first-class
3701 2665 184 26 sixteen-stall
3898 2665 88 27 stable
3998 2666 75 26 iscon-

3460 2702 99 30 nected
3572 2702 69 29 with
3655 2702 56 29 this
3725 2702 86 29 hotel.

3713 2741 127 28 PETER
3863 2740 168 31 MANGOS,

3899 2779 155 36 Proprieor.

3591 2878 120 32 JOHN
3747 2877 226 39 PENNJSLL,

3466 2940 60 61 Q.
3537 2939 93 27 ENE
3640 2939 59 27 RA
3707 2939 23 27 L
3787 2939 314 62 gTOREKEEPER.

3552 3025 84 29 Wine
3655 3033 56 19 and
3731 3025 96 28 Spirit
3850 3025 171 27 Merchant.

3502 3137 104 37 Money
3624 3137 104 36 always
3749 3136 30 28 in
3800 3135 76 29 hand
3896 3136 43 28 for
3956 3135 114 38 cashing

3722 3175 128 35 cheques.

3500 3288 111 28 Liberal
3624 3288 136 28 advances
3773 3288 81 26 made
3871 3297 35 17 on
3920 3288 107 35 parcels
4040 3288 31 26 of

3681 3325 120 28 retorted
3814 3325 73 31 gold.

3608 3420 82 39 Cliff
3707 3420 122 46 Street,
3855 3420 108 48 Lyell.

3725 3538 196 65 NewChiim
3932 3538 175 79 Butchery

3841 3654 148 33 LYELL.

3561 3796 206 40 JAMES
3818 3795 184 44 EDGE,

3561 3884 120 29 HOLE
3690 3882 110 29 SALE
3836 3881 80 28 AND
3961 3881 143 28 RETAIL

3614 3960 339 33 BUTCHER.

3465 4074 99 30 Hotels
3577 4072 55 30 and
3645 4071 132 30 Families
3796 4069 101 30 waited
3920 4079 35 19 on
3969 4069 82 37 Daily
4064 4070 41 27 for

3731 4109 110 31 Orders.

3517 4228 76 29 Meat
3606 4224 147 31 Delivered
3772 4228 27 24 to
3813 4223 36 29 all
3869 4226 75 35 parts
3958 4224 26 28 of
4006 4223 46 29 the

3724 4263 125 28 District.

3467 4370 119 34 NEW
3631 4368 155 34 CHUM
3827 4367 121 31 BUTT
3960 4365 144 38 FIERY,

3535 4425 129 34 Opposite
3674 4421 153 29 Alhambra
3838 4420 94 31 Hotel,
3946 4420 87 35 Lyell.

3469 4527 291 62 JFOUNDED
3812 4526 73 40 ON
3944 4525 157 40 FACT!

3502 4669 44 27 Ist
3565 4666 84 37 lady:
3686 4664 101 28 Where
3812 4662 34 29 do
3875 4670 55 29 you
3961 4665 44 33 get
4034 4670 70 29 your

3469 4708 115 35 drapery
3603 4715 70 22 now,
3688 4704 79 33 Mary
3780 4704 12 27 '?

3502 4745 57 27 2nd
3585 4744 86 36 lady:
3707 4743 85 35 Why,
3822 4744 30 25 at
3880 4741 47 27 the
3957 4740 83 28 Hall
4070 4748 34 18 of

3469 4784 165 31 Commerce,
3649 4781 110 28 Nelson.

3503 4824 44 26 Ist
3560 4821 66 36 lady
3637 4830 8 19 :
3683 4820 72 28 How
3775 4817 160 37 beautifully
3954 4817 61 28 that
4029 4816 75 29 dress

3470 4861 45 28 fits
3527 4870 55 26 you
3593 4861 6 26 !
3638 4859 98 27 Where
3749 4868 56 17 was
3819 4856 59 28 that
3896 4856 79 28 made
3987 4858 12 25 ?

3503 4897 58 29 2nd
3573 4896 67 37 lady
3651 4906 8 18 :
3696 4897 37 26 At
3745 4896 34 26 E.
3792 4895 27 27 J.
3833 4894 127 28 Warner
3979 4896 20 25 &
4021 4894 81 31 Co.'s,

3470 4937 46 28 the
3531 4937 81 26 Hall
3625 4943 33 20 of
3671 4934 163 29 Commerce.

3505 4977 44 25 Ist
3561 4974 66 35 lady
3641 4983 9 17 :
3688 4973 73 27 How
3773 4981 63 18 ever
3848 4970 46 27 did
3907 4970 67 35 they
3987 4979 117 26 manage

3472 5017 28 25 to
3513 5012 31 30 fit
3551 5022 56 27 you
3615 5021 28 20 so
3654 5010 89 37 nicely
3759 5010 11 29 ?
3806 5009 80 29 Were
3896 5017 55 28 you
3961 5008 143 29 measured

3472 5054 41 26 for

3506 5089 57 29 2nd
3575 5087 66 38 lady
3652 5097 8 19 :
3699 5087 43 28 No
3753 5087 7 27 !
3797 5085 15 28 I
3826 5085 100 37 simply
3946 5088 61 25 sent
4028 5084 77 29 them

3473 5139 35 18 an
3521 5129 45 28 old
3580 5129 72 34 body
3666 5127 60 28 that
3746 5125 79 28 fitted
3838 5134 53 23 me,
3905 5125 41 27 for
3958 5134 14 18 a
3986 5128 117 32 pattern,

3473 5167 66 30 with
3554 5167 47 28 the
3614 5165 95 38 length
3724 5164 29 28 of
3762 5164 46 27 the
3822 5162 75 29 skirt.

3506 5208 43 28 Ist
3561 5205 86 37 lady:
3686 5203 53 30 Did
3758 5212 55 28 you
3824 5207 44 33 get
3881 5202 61 30 that
3954 5205 89 34 pretty
4057 5201 48 29 hat

3472 5245 76 27 there
3561 5245 56 25 also
3628 5245 13 25 ?

3506 5280 57 30 2nd
3576 5280 65 36 lady
3653 5288 7 19 :
3698 5278 64 34 Yes,
3775 5277 54 29 and
3846 5285 133 28 everyone
4000 5285 62 28 says
4085 5277 21 28 it

3472 5324 68 24 suits
3553 5329 44 17 me
3611 5328 28 17 so
3652 5318 78 27 well!

3507 5359 43 25 Ist
3575 5356 85 35 lady:
3711 5355 72 27 How
3807 5353 34 28 do
3866 5362 54 26 you
3946 5353 66 27 send
4036 5362 56 27 yoin-

3472 5396 93 28 orders
3579 5402 26 21 to
3618 5395 75 26 them
3706 5395 12 26 '?
3756 5393 42 28 l)o
3812 5393 65 34 they
3886 5390 64 28 send
3961 5396 121 32 patterns
4091 5393 12 26 '!

3507 5434 58 28 2nd
3578 5433 65 36 lady
3656 5442 8 17 :
3703 5432 52 27 Yes
3770 5431 5 28 !
3813 5431 14 27 I
3841 5430 62 36 pick
3916 5436 47 22 out
3977 5430 45 27 the
4033 5430 74 28 color

3475 5473 14 28 I
3502 5473 116 35 require,
3632 5471 53 28 and
3699 5470 64 36 they
3777 5468 80 29 make
3866 5469 21 27 it
3895 5469 28 27 in
3937 5478 15 18 a
3965 5468 50 28 few
4028 5468 77 35 days.

3509 5513 42 25 Ist
3565 5510 65 36 lady
3642 5519 8 18 :
3688 5510 52 26 Are
3751 5508 64 35 they
3827 5506 157 28 reasonable
3993 5508 29 26 in
4035 5506 71 28 their

3475 5548 114 33 charges
3600 5550 12 25 ?

3508 5586 58 27 2nd
3590 5585 85 35 lady:
3713 5583 62 31 Yes,
3800 5591 74 25 very.
3911 5581 14 27 I
3950 5581 58 27 find
4030 5581 76 28 them

3475 5623 188 36 considerably
3684 5622 116 37 cheaper
3821 5619 67 30 than
3909 5628 54 28 any
3985 5619 84 30 house
4092 5619 14 29 I

3476 5665 70 27 have
3560 5673 62 18 ever
3637 5663 72 27 dealt
3722 5661 74 27 with.

3510 5703 43 26 Ist
3578 5701 84 35 lady:
3707 5699 72 26 How
3803 5697 74 27 nice!
3915 5697 14 26 I
3954 5706 45 17 am
4024 5697 82 27 much

3476 5741 108 35 obliged
3598 5747 26 22 to
3637 5746 70 30 you;
3728 5736 63 33 and,
3805 5746 29 19 as
3849 5736 13 28 I
3882 5736 105 37 require
4010 5746 16 18 a
4048 5736 58 28 nice

3477 5786 120 21 costume
3619 5778 54 27 and
3697 5778 47 26 hat
3767 5780 38 23 tor
3827 5777 44 25 the
3894 5777 105 25 winter,
4015 5776 11 24 I
4052 5776 55 26 will

3477 5818 131 31 certainly
3634 5814 65 28 send
3720 5814 76 27 them
3820 5813 45 27 the
3886 5812 78 27 order
3986 5812 35 35 by
4043 5821 64 19 ncii

3477 5857 92 26 coach.
3608 5856 76 26 Goou
3698 5852 163 28 bvAlarv.
3885 5863 40 16 'oo
3935 5852 8 26 I
3960 5861 57 21 .'VI-.
