4198 6020
159 198 121 33 WHAT
301 198 188 33 HANGING
511 198 39 34 IS
571 198 109 33 LIKE.

164 284 57 41 [By
242 285 63 31 One
326 284 77 32 Who
424 284 64 33 Has
509 284 94 32 Tried
624 284 54 41 It.]

146 336 63 33 The
225 337 149 41 following
388 341 123 28 account
526 337 31 32 of
575 337 50 32 the
640 347 80 22 sensa-

106 381 79 32 tions
219 381 32 33 of
274 381 132 42 hanging
433 381 24 32 is
491 384 66 29 sent
590 392 40 30 up
657 380 37 43 by
722 393 17 19 a

106 426 228 40 correspondent
359 426 66 30 who
447 426 24 30 is
495 436 17 19 a
526 425 132 31 member
679 426 32 30 of
722 436 16 20 a

108 468 70 33 kind
212 469 32 33 of
276 475 17 12 44
306 469 109 33 suicide
588 468 58 33 and
680 480 59 21 was

107 513 138 40 actually,
273 513 38 31 he
339 524 75 29 says,
449 513 96 40 partly
572 513 83 39 hung
689 513 49 31 the

107 556 84 34 other
213 555 66 45 day,
294 556 31 34 in
350 555 50 35 the
421 567 138 33 presence
574 555 32 36 of
628 557 111 34 several

105 602 170 30 friends:—

148 645 24 32 A
200 644 75 43 good
302 646 80 31 stout
406 654 67 32 rope
501 643 59 34 had
587 644 74 34 been
690 644 32 34 ob-

106 689 111 31 tained.
259 689 72 31 This
346 699 58 21 was
419 689 131 40 securely
564 689 132 31 fastened
708 693 31 27 to

108 731 49 33 the
172 731 105 33 rafters
291 732 31 33 of
334 731 50 34 the
398 731 74 33 barn
496 731 73 34 roof.
611 731 14 33 I
640 732 100 43 pulled

107 781 31 26 at
160 777 51 31 the
235 788 70 28 rope
329 777 71 31 with
422 786 50 30 my
486 776 95 31 hands
603 780 30 29 to
654 778 86 30 make

107 828 67 21 sure
199 818 66 32 that
284 819 24 31 it
321 818 96 32 would
437 821 53 30 not
513 818 100 32 break.
654 819 86 31 Then

106 860 16 34 I
137 861 156 42 permitted
317 861 107 44 myself
445 864 31 31 to
500 861 36 33 be
560 861 180 34 blindfolded

108 903 59 35 and
191 906 141 33 mounted
360 917 38 21 on
426 918 16 20 a
470 906 92 33 chair.
604 907 59 32 For
690 907 50 32 the

108 952 142 35 moment,
266 950 14 31 I
295 950 102 37 admit,
413 950 14 32 I
442 960 59 21 was
521 950 82 32 weak
623 950 117 41 enough

109 996 30 29 to
167 997 70 28 turn
263 993 66 41 pale
353 994 58 31 and
439 993 133 33 tremble.
614 993 16 32 I
658 1005 81 25 soon,

108 1036 144 41 however,
287 1037 153 35 recovered
466 1048 51 33 my
546 1049 139 32 presence
713 1038 31 34 of

108 1082 94 32 mind.
244 1083 123 40 Putting
381 1094 49 30 my
444 1083 75 32 head
540 1084 129 38 through
691 1084 50 31 the

109 1135 99 27 noose,
232 1126 14 31 I
270 1135 72 31 gave
357 1125 50 33 the
430 1126 106 41 signal.
578 1126 15 31 I
617 1126 52 33 felt
691 1126 50 32 the

109 1169 82 33 chair
215 1169 100 34 drawn
329 1169 76 35 from
429 1170 93 33 under
546 1181 58 23 me.
646 1169 95 35 There

110 1225 59 20 was
194 1225 18 20 a
235 1218 82 36 great
328 1215 75 40 jerk,
419 1215 58 31 and
491 1215 15 31 I
520 1216 53 31 felt
593 1225 18 21 a
631 1216 110 31 violent

109 1257 70 41 pain
203 1257 31 32 in
249 1267 49 33 my
312 1257 83 39 neck,
411 1267 32 23 as
463 1258 114 42 though
592 1268 50 33 my
666 1258 79 33 scarf

109 1301 59 33 had
183 1301 40 33 all
237 1302 32 33 of
287 1312 16 22 a
318 1302 111 33 sudden
444 1301 118 35 become
583 1305 49 31 too
653 1303 87 41 tight.

110 1346 72 32 Now
206 1357 97 21 comes
317 1346 50 32 the
382 1348 78 30 most
484 1346 116 33 curious
623 1351 66 37 part
713 1348 32 32 of

109 1399 50 32 my
173 1389 180 42 experience.
395 1390 82 33 After
491 1390 50 33 the
555 1390 65 33 first
634 1390 108 42 feeling

109 1434 32 32 of
163 1437 121 35 torture,
310 1433 106 39 which,
442 1435 15 32 I
481 1435 102 38 admit,
609 1446 60 21 was
693 1435 32 33 de-

109 1477 114 42 cidedly
249 1488 108 26 severe,
386 1479 15 31 I
425 1478 58 32 lost
510 1479 230 31 consciousness.

111 1520 14 33 I
156 1520 116 34 seemed
299 1524 30 31 to
356 1521 36 34 be
419 1522 185 42 transported
634 1522 64 34 into
726 1533 17 22 a

110 1576 64 21 new
195 1566 99 36 world,
317 1577 80 22 more
414 1567 143 31 beautiful
577 1567 74 31 than
672 1577 52 31 any-

110 1608 87 43 thing
218 1609 148 42 imagined
380 1609 38 45 by
439 1609 50 35 the
510 1612 92 41 poets.
644 1609 16 34 I
682 1620 59 23 was

111 1654 176 42 swimming,
316 1655 186 43 methought,
531 1656 31 33 in
590 1667 17 21 a
637 1667 50 22 sea
714 1656 32 33 of

111 1699 49 32 oil.
221 1700 63 32 The
318 1700 107 42 feeling
468 1711 60 22 was
569 1701 174 42 exquisitely

111 1743 150 33 delicious.
317 1745 39 31 As
390 1745 15 31 I
439 1754 90 22 swam
560 1745 91 42 easily
685 1745 58 32 and

112 1782 124 39 witliout
268 1788 85 33 effort
397 1788 128 44 through
566 1789 50 33 the
650 1788 93 44 liquid

112 1843 88 26 mass,
230 1833 14 31 I
280 1834 115 31 noticed
423 1834 62 31 afar
515 1834 43 32 off
582 1844 38 21 an
647 1834 96 32 island

110 1877 33 32 of
167 1875 51 35 the
245 1879 77 31 most
346 1877 128 42 glorious
498 1877 130 35 emerald
654 1888 89 32 green

111 1921 30 31 in
169 1921 89 32 color.
300 1921 72 31 This
399 1922 23 32 it
449 1933 59 20 was
536 1933 50 30 my
612 1922 74 32 wish
713 1926 31 29 to

110 1963 98 34 reach.
250 1964 15 33 I
279 1975 91 22 swam
381 1965 89 44 lazily
484 1965 57 33 and
556 1966 188 43 contentedly

112 2020 47 21 011.
202 2009 63 33 The
277 2020 48 22 sea
334 2010 69 42 kept
414 2022 86 31 every
510 2011 114 32 instant
635 2011 90 42 chang-

112 2053 38 31 its
176 2053 69 37 hue,
274 2053 113 41 though
415 2055 24 31 it
465 2055 151 31 remained
640 2055 32 32 of
693 2055 50 32 the

112 2107 81 21 same
217 2096 156 33 substance
395 2097 191 42 throughout.
629 2098 39 32 At
688 2108 56 23 one

112 2140 113 33 instant
252 2140 23 33 it
302 2152 60 21 was
392 2152 17 22 a
436 2152 80 23 mass
550 2142 31 33 of
605 2143 77 40 gold,
712 2153 32 23 as

112 2185 113 42 though
237 2186 50 32 the
298 2196 56 22 sun
366 2197 74 22 were
451 2186 120 41 shining
581 2187 163 42 brilliantly

110 2237 39 25 on
171 2229 33 32 it.
247 2229 62 33 The
333 2232 71 31 next
428 2233 133 30 moment
587 2230 24 33 it
639 2241 59 22 was
726 2241 17 22 a

111 2273 77 31 vivid
203 2272 170 40 blood-red;
395 2274 53 33 but
470 2274 82 33 there
576 2284 59 22 was
656 2275 68 32 noth-

111 2317 51 41 ing
176 2316 118 34 terrible
317 2328 32 22 or
362 2317 165 42 disgusting
541 2318 31 32 in
593 2318 60 33 this
677 2329 65 23 new

111 2362 90 32 color.
242 2361 29 33 It
294 2361 69 42 kept
385 2362 157 42 changing,
568 2362 31 33 in
620 2362 68 38 fact,
712 2366 31 31 to

111 2405 39 32 all
174 2404 51 33 the
247 2404 74 34 hues
345 2406 31 33 of
397 2406 52 33 the
472 2406 141 38 rainbow,
638 2406 104 43 yellow

110 2449 59 30 and
193 2449 50 31 red
257 2449 88 41 being
358 2449 51 32 the
429 2450 207 40 predominant
658 2451 83 31 tints.

110 2492 15 32 I
139 2493 51 42 got
200 2503 103 23 nearer
315 2493 57 33 and
383 2503 103 24 nearer
496 2495 30 33 to
534 2493 51 35 the
596 2493 64 35 isle.
701 2494 41 34 As

110 2538 15 32 I
140 2538 183 40 approached
337 2539 24 32 it
375 2538 82 33 there
472 2549 111 31 sprung
602 2542 53 29 out
675 2540 50 31 sud-

111 2581 88 43 denly
221 2581 75 34 from
320 2582 51 33 the
390 2582 114 43 ground
528 2592 17 23 a
564 2582 127 34 number
715 2582 32 36 of

112 2627 102 39 people
248 2627 149 40 strangely
440 2627 170 37 transfixed,
644 2628 99 32 whose

113 2669 77 33 faces
214 2669 115 33 seemed
343 2671 31 32 to
388 2669 35 34 be
447 2669 107 34 known
578 2672 30 32 to
630 2679 58 25 me.
729 2669 16 34 I

113 2716 32 29 at
171 2713 59 32 last
255 2714 124 33 reached
407 2714 51 33 the
487 2714 82 33 land.
611 2715 25 32 A
663 2725 61 32 mag-

113 2757 123 33 nificent
259 2757 107 34 chorus
379 2757 32 35 of
431 2757 105 40 voices,
560 2757 114 35 human
687 2759 60 33 and

115 2803 85 32 those
221 2802 32 33 of
263 2803 90 37 birds,
374 2803 84 33 burst
478 2804 89 32 forth.
609 2804 16 32 I
648 2804 97 33 closed

115 2856 50 32 my
179 2855 66 34 eyes
259 2846 32 33 in
305 2848 123 42 ecstasy.
468 2846 16 34 I
507 2846 108 35 floated
639 2847 108 44 calmly

116 2902 37 21 on
169 2893 30 31 to
214 2890 49 33 the
277 2890 96 39 shore,
388 2891 59 32 and
460 2891 49 42 lay
529 2903 33 21 as
585 2903 17 21 a
622 2892 80 33 child
715 2893 32 31 in

115 2936 38 30 its
167 2935 107 38 cradle,
289 2935 122 43 slightly
434 2935 156 34 weakened
614 2937 85 38 from,
715 2947 32 23 as

115 2978 14 30 I
152 2979 154 39 supposed,
332 2979 51 32 the
410 2980 173 40 enervating
609 2980 85 31 effect
718 2980 32 33 of

114 3020 51 34 the
190 3020 58 44 oily
262 3024 109 31 matter
384 3021 31 34 in
439 3022 97 33 which
550 3022 16 33 I
589 3022 60 34 had
673 3022 75 35 been

113 3065 179 42 swimming.
347 3065 40 33 At
413 3065 59 34 last
503 3066 17 33 I
553 3067 112 42 opened
698 3078 51 33 my

113 3121 79 28 eyes.
234 3109 64 33 The
311 3110 96 41 magic
421 3110 103 33 charm
538 3121 61 22 was
622 3114 31 30 at
675 3121 72 23 once

113 3151 152 41 dispelled.
298 3152 62 33 The
371 3152 98 33 divine
477 3152 146 44 harmony
633 3154 112 33 ceased.

113 3195 64 34 The
204 3195 78 34 faces
306 3207 74 22 were
407 3196 62 33 still
495 3198 121 42 peering
642 3200 31 31 at
700 3209 47 22 me

113 3239 72 33 with
199 3251 38 22 an
252 3241 168 42 expression
435 3241 32 34 of
487 3252 87 33 eager
597 3242 150 44 curiosity,

111 3285 54 32 but
179 3285 15 33 I
208 3286 151 41 perceived
379 3286 67 33 that
465 3286 71 42 they
559 3286 144 44 belonged
717 3291 30 30 to

112 3328 50 33 the
190 3329 147 32 members
364 3330 33 32 of
419 3340 55 23 our
508 3330 119 42 society.
682 3331 64 32 The

111 3372 70 41 pain
204 3372 32 32 in
260 3382 51 33 my
334 3373 74 32 neck
428 3383 61 23 was
512 3376 93 39 great.
647 3374 15 33 I
686 3384 60 23 was

111 3427 66 23 now
191 3416 32 34 in
237 3417 93 35 entire
345 3418 166 42 possession
525 3418 32 35 of
572 3430 51 33 my
637 3430 109 24 senses.

113 3462 51 40 My
191 3462 110 31 friends
327 3463 60 30 had
414 3463 181 42 fortunately
621 3467 51 29 cut
698 3474 49 21 me

112 3504 85 33 down
211 3504 31 33 in
257 3504 82 35 time.
381 3505 16 33 I
411 3516 59 22 was
493 3505 61 34 still
576 3505 172 35 weak—too

112 3549 81 33 weak
216 3552 30 30 to
270 3552 31 30 at
324 3561 73 22 once
423 3550 108 34 relieve
554 3561 50 31 my
627 3551 120 33 friends'

112 3592 149 43 curiosity.
303 3593 99 33 When
416 3594 14 32 I
445 3603 60 23 was
520 3593 65 34 able
607 3596 32 32 to
660 3595 88 43 speak

113 3637 15 34 I
144 3637 61 34 told
219 3638 82 34 them
316 3649 50 31 my
383 3639 197 42 experiences.
621 3639 127 42 Though

114 3681 15 31 I
143 3682 79 31 drew
236 3692 17 20 a
266 3682 157 40 charming
436 3683 113 40 picture
564 3683 32 31 of
607 3683 51 31 the
677 3683 72 31 bliss

113 3723 98 33 which
239 3723 15 33 I
280 3724 60 32 had
367 3724 63 39 felt,
458 3728 54 30 not
533 3735 56 23 one
613 3725 32 33 of
666 3726 83 33 them

113 3767 98 33 would
225 3770 123 31 consent
362 3771 31 34 to
413 3771 47 41 try
484 3779 50 33 my
555 3769 192 43 experiment.

115 3812 83 42 They
212 3812 40 33 all
265 3813 171 33 considered
444 3824 50 31 my
503 3814 127 33 conduct
640 3814 108 39 heroic,

114 3855 54 33 but
182 3855 164 44 absolutely
360 3857 116 33 refused
490 3860 31 31 to
541 3858 129 34 emulate
691 3869 58 24 me.

115 3900 83 42 They
212 3900 63 33 said
289 3901 15 32 I
318 3901 105 32 looked
437 3913 32 21 so
482 3902 139 41 ghastly!

246 3994 136 33 KRUPP
403 3994 215 34 HAMMERS.

157 4087 96 33 There
277 4087 25 33 is
326 4097 18 23 a
370 4088 117 33 curious
514 4089 180 43 personality
720 4090 32 33 in

117 4132 161 36 hammers,
300 4131 59 32 and
379 4132 150 33 workmen
551 4133 58 33 like
633 4137 31 31 to
686 4135 66 42 give

117 4175 83 32 them
234 4186 113 22 names.
389 4176 95 33 There
516 4187 48 22 are
591 4179 38 31 82
657 4181 94 30 steam

117 4219 152 31 hammers
282 4218 31 32 in
327 4219 51 31 the
392 4219 104 42 Krupp
514 4220 104 38 works,
633 4222 32 32 of
676 4222 75 33 from

118 4262 88 33 4001b
216 4261 108 43 weight
333 4265 31 31 to
375 4262 64 44 fifty
450 4265 76 32 tons.
569 4264 63 35 The
643 4265 109 45 largest

117 4307 25 33 is
324 4307 98 35 whose
436 4309 65 43 fifty
515 4313 68 31 tons
596 4311 52 33 fall
662 4323 38 22 on
712 4323 39 23 an

119 4352 79 30 anvil
205 4352 58 30 and
272 4352 179 33 anvil-block
460 4353 148 42 weighing
618 4356 134 40 together

120 4396 77 30 1250
211 4397 77 35 tons,
303 4394 82 34 these
399 4396 113 42 resting
531 4407 39 23 on
591 4407 17 22 a
629 4398 104 33 founda-

118 4439 63 32 tion
197 4438 49 34 100
246 4438 33 34 ft
302 4438 83 43 deep.
426 4440 64 34 The
504 4443 71 32 next
595 4441 32 34 in
648 4442 58 34 size
726 4443 26 34 is

295 4484 29 32 It
337 4485 96 31 would
446 4486 116 41 require
581 4497 18 21 a
612 4490 68 38 poet
693 4488 59 32 like

118 4527 64 31 him
210 4526 66 32 who
303 4537 74 31 sang
406 4528 51 32 the
531 4529 81 41 Song
639 4530 32 32 of
701 4531 51 32 the

237 4570 111 44 rightly
371 4573 31 30 to
425 4571 131 34 describe
580 4572 51 35 the
653 4574 98 34 action

119 4615 33 32 of
336 4616 58 32 and
408 4615 16 33 I
438 4616 37 34 do
489 4619 52 31 not
555 4619 117 33 wonder
686 4619 66 34 that

119 4660 51 30 the
192 4660 155 39 Emperor,
370 4670 39 22 on
433 4661 47 31 his
502 4662 68 31 visit
584 4662 80 37 here,
687 4673 48 31 pre-

119 4702 102 33 sented
248 4702 52 33 the
333 4702 111 34 worker
475 4704 32 33 of
530 4704 60 34 this
617 4705 135 35 hammer

117 4746 72 31 with
215 4758 15 19 a
260 4747 106 32 watch.
407 4748 15 31 I
450 4748 139 33 observed
640 4751 81 31 Fritz

119 4789 44 33 for
177 4801 81 23 some
272 4789 71 35 time
358 4793 31 31 at
406 4791 80 34 work
506 4802 79 33 upon
607 4793 51 35 the
679 4793 73 36 steel

119 4839 75 27 stem
229 4836 32 32 of
285 4847 38 20 an
350 4837 141 32 Austrian
517 4838 154 37 iron-clad,
700 4840 50 31 the

119 4878 168 32 Ferdinand
302 4878 80 33 Max.
424 4879 63 33 The
501 4881 91 32 metal
603 4891 59 23 was
676 4882 75 33 from

119 4934 55 22 one
201 4923 124 44 casting,
350 4923 126 35 without
502 4936 81 24 seam
607 4937 33 23 or
666 4927 84 41 weld,

119 4969 64 33 45ft
216 4969 70 41 long
319 4970 59 32 and
411 4970 32 33 of
470 4972 180 41 twenty-five
684 4976 68 31 tons

119 5013 118 41 weight.
279 5014 80 31 Four
372 5024 69 22 men
455 5014 72 33 with
547 5015 71 42 long
637 5016 113 43 clamps

120 5057 145 42 managed
292 5057 60 33 this
382 5057 118 36 red-hot
531 5070 91 27 mass,
650 5071 102 33 swung

120 5112 68 20 over
221 5102 50 32 the
305 5103 80 31 anvil
413 5103 38 41 by
478 5113 17 22 a
528 5114 98 22 crane.
668 5105 83 41 They

121 5145 105 32 turned
240 5143 23 34 it
276 5145 112 43 readily
401 5146 60 32 this
472 5156 64 33 way
545 5147 58 32 and
614 5147 75 39 that,
702 5148 50 33 the

119 5188 132 33 foreman
266 5200 90 31 pause
370 5190 131 42 uttering
514 5201 17 22 a
546 5191 96 42 signal
655 5192 96 33 which

153 5233 80 33 Fritz
285 5234 187 39 understood,
494 5236 166 42 answering
680 5237 71 33 with

121 5288 16 20 a
152 5278 56 32 soft
223 5280 60 40 tap,
298 5289 33 22 or
345 5289 17 22 a
372 5280 98 40 gentle
481 5290 143 31 pressure,
637 5292 34 22 or
680 5282 71 33 with

120 5331 39 22 an
173 5322 190 41 earthquake.
404 5323 16 32 I
434 5333 59 22 was
507 5324 116 33 curious
647 5327 31 31 to
702 5336 47 22 see

119 5364 51 33 the
198 5365 179 33 anvil-block
403 5367 97 31 which
527 5369 223 40 supplemented

119 5407 51 32 the
185 5408 103 42 ability
302 5409 31 31 of
344 5408 50 32 the
408 5410 84 32 earth
506 5412 31 32 to
551 5412 114 32 sustain
679 5414 72 31 such

120 5450 105 35 shocks
240 5452 128 42 through
383 5463 18 22 a
414 5454 103 41 length
538 5455 33 33 of
587 5456 82 38 time,
693 5459 59 31 and

120 5505 59 23 was
193 5497 148 40 presently
355 5497 102 32 shown
470 5508 56 22 one
547 5499 106 37 which,
679 5500 73 33 after

120 5541 179 39 twenty-one
326 5551 84 29 years
436 5541 32 32 of
498 5542 167 42 thumping,
693 5544 59 32 had

119 5583 122 33 cracked
263 5584 127 42 straight
404 5584 128 42 through
547 5586 75 33 from
647 5591 50 39 top
721 5591 31 32 to

120 5628 124 36 bottom,
259 5629 129 40 possibly
401 5630 127 31 beneath
550 5641 80 22 some
653 5634 99 37 gentle

119 5671 97 32 stroke
241 5671 95 32 which
364 5682 60 21 was
439 5672 50 33 the
504 5673 57 32 last
585 5674 113 34 feather
722 5678 30 30 to

119 5715 89 31 break
222 5715 38 31 its
274 5716 77 40 huge
366 5717 83 31 back.
491 5718 103 40 Krupp
608 5718 68 32 does
700 5724 52 28 not

119 5758 85 32 make
231 5759 94 41 plates
352 5760 45 31 for
423 5760 155 38 ironclads,
603 5761 52 33 but
683 5764 69 41 only

119 5802 71 33 such
218 5805 81 39 parts
328 5814 31 22 as
383 5805 96 42 might
507 5805 35 34 be
569 5807 110 33 needed
707 5809 43 32 for

117 5848 137 39 ordinary
268 5848 90 39 ships.

867 200 123 33 KNEW
1012 199 95 34 HOW
1129 200 40 33 IT
1191 200 98 33 WAS.

806 280 23 31 A
849 290 70 32 very
938 280 94 43 funny
1054 292 95 27 scene,
1175 281 32 32 of
1226 280 96 34 which
1348 280 50 33 the

767 325 70 31 Rev.
854 325 52 32 Dr.
923 325 128 32 Howard
1067 326 109 41 Crosby
1191 336 59 22 was
1265 326 50 32 the
1333 336 48 22 cen-

766 369 57 31 tral
838 369 102 41 figure,
957 370 137 32 occurred
1109 381 17 21 a
1140 371 55 32 few
1209 370 71 42 days
1295 381 55 31 ago
1368 370 31 32 in

766 424 17 20 a
798 414 113 31 Fourth
924 415 118 30 Avenue
1054 426 60 19 car.
1155 415 63 30 The
1230 416 101 29 doctor
1342 416 58 29 and

766 468 80 22 some
861 457 91 33 ladies
966 457 59 33 had
1036 458 64 42 just
1114 457 88 34 taken
1218 458 76 33 their
1312 461 86 35 seats,

767 501 85 31 when
875 512 17 20 a
919 513 71 19 man
1018 503 66 30 who
1111 513 60 20 was
1197 503 203 39 considerably

767 544 93 35 under
875 544 50 34 the
939 544 145 35 influence
1100 544 31 35 of
1152 544 96 44 liquor
1272 544 128 35 boarded

766 591 50 30 the
832 602 57 24 car,
903 591 58 30 and
973 595 45 27 sat
1027 591 85 31 down
1124 591 131 39 (apposite
1266 594 30 28 to
1306 591 93 31 them.

767 633 56 32 His
830 633 125 33 conduct
962 644 71 22 soon
1040 633 119 33 became
1166 633 100 33 rather
1277 633 107 33 boister-

767 689 62 25 ous,
850 678 58 31 and
932 680 58 30 two
1014 689 69 20 men
1108 678 65 31 who
1198 680 46 28 sat
1267 689 71 21 near
1363 678 38 40 by

767 720 94 42 began
877 725 30 27 to
921 731 91 21 swear
1027 724 30 28 at
1070 720 64 33 him
1149 720 58 31 and
1222 720 137 33 threaten
1370 723 31 30 to

767 769 53 36 put
833 765 63 31 him
911 765 48 32 off.
1011 765 73 31 This
1103 765 149 40 naturally
1275 765 49 32 did
1348 770 53 27 not

767 808 129 39 improve
911 810 131 32 matters,
1059 808 58 29 and
1132 807 43 30 Dr
1195 807 119 40 Crosby,
1340 818 45 20 see-

767 850 51 41 ing
851 850 66 32 that
943 849 51 33 the
1022 849 91 33 ladies
1140 860 75 23 were
1243 850 156 42 becoming

767 894 175 42 frightened,
971 894 143 41 signalled
1142 894 51 33 the
1224 898 57 29 two
1315 895 86 32 sober

767 949 69 21 men
851 941 30 29 to
895 941 66 38 stop
974 938 78 31 their
1066 938 183 41 tantalising,
1265 938 87 32 while
1363 939 37 32 he

767 986 78 28 went
868 993 67 21 over
959 982 59 30 and
1042 985 46 28 sat
1112 981 85 33 down
1224 982 98 32 beside
1350 983 51 31 the

767 1025 135 33 drunken
916 1035 80 23 man.
1039 1025 83 33 After
1134 1025 49 34 the
1195 1025 135 34 minister
1341 1025 60 34 had

767 1071 110 41 spoken
905 1082 17 19 a
950 1071 54 31 few
1031 1072 95 31 words
1153 1072 31 30 in
1212 1072 46 31 his
1286 1082 50 21 ear
1363 1072 38 31 he

768 1114 121 40 stopped
903 1113 47 32 his
964 1113 91 37 noise,
1072 1114 57 31 and
1144 1114 51 31 the
1209 1114 101 32 doctor
1324 1117 78 28 went

768 1157 73 34 back
856 1160 30 32 to
900 1157 46 33 his
961 1160 71 31 seat.
1084 1157 58 35 For
1164 1159 102 42 nearly
1291 1169 16 22 a
1331 1157 70 34 mile

768 1203 114 32 further
908 1203 50 30 the
986 1203 96 31 fellow
1108 1204 142 30 travelled
1277 1204 125 30 without

767 1246 51 32 the
845 1246 75 32 least
947 1246 197 37 disturbance,
1174 1246 58 31 and
1259 1246 72 32 then
1359 1246 43 32 Dr

769 1289 110 44 Crosby
893 1300 59 23 saw
966 1289 66 34 that
1046 1289 37 34 he
1097 1290 117 34 wanted
1228 1293 30 31 to
1277 1293 49 39 get
1340 1293 61 31 out.

769 1335 46 32 He
844 1334 142 41 signalled
1013 1338 31 29 to
1070 1334 51 32 the
1146 1335 169 36 conductor,
1345 1334 57 32 and

768 1378 51 32 the
833 1389 49 22 car
905 1377 130 43 stopped.
1088 1377 62 33 The
1173 1378 134 32 drunken
1331 1387 71 22 man

769 1433 65 23 rose
851 1423 75 33 from
948 1421 46 34 his
1019 1425 72 36 seat,
1117 1422 53 33 but
1191 1422 98 34 before
1314 1422 89 43 going

769 1470 52 29 out
835 1467 106 31 turned
955 1467 126 32 towards
1094 1467 47 31 his
1155 1467 60 31 late
1224 1469 178 29 tormentors

769 1510 71 32 with
856 1519 16 23 a
887 1512 77 31 most
978 1509 129 34 horrible
1121 1510 102 38 frown,
1248 1510 58 32 and
1330 1509 72 33 then

769 1555 120 40 stepped
904 1566 67 21 over
985 1557 30 30 to
1030 1555 44 32 Dr
1094 1555 121 40 Crosby,
1230 1555 88 31 while
1333 1565 68 22 over

768 1597 48 33 his
827 1598 61 33 face
903 1598 103 42 spread
1021 1608 17 22 a
1051 1597 145 39 maudlin,
1211 1597 100 34 idiotic
1326 1598 75 42 grin.

769 1643 122 43 Patting
905 1643 50 34 the
969 1643 135 34 minister
1128 1654 38 23 on
1190 1642 51 35 the
1265 1643 138 34 shoulder

769 1690 58 31 two
841 1699 32 22 or
887 1687 83 34 three
984 1689 97 37 times,
1096 1688 38 33 he
1149 1688 72 37 said,
1239 1688 32 32 in
1296 1699 16 20 a
1334 1699 69 31 very

770 1731 117 33 audible
901 1734 79 36 tone,
1035 1733 108 32 You're
1162 1743 17 21 a
1201 1733 75 41 good
1299 1732 84 32 feller
1395 1743 7 28 ;

769 1776 16 34 I
799 1787 86 32 guess
899 1787 57 33 you
970 1776 86 35 know
1065 1777 67 34 how
1142 1776 70 33 tis'h

882 1871 212 36 AMERICAN
1116 1870 177 37 BUBBLE.

786 2010 5 5 .
810 1978 63 34 The
888 1978 110 34 United
1014 1978 99 35 States
1127 1978 84 44 Navy
1224 1978 25 33 is
1261 1978 143 33 admitted

770 2026 53 30 not
832 2024 90 32 much
930 2023 95 33 better
1031 2024 75 33 than
1112 2034 17 21 a
1136 2024 139 40 standing
1284 2023 102 32 absurd-

770 2067 43 41 ity
825 2077 7 27 ;
854 2077 73 21 even
941 2067 139 37 Victoria,
1096 2067 72 31 with
1183 2067 38 31 its
1235 2067 115 32 million
1375 2067 32 31 of

770 2111 181 41 population,
967 2121 55 23 can
1036 2111 87 33 make
1137 2121 18 22 a
1168 2111 104 33 decent
1282 2110 81 34 show
1373 2110 32 33 in

770 2155 52 33 the
836 2166 63 32 way
913 2156 33 32 of
956 2155 87 33 naval
1057 2156 134 33 defences
1206 2156 38 42 by
1268 2155 50 33 the
1343 2155 61 33 side

771 2200 32 32 of
814 2199 50 33 the
878 2202 83 37 great
985 2199 158 33 American
1166 2199 144 42 Republic
1333 2199 72 32 with

770 2243 38 32 its
816 2244 178 37 50,000,000
1000 2243 31 33 of
1038 2243 113 42 people.
1193 2243 111 33 Cousin
1315 2243 72 33 Jona-

770 2286 100 34 than's
883 2297 78 31 navy
974 2288 26 31 is
1013 2287 51 32 the
1078 2287 101 33 victim
1193 2287 33 33 of
1237 2297 17 22 a
1263 2287 73 32 false
1347 2286 59 33 and

770 2330 84 34 short
880 2330 116 42 sighted
1019 2342 153 31 economy,
1197 2330 51 35 the
1272 2333 81 40 sport
1377 2331 32 33 of

769 2375 216 42 unscrupulous
1008 2375 243 42 money-making
1273 2380 116 28 contrac-

770 2422 70 35 tors,
856 2419 59 33 and
929 2418 50 34 the
993 2418 68 34 butt
1077 2419 33 34 of
1129 2420 121 40 general
1272 2419 133 33 ridicule.

770 2462 63 33 The
981 2462 80 33 York
1249 2462 70 32 thus
1343 2462 47 32 des-

770 2506 94 35 cribes
878 2517 56 24 one
950 2505 31 35 of
992 2505 51 35 the
1057 2506 89 35 latest
1155 2505 146 36 additions
1312 2508 31 34 to
1353 2505 52 35 the

931 2551 64 33 The
1009 2562 65 22 new
1088 2552 66 40 ship
1179 2551 150 38 Mohican,
1352 2551 51 32 the

770 2595 82 43 pride
866 2595 59 34 and
939 2595 83 43 glory
1035 2595 33 35 of
1078 2595 52 35 the
1141 2595 158 34 American
1310 2595 95 34 Naval

770 2640 88 36 force,
873 2639 56 31 has
951 2640 87 31 made
1062 2639 54 32 her
1139 2639 69 32 trial
1226 2639 69 40 trip,
1346 2639 60 31 She

773 2681 127 36 reached
913 2681 54 35 her
980 2681 179 35 destination
1174 2684 30 32 at
1217 2681 68 40 last,
1310 2681 96 35 which

772 2738 82 23 more
867 2728 76 32 than
956 2728 51 32 the
1021 2730 78 30 most
1113 2728 144 41 sanguine
1268 2728 139 41 expected

771 2772 54 34 her
852 2774 31 33 to
906 2772 47 34 do.
1006 2772 60 34 She
1089 2772 111 34 started
1223 2772 76 34 from
1324 2772 83 33 Mare

772 2817 103 31 Island
889 2817 84 41 Navy
986 2817 80 31 Yard
1076 2816 32 32 in
1123 2826 17 22 a
1153 2826 70 31 very
1243 2816 164 32 handsome

772 2860 85 44 style,
873 2860 59 34 and
944 2859 149 45 ploughed
1106 2860 52 35 the
1181 2859 96 43 rough
1300 2862 105 31 waters

773 2906 32 33 of
817 2906 61 33 San
893 2905 157 33 Francisco
1064 2905 65 42 Bay
1141 2904 46 35 for
1203 2907 32 30 at
1257 2905 76 33 least
1356 2907 51 30 ten

772 2950 87 32 miles
868 2949 99 33 before
981 2949 146 41 anything
1136 2949 155 40 happened
1301 2951 31 30 to
1342 2949 64 31 her.

774 2993 84 31 Then
869 2992 169 41 something
1051 3001 60 23 was
1135 2991 63 32 said
1222 2991 39 42 by
1284 2991 51 33 the
1357 3001 33 23 en-

773 3036 101 42 gineer
887 3038 31 31 to
926 3036 37 33 be
972 3038 49 31 too
1031 3034 87 43 light,
1129 3035 58 32 and
1195 3034 212 42 consequently

773 3080 24 34 it
810 3080 100 34 broke.
952 3080 84 33 After
1044 3080 67 33 that
1120 3079 55 34 her
1184 3080 46 32 six
1241 3079 49 42 big
1301 3079 107 34 boilers

773 3124 86 32 made
880 3134 18 22 a
921 3124 202 41 superhuman
1146 3123 198 33 effort—such
1369 3133 39 21 an

774 3167 221 43 extraordinary
1009 3165 85 36 effort
1110 3166 67 34 that
1200 3166 52 34 the
1273 3177 136 32 mercury

772 3212 32 33 in
818 3212 51 33 the
883 3212 138 33 fireroom
1035 3211 84 34 stood
1143 3214 32 30 at
1198 3212 58 32 150
1277 3211 129 42 degrees,

774 3257 58 33 and
846 3256 53 34 she
913 3257 71 42 sped
998 3267 68 23 over
1080 3256 50 34 the
1150 3256 73 33 wide
1245 3255 109 34 Pacific
1379 3258 31 30 at

774 3301 50 33 the
838 3301 191 33 tremendous
1042 3303 64 31 rate
1120 3301 32 33 of
1163 3300 82 42 eight
1259 3300 87 33 knots
1371 3311 39 21 an

772 3344 87 38 hour,
879 3344 98 33 which
997 3344 26 33 is
1043 3344 75 42 fully
1139 3354 56 23 one
1216 3344 81 31 third
1319 3344 92 31 faster

774 3387 75 35 than
872 3387 51 35 the
947 3389 79 33 most
1050 3387 166 35 celebrated
1242 3387 168 44 pedestrian

774 3444 55 22 can
843 3433 87 34 walk.
983 3433 90 35 Prom
1095 3433 67 33 that
1180 3435 130 31 extreme
1332 3433 80 32 limit

774 3477 54 32 she
840 3487 56 22 ran
909 3476 87 33 down
1010 3480 31 29 to
1052 3476 65 33 four
1135 3477 98 37 knots,
1255 3476 59 32 and
1337 3476 74 33 then

774 3520 52 34 the
840 3520 122 43 engines
976 3531 75 24 were
1065 3520 133 43 stopped.
1249 3520 73 33 This
1339 3520 73 35 time

774 3565 52 33 the
843 3565 115 33 trouble
979 3575 61 21 was
1063 3565 72 32 with
1159 3565 51 31 the
1234 3564 91 32 crank
1348 3564 62 41 pin.

777 3607 59 35 She
864 3618 84 25 came
975 3610 31 33 to
1033 3607 111 36 anchor
1170 3607 46 36 for
1238 3618 18 23 a
1277 3607 80 36 week
1382 3610 31 33 at

774 3654 186 40 Pichillinge,
991 3654 55 32 her
1073 3654 121 41 engines
1221 3665 75 20 were
1324 3654 88 41 again

774 3696 122 41 stopped
910 3706 39 22 on
962 3696 54 33 her
1029 3706 65 32 way
1117 3699 30 29 to
1171 3697 158 40 Acapulco,
1355 3697 58 31 and

777 3739 83 33 there
887 3750 75 22 were
987 3739 112 33 several
1122 3739 115 33 further
1259 3741 82 40 stops
1363 3739 32 34 be-

775 3785 95 32 tween
897 3784 52 34 the
975 3784 89 35 latter
1090 3784 82 44 place
1197 3784 60 33 and
1279 3784 132 34 Corinto.

776 3828 90 33 From
894 3828 122 34 Corinto
1042 3832 31 30 to
1096 3829 144 37 Panama,
1264 3829 146 38 however,

778 3871 53 35 she
852 3872 50 33 did
925 3875 53 32 not
1000 3875 65 40 stop
1089 3883 83 24 once.
1223 3872 74 34 This
1318 3883 96 23 seems

776 3916 169 38 incredible,
973 3917 54 32 but
1060 3916 51 33 the
1136 3916 59 33 fact
1229 3917 26 32 is
1278 3917 133 32 vouched

777 3959 44 34 for
835 3959 38 43 by
887 3959 198 35 Commander
1099 3960 76 42 Day.
1227 3960 44 34 To
1284 3960 88 33 make
1396 3970 18 23 a

778 4003 83 32 short
875 4006 80 37 story
968 4007 52 29 out
1033 4004 33 32 of
1081 4014 18 21 a
1122 4004 71 39 long
1216 4014 120 30 voyage,
1361 4003 53 32 she

777 4045 125 31 reached
929 4045 135 32 Panama
1089 4045 99 33 before
1216 4056 58 30 any
1301 4045 33 33 of
1361 4045 51 32 the

777 4087 113 33 officers
904 4087 66 33 died
984 4088 33 33 of
1028 4087 48 34 old
1090 4099 73 31 age;
1186 4088 58 32 and
1258 4089 24 31 it
1296 4087 24 33 is
1344 4099 51 22 con-

777 4130 124 44 fidently
929 4132 128 33 asserted
1084 4132 67 33 that
1178 4133 76 32 after
1280 4132 53 33 she
1357 4132 55 33 has

776 4174 75 36 been
865 4176 172 41 practically
1050 4176 118 38 rebuilt,
1184 4176 53 33 she
1251 4176 61 33 will
1336 4177 36 32 be
1397 4186 17 22 a

777 4219 155 32 first-class
958 4219 94 33 vessel
1076 4222 30 30 to
1130 4219 94 42 swing
1248 4223 31 29 at
1303 4219 111 33 anchor

777 4263 59 33 and
853 4273 130 25 overawe
1007 4263 51 35 the
1080 4274 116 35 enemy.
1247 4264 87 44 Long
1357 4263 57 36 live

777 4308 51 33 the
842 4308 151 33 Mohican.

816 4400 37 33 In
875 4401 103 34 Berlin
999 4402 84 34 there
1106 4403 26 33 is
1156 4414 18 22 a
1196 4403 93 34 house
1313 4405 97 33 which

778 4446 135 34 contains
941 4448 58 32 282
1026 4450 242 40 compartments,
1299 4450 59 33 and
1388 4450 25 35 is

777 4490 154 33 inhabited
944 4492 40 40 by
996 4492 103 40 nearly
1114 4495 77 30 1000
1201 4503 132 29 persons.

817 4532 47 33 An
879 4534 105 32 artless
997 4534 77 33 little
1087 4534 67 42 girl,
1170 4535 73 42 aged
1257 4535 80 39 nine,
1353 4546 60 23 was

777 4575 92 35 found
882 4577 127 44 begging
1023 4578 51 34 the
1098 4578 85 34 other
1206 4579 57 44 day
1286 4580 32 33 in
1342 4580 72 35 New

778 4621 89 34 York.
911 4622 59 35 She
985 4634 60 22 was
1059 4623 158 42 shivering,
1234 4625 58 32 and
1311 4626 61 33 told
1396 4636 18 23 a

777 4666 99 40 pitiful
890 4666 59 33 tale
963 4667 33 32 of
1006 4676 18 22 a
1034 4666 62 33 sick
1109 4667 97 32 father
1215 4668 59 31 and
1285 4669 127 33 mother.

778 4708 63 34 The
856 4711 89 40 agent
958 4709 33 34 of
1001 4709 51 35 the
1067 4709 118 44 Society
1203 4711 44 34 for
1271 4711 50 34 the
1344 4713 51 34 Pre-

777 4754 121 32 vention
907 4755 32 31 of
947 4754 121 42 Cruelty
1078 4757 31 30 to
1118 4754 151 39 Children,
1279 4756 134 33 followed

777 4796 54 35 her
840 4796 98 40 home,
954 4798 58 35 and
1023 4798 91 35 found
1121 4798 55 35 her
1186 4799 96 36 father
1292 4802 122 43 reading

778 4852 18 21 a
819 4843 86 31 novel
927 4843 98 32 before
1049 4853 17 22 a
1090 4845 75 38 good
1188 4845 63 36 fire,
1277 4847 58 29 and
1362 4847 51 31 the

777 4884 117 34 mother
907 4885 32 33 in
954 4896 38 23 an
1007 4885 117 45 equally
1138 4887 191 36 comfortable
1344 4899 51 25 con-

777 4930 104 32 dition.

816 4975 193 41 Intelligence
1023 4975 76 33 from
1113 4977 91 32 Pesth
1229 4980 91 30 states
1345 4979 67 33 that

777 5018 51 32 the
842 5019 171 33 Protestant
1027 5019 213 34 schoolmaster
1254 5022 32 32 of
1304 5022 90 33 Mezce-

777 5064 58 37 tur,
851 5074 72 23 near
938 5064 139 38 Szolnok,
1092 5076 39 22 on
1145 5065 51 33 the
1218 5066 114 38 Theiss,
1357 5067 55 33 has

777 5108 155 31 murdered
959 5108 47 31 his
1033 5118 99 31 young
1158 5109 65 32 wife
1247 5110 58 31 and
1329 5110 83 33 three

777 5149 143 39 children,
956 5151 58 33 and
1044 5151 170 33 afterwards
1242 5153 171 33 committed

778 5193 119 34 suicide.
939 5195 105 34 Before
1058 5195 51 34 the
1124 5198 47 31 act
1188 5196 38 33 he
1251 5198 162 42 compelled

777 5238 47 33 his
838 5239 66 33 wife
918 5241 31 32 to
972 5241 83 32 write
1079 5251 17 22 a
1120 5241 165 34 confession
1307 5242 33 34 of
1359 5243 55 33 her

777 5283 230 34 unfaithfulness
1021 5288 32 30 to
1066 5285 73 38 him,
1155 5285 139 43 shooting
1306 5287 54 33 her
1379 5298 34 22 as

777 5337 72 23 soon
864 5338 33 22 as
911 5327 52 34 she
977 5328 60 34 had
1050 5328 103 42 signed
1176 5330 34 33 it.
1263 5332 24 31 A
1311 5342 100 32 young

777 5374 118 29 servant
909 5372 56 40 girl
979 5384 59 20 was
1052 5373 119 32 witness
1190 5375 32 30 of
1242 5374 51 32 the
1316 5385 95 27 scene,

777 5414 88 41 being
878 5415 162 42 compelled
1054 5417 31 33 to
1098 5416 88 33 stand
1199 5416 39 43 by
1251 5417 123 43 holding
1396 5428 17 24 a

777 5459 105 33 candle
896 5459 87 33 while
997 5460 52 34 the
1063 5460 65 34 wife
1142 5472 60 22 was
1219 5462 119 42 writing
1359 5463 55 32 her

777 5502 176 33 confession.

817 5546 109 43 Nearly
940 5549 57 31 two
1016 5557 84 32 years
1124 5559 55 30 ago
1203 5549 51 33 the
1278 5549 133 33 children

778 5590 32 33 of
813 5591 150 34 Professor
970 5592 133 33 Graham
1109 5592 75 39 Bell,
1195 5593 51 33 the
1256 5593 156 42 telephone

777 5637 146 37 patentee,
939 5635 98 34 whx)se
1052 5637 65 31 wife
1139 5638 25 30 is
1188 5647 17 21 a
1229 5638 70 30 deaf
1319 5641 92 34 mute,

777 5688 75 23 were
867 5678 128 33 stricken
1009 5679 71 33 with
1095 5680 88 33 fever.
1226 5680 83 33 After
1323 5680 89 43 being

777 5732 69 31 very
859 5723 33 31 ill
906 5724 70 31 with
991 5725 33 35 it,
1046 5724 71 40 they
1136 5725 95 39 began
1256 5724 102 41 slowly
1381 5729 31 29 to

777 5766 98 37 mend,
891 5766 53 32 but
958 5767 72 32 with
1045 5778 85 30 every
1144 5779 56 21 one
1215 5767 32 33 of
1257 5768 82 32 them
1361 5769 51 33 the

776 5809 124 41 hearing
932 5811 119 34 became
1087 5812 131 38 affected,
1252 5812 57 33 and
1336 5814 24 31 it
1387 5814 24 33 is

776 5854 133 31 doubtful
927 5856 23 30 if
962 5856 69 37 they
1045 5856 58 29 will
1119 5868 66 19 f,ver
1200 5866 117 21 recover
1338 5858 31 31 it.

1223 64 117 41 THE
1396 64 184 41 LYELL
1632 63 186 50 TIMES,
1872 64 305 47 SATURDAY,
2234 63 115 41 MAY
2404 77 58 41 15.
2520 68 104 41 1886.

3444 5765 13 28 I
3465 5766 92 29 riiited
3570 5769 56 28 and
3639 5770 149 37 published
3806 5772 37 39 by
3858 5774 49 31 the
3920 5778 164 36 proprietor,

3477 5805 108 31 Walter
3596 5809 97 33 Atkin,
3705 5816 31 24 at
3747 5812 50 28 the
3811 5814 165 35 Registered
3999 5819 84 28 Office

3477 5845 80 28 otthe
3596 5847 80 35 Lyell
3814 5851 66 28 Cliff
3886 5853 100 31 Strest,
3993 5856 91 35 Lyell,

3477 5881 111 41 County
3602 5884 31 30 of
3642 5885 105 38 Buller,
3757 5888 109 40 Colony
3879 5891 31 31 of
3918 5891 69 32 N.Z.

1501 192 173 40 Westport
1691 193 304 37 Advertisements.

1427 270 335 57 GILMER'S
1816 271 240 60 HOTEL

1667 374 156 28 WESTPORT,

1453 444 144 40 Corner
1624 443 43 41 of
1694 444 239 41 Palmerston
1959 446 75 41 and

1545 499 211 39 Wakefield
1784 500 159 47 Streets,

1430 592 278 59 CONVENIENT
1730 597 28 23 to
1776 593 48 27 the
1837 593 154 37 Telegraph
2004 594 52 28 and

1519 630 63 29 Post
1597 630 108 35 Offices,
1718 630 55 29 and
1785 630 96 38 nearly
1895 631 122 38 opposite
2030 635 28 26 to

1429 668 32 31 he
1476 669 76 29 R.M.
1566 670 85 29 Court
1667 670 54 29 and
1741 669 82 29 H.M.
1837 671 140 29 Customs.

1430 778 179 37 Gilmer's
1630 778 176 37 Masonic
1830 778 130 45 Hotel,

1945 839 113 21 NKLSON.

1430 868 179 41 Gilmer's
1635 868 130 49 Hotel,

1879 931 180 20 OREYMOUTH.

1430 961 179 39 Gilmer's
1630 961 120 52 Royal
1770 961 85 40 Oak
1876 961 130 48 Hotel,

1867 1023 192 22 WELLINGTON.

1463 1129 78 29 Good
1562 1128 237 30 accommodation
1818 1128 42 31 for
1879 1129 181 31 Commercial

1428 1169 161 33 Travellers,
1602 1169 66 30 with
1682 1169 105 37 sample
1799 1179 92 20 rooms
1904 1170 139 37 provided.

1462 1209 24 26 A
1512 1209 87 35 Night
1623 1210 95 25 Porter
1742 1208 103 36 always
1870 1218 35 18 on
1930 1209 48 28 the
2001 1219 44 26 pre-

1429 1246 91 28 mises.

1464 1284 126 34 Booking
1609 1284 85 30 Office
1713 1284 41 30 for
1766 1284 46 30 the
1825 1284 170 35 Charleston,
2008 1286 35 29 Ad-

1429 1324 113 33 dison's,
1556 1324 114 28 Reefton
1684 1324 54 28 and
1757 1324 80 35 Lyell
1850 1324 130 28 Coaches.

1465 1362 76 28 Good
1555 1361 127 34 stabliug,
1696 1362 68 27 with
1778 1361 76 37 eight
1874 1362 79 28 horse
1975 1362 86 34 stalls,

1430 1400 128 30 attached
1571 1404 28 26 to
1612 1400 46 30 the
1672 1401 139 36 premises.

1636 1458 121 32 JOHN
1776 1458 191 39 GILMER,

1864 1502 164 37 Proprietor.

1620 1586 240 63 strut
1878 1585 183 42 hers

1574 1684 88 32 HAS
1679 1684 64 32 ON
1763 1684 151 32 SALE-

1481 1758 235 55 Ccrrugated
1738 1759 99 49 Iron,

1481 1823 200 53 Crockery,

1482 1886 322 53 Paperhangings,

1480 1949 133 41 White
1634 1950 120 49 Lead,

1481 2015 94 47 Oils,

1480 2077 221 46 Varnishes,

1481 2141 125 40 Doors
1620 2142 74 40 and
1714 2141 154 49 Sashes,

1482 2206 169 52 Cutlery,

1482 2269 464 52 Cutlery-Electroplate;
1974 2269 75 40 and

1482 2332 240 41 Brushware.

1472 2461 319 38 PALMERSTON
1835 2461 194 50 STREET,

1645 2526 214 29 WESTPORT.

1469 2608 291 59 Thomas
1785 2609 247 72 James,

1564 2722 264 48 SADDLER,
1858 2721 66 40 &c.
1931 2752 8 18 }

1434 2808 219 61 JMPORTER
1672 2816 56 20 AND
1753 2808 316 30 MANUFACTURER

1734 2869 34 21 OF

1434 2918 60 40 All
1526 2918 254 52 descriptions
1799 2918 42 40 of
1867 2918 198 53 Saddlery,

1485 2980 184 48 Harness,
1689 2981 110 52 Long
1810 2980 76 39 and
1905 2981 116 39 Short

1535 3043 203 53 Leggings,
1810 3044 159 52 Plough,

1583 3107 31 39 &
1634 3107 107 39 Back
1767 3107 154 48 Chains,

1631 3168 159 51 Traces,
1807 3171 65 39 &c.

1437 3299 115 38 Repairs
1564 3300 102 38 Neatly
1679 3300 55 30 and
1754 3300 144 39 Promptly
1919 3300 151 31 Executed.

1438 3412 175 40 Up-country
1626 3413 93 31 orders
1736 3413 141 40 promptly
1889 3414 131 32 attended
2033 3417 41 30 to*

2042 3459 16 13 /

1437 3527 50 30 ON
1508 3527 206 30 SALE—Steel
1744 3527 138 36 Polished,
1911 3527 57 31 and
1997 3528 76 30 Solid

1507 3566 90 28 Silver
1623 3566 71 33 Bits,
1726 3566 132 36 Stirrups,
1889 3567 56 27 and
1976 3567 97 36 Spurs,

1507 3603 103 40 Riding
1632 3603 125 37 Saddles,
1778 3603 74 31 Pack
1873 3603 124 38 Saddles,
2018 3604 56 32 and

1507 3644 100 36 Whips
1619 3645 30 28 of
1663 3645 37 28 all
1712 3645 190 35 descriptions.

1653 3981 210 36 IMPORTER,

1439 4070 318 62 WHOLESALE
1783 4071 129 42 WINE,
1938 4071 135 35 SPIRIT

1539 4231 199 42 Provision
1758 4231 217 42 Merchant.

1479 4434 320 41 PALMERSTON
1842 4435 193 50 STREET,

1651 4531 216 28 WESTPORT.

1559 4774 156 40 PETER
1743 4774 213 51 MULVAY,

1718 4863 238 35 TINSMITH,
1985 4864 66 30 AN!

1462 4912 12 19 ■
1613 4901 222 37 GASFITTER,
1848 4902 55 32 and

1519 4987 475 50 COPPERWORKER,

1472 5103 215 38 Palmerston
1713 5103 122 47 Street,
1854 5103 187 47 Westport,

1557 5208 141 38 (Opposite
1711 5208 129 32 Gilmer's
1851 5209 106 38 Hotel.)

1442 5361 94 31 Every
1552 5360 180 35 description
1748 5360 33 31 of
1804 5360 178 34 Holloware,
1997 5360 50 32 Tin-

1479 5402 116 33 smiths'
1613 5402 112 40 Goods,
1740 5404 57 31 and
1817 5403 216 43 Ironmongery

1637 5447 73 41 kept
1730 5448 30 32 in
1781 5447 96 34 stock.

1568 5583 25 31 A
1606 5585 88 37 Large
1707 5584 200 37 Consignment
1920 5583 31 30 of

1482 5648 187 43 STOVES
1696 5648 101 41 AND
1832 5649 199 42 RANGES

1646 5739 61 21 NOW
1726 5739 33 19 TO
1778 5738 86 20 HAND.

1625 5863 42 27 All
1687 5862 84 28 Work
1785 5863 181 27 Guaranteed.

2164 194 146 33 Reefbon
2338 195 294 34 Advertisements

2203 275 55 39 W.
2300 275 304 50 HINDMARSH,

2091 398 321 64 gHAREBROKER,
2437 398 181 36 MINING,
2642 401 79 32 AND

2177 476 166 40 General
2369 476 261 41 Commission

2336 570 140 51 Agent,

2120 698 291 50 BROADWAY,
2439 699 246 54 REEFTON,

2209 808 141 36 (Opposite
2368 807 139 31 So.itliern
2520 808 81 30 Cross

2352 863 104 38 Hotel.)

2088 948 342 63 Dawson's
2495 950 223 76 Hotel,

2184 1054 225 35 BROADWAY,
2436 1055 187 32 REEFTON.

2089 1169 89 61 The
2198 1169 238 29 accommodation
2459 1171 125 37 supplied
2604 1171 38 38 by
2666 1172 57 31 this

2178 1209 85 27 house
2277 1213 103 24 cannot
2393 1209 32 28 be
2437 1210 146 34 surpassed
2604 1210 30 28 in
2655 1212 67 28 New

2089 1245 129 30 Zealand.

2091 1350 174 51 Booking
2298 1351 123 41 Office
2456 1351 57 41 for
2548 1353 174 40 Mitchell

2138 1404 75 41 and
2258 1406 234 53 Campbell's
2550 1408 122 53 Royal

2188 1459 95 42 Mail
2314 1463 97 37 Line
2434 1463 42 38 of
2502 1463 97 53 Grey-

2241 1517 132 40 mouth
2390 1517 188 41 Coaches.

2124 1651 67 29 This
2204 1651 85 29 Hotel
2302 1650 24 29 is
2329 1650 17 11 M
2349 1650 61 29 well
2432 1650 101 29 known
2554 1651 170 37 throughout

2092 1691 67 28 New
2172 1689 120 30 Zealand
2305 1689 41 29 for
2365 1689 36 28 its
2420 1690 236 29 accommodation
2669 1691 55 29 and

2091 1729 180 29 convenience
2284 1728 41 29 for
2343 1729 112 28 tourists
2474 1727 55 30 and
2549 1729 175 30 commercial

2091 1768 148 30 travellers.

2286 1814 126 39 JOHN
2432 1814 214 49 DAWSON,

2524 1869 165 38 Proprietor.

2251 1952 310 35 STEVENSON'S

2096 2018 364 61 M'G-affin's
2497 2018 226 73 Hotel,

2195 2120 225 36 BROADWAY,
2439 2120 187 32 REEFTON.

2094 2256 122 61 THIS
2230 2255 180 35 Magnificent
2422 2255 85 31 Hotel
2519 2256 57 29 will
2597 2256 33 30 be
2642 2256 86 30 found

2182 2294 102 38 replete
2298 2294 67 30 with

2188 2369 93 20 EVERY
2298 2369 128 20 COMFORT
2443 2369 56 20 AND
2517 2369 117 21 MODERN

2308 2408 206 21 CONVENIENCE.

2128 2516 133 34 Tourists,
2286 2516 176 29 Commercial
2490 2516 153 35 travellers,
2673 2517 56 29 and

2094 2555 93 28 others
2195 2555 56 28 will
2265 2555 64 28 here
2342 2554 58 29 find
2413 2564 82 28 every
2508 2555 137 30 attention
2654 2564 73 21 com*

2094 2594 82 29 bined
2189 2594 67 30 with
2270 2594 84 30 home
2366 2594 139 31 comforts.

2095 2707 156 39 Booking
2270 2707 106 32 Office
2388 2707 54 31 for
2451 2708 172 31 Newman
2634 2707 96 32 Bros'

2122 2752 108 41 Royal
2243 2752 88 33 Mail
2342 2752 87 34 Line
2442 2752 39 33 of
2488 2752 133 34 Nelson
2633 2753 71 33 and

2237 2799 176 39 Westport
2425 2799 162 31 Coaches.

2155 2890 163 42 JAMES
2361 2891 306 50 STEVENSON,

2321 2954 181 21 PROPRIETOR.

2129 3107 289 50 BROADWAY,
2449 3109 249 41 REEFTON.

2187 3279 55 28 and
2262 3279 48 28 the
2330 3279 92 37 public
2439 3278 142 38 generally
2600 3279 58 30 will
2676 3278 56 30 find

2098 3316 56 29 this
2166 3316 176 29 well-known
2360 3316 86 29 Hotel
2463 3316 79 30 fitted
2561 3317 69 29 with
2650 3326 83 28 eyery

2098 3354 114 29 modern
2225 3355 184 28 convenience
2418 3354 56 29 and
2486 3354 195 39 requirement.

2148 3469 86 40 The
2267 3470 257 53 Proprietress
2554 3470 33 40 is
2609 3470 105 41 deter-

2101 3523 127 41 mined
2255 3530 41 34 to
2314 3538 111 38 spare
2443 3538 50 27 no
2511 3539 166 38 expense
2695 3526 38 40 in

2101 3578 155 54 making
2272 3578 78 41 this
2370 3578 118 42 Hotel
2507 3579 227 57 thoroughly

2101 3634 112 52 equal
2230 3641 42 33 to
2289 3634 49 40 all
2357 3635 289 51 requirements.

2101 3760 93 38 Local,
2213 3761 125 31 Colonial
2362 3763 56 31 and
2442 3763 214 40 Home**papers
2679 3764 55 32 and

2222 3801 163 38 periodicals
2396 3803 139 38 regularly
2546 3804 74 30 filed.

2269 3858 152 44 ALICE
2445 3859 240 51 NEVILLE,

2542 3923 192 37 Proprietress.

2917 206 119 31 Public
3054 208 151 30 Notices.

2881 283 129 41 JOHN
3055 286 188 47 MUNRO,

2795 414 188 37 .ENERAL
3015 416 245 30 MERCHANT
3291 415 90 30 AND

2961 493 208 34 IMPORTER,

2848 607 240 43 Palmerston
3141 611 140 47 Street,

2958 729 217 30 WESTPORT.

2796 824 244 35 JOHNSTON
3067 827 29 33 &
3120 827 215 33 WATKINS

2964 903 108 28 CIVIL
3089 904 80 29 AND

2751 976 229 62 JOINING
3050 978 335 53 ENGINEERS,

2936 1066 181 21 AUTHORISED
3138 1068 57 19 AND

2752 1105 280 44 LICENSED
3057 1108 330 43 SURVEYORS

2752 1201 131 36 Working
2907 1203 83 27 Plans
3011 1204 55 27 and
3091 1204 108 28 Details
3222 1204 32 28 of
3277 1203 110 35 Miinng

2784 1239 163 39 Machinery
2960 1241 135 38 prepared
3102 1242 55 28 and
3165 1242 47 29 the
3220 1242 132 29 Erection

2836 1279 107 40 Mining
2958 1281 161 39 Machinery
3131 1281 168 39 supervised.

2750 1356 119 37 Surveys
2881 1356 43 29 for
2934 1357 110 38 Mining
3052 1357 168 38 Companies
3228 1356 160 31 contracted

2750 1395 39 30 for
2803 1395 34 39 by
2851 1396 46 31 the
2909 1406 74 28 year.
3020 1397 121 38 Surveys
3150 1398 82 29 made
3241 1396 89 31 under
3339 1396 48 30 the

2922 1436 81 29 Land
3014 1437 129 28 Transfer
3152 1439 61 26 Act.

2997 1514 138 30 Address:

2751 1551 167 34 Broadway,
2938 1552 134 29 Reefton
3083 1561 7 26 ;
3117 1561 57 20 and
3199 1553 190 29 Commercial

2952 1590 112 37 Hotel,
3083 1590 92 32 Lyeli

2785 1669 292 31 N.B.—lnstructions
3089 1670 49 30 left
3150 1674 30 26 at
3191 1670 93 30 Times
3293 1669 95 35 Office,

2750 1709 16 26 I
2774 1707 65 35 yell,
2851 1708 57 29 will
2920 1710 105 28 receive
3032 1709 162 29 immediate
3206 1709 147 29 attention.

2880 1792 385 63 Newman's

2860 1907 98 30 YAL

3090 1909 88 29 AIL
3221 1908 166 29 TINE

2952 2001 49 30 OF
3019 2001 178 31 COACHES

2787 2095 253 32 Tbbice-Weekly
3065 2097 124 30 Service
3210 2097 144 30 Between

2841 2144 105 36 Lyell,
2959 2144 135 31 Reefton
3105 2152 58 23 and
3176 2144 128 31 Nelson.

2754 2239 92 30 Leave
2867 2238 83 40 Lyell
2966 2239 44 30 for
3027 2240 106 30 Nelson
3149 2248 84 30 every
3253 2239 138 39 Tuesday,

2754 2286 148 39 Thursday
2909 2287 56 31 and
2975 2288 150 38 Saturday,
3134 2292 30 26 at
3174 2289 64 29 2.30
3246 2297 79 30 p.m.,
3336 2288 57 30 and

2755 2335 81 37 Lyell
2848 2335 41 30 for
2902 2336 139 38 Westport
3053 2336 57 30 and
3123 2337 129 34 Reefton,
3270 2345 37 21 on
3321 2336 53 29 Sun-

2754 2382 66 38 day,
2832 2382 177 39 Wednesday
3021 2383 56 30 and
3091 2382 113 40 Friday,
3211 2387 31 26 at
3252 2383 64 30 9.30
3326 2391 65 21 a.m.

2756 2467 167 39 Passengers
2947 2467 103 32 booked
3082 2468 43 31 for
3154 2467 153 40 Hampden
3337 2468 55 31 and

2876 2517 81 30 other
2967 2518 196 29 intermediate
3174 2518 104 37 places.

2928 2594 132 31 Booking
3081 2596 139 29 Offices:

2757 2650 140 40 Westport
2953 2671 30 10 •••
3057 2672 31 9 •••
3160 2650 134 32 Gilmer's
3307 2650 87 33 Hotel

2757 2700 119 30 Reefton

2757 2748 105 31 Nelson

3054 2721 31 8 ...
3119 2700 178 30 Stevenson's
3309 2700 87 30 Hotel

3171 2748 126 32 Masonic
3309 2748 86 32 Hotel

2791 2843 46 33 All
2848 2844 108 40 parcels
2970 2848 76 27 must
3057 2845 34 31 be
3105 2844 125 39 prepaid,
3248 2844 148 32 otherwise

2891 2893 68 38 they
2971 2893 58 30 will
3040 2893 34 30 be
3086 2893 51 30 left
3148 2892 114 31 behind.

3083 2949 40 29 H.
3142 2949 186 34 NEWMAN,

3192 2987 162 37 Proprietor

2823 3077 149 31 LADIES'
2991 3078 51 29 OR
3061 3077 275 32 GENTLEMEN'S

2763 3130 301 64 gADDLE
3130 3130 264 62 JJACKS,

2895 3222 94 39 (Quiet
3000 3222 56 30 and
3068 3222 200 32 Well-broken)

2761 3286 74 30 FOR
2847 3286 99 30 HIRE
2959 3285 51 29 BY
3021 3285 80 29 THE
3115 3285 282 31 UNDERSIGNED

2880 3339 43 28 At
2940 3337 170 29 Inanoahua
3126 3337 153 30 Junction.

2795 3441 115 30 Horse's
2923 3445 60 28 sent
2994 3443 38 34 Jto
3046 3440 79 36 Lyell
3137 3444 31 26 at
3185 3450 18 20 a
3215 3443 150 28 moment's

3027 3478 103 30 notice.

2762 3566 199 49 Courtney's
2968 3567 302 39 Accommodation
3279 3567 120 40 House

2761 3625 115 37 Having
2899 3624 86 38 lately
3004 3624 71 31 been
3096 3626 194 36 considerably
3310 3626 89 30 added

2761 3667 31 25 to
2809 3663 57 28 and
2884 3663 155 36 improved,
3051 3664 25 27 is
3094 3673 63 19 now
3170 3673 52 19 one
3235 3664 31 28 of
3281 3665 47 27 the
3340 3665 59 28 best

2761 3700 149 39 appointed
2923 3700 55 30 and
2990 3704 73 26 most
3075 3701 180 30 comfortable
3274 3702 125 30 roadside

2872 3739 112 31 house's
2996 3749 36 21 on
3044 3740 49 30 the
3105 3740 79 30 West
3196 3740 93 32 Coast.

2778 3856 28 33 7
2815 3855 109 37 R|A|N
2933 3856 87 34 CIS
3070 3856 315 44 COURTNEY,

2989 3925 191 30 Proprietor.

2437 4040 119 55 THE

2103 4174 326 40 PRINTING
2479 4174 127 40 AND
2655 4174 427 43 PUBLISHING
3133 4175 269 52 OFFICE,

2517 4297 148 30 CLIFF
2700 4297 72 34 ST.,
2808 4298 180 32 LYELL.

2169 4629 38 40 Is
2225 4642 73 28 one
2316 4630 43 39 of
2372 4630 65 39 the
2456 4630 84 40 best
2559 4631 97 40 local
2675 4633 190 40 mediums
2884 4635 56 39 for
2958 4635 248 58 distributing
3224 4655 117 36 news,

2345 4721 341 50 Advertisements,
2708 4725 77 39 and
2804 4725 170 53 subjects
2992 4727 44 40 of
3049 4729 98 41 local

2541 4814 171 48 interest,
2734 4815 235 52 throughout

2331 4903 66 43 the
2434 4903 131 45 Buller
2599 4906 76 43 and
2712 4906 224 57 Inangahua
2971 4911 199 44 Counties.

2150 5119 171 55 Charges
2338 5120 57 42 for
2413 5122 179 54 standing
2609 5123 331 50 advertisements,
2961 5140 91 40 very
3065 5132 238 42 reasonable.

2152 5213 80 50 job,
2280 5213 122 49 Plain,
2439 5214 76 40 and
2558 5215 50 41 all
2642 5215 112 42 kinds
2793 5216 43 42 of
2864 5218 180 55 printing,
3083 5226 185 41 executed
3312 5228 91 41 with

2101 5282 185 54 despatch
2306 5289 40 34 at
2364 5283 66 40 the
2448 5284 132 40 lowest
2598 5284 138 53 prices.

2149 5371 334 40 Communication
2502 5373 51 52 by
2571 5380 87 45 post
2672 5387 43 26 or
2731 5375 88 39 wire
2837 5378 195 54 promptly
3049 5381 186 42 attended
3255 5390 51 35 to.

2621 5616 255 42 ADDRESS:

3311 5739 41 27 35

3225 5771 81 33 —*9

2636 5837 223 40 LYELL.

3584 206 120 28 Public
3724 206 153 28 Notices.

3491 284 253 35 POSTAGE
3787 284 171 31 KATES

3601 428 90 24 TOWN
3718 428 138 22 LETTERS

3450 475 110 32 Posted
3589 479 31 26 at
3644 484 58 28 any
3731 473 72 30 Post
3830 471 95 32 Office
3954 473 104 39 wiaiqj

3411 520 49 32 the
3476 519 105 42 colony
3599 520 44 30 lor
3660 517 132 42 delivery
3806 519 31 29 at
3851 525 34 22 or
3896 515 75 33 from
3984 515 73 35 such

3415 569 71 29 Post
3503 566 94 29 (office
3615 576 45 17 :

3414 639 57 31 Not
3486 636 162 37 exceeding
3665 633 61 33 half
3740 644 38 21 an
3794 643 97 22 ounce
3945 658 30 7 ...
4022 632 35 33 Id

3416 684 166 34 Exceeding
3599 681 58 28 hail
3673 689 37 19 an
3726 687 107 27 ounce,
3857 679 55 29 but
3926 681 56 26 not

3450 725 163 36 exceeding
3629 733 57 22 oue
3702 732 99 22 ounce
3945 748 31 6 ...
4020 721 38 32 2d

3416 773 29 28 Ft
3457 783 13 17 r
3484 780 90 28 every
3593 769 62 28 halt
3667 777 98 19 ounce
3778 776 72 19 over
3864 776 59 19 one
3947 790 30 6 ...
4023 767 37 29 Id

3576 835 150 26 COUNTRY
3742 835 137 23 LETTERS

3454 893 106 31 Posted
3578 897 31 24 at
3624 901 57 28 any
3707 892 70 36 po»t
3789 888 85 31 office
3890 888 103 31 within
4010 888 52 32 the

3413 938 103 40 colony
3548 940 45 26 lor
3624 933 134 40 delivery
3784 935 33 28 at
3841 941 35 21 or
3901 931 76 31 from
4002 942 58 31 any

3412 982 87 29 other
3510 985 67 35 post
3588 977 85 31 office
3690 975 104 31 within
3810 974 52 32 the
3875 975 165 41 colony:—

3417 1025 60 33 Not
3492 1023 164 39 exceeding
3671 1020 64 33 halt
3747 1031 38 21 an
3801 1031 98 22 ounce
3945 1046 21 8 ..
4021 1020 37 33 2d

3418 1070 167 37 Exceeding
3601 1068 63 29 half
3676 1076 36 20 an
3729 1075 107 28 ounce,
3850 1066 54 30 but
3928 1068 55 27 not

3452 1110 163 41 exceeding
3628 1119 57 23 one
3699 1118 99 22 ounce
3947 1134 31 8 ...

3418 1157 56 33 For
3502 1167 87 30 every
3615 1154 64 35 half
3705 1164 98 23 ounce
3826 1164 72 23 over
3926 1164 58 23 one

3453 1211 99 22 ounce
3629 1223 33 9 ...
3789 1223 32 7 ...
3947 1222 31 9 ...
4023 1199 37 31 2d

3543 1269 202 26 AUSTRALIAN
3767 1269 167 24 COLONIES.

3418 1326 62 31 Not
3493 1324 165 40 exceeding
3673 1323 65 31 half
3756 1333 37 21 an
3809 1333 98 21 ounce
3949 1347 32 9 ...
4024 1324 38 30 2d

3419 1369 167 40 Exceeding
3601 1368 64 31 half
3687 1378 38 21 an
3740 1377 106 28 ounce,
3863 1367 54 32 but
3932 1370 54 29 not

3454 1415 165 37 exceeding
3633 1423 58 21 one
3706 1422 97 22 ounce
3949 1439 31 7 ...
4025 1413 39 32 4d

3420 1458 56 31 For
3504 1469 85 29 every
3617 1456 64 31 half
3707 1467 96 21 ounce
3831 1466 72 21 over
3929 1467 57 21 one

3455 1513 98 22 ounce
3632 1526 32 9 ...
3792 1525 31 9 ...
3951 1527 31 8 ...
4027 1502 18 31 2

3437 1572 148 22 ENGLAND
3606 1571 66 22 AND
3693 1571 145 21 FOREIGN
3853 1570 190 24 COUNTRIES.

3594 1636 59 31 Per
3669 1634 80 33 Half
3771 1634 122 33 Ounce.

3420 1681 111 35 United
3552 1681 163 40 Kingdom,
3741 1680 47 32 via
3813 1683 59 29 Sau
3895 1679 77 33 Fran-

3455 1726 80 33 cisco
3550 1726 60 31 and
3631 1728 80 30 Suez
3953 1746 34 9 ...
4032 1728 38 31 6d

3418 1771 113 35 United
3561 1773 102 31 States
3691 1771 34 32 of
3758 1770 153 40 America,
3946 1772 46 31 via

3455 1818 59 30 San
3532 1816 167 31 Francisco
3956 1841 32 8 ...
4033 1817 41 32 6d

3416 1860 155 35 Sandwich
3587 1860 133 40 Islands,
3743 1860 48 33 via
3819 1860 62 33 San
3896 1860 77 33 Fran-

3455 1907 82 30 cisco
3791 1930 31 8 ...
3952 1930 33 8 ...
4031 1907 42 31 6d

3418 1947 153 36 Canadian
3607 1948 195 41 Dominions,
3837 1950 50 33 via
3933 1950 61 34 San

3458 1994 169 33 Francisco
3793 2022 31 7 ...
3955 2022 32 7 ...
4033 1997 41 31 8d

3422 2038 111 31 British
3549 2038 164 32 Columbia
3795 2064 32 8 ...
3956 2064 31 9 ...
4043 2041 31 30 la

3421 2081 88 33 West
3523 2081 108 33 Indies
3792 2109 32 9 ...
3952 2109 33 9 ...
4041 2086 33 31 la

3420 2126 131 40 Mexico,
3565 2127 48 32 via
3624 2128 61 32 San
3702 2128 169 35 Francisco
3954 2156 21 7 ..
4041 2131 33 31 Jb

3419 2170 126 34 Central
3563 2172 144 33 America
3954 2200 32 7 ...
4042 2177 32 29 la

3418 2215 96 33 South
3530 2216 151 41 America,
3692 2217 49 34 via
3752 2217 59 33 San
3824 2218 166 33 Francisco
4041 2220 33 31 la

3637 2288 18 24 H
3664 2290 193 23 EWSPAPERB.

3422 2340 111 33 Posted
3561 2351 18 22 a
3619 2351 58 29 any
3703 2341 85 33 office
3813 2342 107 33 within
3943 2345 54 30 the

3458 2385 108 42 colony
3582 2390 47 27 lor
3644 2385 132 44 delivery
3792 2391 33 28 at
3846 2387 53 33 the
3913 2399 82 21 same

3460 2429 87 31 office
3798 2455 31 9 ...
3957 2453 34 9 ...

3422 2472 112 35 Posted
3559 2476 32 31 at
3617 2483 59 35 any
3702 2473 85 36 office
3813 2474 108 35 viithin
3942 2476 55 35 the

3460 2519 107 40 colony
3582 2520 48 31 for
3644 2521 133 41 delivery
3792 2526 34 26 at
3836 2532 59 31 any
3908 2522 91 32 oiher

3460 2562 86 35 office
3559 2562 105 35 within
3679 2564 52 34 the
3745 2565 111 43 colony
3961 2594 32 7 ...
4038 2568 36 38 id

3422 2609 178 30 Australian
3612 2610 147 31 Colonies
3963 2636 33 7 ...
4041 2612 33 30 Id

3422 2650 118 35 United
3557 2650 159 43 Kingdom
3962 2681 30 9 ...
4039 2655 35 33 Id

3580 2695 60 33 VU
3657 2699 60 30 San
3740 2698 178 33 Francisco.

3422 2739 118 34 United
3556 2740 106 34 States
3676 2743 31 30 of
3721 2742 145 35 America
3962 2770 32 9 ...
4041 2745 33 32 Id

3423 2786 159 31 Sandwich
3596 2786 124 32 Islands
3962 2813 33 9 ...
4041 2791 33 29 Id

3423 2827 156 36 Canadian
3595 2830 185 34 Dominions
3963 2860 32 9 ...
4040 2834 34 32 2d

3427 2874 115 32 British
3557 2876 166 34 Columbia
3964 2904 32 9 ...
4039 2881 35 31 2d

3427 2918 87 33 West
3529 2919 108 34 Indies
3960 2948 33 8 ...
4039 2926 35 29 2d

3423 2961 127 32 Mexico
3962 2992 32 8 ...
4041 2968 33 31 2«

3423 3004 129 34 Central
3566 3007 143 34 America
3962 3036 32 9 ...
4039 3012 35 31 2d

3423 3049 99 32 South
3537 3051 162 34 Amerrica
3961 3080 33 9 ...
4038 3055 36 33 2d

3623 3122 88 24 BOOK
3731 3125 145 23 PACKETS

3426 3163 112 34 Posted
3563 3168 33 28 at
3618 3175 59 33 any
3702 3168 86 32 office
3814 3170 108 30 within
3949 3170 54 31 the

3462 3209 110 44 colony
3588 3209 48 34 for
3650 3210 133 42 delivery
3798 3217 33 29 at
3846 3212 52 34 the
3909 3226 94 29 same,

3464 3254 106 33 within
3599 3256 56 31 the
3682 3257 121 42 colony,
3831 3258 55 33 the
3921 3260 63 31 Aus-

3463 3299 111 33 tralian
3589 3300 146 40 colonies,
3747 3313 36 21 or
3807 3302 53 32 the
3885 3302 120 34 United

3465 3342 158 41 Kingdom
3709 3370 31 9 ...
3827 3348 55 30 loz
3967 3372 32 10 ...
4046 3349 28 31 li

3505 3387 51 35 Do
3709 3416 31 10 ...
3825 3393 58 32 2oz
3967 3419 32 9 ...
4045 3395 29 31 2i

3506 3434 51 31 Do
3709 3461 33 8 ...
3827 3438 55 35 ilb
3968 3462 31 9 ...
4045 3441 29 28 4c

3505 3476 52 33 Do
3710 3505 32 8 ...
3831 3480 52 33 lib
3968 3508 31 8 ...
4045 3483 29 31 8<

3430 3520 97 44 Every
3554 3523 169 33 additional
3745 3526 117 39 pound,
3875 3537 35 21 or
3924 3527 66 33 frac-

3465 3565 98 33 tional
3576 3571 69 39 part
3660 3569 31 31 of
3705 3579 18 23 a
3740 3570 105 41 pouud
3968 3597 33 10 ...
4046 3573 28 32 8<

3596 3612 59 34 Via
3670 3615 61 32 San
3749 3614 178 35 Francisco.

3429 3654 116 32 United
3573 3656 116 37 States,
3712 3669 91 30 every
3836 3660 51 36 |lb
3971 3685 32 7 ...
4046 3663 28 27 4*

3429 3697 158 34 Sandwich
3603 3699 120 34 Islands
3843 3728 20 14 „
3969 3730 32 9 ...
4046 3707 28 29 4<

3429 3742 153 35 Canadian
3599 3745 183 36 Dominions
3844 3772 20 17 „
3970 3777 31 7 ...
4046 3752 28 30 &

3432 3788 113 33 British
3562 3790 164 34 Columbia
3846 3819 19 14 „
3971 3821 31 8 ...
4046 3798 28 28 6<

3433 3832 88 34 West
3535 3834 109 33 Indies
3850 3864 19 7 ..
3968 3865 31 6 ...
4045 3842 29 25 6#

3442 4123 152 63 JOB
3617 4128 465 66 PRINTING

3491 4575 121 52 Every
3636 4578 212 55 description
3872 4583 164 40 executed

3679 4798 56 34 AT
3762 4800 86 33 THE

3443 5003 313 69 LYELL
3794 5009 287 68 TIMES

3509 5246 188 43 CLIFF
3749 5251 266 52 STREET,

3692 5468 150 32 LYELL.
