2529 4010
553 35 100 47 Ctre
675 36 120 43 tfsto
819 37 211 43 eea&mb
1050 37 193 49 &mttt
1265 38 90 44 znit
1378 37 299 51 WtelUnqtim
1722 35 253 51 gb*wtatoi\

1888 125 37 22 the
1935 124 83 23 names'
2023 125 28 22 of
2062 124 36 23 the
2106 125 61 25 landt
2175 126 66 29 being
2256 127 91 27 Titewa,
2356 128 118 31 <Tj£wera-

1887 159 65 21 wera,
1978 152 96 26 Tuoloti,
2094 152 118 28 Paratawa,
2221 170 4 11 ,
2234 154 122 26 Witawitu,'
2378 159 98 24 Wonga-

1887 179 57 27 poie,
1965 178 128 28 Warahoro,
2103 178 36 23 the
2154 187 64 15 name
2232 181 27 21 of
2269 181 38 22 the
2321 181 72 22 whole
2409 181 67 29 being

1888 206 57 21 Para
1954 204 99 23 Kiohua.

1915 232 96 26 Alleged
2020 236 22 17 to
2050 232 57 21 have
2114 232 56 23 been
2176 233 124 27 purchased
2307 234 24 22 in
2338 234 135 28 December,

1888 260 60 26 1839,
1959 259 59 22 from
2029 258 82 22 certain
2121 258 82 23 Native
2211 260 73 22 Chiefs
2294 265 40 18 not
2343 261 90 27 named,
2443 261 31 28 by

1888 285 90 22 Messrs.
1995 284 61 23 John
2072 284 66 23 Jones
2155 286 44 21 and
2218 286 89 23 Francis
2326 288 70 22 Owen
2418 288 56 22 Lea-

1887 312 67 27 thart,
1964 311 49 22 who
2024 312 56 21 have
2087 311 109 28 -disposed
2204 313 26 22 of
2239 314 202 28 four-eighteenths
2451 315 27 22 of

1888 338 196 28 theirViriterest'in"
2092 338 34 22 the
2136 340 71 21 above
2218 340 52 22 land
2280 345 22 17 to
2311 338 114 26 claimant.

1907 371 3 4 '
1915 362 176 28 Consideration^
2101 369 39 18 not
2149 366 78 22 stated.
2248 383 2 4 ,

1899 411 5 4 .
1915 391 136 24 Nature.of,.
2058 398 164 21 conveyance—
2219 393 77 25 .Deed'
2304 394 27 22 of
2348 394 128 22 Feoffment

1888 422 24 17 to
1926 419 37 21 the
1982 418 93 27 original
2089 418 134 28 purchasers,
2234 420 68 22 dated
2310 421 39 22 the
2364 422 54 21 23rd
2427 422 48 21 De-

1888 446 97 26 cember,
1998 446 61 21 1839.

1915 479 54 21 Case
1987 479 45 22 No.
2049 479 74 21 252.—
2123 479 100 23 William
2237 479 94 29 Wright,
2349 482 124 28 merchant,

1888 507 100 20 claimant
1997 507 23 19 in
2025 507 59 24 part,

1915 533 40 22 All
1964 533 50 22 that
2023 531 53 23 land
2085 531 79 23 known
2172 532 32 27 by
2208 532 38 22 the
2253 540 66 15 name
2326 535 25 20 of
2355 535 118 27 Porerooa,

1888 560 58 22 from
1957 559 37 23 the
2003 559 66 22 rocks
2077 566 58 21 upon
2149 559 37 21 the
2201 559 125 23 north-east
2340 561 49 22 side
2399 562 26 22 of
2437 562 39 22 the

1889 587 67 22 River
1966 587 116 25 Porerooa,
2095 585 69 23 called
2182 585 114 26 Kickatoe,
2309 588 126 23 north-east
2443 589 33 27 by

1888 614 64 21 north
1963 614 68 26 thirty
2039 613 68 26 miles,
2118 612 45 22 and
2175 611 104 23 bounded
2286 615 22 19 to
2319 613 38 21 the
2368 620 47 16 east
2422 615 31 27 by
2460 623 15 14 a

1888 647 67 21 range
1966 641 26 21 of
2005 647 75 20 snowy
2090 639 137 27 mountains;
2246 641 23 19 to
2284 639 38 21 the
2340 641 64 21 south
2418 642 29 27 by
2462 649 15 15 a

1888 674 68 21 range
1966 667 25 21 of
2001 666 52 22 hills
2063 667 60 21 three
2136 665 65 22 miles
2210 665 58 22 from
2278 665 53 22 Port
2344 666 130 29 Nicholson,

1888 701 59 20 upon
1957 693 37 23 the
2003 693 130 23 south-west
2142 692 47 22 side
2200 692 25 22 of
2237 691 37 23 the
2284 692 70 22 River
2368 694 108 23 Porerooa

1889 725 22 17 to
1918 721 65 22 Teeti
1993 721 55 26 Bay,
2057 720 55 22 from
2122 719 65 22 Teeti
2199 720 46 25 Bay
2254 719 125 23 south-east
2387 720 31 27 by
2429 726 47 17 east

1888 750 22 18 to
1928 747 38 22 the
1986 747 67 22 south
2070 746 82 22 branch
2172 745 26 23 of
2213 745 37 23 the
2269 746 112 22 Porerooa
2400 747 75 23 River.

1889 774 115 27 (Contents
2015 778 40 17 not
2065 773 87 26 stated.)
2302 785 2 6 <

1917 801 96 26 Alleged
2022 803 28 19 to'
2058 800 54 22 have
2127 799 59 23 been
2195 799 124 28 purchased
2333 799 24 22 in
2372 800 104 28 October,

1889 829 60 25 1839,
1968 828 59 21 from
2051 827 72 26 Rangi
2141 827 58 26 Ako,
2221 826 71 27 Rangi
2311 826 72 27 Hero,
2404 827 73 28 Rangi

1889 855 69 26 Hitei,
1976 855 115 26 Rupterra,
2102 853 52 23 Aki.
2167 853 69 24 Erow,
2248 853 92 28 Arangi,
2355 853 63 27 Eovi,
2431 855 46 21 and

1889 881 84 28 Epoke,
1985 881 70 22 chiefs
2063 880 25 21 of
2095 879 36 22 the
2140 879 116 23 Natti-ava
2265 879 44 22 and
2316 880 76 22 Caffea
2401 880 75 28 tribes,

1888 908 29 27 by
1928 908 44 22 Mr.
1986 907 96 22 William
2095 906 56 27 Hay,
2166 906 50 22 who
2227 907 49 21 sold
2285 913 14 15 a
2308 906 85 27 moiety
2403 907 26 22 of
2440 907 36 23 in-

1887 938 68 18 terest
1963 934 24 22 in
1999 934 38 22 the
2047 933 67 22 above
2125 938 22 16 to
2158 933 112 22 claimant.

1915 961 167 22 Consideration
2099 961 22 21 in
2142 960 37 21 the
2195 960 47 21 first
2258 960 102 22 instance
2363 971 25 5 —
2389 961 87 22 various

1887 988 88 22 articles
1985 989 26 21 of
2017 987 161 26 merchandize,
2190 990 23 18 to
2223 985 37 23 the
2275 991 95 17 amount
2378 987 26 21 of
2415 988 61 23 £378

1887 1015 98 27 sterling,
2004 1017 35 19 tor
2048 1014 37 22 the
2100 1013 69 23 entire
2185 1013 107 28 purchase
2298 1022 5 19 ;
2323 1014 44 22 and
2379 1014 62 22 £200
2451 1015 25 21 in

1887 1042 53 21 cash
1950 1042 45 21 and
2004 1041 77 27 goods,
2091 1040 72 22 stated
2173 1044 23 17 to
2206 1041 56 21 have
2271 1041 59 21 been
2339 1041 62 22 since
2409 1042 67 27 given

1888 1072 23 18 to
1922 1069 37 21 the
1969 1069 87 21 natives
2065 1068 28 27 by
2103 1068 113 21 claimant.

1906 1095 93 24 .Nature
2015 1095 26 22 of
2055 1102 139 19 conveyance
2196 1105 26 4 —
2224 1093 120 23 Indenture
2354 1095 25 21 of
2390 1094 87 23 Feeoff-

1887 1125 63 19 ment
1959 1127 23 17 to
1992 1122 45 22 Mr.
2049 1122 58 27 Hay,
2120 1121 67 21 dated
2196 1121 38 22 9th
2244 1121 105 26 October,
2361 1123 61 21 1839.

1876 1171 3 4 .
1912 1154 57 22 .Case
1992 1154 45 22 No.
2062 1154 51 28 257.,
2113 1164 25 4 —
2138 1153 96 22 Thomas
2253 1153 57 27 Bell,
2330 1154 26 21 of
2372 1153 104 28 Dundee,

1887 1181 112 27 Scotland,
2009 1180 26 26 N.
2035 1180 39 26 8.,
2085 1177 98 24 daimSnt
2193 1182 22 19 in
2219 1182 60 24 part.

1915 1208 38 21 All
1964 1208 48 21 that
2020 1208 62 26 piece
2093 1208 23 21 of
2127 1207 51 22 land
2190 1215 25 13 or
2223 1206 72 22 island
2303 1206 82 22 known
2395 1206 30 28 by
2437 1206 39 23 the

1888 1242 66 14 name
1966 1234 28 21 of
2007 1235 89 25 Manna,
2113 1233 72 22 called
2199 1234 30 26 by
2243 1234 37 21 the
2295 1232 101 28 English,
2415 1233 64 22 War-

1888 1262 55 27 spite
1959 1260 85 27 Island,
2062 1260 94 23 situated
2174 1260 23 21 in
2213 1260 80 21 Cook's
2309 1260 85 26 Straits,
2410 1260 70 22 about

1886 1288 102 22 fourteen
2003 1287 62 22 miles
2080 1287 128 22 south-west
2216 1286 27 22 of
2256 1287 70 27 Entry
2339 1286 78 23 Island
2430 1287 46 22 and

1889 1315 117 25 Rowpara.
2037 1314 116 26 (Contents
2163 1316 38 19 not
2211 1313 89 26 stated.)

1915 1340 96 28 Alleged
2027 1344 22 18 to
2060 1340 54 22 have
2128 1341 57 21 been
2196 1340 122 28 purchased
2333 1347 28 14 on
2377 1339 38 23 the
2424 1340 53 21 25th

1888 1368 64 27 April
1962 1369 61 25 1832,
2034 1368 56 21 from
2105 1368 38 21 the
2160 1368 75 21 native
2249 1366 77 28 chiefs,
2344 1366 78 28 Ropea
2432 1366 47 22 and

1888 1394 142 27 Ranghiatia,
2047 1395 29 27 by
2091 1394 89 22 Messrs.
2197 1393 60 22 Johu
2273 1394 57 26 Bell,
2348 1393 130 22 Alexander

1889 1421 123 26 Davidson,
2024 1421 42 22 and
2074 1420 120 23 Archibald
2202 1420 123 22 Mossman.
2351 1420 125 27 Davidson,

1888 1448 17 21 it
1914 1448 19 21 is
1943 1448 80 26 stated,
2036 1448 131 21 transferred
2175 1447 34 22 his
2215 1448 91 21 interest
2314 1451 23 17 to
2348 1447 59 22 John
2420 1447 54 27 Bell,

1888 1476 59 21 since
1957 1474 117 28 deceased,
2089 1475 71 21 whose
2168 1474 80 26 father,
2260 1474 37 21 the
2307 1476 92 26 present
2407 1473 70 29 appli-

1888 1504 57 24 cant,
1956 1502 78 21 claims
2044 1509 23 14 as
2078 1501 140 22 heir-at-law.

1916 1528 175 28 Consideration,
2098 1529 87 21 various
2194 1527 86 22 articles
2286 1528 26 20 of
2314 1526 162 28 merchandise,

1888 1555 64 22 value
1957 1560 45 17 .not
2013 1556 77 21 stated.

1915 1582 86 22 Nature
2011 1582 26 22 of
2043 1589 151 20 conveyance^
2203 1584 38 19 not
2250 1581 80 22 stated.

1915 1609 55 22 Case
1982 1609 118 22 No.27o.—
2100 1608 132 23 Alexander
2245 1608 85 26 Fraser,
2342 1608 26 21 of
2378 1608 97 27 Sydney,

1889 1643 86 20 cooper,
1992 1636 46 22 and
2056 1636 95 23 Thomas
2171 1635 84 26 Fraser,
2270 1634 26 22 of
2309 1634 71 28 Capiti
2397 1634 80 23 Cook's

1889 1663 84 26 Straits,
1985 1663 57 22 New
2055 1662 104 27 Zealand,
2170 1663 114 20 claimants.

1916 1689 37 22 All
1964 1690 49 21 that
2020 1690 62 27 piece
2092 1697 24 14 or
2125 1690 75 26 parcel
2210 1689 24 21 of
2245 1688 51 23 land
2308 1688 117 27 including
2435 1688 37 22 the

1888 1716 97 28 whaling
1994 1718 88 25 station,
2099 1716 73 23 called
2187 1716 64 27 Long
2267 1716 73 26 Point,
2357 1716 79 21 situate
2450 1719 27 18 at

1891 1744 77 27 Capiti,
1980 1743 78 22 Cook's
2067 1744 82 26 Straits,
2154 1744 59 21 New
2219 1742 108 23 Zealand.
2355 1742 120 26 (Contents

1891 1776 38 16 not
1940 1770 89 26 stated.)

1917 1797 97 27 Alleged
2023 1801 23 18 to
2061 1797 56 22 have
2131 1797 58 22 been
2199 1796 124 28 purchased
2338 1796 68 21 about
2417 1794 60 28 eight

1889 1831 63 20 years
1971 1831 50 20 ago,
2041 1824 54 22 from
2121 1824 84 22 certain
2227 1824 83 21 Native
2335 1822 82 27 Chiefs,
2437 1826 40 17 not

1891 1851 87 26 named,
1997 1852 28 26 by
2042 1851 43 21 Mr.
2098 1851 99 21 Thomas
2213 1850 94 27 Wright,
2323 1849 49 22 who
2388 1849 48 22 sold
2452 1853 24 18 to

1892 1878 36 21 the
1940 1878 123 21 claimants.

1918 1905 172 26 Consideration,
2098 1905 23 21 in
2134 1904 36 22 the
2180 1904 47 22 first
2234 1904 102 21 instance
2347 1906 40 19 not
2396 1902 79 27 stated,

1891 1932 39 21 but
1947 1932 38 21 the
2002 1932 113 21 claimants
2131 1932 72 26 allege
2218 1931 55 25 that,
2292 1935 24 16 at
2332 1929 37 22 the
2386 1930 52 21 time
2456 1928 27 23 of

1891 1958 58 22 their
1964 1958 115 28 purchase,
2095 1959 53 26 they
2164 1958 51 26 paid
2234 1958 37 21 the
2287 1957 86 22 natives
2391 1956 88 22 various

1889 1985 69 26 goods
1969 1990 22 16 to
2002 1985 37 21 the
2049 1987 90 19 amount
2148 1985 26 21 of
2185 1985 69 21 about
2263 1984 47 22 £30
2322 1984 98 26 sterling.

1916 2011 87 22 Nature
2013 2012 26 20 of
2050 2018 147 20 conveyance,
2208 2015 40 17 not
2256 2010 87 21 stated.-

1917 2045 55 21 Case
1987 2044 45 22 No.
2042 2045 46 21 287.
2121 2046 8 18 i
2135 2044 78 22 homas
2229 2043 92 27 Barker,
2331 2043 27 21 of
2377 2043 99 27 Sydney,

1890 2071 197 25 master-mariner,'
2095 2071 113 21 claimant.
2247 2088 4 4 ,
2279 2082 5 4 •
2305 2070 4 3 '

1915 2097 22 25 2,
1952 2096 54 22 Two
2023 2103 65 20 acres,
2106 2104 60 14 more
2182 2104 25 14 or
2220 2095 52 26 less,
2288 2095 82 21 situate
2378 2092 5 5 '
2391 2101 28 15 on
2439 2093 39 23 the

1891 2128 53 16 west
1958 2123 48 21 side
2023 2123 26 21 of
2064 2123 36 21 the
2118 2123 97 21 harbour
2230 2121 26 22 of
2272 2121 56 22 Port
2345 2121 131 27 Nicholson,

1891 2149 44 22 and
1945 2149 148 28 immediately
2103 2149 113 27 adjoining
2226 2148 37 22 the
2274 2148 82 22 Native
2366 2148 48 22 Pah
2423 2147 49 23 Ha-

1892 2177 77 27 wipote
1977 2184 5 19 ;
2002 2176 107 22 bounded
2125 2183 29 15 on
2171 2176 36 22 the
2225 2179 47 18 east
2288 2175 29 21 by
2330 2175 38 21 the
2378 2182 49 19 sea;
2443 2182 30 14 on

1891 2203 35 21 the
1944 2203 67 22 north
2027 2204 28 27 by
2070 2203 35 22 the
2124 2203 75 21 native
2213 2202 89 29 chapel;
2326 2201 44 23 and
2388 2208 29 15 on
2435 2201 40 23 the

1889 2231 129 21 north-west
2028 2231 27 26 by
2065 2237 14 14 a
2087 2230 59 22 fresh
2163 2234 66 17 water
2239 2228 72 23 creek.

1917 2257 98 27 Alleged
2032 2261 21 17 to
2070 2257 55 21 have
2143 2258 57 21 been
2216 2255 126 28 purchased
2359 2255 59 21 from
2436 2254 39 22 the

1889 2285 75 21 native
1974 2284 64 22 chief
2048 2283 97 23 Richard
2154 2283 71 23 Davis
2231 2283 43 21 and
2286 2283 33 21 his
2330 2281 106 27 children,
2446 2289 30 15 on

1891 2311 37 21 the
1941 2312 49 20 11th
2002 2311 43 21 and
2055 2311 48 21 12th
2118 2310 134 27 November,
2265 2311 61 21 1839.

1917 2337 167 23 Consideration
2095 2342 22 17 to
2127 2338 38 21 the
2175 2337 92 26 natives,
2279 2337 48 22 £70
2336 2335 99 28 sterling.

1916 2365 87 22 Nature
2018 2365 26 21 of
2061 2372 142 20 conveyance
2203 2375 27 4 —
2231 2371 14 15 a
2260 2363 66 23 Deed
2342 2363 67 22 dated
2426 2362 50 22 12th

1891 2391 136 27 November,
2039 2388 56 26 1839.

1918 2426 55 21 Case
1983 2426 44 21 No.
2037 2426 45 21 374.
2111 2425 98 22 William
2220 2423 132 28 Wakefield,
2361 2431 30 14 on
2401 2422 80 23 behalf

1891 2452 26 21 of
1928 2452 38 22 the
1976 2453 56 21 New
2041 2452 99 22 Zealand
2150 2453 120 27 Company,
2281 2452 113 21 claimant.

1916 2479 50 23 The
1976 2480 72 21 whole
2058 2480 24 21 of
2093 2480 38 21 the
2141 2480 57 26 Bay,
2216 2478 102 22 Harbour
2329 2478 45 21 and
2384 2477 93 22 District

1890 2506 26 22 of
1935 2506 87 28 Wanga
2036 2506 45 22 Nui
2094 2507 77 27 Atera,
2192 2505 126 27 commonly
2336 2504 72 23 called
2423 2504 54 22 Port

1891 2533 129 27 Nicholson,
2032 2534 77 21 situate
2126 2540 28 14 on
2168 2533 36 21 the
2222 2532 163 22 north-eastern
2394 2530 48 23 side
2453 2531 27 22 of

1891 2560 79 22 Cook's
1986 2560 84 22 Straits.
2106 2560 48 22 The
2169 2559 89 22 summit
2272 2559 27 21 of
2315 2558 39 23 the
2368 2565 68 20 range
2455 2557 26 22 of

1890 2588 128 20 mountains
2032 2587 79 21 known
2129 2587 28 27 by
2173 2586 38 22 the
2225 2593 66 15 name
2309 2585 26 22 of
2351 2584 124 26 Turakirai,

1889 2614 58 22 from
1957 2614 38 21 the
2006 2614 63 27 point
2078 2614 71 21 where
2159 2613 38 21 the
2205 2612 49 22 said
2263 2619 70 19 range
2349 2611 78 22 strikes
2438 2611 38 22 the

1890 2647 44 20 ■ea,
1950 2641 23 21 in
1991 2638 86 24 Cook's"
2087 2640 86 26 Straits,
2190 2639 86 22 outside
2293 2639 26 22 of
2336 2639 37 21 the
2389 2641 87 19 eastern

1891 2667 112 21 headland
2026 2668 25 20 of
2076 2667 35 21 the
2133 2666 47 22 said
2199 2666 49 26 Bay
2262 2665 47 22 and
2326 2664 105 23 Harbour
2455 2664 27 23 of

1890 2694 89 27 Wanga
1989 2694 46 21 Nui
2045 2694 74 24 Atera,
2130 2700 26 15 or
2165 2692 52 23 Port
2223 2692 131 26 Nicholson,
2361 2691 68 27 along
2439 2691 39 22 the

1891 2720 91 22 summit
1996 2720 25 21 of
2033 2720 37 22 the
2083 2720 49 21 said
2146 2727 76 19 range,
2232 2718 75 23 called
2319 2718 126 26 Turakirai,
2455 2723 25 17 at

1891 2747 38 21 the
1949 2747 101 21 distance
2066 2747 23 21 of
2107 2746 69 22 about
2193 2742 85 31 .twelve'
2291 2745 95 27 English
2406 2745 71 27 miles,

1891 2781 61 15 more
1963 2781 25 14 or
1997 2774 49 26 less,
2056 2774 56 21 from
2129 2773 37 22 the
2182 2772 40 23 low
2239 2775 69 19 water
2323 2772 66 21 mark
2399 2779 29 14 on
2439 2772 39 21 the

1891 2804 87 18 eastern
1991 2798 67 24 'shore
2075 2800 24 22 of
2110 2800 38 22 the
2164 2800 47 21 said
2228 2799 48 27 Bay
2293 2807 26 14 or
2333 2798 107 23 Harbour
2457 2798 26 22 of

1891 2828 88 26 Wanga
1989 2827 47 22 Nui
2046 2828 75 26 Atera,
2129 2834 25 14 or
2163 2826 52 22 Port
2223 2826 133 26 Nicholson,
2365 2825 65 22 untill
2440 2825 39 22 the

1892 2857 46 19 toot
1958 2855 25 21 of
2002 2854 38 21 the
2055 2854 53 27 high
2124 2861 70 19 range
2214 2854 22 21 of
2259 2854 127 21 mountains
2406 2851 72 23 called

1891 2882 105 26 Tararua,
2018 2881 77 21 situate
2119 2882 68 20 about
2209 2881 58 26 iorty
2287 2880 94 27 English
2406 2879 71 26 miles,

1891 2915 61 14 more
1971 2915 25 15 or
2013 2908 48 26 less,
2079 2908 57 21 from
2156 2907 38 22 the
2212 2907 69 27 sandy
2301 2906 71 22 beach
2396 2909 23 19 at
2441 2906 39 22 the

1890 2935 165 21 north-eastern
2067 2935 116 26 extremity
2190 2934 25 22 of
2221 2934 37 21 the
2269 2934 48 21 said
2330 2934 45 27 Bay
2385 2940 25 15 or
2420 2932 61 23 Har-

1893 2962 53 20 bour
1955 2962 25 21 of
1989 2961 86 27 Wanga
2082 2962 48 21 Nui
2138 2962 77 26 Atera,
2226 2969 25 13 or
2259 2960 54 22 Port
2319 2960 131 26 Nicholson,
2460 2960 20 21 is

1891 2988 39 22 the
1940 2991 88 19 eastern
2043 2988 137 22 boundaries.
2185 2988 24 22 of
2220 2987 38 22 the
2271 2987 50 22 said
2330 2986 70 27 lands,
2417 2989 63 19 tene-

1892 3020 79 22 ments,
1977 3015 81 27 woods,
2064 3015 61 28 bays,
2133 3015 113 26 harbours,
2253 3014 76 24 rivers,
2335 3018 92 18 streams
2433 3012 48 23 and

1891 3042 83 22 creeks.
2004 3042 65 22 From
2078 3043 38 21 the
2124 3043 63 27 point
2196 3042 71 22 where
2282 3042 37 20 the
2330 3040 48 22 said
2392 3042 87 20 eastern

1891 3069 118 27 boundary
2020 3069 75 22 strikes
2105 3069 38 21 the
2154 3069 45 21 foot
2208 3068 25 22 of
2244 3068 37 21 the
2291 3067 110 23 aforesaid
2410 3066 69 22 Tara-

1879 3116 3 4 .
1889 3102 41 15 rua
1935 3103 69 20 range
2011 3097 26 21 of
2041 3097 132 25 mountains,
2185 3096 65 26 along
2256 3094 37 22 the
2299 3094 49 22 foot
2354 3093 26 22 of
2387 3094 35 20 the
2430 3092 49 23 said
2484 3104 3 3 •

1890 3122 100 23 Tararua.
1999 3130 75 20 range,
2089 3123 58 21 until
2154 3122 38 22 the
2208 3125 63 23 point
2280 3122 72 20 where
2363 3119 37 22 the
2411 3126 68 20 range

1891 3149 25 22 of
1928 3150 127 22 mountains
2079 3149 73 23 called
2163 3149 112 27 Rimarup,
2293 3146 79 24 strikes
2381 3146 38 21 the
2429 3146 48 22 foot

1891 3176 26 21 of
1921 3176 38 22 the
1968 3176 48 22 said
2025 3177 97 21 Tararua
2135 3174 76 29 range';
2228 3175 20 21 is
2261 3175 38 21 the
2313 3174 166 21 north-eastern

1890 3203 119 28 boundary
2018 3204 25 21 of
2049 3203 36 22 the
2095 3203 71 26 lands,
2182 3204 129 22 tenements,
2323 3199 81 27 woods,
2415 3200 62 27 bays,

1889 3229 117 28 harbours,
2023 3230 43 22 and
2079 3230 84 22 creeks.
2192 3229 66 21 From
2274 3227 39 21 the
2327 3226 63 27 point
2405 3226 74 23 where

1891 3257 37 21 the
1937 3257 50 22 said
2002 3257 103 28 Rimarup
2123 3263 67 19 range
2199 3254 26 22 of
2237 3257 129 19 mountains
2379 3256 24 19 at
2412 3260 12 14 a
2434 3253 45 22 dis-

1891 3287 68 19 tance
1970 3284 27 22 of
2008 3285 67 21 about
2089 3283 79 21 twelve
2182 3280 92 28 English
2290 3279 71 27 miles,
2380 3287 59 14 more
2455 3287 25 15 or

1891 3310 42 22 less
1948 3311 59 21 from
2022 3311 36 21 the
2071 3310 41 21 low
2123 3313 67 17 water
2203 3306 64 23 mark
2276 3309 36 19 'on
2328 3306 38 22 the
2384 3310 94 19 western

1890 3337 65 23 shore
1965 3338 26 22 of
1996 3337 38 21 the
2042 3337 46 21 said
2097 3336 48 27 Bay
2152 3342 25 14 or
2187 3334 104 22 Harbour
2301 3332 27 23 of
2330 3333 91 27 -Wanga
2430 3334 49 22 Nui

1891 3365 76 26 Atera,
1981 3372 25 13 or
2016 3364 52 22 Port
2077 3362 129 25 Nicholsou,
2217 3360 57 22 until
2284 3360 39 21 the
2333 3360 63 28 point
2404 3360 75 23 where

1891 3391 37 21 the
1938 3391 47 21 said
1996 3390 105 26 Rimarup
2111 3395 69 19 range
2189 3386 78 23 strikes
2276 3387 39 22 the
2325 3394 38 15 sea
2368 3387 24 22 in
2399 3388 80 21 Cook's

1891 3418 84 26 Straits,
1989 3416 83 23 outside
2082 3416 38 21 the
2131 3417 91 19 western
2230 3413 115 23 headland
2356 3414 26 22 of
2386 3414 36 22 the
2429 3414 50 22 said

1890 3445 48 27 Bay
1950 3451 27 15 or.
1992 3443 103 22 Harbour
2105 3442 26 21 of
2142 3440 87 28 Wauga
2239 3440 48 23 Nui
2297 3441 77 26 Atera,
2392 3448 25 14 or
2426 3441 53 22 Port

1890 3470 132 26 Nicholson,
2029 3477 26 17 js
2064 3468 36 22 the
2112 3471 91 18 western
2208 3475 4 15 ;
2219 3468 117 26 boundary
2345 3469 26 20 of
2383 3468 37 22 the
2430 3467 49 22 said

1889 3497 77 27 lands,,
1973 3494 290 28 tenement3,_woods,.bays,
2274 3493 116 27 harbours,
2401 3494 76 26 rivers,

1889 3528 100 22 streams,
1999 3523 44 21 and
2054 3521 81 22 creeks.
2161 3521 64 22 From
2233 3521 36 22 the
2279 3522 49 21 said
2335 3522 64 28 point
2406 3521 72 22 where

1891 3551 36 21 the
1943 3550 108 27 Rimarup
2060 3555 68 20 range
2139 3548 25 22 of
2173 3549 129 21 mountains
2310 3548 69 22 strike
2394 3548 36 22 the
2441 3555 38 14 sea

1890 3577 22 22 in
1924 3576 80 22 Cook's
2015 3576 82 25 Straits,
2109 3576 24 21 in
2143 3583 14 14 a
2163 3575 69 22 direct
2239 3575 46 22 line
2292 3580 23 17 to
2324 3575 39 22 the
2368 3574 111 23 aforesaid

1888 3604 68 28 point,
1967 3603 72 21 where
2050 3602 35 22 the
2095 3601 116 23 Turakirai
2222 3609 69 20 range
2301 3602 81 22 strikes
2392 3602 36 21 the
2440 3607 39 16 sea

1889 3638 22 14 in
1921 3631 38 21 the
1968 3630 48 22 said
2028 3628 77 22 Cook's
2116 3628 82 28 Straits,
2210 3629 19 21 is
2237 3630 37 20 the
2286 3629 110 22 Southern
2408 3628 71 21 boun-

1889 3657 56 28 dary
1954 3657 26 21 of
1987 3656 38 22 the
2034 3655 43 22 said
2089 3655 71 27 lands,
2175 3659 134 24 tenements,
2326 3655 79 25 woods,
2416 3654 61 28 bays,

1889 3684 115 26 harbours,
2015 3682 74 28 rivers,
2105 3686 93 19 streams
2207 3683 45 21 and
2262 3682 84 22 creeks.
2375 3678 54 25 Also
2441 3681 38 22 the

1889 3710 47 22 said
1951 3710 51 26 bay,
2017 3708 102 28 harbour,
2135 3709 46 22 and
2196 3709 86 23 district
2291 3708 26 23 of
2332 3708 84 27 Wanga
2430 3707 48 23 Nui

1890 3737 76 25 Atera,
1983 3743 26 14 or
2019 3736 51 22 Port
2077 3736 131 26 Nichelson,
2223 3736 116 26 including
2352 3734 37 23 the
2406 3734 73 23 island

1890 3764 27 21 of
1924 3763 158 23 Makaroaand
2094 3763 37 22 the
2142 3763 71 22 island
2222 3763 80 26 Matui,
2314 3761 71 23 which
2394 3760 83 23 islands

1891 3798 36 14 are
1935 3790 54 22 both
1995 3790 77 22 situate
2079 3789 78 23 within
2165 3790 36 22 the
2208 3790 48 22 said
2261 3788 97 23 harbour
2364 3788 25 21 of
2392 3787 87 28 Wanga

1890 3817 47 22 Nui
1947 3817 78 21 Atera.
2041 3824 25 14 or
2081 3817 53 21 Port
2148 3816 130 26 Nickolson,
2296 3823 26 14 aa
2340 3814 49 23 well
2408 3821 24 14 as
2448 3815 30 22 all
2486 3828 4 4 •

1891 3844 64 21 other
1964 3843 70 27 lands,
2049 3846 133 25 tenements,
2190 3843 80 26 woods,
2288 3842 60 28 bays,
2364 3840 118 31 harbours,,

1891 3871 75 25 rivers,
1983 3873 96 25 streams,
2095 3870 46 23 and
2154 3870 82 26 creeks,
2250 3869 80 23 situate
2347 3867 76 23 within
2441 3868 38 23 the

1891 3896 110 23 aforesaid
2010 3897 139 23 boundaries.
2232 3903 4 3 '
2271 3896 3 6 '
2392 3910 60 14 ■'>-,

1920 3923 100 28 Alleged
2029 3929 20 17 to
2059 3924 56 22 have
2125 3924 58 22 been
2190 3922 127 29 purchased
2328 3922 31 28 by
2373 3920 108 24 claimant

1891 3951 59 23 from
1959 3951 40 23 the
2009 3950 79 24 Native
2098 3950 76 24 Chiefs
2186 3950 113 28 Matangi,
2315 3948 75 30 Epuri,
2406 3948 75 24 Bona-

1278 124 145 28 easttby'east,
1436 128 22 19 to
1474 126 36 22 the
1525 128 64 22 south
1604 127 84 23 branch
1700 126 28 22 of
1737 126 39 22 the
1792 126 68 22 Pore-

1277 158 51 18 rooa
1337 152 65 21 river.
1434 152 114 26 (Contents
1558 159 41 17 not
1608 154 88 26 stated).
1731 173 4 3 .
1787 170 3 9 ,

1303 178 96 26 Alleged
1407 181 23 18 to
1449 178 57 24 have
1522 181 55 22 been
1584 180 123 29 purchased
1715 180 36 22 in.
1754 178 104 33 October

1432 205 73 29 Rangi
1520 208 58 26 Ako,
1600 207 75 27 Rangi
1695 204 79 30 Hero/
1785 206 75 27 Rangi

1278 231 68 25 Hitei,
1364 231 117 27 Rupterra,
1504 234 44 21 Aki
1564 234 92 27 Arangi,
1677 233 63 27 Eovi,
1766 232 91 28 Epokie,

1279 258 72 24 Chiefs
1366 258 27 21 of
1407 258 38 22 the
1464 260 116 22 Natti-ava
1597 261 43 21 and
1653 260 72 22 Caffea
1741 259 74 27 tribes,
1830 260 29 26 by

1280 284 40 24 Nlr.
1338 284 99 22 William
1456 286 61 28 Hay,
1533 287 49 21 who
1596 286 48 22 sold
1662 294 13 14 a
1693 286 64 22 tenth
1775 289 50 25 part
1837 286 26 21 of

1277 313 33 22 his
1320 311 92 22 interest
1421 314 23 19 to
1455 312 111 23 claimant.

1303 338 167 23 Consideration
1488 340 24 21 in
1531 340 37 22 the
1583 340 47 22 first
1644 340 108 26 instance,
1772 338 88 23 various

1278 364 85 24 articles
1373 364 24 21 of
1408 366 161 27 merchandise,
1580 370 22 18 to
1613 367 38 21 the
1660 369 89 19 amount
1759 366 25 21 of
1799 365 61 24 £380

1277 391 96 27 sterling,
1385 391 33 22 for
1434 392 38 23 the
1488 393 71 22 entire
1573 393 107 28 purchase
1686 398 19 22 ;V
1712 392 45 23 and
1775 392 55 24 £40.
1837 392 23 22 in

1278 417 49 25 cash
1338 418 45 21 and
1392 418 22 21 in
1430 418 75 28 goods,
1522 420 72 21 stated
1608 424 22 17 to
1648 420 55 22 have
1722 420 59 21 been
1800 419 59 22 since

1277 446 63 27 given
1347 447 24 19 to
1381 445 37 22 the
1429 446 92 22 Natives
1530 447 29 27 by
1568 446 111 23 claimant.

1302 470 85 24 Nature
1397 472 26 21 of
1434 479 168 21 conveyance—
1604 473 124 22 lndenture
1738 472 26 22 of
1775 472 85 22 Feeoff-

1277 501 61 20 ment
1348 502 22 17 to
1380 498 44 22 Mr.
1430 502 5 11 f
1437 499 58 27 Hay,
1508 500 66 21 dated
1583 500 38 22 the
1633 500 40 24 6th
1688 500 95 21 October
1799 500 59 21 1839.

1303 531 56 21 Case
1369 531 42 22 No.
1423 533 47 21 191.
1471 543 28 5 —
1500 532 115 23 Frederic
1626 533 128 26 Peterson,
1766 533 26 21 of
1805 532 55 27 Syd-

1277 564 49 22 ney,
1338 557 124 29 Merchant,
1474 561 106 21 claimant.

1301 585 84 26 23,040,
1411 586 165 28 Twenty-three
1600 585 116 23 thousand-
1733 585 47 23 and
1801 586 59 28 forty

1277 618 67 18 acres,
1356 618 60 16 more
1425 620 26 14 or
1460 614 49 26 less,
1521 613 64 28 being
1595 613 29 21 all
1635 613 47 21 that
1689 613 63 28 piece
1758 620 24 14 or
1786 613 74 27 parcel

1277 639 24 22 of
1312 638 55 22 land
1381 639 80 22 situate
1476 648 30 14 on
1524 640 37 21 the
1578 636 73 25 North
1670 640 76 21 Island
1761 639 24 22 of
1806 640 54 22 New

1277 663 105 29 Zealand,
1392 665 23 22 in
1427 666 80 22 Cook's
1518 667 83 26 Straits,
1612 666 63 27 lying
1682 666 178 22 east-south-east

1275 693 56 22 from
1350 692 38 21 the
1406 693 106 22 southern
1526 693 63 26 point
1602 693 26 21 of
1645 693 82 28 Kapiti,
1748 700 24 14 or
1792 693 68 28 Entry

1277 718 81 26 Island,
1369 719 45 21 and
1430 719 81 33 kmrsyn
1528 719 29 28 by
1573 719 37 21 the
1627 726 64 16 name
1705 721 26 21 of
1752 719 106 28 Wainun,

1276 754 13 14 a
1297 745 64 23 small
1372 745 58 22 river
1440 747 26 21 of
1476 746 61 22 fresh
1548 749 67 19 water
1621 747 96 26 running
1722 747 47 21 into
1780 747 80 22 Cook's

1277 772 81 27 StraitSj
1370 772 36 22 the
1418 773 49 21 said
1479 773 76 28 parcel
1571 773 25 21 of
1611 772 54 22 land
1681 773 123 28 extending
1818 782 41 14 one

1275 799 51 23 mile
1337 799 100 28 frontage
1449 804 22 17 to
1480 800 38 21 the
1528 799 66 22 north
1602 799 26 22 of
1639 799 37 22 the
1690 800 78 22 mouth
1783 801 25 21 of
1823 801 37 22 the

1275 825 45 24 said
1331 826 64 26 river,
1407 826 46 22 and
1462 827 99 26 running
1575 830 46 18 east
1637 827 77 21 twelve
1731 827 70 26 miles,
1817 828 43 22 and

1276 853 44 23 also
1336 855 44 19 two
1395 853 64 22 miles
1477 854 103 26 frontage
1597 856 23 18 to
1639 853 36 22 the
1693 854 68 22 south
1778 855 25 21 of
1823 855 36 21 the

1277 879 75 23 mouth
1380 879 24 22 of
1425 880 37 22 the
1479 880 49 22 said
1544 881 65 25 river,
1630 881 45 21 and
1697 881 98 27 running
1814 886 46 17 east

1277 905 75 24 twelve
1362 907 65 25 miles,
1434 907 56 23 from
1501 907 36 22 the
1546 907 70 22 beach
1627 907 25 21 of
1660 907 79 22 Cook's
1749 908 84 22 Straits.

1301 933 96 27 Alleged
1406 938 22 18 to
1446 934 57 22 have
1519 935 55 21 been
1590 934 122 27 purchased
1724 935 23 21 in
1762 935 97 22 Novem-

1275 961 43 25 ber,
1331 961 59 25 1839,
1408 961 58 21 from
1482 961 38 22 the
1539 961 82 22 Native
1641 961 72 22 Chiefs
1732 963 23 20 A
1774 962 85 21 Houlo-

1276 986 75 24 mouth
1361 987 44 21 and
1417 988 20 21 A
1449 988 47 22 Pie.

1301 1013 172 28 Consideration,
1491 1015 87 21 various
1592 1015 87 22 articles
1693 1015 25 21 of
1733 1015 126 22 merchant-

1276 1041 51 26 dise,
1340 1041 63 21 value
1413 1045 39 17 not
1461 1041 78 22 stated.

1301 1068 84 21 Nature
1401 1067 26 23 of
1443 1075 140 20 conveyance
1585 1080 28 3 —
1613 1069 63 22 Deed
1691 1069 25 21 of
1735 1069 125 22 Feoffment

1276 1099 20 18 to
1307 1094 113 28 claimant,
1431 1094 68 22 dated
1508 1098 32 18 Ist
1550 1096 133 27 November,
1694 1097 64 21 1839.

1302 1121 55 22 Case
1368 1121 43 22 No.
1423 1123 45 20 191.
1482 1122 61 27 (a)—
1545 1122 132 23 Frederick
1691 1123 129 27 Peterson,
1836 1123 26 22 of

1277 1148 94 29 Sydney,
1383 1148 127 26 Merchant,
1526 1150 103 21 claimant.

1301 1175 39 21 All
1363 1175 48 21 that
1430 1175 84 27 Island,
1535 1177 82 20 known
1639 1176 29 27 by
1689 1176 39 21 the
1752 1184 65 15 name
1835 1177 27 22 of

1276 1203 104 22 Korarro.
1389 1203 95 21 situated
1493 1206 24 18 at
1525 1203 37 21 the
1580 1206 101 19 entrance
1696 1203 27 21 of
1739 1203 37 22 the
1792 1204 68 21 River

1276 1229 97 26 Pelorus,
1384 1229 22 21 in
1414 1229 79 21 Cook's
1500 1229 83 22 Straits.
1599 1230 115 25 (Contents
1723 1234 39 17 not
1769 1231 88 26 stated.)

1301 1255 95 27 Alleged
1408 1260 21 17 to
1437 1255 59 22 have
1506 1257 55 21 been
1577 1257 121 27 purchased
1713 1256 25 22 in
1755 1257 102 27 October,

1277 1283 58 26 1839,
1347 1283 55 21 from
1413 1283 88 21 Awatta
1511 1284 126 27 Rangatira,
1649 1283 26 21 of
1682 1283 102 22 Korraro.

1302 1309 174 28 Consideration,
1497 1310 52 21 cash
1568 1310 43 21 and
1627 1310 153 22 merchandise
1792 1314 22 18 to
1822 1311 37 22 the

1276 1339 90 20 amount
1375 1336 25 22 of
1410 1335 48 24 £30
1463 1337 99 27 sterling.

1303 1363 84 22 Nature
1402 1363 25 21 of
1445 1370 167 21 conveyance—
1615 1364 64 22 Deed
1693 1364 26 21 of
1736 1364 124 22 Feoffinent

1277 1394 21 19 to
1308 1389 113 28 claimant,
1431 1389 68 22 dated
1510 1391 49 21 15th
1568 1391 104 27 October,
1684 1392 61 21 1839.

1291 1438 3 3 •
1303 1425 54 21 Case
1369 1424 41 22 No.
1421 1426 46 20 209.
1481 1424 59 26 (c)—
1541 1425 86 22 Henry
1639 1425 114 28 Sheldon,
1763 1425 25 22 of
1805 1425 55 28 Syd-

1276 1459 42 20 ney
1329 1452 98 20 claimant
1436 1453 23 19 in
1463 1455 59 23 part.

1301 1478 40 22 AH
1350 1479 47 21 that
1407 1479 53 21 land
1474 1479 80 21 known
1568 1479 31 27 by
1609 1479 37 22 the
1659 1486 65 15 name
1740 1479 118 27 Porerooa,

1276 1507 56 21 from
1343 1505 37 22 the
1390 1505 64 22 rocks
1469 1514 60 19 upon
1543 1505 36 23 the
1590 1506 122 22 north-east
1728 1505 47 23 side
1785 1506 26 22 of
1822 1507 38 21 the

1277 1532 68 23 River
1363 1532 108 22 Porerooa
1481 1533 70 21 called
1567 1533 112 25 Tiekatoa,
1689 1533 127 21 north-east
1829 1534 30 26 by

1277 1559 66 23 north
1352 1559 68 27 thirty
1430 1559 75 28 miles;
1521 1559 43 22 and
1575 1559 104 22 bounded
1694 1564 22 17 to
1727 1560 37 21 the
1774 1563 48 18 east
1830 1560 30 27 by

1277 1594 13 14 a
1299 1593 68 20 range
1379 1586 25 21 of
1411 1593 77 20 snowy
1498 1586 125 22 mountains
1631 1594 5 19 ;
1653 1589 21 19 to
1684 1587 38 21 the
1733 1587 64 21 south
1806 1586 30 27 by
1847 1594 14 14 a

1277 1620 68 19 range
1355 1613 25 21 of
1385 1613 52 21 hills
1447 1613 61 22 three
1519 1613 62 22 miles
1590 1613 57 21 from
1662 1613 52 22 Port
1728 1613 130 27 Nicholson,

1277 1647 58 21 upon
1347 1640 36 22 the
1394 1641 130 21 south-west
1533 1641 46 21 side
1589 1639 26 22 of
1623 1640 118 22 thelliver
1752 1640 110 22 Porerooa

1278 1671 21 18 to
1308 1667 52 22 Teti
1369 1667 47 26 Bay
1425 1674 5 19 ;
1447 1667 57 21 from
1514 1667 49 22 Teti
1580 1667 46 26 Bay
1637 1667 121 21 south-east
1772 1667 32 26 by
1815 1672 46 16 east

1279 1698 20 18 to
1314 1693 38 22 the
1372 1693 65 22 south
1456 1694 84 22 branch
1559 1694 26 21 of
1601 1694 38 21 the
1657 1693 114 22 Porerooa'
1784 1693 76 23 River.

1279 1720 117 28 (Contents
1407 1723 39 19 not
1456 1721 87 26 stated.)

1304 1747 95 27 Alleged
1414 1752 23 17 to
1447 1747 56 22 have
1519 1747 55 21 been
1585 1747 122 27 purchased
1721 1747 24 21 in
1757 1747 103 26 October,

1279 1776 58 25 1839,
1357 1775 57 21 from
1434 1774 73 27 Rangi
1528 1773 56 27 Ako,
1605 1774 71 27 Rangi
1698 1774 70 25 Hero,
1788 1774 72 27 Rangi

1279 1801 69 26 Hitei,
1374 1801 115 28 Rupterra,
1512 1801 52 26 Aki,
1585 1801 71 26 Erow,
1680 1801 93 26 Arangi,
1799 1801 61 27 Eovi,

1279 1827 78 28 Epoki,
1366 1828 69 22 chiefs
1446 1829 25 20 of
1477 1828 38 21 the
1525 1827 115 22 Natti-ava
1649 1827 42 23 and
1701 1827 75 23 Caffea
1787 1828 73 27 tribes,

1279 1857 28 25 by
1317 1855 45 21 Mr.
1373 1855 98 21 William
1488 1855 59 26 Hay,
1559 1854 49 21 who
1621 1853 47 23 sold
1678 1862 12 14 a
1703 1855 63 22 tenth
1780 1860 50 23 part
1839 1855 26 21 of

1279 1883 31 21 his
1320 1882 93 22 interest
1422 1887 23 16 to
1456 1882 37 21 the
1504 1881 109 22 claimant.

1305 1909 174 25 Consideration,
1496 1908 24 22 in
1535 1907 36 23 the
1587 1908 47 22 first
1649 1908 108 27 instance,
1774 1908 88 22 various

1279 1935 87 23 articles
1376 1935 25 21 of
1413 1935 156 22 merchandize
1582 1938 23 18 to
1620 1935 38 21 the
1668 1939 91 18 amount
1769 1935 26 21 of
1802 1935 60 23 £378

1279 1962 95 27 sterling,
1395 1963 35 21 for
1449 1962 37 22 the
1502 1962 69 21 entire
1586 1961 114 27 purchase,
1716 1961 43 23 and
1775 1963 46 21 £40
1839 1963 23 21 in

1280 1989 58 26 cash,
1350 1989 43 22 and
1403 1989 57 27 good
1470 1989 73 21 stated
1554 1993 20 16 to
1585 1987 57 23 have
1655 1989 54 21 been
1720 1989 61 21 since
1795 1989 65 26 given

1279 2021 21 17 to
1310 2016 38 21 the
1358 2016 86 22 natives
1454 2015 30 27 by
1494 2015 112 21 claimant.

1278 2056 9 9 *
1305 2043 84 21 Nature
1401 2043 24 21 of
1434 2049 139 19 conveyance
1574 2052 26 4 —
1602 2040 64 22 Deed
1674 2041 24 21 of
1705 2040 125 23 Feoffment
1839 2044 22 18 to

1280 2067 114 28 Mr.^Hay,
1407 2068 67 21 dated
1483 2066 41 23 9th*
1531 2067 103 25 October,
1647 2069 56 19 1839.

1305 2095 56 21 Case
1378 2095 42 21 No.
1432 2095 67 24 2J29—
1501 2093 82 23 Robert
1597 2093 56 27 Tod,
1664 2093 24 22 of
1701 2093 54 21 Port
1770 2092 92 22 Nichol-

1279 2128 45 18 son,
1337 2121 54 22 New
1400 2121 106 23 Zealand,
1518 2122 106 19 claimant.

1305 2147 38 23 All
1353 2148 48 22 that
1411 2148 61 27 piece
1482 2148 25 22 of
1519 2148 52 22 land
1586 2147 114 28 adjoining
1712 2147 38 22 the
1762 2154 44 19 sea,
1818 2147 43 22 and

1279 2174 95 22 situated
1388 2178 23 18 to
1426 2175 37 21 the
1473 2175 63 22 south
1547 2175 41 21 and
1604 2175 30 26 by
1644 2178 51 18 west
1705 2174 26 22 of
1744 2173 36 23 the
1792 2174 69 27 Naly-

1280 2208 61 21 away
1352 2202 95 27 Village,
1457 2202 97 26 running
1560 2201 91 28 parallel
1661 2206 20 16 to
1690 2201 39 22 the
1740 2208 36 14 sea
1785 2201 41 21 and
1833 2209 29 20 up

1281 2234 20 16 to
1312 2228 37 22 the
1359 2228 61 27 ridge
1432 2233 21 17 at
1463 2229 37 21 the
1510 2229 65 21 back:
1603 2228 33 22 Its
1646 2227 114 28 boundary
1767 2228 46 21 line
1822 2229 40 21 lies

1280 2260 21 17 to
1310 2255 38 21 the
1359 2255 64 22 north
1435 2255 43 22 and
1490 2255 29 28 by
1528 2259 52 22 east,
1592 2255 45 21 and
1644 2262 139 14 commences
1791 2259 23 17 at
1823 2255 37 21 the

1280 2281 96 23 distance
1383 2283 27 21 of
1416 2282 42 22 five
1468 2282 102 22 hundred
1578 2282 43 22 and
1632 2281 99 27 eighteen
1740 2281 43 21 and
1792 2281 70 28 eighi-

1270 2322 2 8 :
1279 2308 95 22 twelfths
1383 2309 46 21 feet
1439 2309 57 21 from
1506 2317 13 14 a
1534 2309 45 21 line
1588 2309 75 21 drawn
1677 2309 57 21 from
1745 2308 37 22 the
1792 2308 70 28 Naly-

1270 2330 2 25 !
1280 2342 60 21 away
1350 2335 82 22 church
1449 2339 21 18 to
1481 2335 37 23 the
1528 2343 36 14 sea
1571 2344 7 19 ;
1595 2335 37 21 the
1641 2334 107 22 aforesaid
1765 2335 63 27 piece
1839 2336 26 20 of

1279 2363 52 21 land
1339 2362 53 22 then
1410 2370 111 14 measures
1530 2363 57 21 from
1596 2361 65 22 north
1672 2361 44 22 and
1733 2363 27 25 by
1777 2367 47 16 east
1839 2367 23 17 to

1270 2385 2 34 |
1280 2389 65 23 south
1361 2389 43 22 and
1420 2389 30 27 by
1461 2392 52 19 west
1527 2393 42 17 two
1585 2388 99 22 hundred
1700 2388 45 22 and
1760 2389 102 26 fifty-one

1280 2416 43 23 and
1333 2424 13 14 a
1355 2416 51 22 half
1411 2416 43 22 feet
1461 2424 5 19 ;
1478 2417 18 20 it
1505 2422 108 16 measures
1623 2415 54 21 from
1684 2414 38 23 the
1732 2422 38 14 sea
1776 2422 23 15 at
1809 2415 53 28 high

1280 2448 67 17 water
1356 2443 61 21 mark
1428 2445 22 19 to
1460 2442 89 27 beyond
1559 2443 36 21 the
1606 2442 60 26 ridge
1674 2442 94 27 parallel
1787 2447 21 17 to
1825 2445 37 19 the

1280 2478 37 14 sea
1332 2473 41 18 two
1387 2469 106 22 hundred
1507 2469 43 22 and
1558 2469 131 26 -thirty-two
1708 2469 50 26 feet,
1775 2469 87 22 besides

1280 2496 188 28 comprehending
1488 2495 35 23 the
1541 2496 64 21 shore
1621 2497 60 21 down
1698 2500 23 17 to
1735 2496 42 22 low
1797 2500 66 18 water

1280 2525 69 22 mark.
1378 2524 116 25 (Contents
1503 2527 38 17 not
1550 2522 88 27 stated.)

1288 2568 6 4 -
1305 2550 95 27 Alleged
1411 2553 23 19 to
1446 2550 54 21 have
1511 2550 54 21 been
1578 2549 122 26 purchased
1715 2549 32 28 by.
1756 2549 107 23 claimant

1279 2578 56 23 from
1347 2577 34 22 the
1393 2577 81 21 Native
1486 2576 66 22 Chief
1560 2576 98 22 Mutura.

1306 2603 175 27 Consideration,
1493 2604 3 4 '
1502 2602 52 23 cash
1570 2606 22 18 to
1602 2603 2 6 '
1611 2603 37 21 the
1665 2607 93 19 amount
1777 2604 27 22 of
1815 2605 48 23 £12

1280 2631 97 26 sterling.

1305 2658 85 22 Nature
1409 2657 26 22 of
1450 2664 141 20 conveyance
1592 2668 28 4 —
1620 2656 62 22 Deed
1702 2659 23 20 to
1747 2657 113 28 claimant,

1280 2685 65 22 dated
1355 2684 39 22 3rd
1404 2684 106 27 January,
1524 2685 58 21 1810.

1306 2719 55 22 Case
1383 2718 46 22 No.
1451 2719 42 20 229
1518 2718 60 26 (o)—
1579 2718 84 22 Robert
1682 2718 59 27 Tod,
1766 2718 23 23 of
1812 2718 52 23 Port

1280 2745 130 27 Nicholson,
1421 2744 57 22 New
1489 2744 106 27 Zealand,
1608 2746 105 20 claimant.

1306 2772 39 22 All
1355 2772 47 21 that
1412 2772 61 26 piece
1482 2779 23 14 or
1514 2772 72 28 parcel
1596 2772 25 22 of
1628 2772 51 22 land
1690 2772 96 23 situated
1795 2773 23 22 in
1825 2773 38 22 the

1279 2799 45 26 flat,
1345 2798 72 22 where
1435 2798 41 22 lies
1496 2799 35 21 the
1553 2798 119 28 Nalyaway
1692 2800 95 26 Church-,
1805 2800 57 22 from

1280 2825 71 23 which
1366 2825 81 22 church
1463 2826 19 21 it
1495 2825 63 22 bears
1575 2826 29 28 by
1621 2834 107 20 compass,
1748 2826 45 22 and
1812 2834 51 14 runs

1280 2854 65 25 along
1355 2852 37 21 the
1402 2852 61 27 ridge
1473 2855 22 18 to
1505 2853 37 21 the
1552 2854 127 21 south-west
1689 2853 131 28 halfsouth;
1834 2854 29 21 its

1280 2879 115 27 boundary
1406 2879 43 21 line
1459 2886 52 15 runs
1526 2880 131 22 north-west
1672 2880 51 22 half
1735 2880 73 26 north,
1819 2880 44 22 and

1279 2906 122 22 south-east
1414 2906 51 21 half
1482 2906 64 22 south
1562 2906 45 22 aud
1622 2908 18 20 is
1656 2906 84 22 distant
1752 2907 57 21 from
1826 2908 37 20 the

1280 2932 122 28 Nalyawah
1425 2932 82 23 church
1524 2933 61 22 three
1603 2933 100 22 hundred
1721 2934 45 21 feet
1788 2934 75 22 south-

1281 2964 52 17 west
1348 2959 44 22 and
1407 2960 29 26 by
1453 2960 64 21 south
1526 2968 5 19 ;
1547 2962 28 20 its
1590 2961 116 26 boundary
1718 2960 45 22 line
1780 2967 28 14 on
1825 2962 38 20 tbe

1279 2986 121 23 east-south
1418 2990 47 18 east
1472 2987 20 21 is
1506 2987 37 21 the
1559 2987 62 27 ridge
1637 2987 75 26 facing
1727 2987 37 21 the
1775 2994 43 19 sea,
1830 2987 33 26 (to

1280 3013 70 22 which
1361 3012 62 28 ridge
1434 3012 36 23 the
1481 3014 52 21 land
1541 3021 52 14 runs
1601 3013 109 29 parallel,)
1719 3013 44 22 and
1769 3014 94 21 extends

1279 3043 21 18 to
1312 3040 36 21 the
1359 3040 129 21 south-west
1497 3040 43 22 and
1547 3041 27 27 by
1582 3041 64 21 south
1653 3047 42 15 one
1706 3040 102 21 hundred
1818 3041 45 21 and

1279 3067 127 27 fifty-seven
1416 3066 52 24 and,
1478 3067 147 22 nine-twelfth
1636 3067 53 25 feet;
1702 3067 38 21 the
1747 3064 116 30 boundary

1279 3094 43 21 line
1333 3093 51 22 then
1395 3101 53 14 runs
1457 3094 58 21 back
1524 3094 57 21 from
1594 3094 36 21 the
1637 3097 36 23 top
1684 3093 26 22 of
1721 3093 37 22 the
1766 3094 62 27 ridge
1840 3099 22 16 to

1279 3121 37 20 the
1334 3120 130 21 north-west
1578 3123 59 23 west,
1648 3120 42 22 five
1707 3120 102 22 hundred
1819 3121 44 21 and

1277 3149 164 25 twenty-seven
1460 3147 45 22 and
1520 3146 160 28 three-quarter
1695 3146 57 27 feet;
1775 3148 17 21 it
1809 3148 54 21 then

1280 3179 61 16 turns
1352 3181 61 19 away
1425 3178 21 17 to
1457 3174 37 21 the
1506 3173 192 27 west-north-w,est
1707 3174 101 26 eighteen
1819 3176 44 20 feet

1280 3205 36 17 ten
1327 3200 89 27 incheg;
1427 3200 17 21 it
1454 3200 53 21 then
1515 3207 53 14 runs
1577 3203 22 18 to
1609 3200 37 21 the
1657 3201 206 23 north-north-west

1279 3226 130 28 sixty-three
1425 3227 55 26 feet;
1502 3227 52 21 then
1570 3227 125 22 north-east
1714 3228 150 28 ninety-eight

1279 3254 55 26 feet;
1350 3254 54 21 then
1418 3254 65 21 north
1500 3260 41 15 one
1557 3253 101 22 hundred
1672 3254 45 22 and
1735 3254 128 32 thirty-four

1279 3282 45 21 feet
1333 3280 61 28 eight
1409 3280 85 26 inches,
1506 3283 22 18 at
1538 3280 71 22 which
1618 3280 62 28 point
1689 3282 23 21 if
1722 3282 91 22 touches
1825 3282 37 22 the

1279 3313 81 16 stream
1374 3306 66 28 Wye;
1456 3307 38 21 the
1505 3306 52 23 land
1573 3307 39 22 has
1626 3311 67 19 water
1707 3308 101 28 frontage
1823 3316 39 15 ex-

1280 3334 91 26 tending
1386 3334 75 27 eighty
1477 3333 45 22 feet
1535 3334 59 21 from
1611 3334 46 25 this,
1667 3335 64 28 point
1745 3336 64 22 down
1825 3337 37 21 the

1279 3366 81 17 stream
1370 3365 22 17 to
1399 3369 12 13 a
1421 3363 46 19 tree
1477 3360 91 22 marked
1573 3360 55 23 R.T.
1637 3362 188 28 comprehending
1832 3363 31 22 all

1280 3388 36 21 the
1324 3387 50 22 land
1386 3395 28 14 on
1432 3387 38 22 the
1486 3387 59 28 right
1561 3388 59 21 bank
1630 3388 25 21 of
1665 3388 38 22 the
1719 3390 47 21 said
1780 3394 81 18 stream

1282 3414 61 28 Wye,
1362 3414 101 22 between
1486 3414 36 22 the
1545 3414 61 28 point
1627 3415 41 22 and
1691 3415 38 22 the
1746 3416 48 22 said
1815 3421 47 17 tree

1279 3440 120 28 aforesaid;
1410 3441 38 22 the
1458 3440 115 28 boundary
1580 3441 45 22 line
1634 3442 52 22 then
1695 3449 59 15 runs-
1758 3443 57 22 from
1825 3443 38 23 the

1278 3468 48 22 said
1345 3472 45 17 tree
1409 3468 23 21 in
1451 3468 37 21 the
1507 3468 106 22 direction
1620 3475 2 5 '
1633 3470 25 20 of
1673 3470 125 21 south-east
1815 3471 52 21 half

1279 3494 65 23 south
1354 3495 43 21 and
1407 3499 23 17 to
1443 3494 39 22 the
1498 3500 37 22 top
1552 3495 26 22 of
1590 3495 37 22 the
1636 3496 62 27 ridge
1708 3496 42 21 five
1761 3497 101 22 huridred

1279 3521 45 22 and
1336 3521 129 27 eighty-five
1475 3521 52 22 feet.
1556 3522 114 26 (Contents
1680 3527 41 17 not
1731 3523 88 27 stated).

1273 3555 4 3 ■
1305 3548 96 27 Alleged
1409 3551 25 19 to
1446 3548 58 22 have
1517 3548 56 22 been
1584 3548 124 28 purchased
1717 3550 29 26 by
1757 3550 37 22 the
1808 3551 55 21 clai-

1279 3579 62 18 mant
1359 3576 57 21 from
1436 3576 38 21 the
1493 3575 80 22 Native
1594 3575 73 23 Chiefs
1686 3576 108 22 Muturoa
1816 3577 47 22 and

1279 3602 146 27 Mangatuka.
1609 3602 3 5 '

1306 3628 175 27 Consideration,
1496 3628 52 22 cash
1568 3631 22 19 to
1608 3626 38 24 the
1663 3633 96 18 amount
1773 3630 26 22 of
1815 3631 48 23 £30

1279 3655 97 27 sterling.

1306 3682 85 22 Nature
1407 3682 27 21 of
1454 3689 141 20 conveyance
1595 3693 29 5 —
1624 3682 64 22 Deed
1703 3682 23 23 in
1743 3682 79 24 favour
1840 3685 27 21 of

1279 3708 111 28 claimant,
1402 3708 68 23 dated
1478 3708 39 22 4th
1528 3708 107 28 January,
1649 3710 58 21 1840.

1305 3736 55 22 Case
1376 3736 45 21 No.
1439 3736 37 21 241
1498 3736 38 25 (b).
1565 3735 96 22 William
1674 3735 98 23 '.Charles
1785 3736 77 22 Went-

1280 3763 75 25 worth,
1366 3763 27 21 of
1403 3762 119 26 Vaucluse,
1533 3764 98 19 claimant
1643 3763 21 20 in
1668 3765 62 23 part.

1307 3791 80 24 16;000,
1399 3789 92 22 Sixteen
1508 3789 110 22 thousand
1628 3797 67 18 acres,
1707 3796 61 16 more
1778 3797 24 14 or
1811 3790 51 26 less,

1279 3817 66 28 being
1360 3816 31 22 all
1399 3828 2 3 ■
1413 3816 47 22 that
1477 3816 59 27 piece
1550 3823 25 14 or
1588 3816 72 27 parcel
1676 3816 27 21 of
1720 3816 52 21 land
1787 3817 22 21 in
1825 3816 38 22 the

1279 3844 113 21 Northern
1412 3842 76 22 Island
1503 3843 25 21 of
1545 3843 56 22 New
1617 3842 106 28 Zealand,
1739 3843 79 22 situate
1834 3851 29 14 on

1281 3871 36 21 the
1338 3870 58 22 liver
1413 3870 79 26 Puniu,
1509 3869 139 27 Kokowettu,
1663 3870 45 22 and
1723 3870 139 28 Rungipiko;

1280 3897 103 22 bounded
1395 3898 28 26 by
1434 3897 36 21 the
1481 3898 57 20 river
1546 3897 74 22 Puinu
1627 3904 28 15 on
1666 3897 38 21 the
1714 3897 151 23 south-south-

1270 3939 2 5 :
1279 3927 60 24 east;
1355 3931 29 15 on
1395 3927 37 19 the
1449 3929 52 17 west
1515 3924 75 27 by.the
1599 3924 58 22 river
1671 3924 147 27 Rungapiko;
1835 3932 28 15 on

1279 3950 39 23 the
1331 3950 69 22 south-
1406 3950 128 22 south-west
1550 3951 30 27 by
1594 3951 37 21 the
1646 3951 59 22 river
1721 3951 129 23 Hokowittu
1856 3960 7 19 ;

144 112 244 41 GOVERNME^T
407 121 139 27 NOTICE.

56 164 22 26 T
114 166 159 24 WILLIAM
297 162 110 33 SPAIN,
423 174 14 16 a
460 167 177 24 Commissioner

56 198 38 24 *J
118 212 4 4 •
131 199 123 31 appointed
270 199 36 24 for
323 200 162 30 investigating
501 200 46 23 and
560 201 77 23 deter-
640 204 5 12 1

54 233 89 30 mining
161 232 74 24 Titles
256 232 45 24 and
320 233 85 23 Claims
423 237 24 19 to
467 233 69 23 Land
554 234 25 23 in
597 234 40 23 the

55 265 89 31 Colony
166 265 25 23 of
216 265 58 24 New
297 265 107 28 Zealand,
428 266 28 23 do
478 266 86 30 hereby
585 267 52 29 give

54 298 90 28 Notice,
155 298 50 24 that
216 298 13 24 I
241 298 60 24 shall
311 298 96 31 proceed
417 303 23 19 to
452 299 134 30 investigate
597 299 39 23 the

53 331 215 24 under-mentioned
281 331 84 24 Claims
378 332 25 23 in
414 331 38 24 the
469 332 58 23 Port
541 331 95 24 Nichol-

54 371 42 16 son
106 364 108 29 District,
226 369 23 18 at
259 372 40 22 my
311 364 82 29 Office,
402 365 82 23 situate
491 366 30 22 hv
525 365 112 23 Manners

54 397 84 28 Street,
151 397 35 24 Te
204 397 48 23 Aro
271 397 62 29 Flat,
344 398 25 23 in
549 406 30 16 on
597 398 40 24 the

55 430 57 23 15th
123 429 44 31 day
179 430 26 23 of
219 430 65 31 May,
301 432 69 27 1842,
383 430 45 24 and
445 431 117 31 following
571 431 64 31 days,

53 467 24 19 at
88 463 79 23 eleven
180 463 86 23 o'clock
278 464 24 22 in
314 463 37 24 the
362 464 118 24 forenoon.

85 495 42 24 All
139 496 84 31 parties
234 496 124 24 interested
366 504 41 20 are,
413 497 83 31 hereby
504 497 132 24 summoned

53 533 24 19 to
87 528 29 24 be
127 529 25 23 in
171 529 133 23 attendance
322 529 53 24 with
388 529 58 24 their
457 531 124 30 witnesses,
592 531 45 23 and

52 561 54 31 they
117 561 47 24 will
178 562 27 23 be
223 562 106 31 required
345 567 22 19 to
387 563 98 31 produce
505 563 77 24 before
599 572 37 15 me

52 594 30 23 all
94 594 98 31 original
212 594 79 24 Deeds
308 596 43 23 and
371 596 158 24 Translations
541 597 94 30 thereof,

51 627 99 32 relating
162 632 22 19 to
197 628 57 23 their
274 628 93 30 Claims,
381 629 54 24 with
452 629 96 24 attested
562 630 74 32 copies

52 660 26 24 of
94 660 38 24 the
144 669 70 20 same,
227 661 37 23 the
275 661 66 24 latter
353 667 23 18 to
388 662 29 24 be
428 662 42 24 left
482 663 53 23 with
546 671 44 16 me.

85 693 52 24 The
151 694 126 24 Claimants
293 703 38 15 are
348 695 124 29 reminded,
485 696 49 23 that
552 696 38 23 the
600 696 36 24 fee

52 726 25 24 of
92 727 36 24 £5
141 732 63 18 must
214 728 28 23 be
253 728 54 31 paid
319 733 21 18 to
352 736 37 15 me
400 728 78 24 before
489 729 38 24 the
541 730 94 23 investi-

50 761 79 29 gation
143 760 26 24 of
183 768 44 23 any
246 761 83 29 Claim,
341 769 24 16 or
378 761 26 23 of
418 769 45 23 any
475 764 125 30 opposition
614 768 21 19 to

50 794 28 22 it.

76 842 56 21 Case
148 842 43 21 No.
201 844 27 19 49
246 843 69 26 (c.)—
315 843 60 22 John
393 844 84 27 Cregoe
486 845 88 24 .Brown
590 846 45 23 and

50 869 86 21 Robert
150 869 123 27 Campbell,
284 870 25 22 of
321 870 97 28 Sydney,
437 871 131 29 merchants,
585 875 52 20 clai-

50 898 70 18 mants
129 897 22 19 in
156 898 60 24 part.

78 924 82 25 16,000,
173 923 85 22 sixteen
273 923 110 22 thousand
400 931 68 21 acres,
478 933 61 14 more
552 933 24 16 or
584 927 51 28 less,

49 949 68 27 being
134 949 30 22 all
178 949 48 22 that
240 950 63 27 piece
320 957 23 14 or
359 951 76 26 parcel
450 952 25 21 of
490 952 55 23 land
560 954 22 21 in
599 954 37 22 the

50 976 113 22 Northern
174 975 76 23 Island
259 977 27 20 of
293 977 55 22 New
356 978 108 27 Zealand,
472 979 79 22 situate
561 988 27 15 on
598 981 37 22 the

49 1003 71 22 rivers
131 1003 80 26 Piunu,
223 1003 127 27 Cokowitta,
360 1004 44 22 and
414 1005 141 28 Rungapiko;
566 1008 71 22 boun-

50 1030 44 21 ded
102 1030 30 27 by
143 1030 38 21 the
190 1030 59 21 river
259 1030 74 22 Puinu
343 1038 28 14 on
382 1031 37 22 the
429 1032 204 30 south-south-east,

50 1063 28 14 on
96 1056 37 21 the
149 1060 54 17 west
219 1057 29 26 by
264 1057 39 21 the
320 1057 58 22 river
393 1058 146 28 Runjyapiko;
557 1068 27 15 on
599 1062 36 21 the

50 1083 207 22 south-south-west
274 1084 29 26 by
315 1084 36 21 the
367 1084 59 23 river
442 1085 139 30 KoKowitta;
597 1088 38 22 the

50 1117 77 15 names
139 1110 26 21 of
176 1109 36 22 the
230 1110 50 21 said
295 1110 51 22 land
357 1111 67 28 being
432 1112 90 28 Titewa,
534 1114 102 23 Tuwera-

50 1144 65 19 wera,
132 1137 96 26 Tuoloti,
247 1137 116 27 Paratoua,
383 1138 61 21 Wito
466 1140 170 28 Witu-ununga-

49 1163 50 27 poie
116 1163 140 28 Warrabaro,
268 1164 38 21 the
322 1171 65 15 name
403 1166 25 21 of
440 1166 37 21 the
492 1167 69 22 whole
572 1168 65 28 bein<j

52 1190 148 22 Parakiahua.

78 1217 99 27 Alleged
196 1221 22 17 to
235 1217 60 22 have
313 1218 123 27 purchased
454 1220 23 21 in
503 1220 130 28 December,

51 1245 61 26 1839,
124 1244 57 21 from
195 1244 37 21 the
245 1244 80 22 Native
340 1244 71 28 Chief,
423 1246 59 22 John
493 1247 102 27 Towack,
607 1249 30 28 by

52 1271 91 21 Messrs.
162 1271 60 20 John
240 1271 71 22 Jones
325 1272 44 21 and
387 1272 91 23 Francis
494 1274 68 23 Owen
579 1276 58 22 Lea-

50 1297 66 27 thart,
128 1297 50 22 who
187 1297 58 22 have
255 1298 103 26 disposed
365 1298 26 22 of
398 1300 58 21 their
466 1301 89 22 interest
564 1302 23 22 in
599 1304 38 21 the

51 1324 71 21 above
131 1324 53 21 land
194 1327 23 18 to
226 1324 38 21 the
276 1326 122 22 claimants.

78 1351 173 26 Consideration,
262 1356 41 17 not
313 1352 79 22 stated.
596 1362 3 8 >

77 1378 87 21 Nature
179 1378 26 21 of
221 1385 142 21 conveyance
364 1391 28 3 —
392 1380 65 22 Deed
473 1382 27 21 of
516 1382 122 23 Feoffment

50 1408 23 19 to
82 1404 40 22 the
137 1404 92 27 original
244 1405 137 28 purchasers,
393 1407 66 22 dated
472 1409 54 22 23rd
541 1409 97 23 Decem-

52 1432 45 26 ber,
110 1432 61 21 1839.
218 1447 3 4 -

78 1460 56 21 Case
146 1458 42 21 No.
198 1458 26 22 70
237 1458 41 27 (a.)
280 1469 28 5 —
309 1459 81 22 Daniel
400 1461 92 27 Cooper,
505 1463 26 21 of
542 1462 36 23 the
588 1464 50 27 City

52 1486 27 21 of
91 1485 99 26 London,
203 1485 123 27 Merchant,
337 1486 76 23 James
425 1487 61 27 Holt,
499 1490 25 21 of
539 1490 96 29 Sydney,

52 1512 127 26 Merchant,
200 1512 45 22 and
265 1512 97 23 William
383 1514 97 23 Barnard
499 1516 96 28 Rhodes,
616 1519 25 21 of

52 1539 99 27 Sydney,
167 1538 82 22 Master
258 1539 105 27 Mariner,
376 1542 115 22 claimants.

79 1566 40 22 All
129 1566 48 21 that
186 1568 56 19 tract
251 1566 26 21 of
289 1566 49 22 land
353 1568 82 22 known
449 1577 24 14 as
482 1570 71 28 Entry
562 1571 77 22 Island

52 1600 25 15 or
87 1593 78 27 Capiti,
177 1592 94 22 situated
287 1593 24 22 in
321 1594 79 22 Cook's
410 1596 84 28 Straits,
512 1597 58 25 New.
582 1599 57 21 Zea-

51 1620 60 21 land.
143 1620 95 26 (Extent
246 1624 40 17 not
296 1622 88 26 stated.)

78 1646 98 28 Alleged
186 1650 21 17 to
217 1646 58 21 have
284 1646 55 23 been
350 1649 122 26 purchased
482 1650 30 27 by
518 1650 37 22 the
564 1652 75 22 claim-

52 1678 56 22 ants,
120 1681 29 14 on
160 1672 37 23 the
211 1674 47 21 31st
270 1673 102 28 October,
390 1678 59 24 1839,
465 1677 57 21 from
536 1678 94 23 Robulla

52 1700 132 28 Rangeiata,
192 1699 68 27 Echo,
273 1700 70 22 Tuma
350 1702 96 28 Eaheao,
454 1704 44 21 Oki
504 1705 133 28 Rangibero.

80 1726 168 23 Consideration
248 1738 29 4 —
278 1727 51 22 cash
343 1732 22 18 to
383 1729 38 22 the
440 1734 92 18 amount
541 1733 24 20 of
578 1733 61 22 £100

52 1754 99 27 sterling.

80 1781 85 22 Nature
184 1780 26 22 of
220 1787 143 21 conveyance
364 1794 28 4 —
393 1782 65 23 Deed
472 1784 26 21 of
510 1785 127 29 Feoffinent,

50 1808 27 22 of
84 1808 37 21 the
132 1808 70 21 above
212 1806 58 28 date,
282 1808 22 22 in
313 1809 77 22 favour
399 1811 27 20 of
434 1811 122 23 claimants.

79 1836 56 21 Case
144 1834 43 22 No.
198 1834 26 23 70
235 1836 150 25 (e.)—Daniel
400 1838 92 28 Cooper,
503 1839 26 21 of
536 1839 101 28 London,

52 1862 128 25 Merchant,
191 1861 77 22 James
284 1862 60 26 Holt,
356 1864 27 21 of
396 1864 97 28 Sydney,
512 1866 125 27 Merchant,

52 1890 44 21 and
103 1888 98 22 William
208 1888 102 23 Barnard
316 1890 95 28 Rhodes,
419 1892 25 20 of
447 1892 99 28 Sydnay,
553 1893 86 23 Master

52 1916 108 26 Mariner,
171 1916 117 21 claimants.

79 1943 39 22 All
129 1943 47 22 that
187 1947 57 17 (ract
252 1943 26 22 of
289 1943 51 22 land
350 1944 22 22 in
382 1944 37 22 the
433 1945 112 23 Northern
554 1947 83 28 Island,

50 1969 58 23 New
127 1969 111 27 Zealand;
261 1970 104 23 bounded
382 1979 29 14 on
430 1972 37 22 the
485 1978 54 17 west
555 1975 31 26 by
600 1975 38 21 the

50 2000 81 19 waters
150 1996 26 22 of
191 1997 82 21 Cook's
291 1998 85 27 Straits,
395 2000 155 27 commencing
563 2005 23 17 at
600 2002 38 21 the

50 2024 78 21 mouth
153 2031 23 14 or
200 2026 106 19 entrance
327 2025 26 21 of
373 2024 38 22 the
435 2026 116 22 Waihonai
571 2028 66 22 River

52 2050 88 28 (Kapiti
152 2050 93 27 bearing
261 2050 129 23 northrwest
403 2052 31 26 by
443 2053 72 26 north,
532 2054 44 22 and
586 2059 53 17 west

50 2078 30 27 by
90 2077 67 22 south
165 2076 49 22 half
221 2076 66 23 south
295 2078 98 26 magnet)
400 2086 6 20 ;
418 2078 80 23 thence
508 2081 23 20 in
540 2083 18 19 a'
562 2081 77 22 north-

51 2104 47 28 erly
115 2103 105 22 direction
237 2103 67 28 along
320 2106 36 20 the
372 2109 68 22 coast,
461 2110 21 18 to
501 2107 37 21 the
558 2108 81 22 Otakie

50 2132 78 25 River,
144 2130 44 22 and
197 2130 56 22 from
264 2130 79 22 thence
353 2132 91 27 turning
454 2137 21 17 to
486 2133 38 23 the
533 2136 105 21 eastward

50 2158 70 26 along
130 2158 37 21 the
175 2156 71 23 banks
257 2157 27 22 of
289 2158 36 21 the
336 2158 80 22 Otakie
423 2167 6 19 ;
443 2167 28 14 on
483 2160 37 22 the
535 2161 64 22 north
609 2163 30 27 by

49 2186 40 21 the
99 2185 47 21 s»id
157 2184 56 21 river
219 2186 23 19 to
251 2184 29 21 its
289 2192 83 19 source,
385 2193 24 14 or
419 2190 23 17 to
451 2187 38 21 the
495 2189 141 22 termination

50 2213 28 21 of
84 2219 29 15 an
124 2210 92 28 easterly
222 2210 46 23 line
275 2212 28 21 40
311 2212 63 22 miles
383 2212 47 22 into
440 2213 37 23 the
482 2214 92 23 interior
580 2216 57 22 from

49 2239 39 22 the
97 2242 107 18 entrance
210 2237 26 22 of
242 2238 39 21 the
287 2238 80 22 Otakie
373 2247 6 19 ;
390 2240 80 22 thence
477 2242 90 27 turning
572 2243 66 22 south

49 2266 95 28 parallel
153 2264 52 23 with
214 2264 38 22 the
260 2269 55 18 west
322 2269 68 23 coast,
402 2267 57 22 until
467 2268 17 21 it
492 2273 70 17 meets
571 2277 14 13 a
593 2269 46 23 line

49 2292 101 28 running
167 2291 95 28 easterly
271 2293 28 21 30
317 2292 62 22 miles
395 2293 58 23 from
472 2295 38 22 the
529 2295 109 23 aforesaid

50 2319 81 23 mouth
141 2318 26 22 of
174 2318 37 22 the
220 2318 119 22 Waikanai
350 2321 98 25 opposite
459 2321 86 28 Kapiti;
557 2323 45 22 and
609 2332 28 13 on

50 2346 39 22 the
106 2345 65 23 south
186 2346 30 26 by
232 2345 39 21 the
283 2346 115 22 Waikanai
409 2352 22 16 to
441 2347 28 23 its
478 2356 86 21 source,
574 2358 25 14 or
609 2358 29 14 an

50 2373 98 27 easterly
162 2372 45 22 line
219 2372 29 21 40
263 2372 62 22 miles
336 2373 57 22 from
411 2374 38 22 the
465 2376 78 22 mouth
562 2377 25 21 of
600 2377 38 22 the

50 2400 49 22 said
108 2400 64 25 river,
186 2400 118 25 (Contents
315 2404 38 17 not
362 2401 91 27 stated.)

78 2427 96 27 Alleged
185 2433 21 14 to
216 2425 59 22 have
281 2426 55 22 been
345 2428 124 26 purchased
475 2429 23 21 in
504 2429 133 28 November,

50 2455 61 25 1839,
127 2454 31 27 by
166 2452 38 22 the
214 2452 120 28 claimants,
352 2454 58 22 from
425 2455 37 22 the
472 2456 81 22 Native
564 2457 74 23 Chiefs

50 2480 93 27 already
153 2478 129 23 mentioned
291 2480 43 22 and
343 2481 106 23 Tuanini.

78 2506 168 23 Consideration
247 2517 29 5 —
276 2507 152 23 merchandise
438 2511 23 19 to
470 2509 38 22 the
518 2514 93 18 amount
616 2511 26 22 of

50 2534 63 22 £150
122 2533 99 27 sterling.

79 2561 86 22 Nature
176 2560 24 21 of
206 2567 142 20 conveyance
349 2572 27 4 —
377 2561 64 23 Deed
449 2562 24 22 of
482 2563 123 23 Feoffment
614 2565 23 22 in

50 2588 81 22 favour
141 2587 25 21 of
171 2586 123 26 claimants,
305 2586 65 23 dated
383 2588 38 22 sth
433 2589 132 28 November,
578 2593 59 21 1839.

78 2615 56 21 Case
151 2614 42 21 No.
207 2614 63 26 72,—
272 2614 95 22 William
382 2615 85 28 Cooper
481 2617 46 22 and
541 2618 97 23 William

50 2641 61 28 Hay,
123 2640 53 22 both
186 2640 25 21 of
215 2640 97 28 Sydney,
323 2642 114 22 claimants.

80 2668 40 22 All
134 2668 49 21 that
198 2667 56 21 land
270 2674 28 15 on
313 2668 36 22 the
364 2670 130 22 south-west
508 2671 46 23 side
564 2671 24 23 of
601 2673 36 21 the

50 2695 86 22 Parara
140 2694 74 26 River,
221 2694 119 27 extending
345 2695 35 23 six
385 2697 50 21 mil*
438 2705 11 14 s
454 2697 122 23 south-east
580 2699 57 22 from

52 2721 127 23 Robulier's
186 2721 56 26 Pier,
253 2721 43 22 and
306 2727 40 17 two
353 2723 64 22 miles
423 2723 78 23 inland
508 2726 129 27 south-east,

52 2756 26 14 or
87 2748 129 22 howsoever
230 2748 114 22 otherwise
360 2749 38 23 the
407 2751 48 21 said
468 2751 53 22 land
534 2753 105 26 premises

52 2782 26 15 or
87 2782 47 20 any
144 2777 49 25 part
205 2774 91 22 thereof
304 2775 18 21 is
331 2775 113 30 bounded,
455 2778 84 27 situate,
551 2779 86 28 known,

52 2810 26 14 or
87 2801 160 28 distinguished
251 2808 10 14 .-
287 2801 117 27 (Contents
415 2808 40 17 not
464 2805 89 27 stated.)

80 2828 96 28 Alleged
186 2833 22 17 to
219 2828 58 21 have
287 2829 54 21 been
350 2830 124 26 purchased
491 2833 57 21 from
564 2833 74 27 Ringa

52 2856 52 22 Ako
115 2863 26 15 or
151 2855 54 27 Eko,
217 2854 64 22 chief
292 2855 25 21 of
327 2856 38 21 the
377 2857 55 21 tribe
442 2858 26 21 of
480 2858 95 23 Carfrea.

84 2882 172 23 Consideration
263 2892 28 5 —
298 2882 161 29 merchandize,
499 2885 64 23 value
600 2889 40 19 not

51 2910 81 22 stated.
548 2917 5 10 '

79 2937 86 21 Nature
176 2936 24 22 of
218 2942 142 21 conveyance
361 2948 27 4 —
389 2937 66 23 Deed
473 2941 23 19 to
515 2939 122 28 claimants,

51 2963 69 22 dated
131 2963 50 23 10th
191 2963 26 21 of
228 2963 103 26 October,
345 2965 59 22 1839.

80 2991 55 21 Case
157 2990 42 22 No.
218 2991 34 21 90.
254 3001 29 4 —
283 2991 96 22 Thomas
395 2991 84 28 Evans,
499 2993 25 21 of
541 2993 98 28 Sydney,

52 3016 87 22 Master
149 3017 107 26 Mariner,
267 3019 105 21 claimant.

80 3044 23 21 A
110 3043 64 26 piece
184 3043 25 23 of
223 3043 54 23 land
292 3052 27 14 on
336 3045 71 28 Capiti
426 3053 26 15 or
468 3046 71 28 Entry
555 3047 83 26 Island,

52 3070 45 21 and
108 3071 78 21 known
195 3071 31 26 by
236 3071 38 21 the
284 3078 68 16 name
357 3073 25 21 of
393 3073 127 27 Rangerara
529 3081 25 15 or
564 3075 75 27 Roup-

50 3102 68 22 poras
129 3097 69 26 Point,
207 3097 40 21 the
256 3098 104 23 northern
367 3099 115 28 boundary
488 3102 152 25 commencing

52 3125 25 19 at
85 3130 14 14 a
107 3122 57 27 deep
179 3123 73 28 valley
266 3130 30 16 to-
303 3125 36 21 the
355 3126 68 22 north
438 3127 46 21 side
498 3128 27 21 of
540 3128 37 21 the
592 3128 47 22 said

52 3149 70 27 point,
132 3149 24 21 in
164 3149 71 22 which
244 3150 72 29 valley
324 3151 61 23 there
394 3153 20 21 is
430 3160 14 15 a
458 3161 42 15 run
517 3154 24 22 of
557 3157 69 20 water
632 3163 5 19 ;

52 3176 46 22 and
108 3174 101 23 bounded
220 3183 29 15 on
260 3177 36 22 the
305 3179 64 21 south
379 3179 26 21 of
411 3179 37 22 the
458 3180 47 22 said
510 3181 63 31 point
581 3182 58 21 from

52 3210 16 14 a
85 3202 66 22 small
167 3202 64 24 point
246 3210 25 14 as
287 3205 92 22 marked
393 3206 30 27 by
438 3207 37 22 the
490 3208 46 21 said
556 3209 81 27 chiefs;

53 3229 44 23 and
107 3228 105 25 bounded
228 3236 29 14 on
274 3230 36 22 the
325 3236 48 17 east
387 3233 43 21 and
445 3241 28 14 on
488 3234 37 22 the
540 3238 53 19 west
609 3236 29 27 by

53 3256 81 22 Cook's
148 3256 82 21 Straits.
262 3256 115 26 (Contents
387 3266 29 14 on
425 3260 92 27 stated.)

82 3282 97 27 Alleged
202 3285 30 23 to.
248 3282 56 22 have
327 3284 55 22 been
405 3287 125 26 purchased
552 3289 30 27 by
602 3289 37 21 the

53 3309 114 26 claimant,
186 3308 23 22 in
226 3309 103 27 October,
350 3312 60 26 1839,
430 3313 57 22 from
504 3315 37 21 the
557 3315 82 22 Native

52 3336 73 22 chiefs
134 3336 119 27 Rouppora
261 3336 43 21 and
313 3336 126 27 Rangietta.

81 3362 196 22 Consideration—
278 3363 153 24 merchandize
440 3369 23 18 to
472 3366 39 22 the
520 3371 91 19 amount
616 3369 26 22 of

52 3390 65 24 £100
124 3389 100 27 sterling.

81 3416 86 22 Nature
177 3416 25 21 of
214 3422 142 20 conveyance
367 3420 40 18 not
412 3419 78 22 stated.

80 3443 57 22 Case
148 3442 42 22 No.
200 3444 28 20 90
238 3443 32 25 (a)
289 3442 96 23 Thomas
400 3444 84 28 Evans,
500 3447 27 21 of
543 3448 94 28 Sydney,

53 3470 87 22 Master
150 3471 19 15 v
173 3470 79 26 ariner,
264 3470 107 20 claimant.

81 3497 23 21 A
115 3496 52 22 rock
177 3504 24 14 or
209 3496 66 22 small
285 3496 72 22 island
365 3496 24 21 in
400 3496 80 23 Cook's
481 3499 91 28 JStraits,
583 3501 56 23 New

52 3522 108 28 Zealand,
171 3522 81 23 known
263 3523 29 27 by
303 3522 35 22 the
348 3522 75 22 native
433 3530 66 16 name
509 3525 67 23 Mutu
586 3528 52 22 Ral-

52 3549 70 25 lalah,
143 3550 43 21 and
200 3550 30 27 by
245 3549 38 22 the
302 3550 115 27 European
437 3557 65 15 name
522 3552 24 21 of
566 3554 72 28 Rangi

53 3576 80 22 Eroa's
143 3576 83 22 Island.
237 3591 10 6 -
257 3576 115 26 (Contents
381 3579 40 18 not
430 3577 87 27 stated.)

42 3621 2 6 ,
80 3603 97 27 Alleged
195 3607 22 17 to
237 3603 58 23 have
314 3603 58 21 been
385 3602 123 29 purchased
525 3604 57 24 from
602 3607 37 22 the

52 3630 85 22 Native
147 3629 74 22 Chiefs
230 3630 73 27 Rangi
315 3630 60 22 Eroa
390 3629 44 22 and
450 3629 68 27 Ngati
532 3631 63 28 Awa,
615 3634 24 22 in

54 3656 61 22 June
122 3657 61 23 1838.
244 3677 4 5 ,

82 3682 178 28 Consideration,-
268 3682 156 24 merchandize
433 3685 23 19 to
467 3682 38 24 the
515 3689 91 19 amount
616 3686 25 22 of

49 3710 68 23 £110
249 3710 12 19 '.:
285 3716 10 11 '■•
317 3715 3 8 '
339 3707 4 5 '
459 3711 25 15 *■'

50 3741 2 6 '
63 3736 104 22 ''Nature
176 3736 26 22 of
214 3743 167 22 conveyance—
381 3738 40 20 not
430 3736 79 22 stated.

81 3762 57 22 Case
162 3765 38 21 106
209 3774 30 5 —
249 3763 109 23 William
390 3763 52 21 Hay
465 3764 44 21 and
528 3764 109 23 William

51 3788 110 27 Wright,
172 3790 52 21 both
234 3790 27 22 of
271 3790 95 28 Sydney,
377 3790 117 22 claimants.

80 3814 41 23 All
132 3815 47 22 that
188 3816 53 22 land
256 3816 78 22 known
345 3817 29 27 by
383 3817 38 22 the
431 3824 72 15 name-
508 3817 26 21 of
545 3817 92 23 Winewi

52 3838 107 31 Tiipupa;
176 3842 104 22 bounded
294 3851 27 14 on
336 3844 38 21 the
384 3844 65 21 south
465 3844 29 27 by
504 3844 35 21 the
559 3841 78 30 Rocky

55 3868 142 27 Settlement;
216 3871 22 20 to
249 3870 37 21 the
296 3868 61 24 west'
363 3870 29 26 by
402 3870 81 22 Cook's
494 3871 81 26 Straits,
593 3871 44 21 and

54 3894 124 28 extending
193 3894 68 28 along
275 3896 36 21 the
319 3904 46 14 .sea
376 3900 63 19 coast
453 3900 23 18 to
492 3897 64 21 Ower
571 3898 65 21 about

51 3920 46 23 five
108 3921 72 27 miles;
191 3921 122 27 extending
321 3922 79 24 inland
407 3924 67 22 ECbout
480 3927 80 24 twenty
565 3924 70 23 miles.

52 3947 120 26 <Content»
179 3948 134 27 not»uted.)

667 137 6 4 -
692 124 94 27 Alleged
797 128 22 17 td
828 124 57 22 have
891 124 57 22 been
957 125 123 27 purchased
1090 126 76 26 by.the
1174 126 87 26 claim-i.

665 154 49 18 ants
720 152 23 21 in
751 151 107 27 October?
865 152 59 25 1839,
935 151 132 29 fromEako,
1077 154 110 27 principal
1193 156 61 22 chief

665 178 26 21 of
695 177 39 22 the
744 178 118 26 Natti-ava
872 178 62 21 tribe.

692 203 174 26 Consideration,
873 204 87 22 various
967 204 86 23 articles
1059 206 26 21 of
1087 207 154 28 merchandize

663 230 66 23 value
740 234 39 18 not
788 230 80 23 stated.
1242 229 7 10 '

692 257 85 22 Nature
796 258 26 21 of
834 264 141 20 conveyance
975 268 30 6 —
1005 258 63 23 Deed
1084 260 26 21 of
1121 261 122 25 Feoffment

665 284 65 21 dated
739 284 39 21 9th
788 284 27 21 of
823 284 103 26 October,
939 286 60 21 1839.
1242 283 7 11 '

692 310 55 21 Case
757 310 42 22 No.
811 312 41 20 106
863 310 69 28 (a.)—
933 310 96 25 William
1040 312 54 28 Hay
1103 314 45 22 and
1154 315 96 27 William

665 336 95 28 Wright,
771 337 55 22 both
834 338 27 21 of
866 338 97 28 Sydney,
974 337 115 24 claimants.

692 364 38 21 All
741 364 48 21 that
797 364 53 21 land
858 364 81 23 known
946 366 30 26 by
983 366 37 22 the
1028 373 66 15 name
1103 368 25 21 of
1135 368 115 26 Munarow

659 390 89 22 Tawite
755 399 5 18 ;
776 390 106 23 bounded
896 394 23 19 to
930 392 37 21 the
979 392 63 23 north
1052 394 30 27 by
1091 394 97 24 Thomas
1198 399 52 22 Edi-

665 424 40 15 son
706 416 96 23 Ycalled
814 417 127 22 Koriveieai
952 419 120 27 extending
1081 421 69 28 along
1159 423 35 23 the
1204 434 47 14 sea-

665 446 62 19 coast
732 448 22 17 to
763 444 130 28 Papeneivi;
905 445 120 27 extending
1030 447 78 22 inland
1113 448 60 27 eight
1180 452 68 23 miles.

666 470 118 27 (Contents
794 474 39 18 not
843 471 89 27 stated.)

691 496 97 28 Alleged
797 502 24 16 to
829 497 56 22 have
894 498 58 22 been
959 498 123 28 purchased
1091 501 33 28 by
1132 502 36 23 the
1175 504 74 24 claims

654 523 2 29 |
665 527 50 18 ants
732 524 23 21 in
779 524 136 27 November,
936 526 60 26 1839,
1016 526 57 23 from
1092 528 150 28 Rangitukero

665 550 61 22 chief
734 550 25 22 of
765 550 38 22 the
815 550 62 22 Natti
887 552 72 21 Toma
967 553 61 21 tribe.
1154 570 4 3 .

692 577 175 27 Consideration,
875 578 90 23 various
971 580 85 22 articles
1061 581 27 21 of
1090 583 150 25 merchandize

665 604 64 21 value
741 608 38 17 not
788 604 79 22 stated.
1228 624 4 4 .
1242 603 5 11 '

692 630 85 23 Nature
792 631 27 22 of
832 639 142 20 conveyance
974 644 30 5 —
1004 633 62 22 Deed
1083 636 27 20 of
1129 636 120 26 Feoffment

664 660 23 19 to
698 657 125 25 claimants,
835 658 66 22 dated
908 659 37 22 6th
957 660 133 27 November,
1103 665 54 20 1839

692 684 55 22 Case
757 684 44 22 No.
814 686 40 21 106
863 686 68 26 (6.)—
932 686 97 23 William
1042 688 51 28 Hay
1101 690 45 22 and
1155 692 92 24 William

665 710 94 28 Wright,
769 711 56 22 both
834 712 25 21 of
866 712 97 28 Sydney,
974 716 114 22 claimants.

692 737 39 22 All
739 738 49 22 that
797 738 62 27 piece
869 746 25 15 or
901 741 76 25 parcel
987 742 25 21 of
1022 742 54 22 land
1085 743 81 23 known
1173 745 29 28 by
1213 748 36 21 the

665 771 66 15 name
748 765 26 21 of
787 765 81 27 Otatei,
885 774 27 13 on
930 766 37 22 the
985 768 64 23 north
1064 770 77 22 Island
1157 773 25 21 of
1195 775 53 21 New

665 791 107 22 Zealand.
790 792 146 26 (Boundaries
946 795 46 21 and
1002 799 101 19 contents
1112 801 41 19 not
1161 801 69 22 stated
1239 803 8 24 )

692 818 95 27 Alleged
797 822 22 17 to
830 818 56 23 have
897 820 55 21 been
964 822 125 26 purchased
1099 825 28 26 by
1134 825 115 25 claimants

665 851 22 15 in
699 845 103 27 October,
819 847 59 25 1839,
890 846 58 23 from
959 847 137 30 Walcruewi,
1107 851 62 23 chief
1180 855 20 21 of
1212 856 36 21 the

665 872 55 21 tribe
731 872 22 21 of
763 872 157 23 Notterocooa.

692 898 176 28 Consideration,
876 900 89 23 various
971 902 85 23 articles
1061 904 26 21 of
1089 906 151 25 merchandise

664 925 65 22 value
739 930 39 17 not
787 926 79 21 stated.
1240 926 6 10 '

693 952 85 23 Nature
798 952 27 22 of
837 960 169 20 conveyance—
1007 956 63 23 Deed
1089 959 27 21 of
1128 959 121 26 FeofFrnent

665 982 22 19 to
698 980 114 21 claimants
823 980 66 22 dated
898 982 48 21 2nd
956 982 102 29 October,
1071 986 61 21 1839.

693 1006 55 22 Case
757 1007 43 22 No.
813 1007 115 26 117(6.)—
929 1008 61 22 John
1001 1010 108 29 Hosking,
1122 1014 25 22 of
1155 1015 85 25 Sydney

664 1034 122 26 merchant,
797 1034 99 21 claimant
905 1036 22 20 in
933 1039 60 23 part.

691 1060 39 21 All
741 1060 47 22 that
795 1061 54 21 land
855 1061 80 23 known
946 1063 30 27 by
983 1063 35 22 the
1026 1072 67 16 name
1101 1067 25 21 of
1134 1067 106 25 Porerooa

665 1087 71 22 called
754 1087 116 28 Kicketoa,
890 1089 125 23 north-east
1032 1092 57 22 side,
1097 1094 25 21 of
1139 1095 36 21 the
1193 1098 56 22 river

665 1114 106 27 Poreooa,
786 1114 72 23 called
869 1115 114 29 Kicketoa,
1004 1119 123 23 north-east
1143 1122 28 27 by
1184 1125 64 22 north

665 1140 67 28 thirty
746 1141 72 26 miles,
834 1142 45 21 and
891 1143 20 21 is
927 1144 103 22 bounded
1044 1149 23 19 to
1078 1147 38 22 the
1132 1153 45 17 east
1192 1147 33 29 by'
1236 1159 13 15 a

664 1175 69 19 range
748 1168 26 21 of
785 1175 76 20 snowy
872 1171 125 22 mountains
1003 1180 4 18 ;
1027 1175 22 19 to
1065 1173 38 22 the
1119 1176 63 21 south
1197 1178 30 25 by
1235 1186 14 15 a

663 1201 69 20 range
743 1194 26 22 of
779 1195 51 22 hills
839 1196 61 22 three
912 1197 64 22 miles
985 1198 57 23 from
1053 1200 52 22 Port
1121 1201 118 26 Nicholson

665 1228 59 20 upon
736 1222 36 21 the
787 1222 131 22 south-west
925 1224 48 22 side
981 1226 25 20 of
1013 1225 35 23 the
1058 1227 68 23 River
1134 1222 113 31 Porerooa'

665 1252 22 17 to
701 1248 59 23 feeti
770 1249 49 27 Bay
826 1257 6 19 ;
844 1250 54 22 from
907 1250 64 22 Teeti
980 1252 46 27 Bay
1035 1254 124 23 south-east
1166 1257 29 26 by
1204 1263 45 18 east

664 1277 22 19 to
705 1276 38 21 the
759 1276 65 21 south
849 1276 84 23 branch
949 1278 26 22 of
995 1278 45 29 the/
1048 1280 111 25 Porerooa
1175 1285 66 22 River

666 1302 117 26 (Contents
792 1307 41 17 not
842 1304 89 26 stated.)

694 1329 94 27 Alleged
800 1333 23 18 to
835 1330 56 22 have
906 1331 58 22 been
974 1332 122 28 purchased
1111 1335 25 23 in
1147 1337 93 24 October

666 1357 60 25 1839,
744 1356 59 22 from
822 1358 72 26 Rangi
911 1358 60 27 Ako,
996 1360 72 28 Rangi
1089 1363 68 26 Hero,
1177 1365 72 27 Rangi

659 1382 77 27 -Hitei,
760 1383 116 28 Rupterra,
896 1384 53 27 Aki,
975 1386 69 28 Erow,
1065 1389 95 29 Arungi,
1185 1392 62 28 Eovi,

666 1410 93 26 Epokie,
781 1411 70 21 chiefs
868 1411 25 21 of
910 1411 36 22 the
967 1412 121 31 Natti-ava,
1113 1418 45 21 and
1177 1419 72 23 Caffea

666 1437 73 26 tribes,
750 1437 31 27 by
790 1438 45 21 Mr.
854 1438 98 22 William
965 1439 56 29 Hay.
1037 1442 49 22 who
1101 1444 50 23 sold
1164 1452 13 15 a
1187 1447 62 22 tenth

666 1467 49 23 part
724 1464 24 21 of
753 1464 35 22 his
798 1464 92 22 interest
899 1469 23 17 to
931 1465 112 25 claimant.

694 1490 196 23 Consideration—
891 1492 23 21 in
931 1497 36 17 the
984 1495 47 21 first
1045 1496 108 30 instance,
1164 1500 85 23 various

666 1518 87 20 articles
764 1518 25 21 of
795 1519 164 27 merchandize,
971 1523 22 19 to
1004 1521 35 23 the
1050 1530 93 16 amount
1157 1526 23 21 of
1190 1528 59 23 £378

666 1544 91 27 sterling
764 1545 36 21 for
811 1545 36 22 the
854 1546 70 21 entire
931 1547 113 29 purchase,
1053 1551 47 22 and
1105 1552 47 23 £4o
1158 1552 22 22 in
1189 1554 58 26 cash,

667 1572 46 20 and
722 1572 70 26 goods
802 1572 70 22 stated
889 1576 23 18 to
927 1572 57 24 have
1003 1575 55 23 been
1073 1578 61 22 since
1148 1580 70 25 given'
1228 1585 21 18 to

667 1598 38 21 the
714 1598 87 22 natives
811 1599 28 28 by
850 1599 110 23 claimant.

695 1624 84 23 Nature
790 1625 27 22 of
828 1634 170 19 conveyance—
1000 1628 122 25 lndenture
1139 1633 25 21 of
1180 1634 70 22 Feoff-

667 1655 61 18 ment
738 1656 21 17 to
769 1653 45 21 Mr.
826 1653 58 28 Hay,
896 1653 68 23 dated
973 1656 38 22 9th
1021 1657 97 23 Ociober
1137 1662 51 20 1839

695 1678 55 22 Case
767 1679 45 22 No.
828 1682 38 20 IIS
887 1681 61 26 (a)—
949 1681 60 23 John
1026 1684 70 29 Terry
1111 1686 99 28 Hughes,
1228 1689 25 21 of

668 1707 87 25 Sydney
766 1707 123 28 merchant,
900 1709 99 22 claimant
1006 1711 22 20 in
1033 1716 60 22 part.

694 1732 38 22 All
741 1733 47 21 that
793 1733 54 23 land
856 1733 81 24 known
946 1737 30 26 by
985 1737 35 22 the
1028 1745 66 16 name
1103 1740 26 21 of
1134 1740 115 29 Porerooa,

666 1760 58 21 from
734 1760 37 21 the
781 1761 65 21 rocks
860 1768 60 21 upon
931 1763 38 21 the
986 1766 124 23 north-east
1124 1768 45 21 side
1181 1770 25 20 of
1213 1770 37 22 the

668 1787 68 21 River
745 1787 110 22 Porerooa
863 1789 73 23 called
946 1790 131 30 Kicketooa,
1091 1795 121 22 north-east
1222 1796 29 26 by

666 1813 67 22 north
742 1815 28 20 30
778 1814 75 27 miles,'
859 1816 46 22 and
913 1817 19 21 is
941 1817 103 24 bounded
1056 1827 29 14 on
1096 1821 37 22 the
1144 1827 45 17 east
1200 1824 28 26 by
1237 1831 14 14 a

667 1846 69 21 range
751 1841 27 21 of
790 1848 75 21 snowy
877 1844 126 23 mountains
1010 1853 6 19 ;
1032 1851 22 16 to
1069 1847 38 22 the
1124 1850 63 20 south
1199 1850 28 24 by
1237 1859 14 13 a

666 1874 69 20 range
745 1868 26 21 of
778 1867 51 23 hills
839 1869 60 22 three
912 1871 62 22 miles
984 1872 55 23 from
1051 1874 53 22 Port
1120 1875 129 29 Nicholson,

667 1900 59 21 upon
737 1895 37 21 the
784 1896 131 22 south-west
924 1897 47 22 side
981 1899 26 22 of
1013 1899 41 22 the.
1061 1900 69 23 River
1143 1902 108 24 Porerooa

668 1923 22 18 to
704 1921 65 23 Teeti
786 1922 59 28 Bay;
865 1924 56 21 from
939 1925 63 22 Teeti
1019 1926 47 28 Bay
1075 1929 3 4 '
1084 1929 123 23 south-east
1221 1932 29 25 by

668 1950 45 18 east
722 1951 23 19 to
755 1949 37 21 the
802 1949 85 23 branch
898 1951 26 21 of
930 1951 37 22 the
978 1952 108 25 Porerooa
1093 1955 74 23 River.
1183 1958 68 24 (Con-

667 1977 58 19 tents
734 1980 40 17 not
783 1977 90 26 stated.)

696 2001 95 27 Alleged
802 2006 22 18 to
833 2003 56 23 have
906 2004 56 23 been
973 2006 121 28 purchased
1106 2009 24 22 in
1147 2010 102 27 October,
1256 2010 5 3 '

667 2030 60 25 1839,
746 2030 58 21 from
824 2030 73 29 Rangi
918 2033 58 26 Ako,
997 2034 74 28 Rangi
1090 2036 69 27 Hero,
1176 2038 73 26 Rangi

667 2056 71 25 Hitei,
759 2056 114 27 Rupterra,
891 2058 54 27 Aki,
962 2061 91 26 Arangi,
1074 2062 64 26 Eovi,
1157 2063 93 27 Epokie,

667 2083 69 21 chiefs
751 2083 25 21 of
791 2083 38 22 the
847 2083 118 23 Natti-ava
984 2086 44 22 and
1045 2088 75 21 Caffea
1135 2089 73 27 tribes,
1223 2090 28 27 by

667 2108 45 22 Mr.
723 2109 98 23 William
834 2110 58 29 Hay,
905 2111 48 22 who
964 2113 47 22 sold
1021 2121 12 14 a
1049 2115 62 21 tenth
1123 2118 47 24 part
1180 2117 24 20 of
1217 2116 34 22 his

666 2139 93 19 interest
767 2140 23 18 to
798 2137 112 23 claimant.

694 2163 174 27 Consideration,
884 2166 23 20 in
927 2165 38 22 the
980 2166 46 23 first
1038 2168 108 27 instance,
1163 2170 88 22 various

666 2190 89 22 articles
765 2191 26 21 of
801 2192 154 23 merchandize
970 2197 21 18 to
1007 2194 36 22 the
1056 2201 92 16 amount
1157 2197 26 20 of
1191 2197 61 23 £378

666 2217 98 28 sterling,
783 2218 36 22 for
833 2219 37 21 the
886 2220 69 21 entire
975 2221 113 27 purchase,
1107 2223 43 22 and
1168 2224 48 22 £40
1228 2225 23 21 in

666 2243 60 28 cash,
737 2245 43 22 and
789 2245 70 26 goods
868 2247 73 21 stated
950 2250 23 18 to
985 2247 54 23 have
1050 2249 56 22 been
1115 2249 61 23 since
1186 2252 66 26 given

667 2274 23 18 to
699 2271 37 21 the
747 2272 88 22 natives
844 2273 29 27 by
883 2273 111 23 claimant.

694 2297 84 23 Nature
797 2299 25 21 of
835 2307 141 19 conveyance
976 2313 28 3 —
1006 2302 120 23 Indenture
1141 2304 26 21 of
1180 2304 72 23 Feoff-

668 2329 60 17 ment
738 2330 21 17 to
769 2326 45 22 Mr.
825 2327 59 27 Hay,
897 2327 67 22 dated
973 2328 37 22 9th
1021 2330 104 26 October,
1138 2332 57 21 1839.

694 2356 54 23 Case
757 2358 45 22 No.
812 2358 82 22 125.-*
894 2358 55 22 John
962 2359 75 28 Jones,
1049 2361 26 21 of
1084 2362 94 29 Sydney,
1192 2364 60 22 Mer-

666 2384 73 28 chant,
760 2384 46 23 and
825 2385 90 23 Francis
938 2386 68 23 Owen
1030 2388 112 28 Leathart,
1167 2391 86 23 Master

666 2411 108 27 Mariner,
786 2413 98 20 claimant
894 2414 23 19 in
922 2416 62 24 part,

695 2440 80 25 16,000,
788 2439 89 23 Sixteen
887 2441 108 23 thousand
1006 2450 68 19 acres,
1091 2451 60 15 more
1162 2452 25 14 or
1199 2445 50 27 less,

666 2464 66 28 being
742 2465 30 22 all
783 2466 49 22 that
839 2472 50 23 part
898 2474 24 15 or
936 2469 75 27 parcel
1025 2470 26 21 of
1063 2470 56 22 land
1134 2471 79 23 situate
1223 2481 28 14 on

666 2492 37 21 the
715 2493 70 21 rivers
796 2493 84 28 Purrui,
892 2495 45 21 and
948 2495 138 28 Kokowieta,
1098 2498 45 22 and
1159 2499 94 28 Rungu-

665 2518 61 26 piko,
736 2519 23 22 in
770 2520 37 21 the
819 2521 100 27 territory
929 2523 27 21 of
962 2522 55 23 New
1024 2523 114 28 Zealand;
1149 2525 104 23 bounded

666 2545 30 27 by
706 2546 37 21 the
753 2546 71 22 River
831 2547 78 23 Purrui
919 2556 29 15 on
959 2549 36 23 the
1006 2551 206 29 south-south-east,
1223 2561 30 14 on

666 2572 37 21 the
715 2577 53 18 west
777 2574 29 27 by
815 2574 36 22 the
863 2575 68 22 River
939 2577 141 28 Rungapiko,
1091 2586 28 14 on
1127 2579 38 22 the
1176 2581 77 21 south-

666 2600 133 22 south-west
807 2600 30 28 by
846 2601 36 23 the
898 2603 59 22 river
972 2603 136 29 Kokowieta,
1124 2605 35 23 the
1175 2614 78 15 names

667 2626 26 21 of
703 2626 39 22 the
752 2628 49 21 said
814 2628 53 22 land
880 2629 70 28 being
959 2630 85 27 Titiwa,
1060 2632 36 22 Tv
1108 2632 65 27 Wira,
1184 2634 69 22 Tero-

666 2654 47 26 toti,
732 2654 121 28 Paratawa,
865 2656 62 23 Witu
945 2657 60 27 Witi,
1023 2659 148 28 Munga-pori,
1184 2661 69 22 Wha-

665 2687 62 15 ra-ra
736 2680 71 28 Horo,
814 2683 37 21 the
860 2689 67 17 name
936 2684 25 22 of
969 2684 116 24 thewhole
1096 2686 64 27 being
1170 2687 81 22 known

667 2715 24 13 as
698 2708 57 22 Pere
766 2708 106 24 Kia-hua.

694 2734 97 28 Alleged
801 2739 22 19 to
833 2736 56 23 have
898 2737 58 23 been
962 2737 123 28 purchased
1091 2740 22 21 in
1119 2739 132 29 December,

668 2762 59 26 1839,
738 2761 58 23 from
807 2763 36 22 the
858 2764 75 22 native
950 2765 68 22 chiefs
1032 2766 33 22 Te
1081 2767 71 21 Kawa
1166 2768 44 21 and
1220 2769 32 22 Te

668 2787 80 28 Kdtea,
762 2789 29 27 by
805 2790 35 22 the
857 2790 125 28 claimants,
998 2791 49 23 who
1064 2796 56 19 state
1137 2793 47 22 that
1201 2795 52 28 they

667 2814 57 22 have
734 2815 49 21 sold
798 2817 110 21 one-third
924 2821 50 25 part
988 2819 26 21 of
1025 2819 38 21 the
1073 2819 51 22 land
1135 2821 69 22 above
1215 2822 38 21 de-

668 2841 87 22 scribed
765 2846 21 17 to
796 2843 37 21 W.
844 2843 24 23 C.
881 2843 142 28 Weutworth,
1039 2847 46 21 and
1101 2847 113 22 one-third
1229 2852 23 19 to

670 2868 88 21 Messrs.
769 2869 84 22 Robert
863 2871 114 28 Campbell
987 2873 45 21 and
1041 2873 22 21 J.
1075 2874 24 20 C.
1110 2873 87 29 Brown,
1209 2876 42 21 and

668 2901 51 15 now
729 2895 66 22 claim
805 2897 112 21 one-third
926 2898 24 20 in
964 2899 57 21 their
1030 2906 50 15 own
1089 2899 81 23 behalf.

695 2922 175 27 Consideration,
887 2924 89 22 various
990 2925 88 23 articles
1094 2927 25 21 of
1136 2928 116 23 merchan-

668 2947 56 28 dize,
736 2949 65 21 value
812 2953 39 18 not
859 2951 79 21 stated.

694 2974 85 23 Nature
796 2976 26 21 of
837 2983 169 20 conveyance—
1006 2978 66 22 Deed
1088 2980 25 22 of
1131 2977 122 28 Feoffment

669 3004 22 18 to
701 3001 115 23 claimants
828 3003 64 22 dated
903 3004 54 22 23rd
965 3005 131 28 December,
1110 3009 59 20 1839.

694 3035 55 22 Case
766 3036 43 21 No.
821 3038 40 20 184
876 3037 39 27 (l>).
1025 3039 120 29 O'Ferr'all,
1158 3042 25 21 of
1194 3043 57 26 Syd-

668 3069 51 20 ney,
730 3063 110 21 claimants
849 3065 22 19 in
875 3067 62 24 part.

695 3089 39 22 All
747 3090 49 22 that
812 3090 51 23 land
879 3093 85 20 known-
978 3092 28 27 by
1014 3092 39 23 the
1068 3100 66 16 name
1148 3095 26 21 of
1185 3096 67 22 Pore-

668 3123 72 21 roora,
749 3117 59 22 from
819 3118 36 21 the
869 3119 67 22 rocks
952 3126 58 20 upon
1026 3120 38 21 the
1074 3120 122 24 north-east
1205 3123 47 22 side

668 3142 25 23 of
705 3144 36 21 the
757 3144 60 22 river
833 3145 119 25 Porerooa.
960 3146 71 22 called
1047 3146 112 23 Kicketoa
1175 3150 76 21 north-

669 3173 46 19 east
726 3171 28 27 by
764 3172 64 21 north
842 3173 28 22 30
879 3172 70 27 miles,'
960 3172 43 23 and
1013 3174 105 22 bounded
1128 3179 21 17 to
1159 3175 37 22 the
1206 3180 47 18 east

668 3196 28 28 by
707 3205 13 14 a
729 3205 69 20 range
813 3199 25 21 of
849 3206 77 21 snowy
941 3200 129 22 mountains
1076 3209 4 17 ;
1096 3203 23 20 to
1134 3201 36 23 the
1186 3204 65 21 south

669 3224 27 26 by
714 3232 13 14 a
734 3235 4 4 ■
748 3232 70 20 range
841 3226 25 21 of
887 3226 56 28 hills,
962 3226 61 23 three
1041 3227 65 22 miles
1125 3229 55 21 from
1199 3229 53 22 Port

668 3250 129 29 Nicholson,
817 3260 58 20 upon
898 3254 37 21 the
953 3254 129 22 south-west
1101 3254 47 22 side
1167 3256 27 21 of.
1214 3257 37 21 the

668 3278 59 21 river
743 3278 111 23 Porerooa
865 3280 22 21 to'
902 3280 64 22 Teeti
983 3280 53 28 Bay,
1047 3281 58 22 from
1125 3282 62 22 Teeti
1204 3283 47 28 Bay

668 3306 125 21 south-east
804 3306 29 27 by
844 3312 47 16 east
906 3311 29 18 to.
946 3308 37 21 the
997 3308 66 21 south
1077 3308 85 22 branch
1177 3309 25 22 of
1214 3310 37 22 the

669 3330 109 24 Porerooa
788 3332 63 23 river.
881 3334 118 26 (Contents
1007 3337 40 19 not
1056 3334 89 28 stated.)

694 3358 98 27 Alleged
801 3362 22 19 to
832 3359 57 23 have
904 3360 57 22 been
976 3361 123 27 purchased
1108 3362 23 21 in
1148 3362 101 28 October,

670 3386 57 25 1839,
748 3386 58 21 from
826 3386 73 28 Rangi
918 3387 58 27 Ako,
992 3388 77 27 Rungi
1087 3388 70 26 Hero,
1178 3390 72 27 Rangi

668 3412 70 26 Hitei,
747 3412 116 28 Rupterra,
872 3414 53 26 Aki,
934 3414 89 28 Arangi,
1033 3415 64 27 Eovi,
1107 3415 45 21 and
1159 3416 90 28 Epokie,

668 3438 69 23 chiefs
752 3440 26 21 of
788 3440 38 23 the
840 3440 117 23 Natti-ava
973 3440 42 23 and
1030 3442 75 21 Caffea
1121 3442 85 28 Tribes,
1223 3444 29 27 by

668 3466 44 22 Mr.
722 3466 99 23 William
833 3468 59 26 Hay,
903 3468 50 21 who
967 3468 47 22 sold
1020 3476 20 16 .a
1048 3468 65 22 tenth
1122 3475 49 22 part
1180 3471 26 21 of
1214 3470 36 22 his

666 3493 91 22 interest
766 3498 23 17 to
799 3494 112 23 claimant.

694 3520 167 23 Consideration
870 3521 24 22 in
904 3521 37 22 the
951 3521 47 22 first
1006 3520 107 29 instance,
1122 3523 85 23 various
1216 3532 35 14 ar-

667 3546 62 23 ticles
746 3548 27 21 of
784 3548 155 22 merchandize
953 3551 22 18 to
991 3551 36 19 the
1042 3553 92 19 amount
1150 3551 25 21 of
1189 3551 61 22 £378

658 3574 106 27 .sterling,
781 3574 35 23 for
832 3575 36 22 the
884 3576 69 21 entire
971 3575 114 28 purchase,
1098 3576 47 22 and
1160 3577 49 22 £40
1219 3578 30 21 -in

668 3600 58 27 cash,
737 3602 46 21 and
792 3602 67 26 goods
868 3602 73 22 stated
950 3605 22 19 to
981 3602 56 22 have
1047 3603 56 21 been
1114 3604 60 21 since
1183 3604 67 27 given

667 3628 22 19 to
699 3626 37 23 the
747 3628 85 23 natives
841 3630 29 27 by
881 3628 38 23 the
930 3628 111 22 claimant.
1089 3644 2 5 ■
1209 3635 11 21 ;•

693 3652 86 25 Nature
796 3656 27 21 of
832 3663 141 19 conveyance
974 3666 26 5 —
1002 3656 129 22 Indenture,
1138 3656 27 22 of
1179 3657 71 23 Eeoff-

668 3683 61 19 ment
738 3684 22 19 to
772 3681 44 23 Mr.
826 3682 61 28 Hay,
898 3682 68 22 dated
974 3682 37 22 the
1025 3682 39 23 9th
1074 3683 103 27 October,
1188 3685 60 21 1839.

694 3705 55 23 Case
759 3708 43 21 No.
815 3711 38 20 187
853 3725 6 17 ?
872 3710 39 26 (d).
932 3709 60 22 John
1003 3710 96 22 Jenkins
1110 3710 106 28 Peacock,
1228 3711 26 22 of

668 3731 95 29 Sydney,
776 3734 123 29 Merchant,
910 3737 100 20 claimnnt
1020 3738 22 19 in
1047 3739 63 24 part.
1134 3748 4 3 ■

693 3758 38 22 All
742 3760 48 21 that
803 3760 63 30 land,'
874 3763 81 21 known
973 3764 27 27 by
1011 3764 36 22 the
1065 3771 65 15 name
1145 3764 27 22 of
1182 3764 68 22 Pore-

668 3791 9 13 r
678 3791 46 32 ?°l
720 3801 6 11 J
758 3794 13 13 °
773 3794 22 14 m
806 3788 22 21 *
830 3796 12 13 c
858 3789 54 22 roc^
913 3797 9 14 s
923 3805 7 11 >
941 3797 13 14 u
958 3797 13 19 P
973 3798 26 14 on
1016 3795 7 17 l
1024 3791 29 21 he
1068 3790 122 23 north-east
1202 3791 47 23 side

666 3812 26 19 of
703 3812 35 20 the
750 3813 59 22 river
823 3814 117 29 Porerooa,
951 3816 70 23 called
1037 3817 118 27 Kicketoa,
1174 3818 75 22 north-

667 3842 46 17 east
726 3839 29 25 by
771 3841 66 21 north
853 3844 27 19 SO
894 3842 75 28 miles;
990 3844 43 21 and
1048 3844 104 22 bounded
1170 3849 22 17 to
1212 3845 38 22 the

666 3869 47 16 east
727 3864 30 28 by
771 3873 14 14 a
795 3873 66 20 range
877 3868 26 21 of
919 3876 73 20 snowy
1011 3870 140 28 mounrains;
1173 3875 22 17 to
1212 3871 37 23 the

666 3891 63 22 south
741 3895 28 24 by
780 3899 13 14 a
802 3901 66 19 range
880 3894 25 21 of
917 3894 50 23 hills
983 3896 61 22 three
1058 3896 64 22 miles
1131 3898 55 21 from
1198 3891 53 29 Pok

665 3918 130 28 Nicholson,
804 3927 57 21 upon
872 3920 38 23 the
920 3923 129 21 south-west
1057 3923 49 21 side
1115 3924 25 22 of
1148 3924 35 22 the
1192 3918 59 28 rivir

666 3943 111 24 Porerooa
786 3950 23 17 to
816 3947 61 22 Teeti
892 3947 49 28 Bay
948 3955 6 19 ;
969 3948 64 23 from-
1039 3949 64 22 Teeti
1116 3950 48 28 Bay
1174 3943 77 41 aoutji-
