2529 4010
1317 436 92 25 Private
1427 438 79 24 letters
1519 446 82 16 concur
1613 439 54 23 with
1684 439 37 23 the
1732 439 87 31 -public
1831 447 38 15 ac-

1284 475 88 24 counts,
1400 472 24 22 in
1452 471 130 31 describing
1616 472 96 30 Captain
1749 471 120 25 Hobson's

1284 504 82 30 capital
1386 512 24 15 as
1427 504 69 32 being
1514 505 23 22 in
1554 513 12 14 a
1578 509 59 18 most
1649 505 128 31 deplorable
1790 506 78 23 condi-

1284 537 54 23 tion.
1375 537 29 23 In
1415 545 12 15 a
1437 539 92 29 petition
1542 537 120 32 presented
1674 544 21 17 to
1704 538 36 23 the
1749 538 120 24 Governor

1284 577 29 15 on
1332 569 37 24 the
1389 570 57 24 25th
1467 570 26 23 of
1508 570 89 29 March,
1617 571 45 23 and
1681 570 78 31 signed
1779 572 32 30 by
1830 572 39 23 the

1284 602 109 31 principal
1419 603 138 24 inhabitants
1581 604 23 23 of
1625 603 131 30 Auckland,
1780 605 19 23 it
1822 612 46 16 was

1284 636 74 23 stated
1366 645 5 14 :
1373 649 35 4 —

1297 675 3 7 '
1310 673 64 26 That,
1387 675 110 22 whatever
1505 682 52 21 may
1565 675 28 21 be
1605 675 37 22 the
1658 676 89 27 opinion
1757 683 24 14 as
1792 679 23 18 to
1832 676 37 21 the

1284 707 65 15 cause
1358 701 71 22 which
1440 703 39 20 has
1488 702 96 21 hitherto
1594 703 104 26 operated
1710 703 20 21 in
1740 703 129 27 preventing

1284 727 80 27 capital
1380 728 44 22 and
1441 729 118 25 emigrants
1575 729 57 21 from
1648 729 88 26 coming
1751 729 62 27 here,
1832 730 37 21 the

1283 753 46 22 fact
1345 755 84 21 cannot'
1439 755 28 21 be
1478 755 79 22 denied
1572 755 48 21 that
1636 756 54 21 such
1707 756 54 21 have
1778 760 40 17 not
1831 762 38 21 yet

1284 788 63 14 come
1348 792 25 4 —
1375 783 48 20 that
1432 782 100 22 business
1541 783 24 20 of
1572 790 66 19 every
1648 783 130 26 description
1789 783 34 20 for
1832 784 36 21 the

1284 807 41 21 last
1335 807 40 22 few
1384 808 89 22 months
1481 809 38 21 has
1529 809 86 27 rapidly
1622 809 109 26 declined,
1740 809 43 22 and
1794 810 18 20 is
1819 817 49 14 now

1284 833 28 22 all
1322 834 42 22 but
1373 840 23 16 at
1406 843 13 13 a
1428 836 108 25 complete
1547 835 132 28 stand-still;
1697 843 27 14 no
1733 836 141 27 description-

1284 861 24 21 of
1319 866 108 23 property,
1439 862 60 27 land,
1510 863 69 25 stock,
1591 870 24 13 or
1624 862 155 22 merchandize
1791 866 23 17 to
1824 871 44 19 any

1284 890 75 19 extent
1368 889 43 21 will
1427 889 40 21 sell
1468 900 27 4 —
1496 889 47 21 that
1559 889 35 21 the
1611 889 53 21 little
1676 889 77 28 capital
1772 889 96 22 hitherto

1283 913 96 28 brought
1389 915 51 22 here
1456 916 67 27 being
1533 915 29 22 all
1578 917 77 26 nearly
1665 916 123 28 expended,
1807 917 60 22 there

1284 948 36 13 are
1335 948 67 21 many
1413 942 99 27 working
1528 943 77 26 people
1616 948 38 16 out
1672 944 26 20 of
1710 943 156 27 employment,

1283 966 46 22 and
1352 968 130 22 threatened
1505 969 52 22 with
1580 970 128 21 immediate
1732 974 59 17 want
1791 981 29 3 —
1822 970 47 22 that

1283 993 111 24 universal
1423 995 157 28 despondency
1601 997 102 27 prevails,
1733 997 45 20 and
1806 1002 61 22 great

1284 1021 103 22 numbers
1397 1029 36 15 are
1448 1023 92 26 seeking
1550 1030 65 20 every
1633 1031 76 14 means
1719 1024 23 21 of
1755 1023 113 29 disposing

1284 1047 24 21 of
1320 1048 56 22 their
1385 1049 92 21 interest
1487 1053 21 17 to
1516 1049 46 28 quit
1567 1050 37 21 the
1614 1050 124 22 settlement
1745 1057 5 20 ;
1766 1050 23 21 iv
1797 1050 68 28 short,

1284 1073 47 22 that
1345 1082 12 14 a
1371 1078 58 19 most
1445 1076 83 21 lerious
1548 1077 60 21 crisis
1624 1078 19 20 is
1655 1078 80 25 .taking
1745 1079 70 24 place,
1833 1078 34 21 in-

1284 1101 87 27 volving
1382 1102 36 22 the
1425 1105 57 19 utter
1493 1103 48 21 mm
1547 1103 42 21 and
1594 1104 99 21 sacrifice
1702 1104 25 21 of
1734 1103 36 22 the
1779 1108 89 23 present

1283 1127 110 28 colonists,
1411 1131 44 19 and
1473 1129 48 21 that
1538 1130 94 27 nothing
1648 1131 60 20 short
1717 1131 25 20 of
1754 1131 36 21 the
1811 1136 56 16 most

1282 1156 112 25 energetic
1403 1156 45 21 and
1456 1156 129 21 immediate
1593 1164 110 14 measures
1714 1157 32 21 for
1754 1165 40 14 our
1804 1158 66 21 relief

1282 1188 40 14 can
1334 1189 51 15 save
1395 1190 32 14 us.
1457 1183 27 21 In
1496 1183 105 26 speaking
1611 1183 21 21 in
1643 1184 62 21 these
1714 1187 75 24 strong
1799 1188 68 17 terms

1282 1208 25 21 of
1318 1208 37 22 the
1366 1210 49 20 ruin
1425 1209 69 22 about
1505 1210 24 21 to'
1543 1210 67 21 befall
1622 1210 34 21 the
1667 1215 87 22 present
1771 1211 94 26 settlers,

1282 1242 32 14 we
1326 1236 72 22 would
1408 1235 72 22 desire
1490 1240 23 17 to
1524 1236 64 22 make
1598 1244 12 14 a
1622 1237 127 21 distinction
1765 1237 102 22 between

1283 1261 56 22 their
1349 1263 57 26 ruin,
1418 1263 44 21 and
1472 1263 38 21 the
1521 1264 47 21 ruin
1576 1264 25 21 of
1608 1263 38 22 the
1655 1264 128 21 settlement
1793 1264 73 27 itself;

1282 1295 23 15 as
1314 1288 36 22 for
1360 1289 37 22 the
1408 1290 73 26 latter,
1491 1297 58 20 your
1558 1291 127 26 petitioners
1693 1298 37 13 are
1739 1298 24 13 so
1770 1291 99 21 satisfied

1282 1315 25 21 of
1314 1315 38 22 the
1362 1320 48 18 vast
1417 1317 131 27 superiority
1559 1317 24 21 of
1589 1317 28 21 its
1627 1317 87 22 natural
1723 1317 143 27 advantages,

1282 1341 47 23 that
1339 1342 53 28 they
1398 1343 43 21 feel
1451 1343 37 21 the
1496 1346 81 19 utmost
1583 1343 96 23 reliance
1686 1351 28 14 on
1722 1343 27 22 its
1757 1345 110 27 complete

1281 1369 42 21 and
1333 1370 102 21 ultimate
1447 1377 95 14 success.

1314 1404 67 32 They
1399 1405 108 24 conclude
1527 1407 30 30 by
1573 1407 132 31 requesting
1724 1407 35 23 his
1778 1407 89 23 Excel-

1280 1437 66 31 lency
1359 1443 22 18 to
1394 1438 66 31 adopt
1505 1445 99 18 extreme
1623 1448 113 16 measures
1778 1445 23 18 to
1815 1449 52 14 save

1281 1471 61 23 them
1385 1472 58 22 from
1465 1472 38 23 the
1520 1478 60 18 utter
1597 1474 52 22 ruin
1661 1473 54 24 with
1728 1473 73 23 which
1815 1474 52 25 they

1281 1512 36 15 are
1510 1506 51 23 The
1583 1507 113 30 principal
1717 1515 104 15 measure
1845 1508 23 23 of

1281 1538 66 22 relief
1356 1538 130 31 suggested,
1495 1546 45 16 was
1551 1539 38 23 the
1596 1540 117 23 reduction
1721 1540 24 23 of
1756 1540 37 23 the
1806 1541 61 30 price

1281 1571 24 22 of
1323 1576 95 26 country
1436 1571 53 24 land
1509 1578 22 17 to
1547 1573 43 23 five
1603 1572 104 32 shillings
1719 1581 39 24 per
1771 1581 59 21 acre,
1843 1575 24 22 in

1281 1604 37 23 the
1341 1604 58 31 hope
1423 1605 24 23 of
1468 1605 110 32 inducing
1600 1607 124 30 capitalists
1746 1606 60 24 from
1830 1607 37 23 the

1281 1637 165 31 neighbouring
1463 1639 99 23 colonies
1580 1645 20 17 to
1620 1640 75 23 invest
1709 1640 58 23 their
1785 1648 82 23 money

1281 1675 21 18 at
1314 1671 38 23 the
1371 1672 108 23 Thames.
1517 1672 50 24 The
1589 1673 118 23 Governor
1726 1673 87 31 having
1831 1681 35 16 re-

1280 1704 63 23 fused
1357 1710 21 17 to
1387 1705 81 23 reduce
1477 1705 37 23 the
1526 1706 61 30 price
1597 1706 26 23 of
1632 1706 54 23 land
1696 1715 24 14 as
1731 1708 84 28 prayed
1824 1707 41 27 for,

1280 1745 12 15 a
1303 1745 54 23 very
1369 1746 122 15 numerous
1503 1740 106 30 meeting,
1623 1739 52 23 held
1688 1748 28 15 on
1729 1739 36 23 the
1782 1740 49 22 2nd
1843 1741 25 22 of

1279 1771 75 31 April,
1367 1771 96 31 adopted
1476 1772 36 23 the
1524 1772 116 30 following
1652 1774 121 22 resolution
1775 1786 35 3 —

1305 1810 56 20 That
1379 1818 13 12 a
1411 1817 45 14 case
1476 1811 81 22 ofvthe
1575 1814 80 18 utmost
1681 1819 124 20 emergency
1824 1812 41 20 and

1279 1839 104 25 necessity
1399 1839 76 25 having
1491 1839 53 20 been
1563 1840 77 25 clearly
1656 1840 42 19 and
1717 1840 150 26 satisfactorily

1279 1866 127 20 established
1425 1866 32 20 for
1476 1866 77 26 having
1569 1868 35 19 the
1623 1872 62 15 waste
1704 1867 59 20 lands
1782 1868 24 19 in
1823 1868 43 19 this

1281 1893 80 26 Colony
1371 1894 46 19 sold
1427 1897 21 16 at
1458 1894 37 19 the
1504 1894 109 20 minimum
1623 1895 57 25 price
1689 1894 24 21 of
1719 1895 39 19 five
1770 1895 97 25 shillings

1279 1927 36 19 per
1335 1927 47 14 acre
1390 1929 5 16 ;
1423 1921 41 20 this
1486 1922 90 25 meeting
1594 1922 54 19 have
1666 1925 22 17 to
1709 1929 82 19 express
1812 1923 55 19 their

1279 1952 90 16 extreme
1385 1951 68 23 regret
1458 1949 47 19 'and
1516 1949 170 26 disapprobation
1700 1950 24 19 of
1732 1950 34 19 the
1775 1950 92 20 conduct

1279 1976 32 19 his
1322 1976 128 26 Excellency
1459 1977 23 18 in
1498 1976 97 26 refusing,
1600 1983 23 14 so
1634 1980 21 17 to
1672 1978 75 19 reduce
1757 1978 36 19 the
1809 1978 58 25 price

1279 2003 22 19 of
1313 2003 57 24 land,
1382 2010 47 13 now
1439 2004 35 19 the
1484 2011 71 13 means
1565 2005 24 19 of
1601 2005 100 25 inducing
1712 2011 25 13 an
1746 2004 131 21 immediate,

1277 2030 46 18 flow
1332 2030 23 19 of
1364 2030 77 25 capital
1448 2035 21 14 to
1479 2030 41 19 this
1529 2030 89 26 Colony,
1630 2031 68 20 which
1705 2031 69 20 would
1782 2034 25 16 at
1814 2037 51 14 once

1278 2056 76 20 relieve
1364 2058 35 18 the
1410 2061 85 21 present
1505 2058 91 23 distress,
1608 2058 41 19 and
1657 2058 80 26 inspire
1743 2058 122 21 confidence

1278 2084 44 19 into
1335 2084 36 19 the
1381 2084 67 20 minds
1460 2084 25 20 of
1496 2085 36 20 the
1542 2086 90 19 settlers.

1312 2119 67 31 They
1391 2120 98 31 rejected
1504 2128 29 15 an
1545 2120 144 24 amendment
1701 2121 123 31 supported
1836 2122 28 31 by

1280 2152 37 23 the
1331 2153 157 23 Government
1498 2160 98 23 party-r-

1305 2185 56 20 That
1369 2185 23 19 in
1447 2185 88 26 opinion
1545 2187 23 19 of
1581 2187 42 19 this
1633 2187 98 26 meeting,
1742 2187 59 20 there
1810 2187 17 20 is
1837 2193 27 14 no

1279 2219 86 13 censure
1372 2213 117 20 attachable
1500 2217 21 17 to
1535 2214 32 20 his
1575 2214 127 26 Excellency
1712 2215 34 19 the
1756 2214 109 21 Governor

1278 2240 32 20 for
1327 2244 39 16 not
1383 2240 101 26 reducing
1500 2242 35 19 the
1545 2242 109 19 minimum
1672 2243 56 25 price
1738 2242 23 19 of
1774 2246 91 22 country

1279 2267 74 20 Crown
1364 2268 70 19 Lands
1444 2271 21 16 to
1476 2269 40 19 five
1528 2270 95 24 shillings
1634 2276 38 19 per
1681 2276 46 14 acre
1733 2277 5 16 j
1752 2270 111 20 inasmuch

1279 2301 20 14 as
1309 2295 27 20 he
1352 2296 42 19 had
1403 2298 38 17 not
1458 2296 36 19 the
1505 2303 108 19 necessary
1632 2298 137 19 instructions
1780 2301 23 16 to
1822 2304 43 13 em-

1279 2329 68 19 power
1357 2324 43 19 him
1411 2327 21 16 to
1441 2324 62 19 make
1512 2325 51 19 such
1575 2325 108 20 reduction
1689 2333 6 15 ;
1712 2324 40 21 and
1761 2325 69 20 which
1839 2326 26 19 he

1278 2353 30 17 set
1317 2350 59 21 forth
1387 2351 22 20 in
1420 2352 31 20 his
1462 2352 59 26 reply
1530 2355 22 17 to
1563 2352 35 20 the
1608 2353 98 25 petition.

1310 2386 68 23 After
1391 2395 61 15 some
1460 2387 128 23 discussion
1599 2389 131 30 respecting
1740 2388 38 23 the
1788 2396 75 24 wages

1279 2420 23 22 of
1320 2420 80 23 labour
1418 2420 44 24 and
1476 2421 37 23 the
1532 2421 93 31 fertility
1637 2421 25 23 of
1679 2421 37 23 the
1729 2421 42 23 soil
1782 2422 26 22 in
1826 2423 37 23 the

1278 2453 187 30 neighbourhood
1476 2455 26 22 of
1510 2454 39 23 the
1561 2454 108 29 Thames,

1311 2487 44 23 Dr.
1373 2488 89 23 Martin
1484 2488 80 23 moved
1585 2488 38 23 the
1641 2489 116 30 following
1775 2489 89 23 resolu-

1281 2521 43 22 tion
1337 2529 5 14 :—:
1345 2533 33 4 —

1304 2559 57 21 That
1380 2561 34 19 his
1435 2560 131 27 Excellency,
1588 2567 28 14 on
1634 2561 33 20 his
1688 2561 74 20 arrival
1780 2561 24 20 in
1823 2561 43 20 this

1279 2587 89 27 Colony,
1386 2588 66 20 found
1470 2594 13 14 a
1500 2594 48 21 very
1566 2589 106 20 extensive
1683 2589 41 19 and
1740 2589 127 26 flourishing

1279 2615 57 20 trade
1353 2615 81 20 carried
1450 2621 29 14 on
1489 2616 28 25 by
1535 2616 34 20 the
1580 2616 35 20 old
1634 2616 90 25 settlers,
1742 2616 38 20 but
1797 2616 69 20 which

1279 2642 57 20 trade
1346 2643 37 20 has
1394 2643 52 20 been
1456 2643 28 19 all
1492 2644 39 19 but
1540 2644 136 24 annihilated,
1686 2644 40 19 and
1736 2644 35 19 the
1782 2644 84 20 settlers

1279 2670 123 21 themselves
1411 2670 83 25 ruined,
1505 2671 26 25 by
1542 2672 34 19 the
1587 2672 161 25 proclamations
1757 2672 43 19 and
1816 2672 50 19 sub-

1280 2702 86 21 sequent
1376 2698 136 26 proceedings
1524 2698 24 20 of
1561 2699 31 20 his
1608 2699 127 26 Excellency
1735 2709 26 3 —
1762 2699 105 25 throwing

1280 2725 98 20 discredit
1390 2732 56 20 upon
1456 2726 36 19 the
1503 2726 86 26 validity
1597 2726 25 20 of
1635 2726 35 20 the
1681 2727 56 19 titles
1748 2726 24 20 of
1784 2727 37 19 the
1831 2727 35 19 old

1279 2753 83 20 settlers
1378 2756 23 17 to
1418 2754 56 19 their
1490 2754 67 23 lands,
1575 2760 58 20 upon
1649 2754 36 19 the
1702 2754 52 19 faith
1762 2754 23 19 of
1798 2754 69 20 which

1280 2780 54 21 their
1352 2781 67 20 credit
1437 2783 96 23 amongst
1554 2782 124 19 themselves
1699 2781 41 20 and
1758 2782 53 19 with
1831 2782 36 19 the

1279 2809 120 20 mercantile
1409 2809 130 25 community
1548 2809 21 20 in
1587 2809 59 20 other
1656 2809 99 23 colonies,
1775 2809 92 26 entiiely

1280 2835 105 27 depended
1394 2844 5 17 ;
1402 2847 27 4 —
1429 2836 55 20 That
1500 2836 35 20 the
1551 2842 57 14 more
1624 2837 94 25 recently
1728 2837 82 19 arrived
1827 2837 40 19 im-

1281 2863 97 26 migrants
1387 2864 52 20 have
1452 2864 93 26 scarcely
1554 2865 40 19 less
1611 2870 62 14 cause
1684 2865 25 19 of
1721 2865 119 24 complaint
1844 2875 23 4 —

1279 2891 21 19 in
1310 2891 62 20 so'far
1382 2898 22 14 as
1411 2891 35 20 the
1455 2894 83 23 greater
1547 2895 47 22 part
1600 2891 25 21 of
1632 2892 56 20 their
1695 2891 101 21 available
1803 2892 64 20 funds

1279 2919 50 19 have
1338 2919 52 20 been
1397 2919 107 20 extracted
1513 2919 54 20 from
1575 2920 55 19 them
1642 2919 33 21 for
1683 2922 55 18 town
1745 2919 122 20 allotments

1279 2947 40 19 and
1328 2949 90 24 country
1428 2947 49 19 land
1487 2947 46 20 sold
1547 2950 21 16 at
1578 2953 112 14 enormous
1705 2947 73 26 prices,
1789 2947 77 23 which,

1280 2974 79 20 besides
1378 2975 158 29 impovershing
1551 2975 64 24 them,
1636 2975 38 19 has
1691 2975 94 19 deterred
1806 2975 61 19 other

1280 3001 115 26 capitalists
1419 3002 55 20 from
1497 3002 83 25 coming
1602 3004 23 18 to
1649 3002 43 20 this
1719 3002 121 20 settlement
1841 3013 26 3 —

1279 3029 93 26 whereby
1383 3030 18 19 ii
1410 3030 18 19 is
1439 3036 47 13 now
1495 3030 22 19 in
1528 3036 12 13 a
1550 3032 55 17 most
1615 3029 134 26 languishing
1756 3029 111 20 condition

1279 3067 26 4 —
1305 3057 43 19 and
1358 3063 62 20 many
1427 3057 23 20 of
1459 3057 36 20 the
1503 3057 82 20 settlers
1594 3057 122 20 threatened
1724 3057 49 19 with.
1782 3057 57 19 ruin.
1841 3069 27 4 —

1279 3084 54 20 That
1345 3084 35 20 the
1395 3087 45 18 acts
1449 3084 25 20 of
1486 3085 36 19 the
1538 3084 142 20 Government
1695 3085 50 19 have
1760 3084 107 20 therefore

1280 3112 49 20 been
1341 3112 78 26 proved
1429 3118 24 14 so
1463 3112 87 23 unwise,
1561 3112 110 26 impolitic,
1683 3112 41 19 and
1740 3112 128 19 destructive

1279 3140 24 19 of
1310 3140 35 19 the
1355 3140 97 20 interests
1460 3139 25 20 of
1493 3140 29 19 all
1531 3140 35 19 the
1575 3140 83 19 settlers
1670 3140 23 19 in
1703 3139 51 20 New
1764 3139 103 20 Zealand.

1279 3178 26 4 —
1305 3167 56 20 That
1379 3168 46 19 this
1441 3167 92 25 meeting
1552 3167 38 19 has
1606 3173 28 14 no
1652 3166 128 23 confidence,
1788 3167 25 19 iv
1832 3167 36 20 the

1279 3195 94 26 capacity
1383 3195 25 20 of
1419 3194 32 21 his
1467 3194 125 26 Excellency
1608 3194 36 20 the
1659 3194 110 20 Governor
1778 3194 43 20 and
1834 3194 33 20 his

1278 3225 84 23 present
1381 3222 101 24 advisers,
1500 3222 41 19 and
1560 3222 46 19 that
1624 3222 36 19 the
1682 3221 80 27 Colony
1782 3222 44 19 will
1843 3222 24 19 be

1279 3250 78 26 utterly
1371 3250 75 20 ruined
1456 3250 22 19 if
1488 3250 105 19 intrusted
1607 3250 64 19 much
1684 3250 74 25 longer
1772 3252 22 17 to
1813 3249 54 20 their

1279 3279 152 24 management.
1517 3296 4 3 .
1732 3281 12 15 >\
1792 3276 5 3 '

1312 3313 54 24 Mr.'
1375 3312 147 28 Montefiore,-
1532 3314 49 21 who
1594 3312 111 24 seconded
1723 3312 38 23 the
1775 3312 90 23 resolu-

1279 3347 54 27 tion,
1352 3345 112 25 delivered
1481 3354 14 14 a
1514 3345 52 31 long
1587 3346 82 31 speech
1688 3350 22 19 to
1728 3353 68 23 prove
1809 3345 56 28 that,

1279 3379 110 31 although
1401 3387 50 16 care
1462 3378 47 24 had
1519 3379 57 23 been
1590 3379 68 24 taken
1664 3403 5 6 r
1670 3380 29 30 by
1709 3379 38 23 the
1760 3378 106 23 Govern-

1279 3417 62 19 ment
1388 3412 65 24 home
1468 3417 21 19 to
1508 3412 91 32 provide
1621 3413 74 31 ample
1705 3419 110 16 .reserves
1832 3411 35 23 for

1279 3446 76 31 public
1376 3453 119 24 purposes,
1516 3450 46 27 yet,
1582 3446 64 23 when
1669 3444 88 32 applied
1776 3449 30 23 to,
1828 3444 38 23 the

1281 3479 118 24 Governor
1417 3479 44 23 had
1478 3479 91 23 refused
1589 3479 48 23 that
1656 3479 124 28 advantage
1792 3482 24 18 to
1828 3477 38 23 the

1278 3512 81 32 people
1380 3516 25 20 at
1423 3512 134 29 Auckland,
1576 3511 108 31 although
1703 3511 29 23 he
1753 3510 45 23 had
1820 3509 46 24 dis-

1279 3546 87 31 obeyed
1382 3545 38 24 his
1437 3545 149 23 instructions
1601 3546 24 22 in
1637 3544 95 30 making
1749 3547 80 26 grants
1844 3544 24 22 of

1278 3579 53 24 land
1343 3584 23 19 to
1382 3578 38 24 the
1441 3578 155 35 Government
1612 3577 102 28 officials,
1734 3577 132 30 increasing

1349 3612 101 27 salaries,
1463 3611 47 23 and
1520 3611 24 23 in
1559 3611 100 30 creating
1679 3610 86 23 useless
1778 3610 87 24 offices.

1279 3646 29 23 In
1314 3641 104 36 'support
1434 3644 25 24 of
1474 3644 36 23 his
1667 3643 49 25 Mr..
1727 3643 139 24 Montefiore

1279 3679 54 23 read
1343 3685 123 17 numerous
1479 3681 98 19 extracts
1589 3677 59 23 from
1656 3676 37 24 the
1703 3676 58 24 Blue
1771 3676 77 25 Book.

1313 3718 51 24 The
1378 3718 131 27 Chairman,
1522 3715 47 24 Mr.
1585 3716 90 28 Coates,
1688 3716 90 23 refused
1791 3721 23 19 to
1826 3721 41 26 put

1279 3751 73 24 tothe
1364 3751 99 29 meeting
1482 3757 14 15 a
1512 3749 123 23 resolution
1652 3750 25 22 of
1693 3757 94 16 censure
1807 3758 60 23 upon

1279 3785 38 23 the
1330 3784 163 26 Government,
1507 3782 44 23 and
1569 3782 42 24 left
1630 3782 37 24 the
1685 3791 71 20 room,
1776 3791 91 15 accom-

1279 3817 82 33 panied
1372 3817 31 31 by
1414 3816 70 23 about
1495 3824 14 15 a
1519 3823 63 16 score
1594 3815 26 24 of
1635 3824 95 24 persons
1743 3817 124 23 connected

1279 3850 54 24 with
1345 3850 39 24 the
1397 3850 155 23 Goverment.^

1312 3884 49 24 Mr.
1376 3883 138 24 Montefiore
1530 3890 45 15 was
1587 3883 68 24 voted
1674 3883 48 23 into
1739 3883 37 23 the
1796 3883 71 29 chair,

1279 3918 45 23 and
1336 3917 54 24 then
1409 3916 47 24 Mr.
1471 3916 98 23 Sinclair
1587 3916 113 32 proposed
1719 3924 12 15 a
1746 3916 122 30 Meraoria]

1278 3956 23 19 to
1315 3951 40 24 the
1375 3951 121 29 Secretary
1514 3949 22 28 of.
1555 3950 65 24 State
1639 3949 35 25 for
1693 3949 38 25 the
1752 3949 108 25 Colonies

567 25 98 53 Wfa
675 30 135 47 '"3SWft
833 29 211 44 Zfealanti
1066 22 197 56 lKS?tttr
1282 27 93 45 &uh
1390 26 308 52 imtlUnqim

1280 107 93 67 New
1404 107 218 67 Zealand
1653 107 217 67 Gazette

1328 176 67 22 AND
1410 176 211 22 WELLINGTON
1637 174 185 26 SPECTATOR.

1394 229 155 27 Wednesday,
1565 231 76 21 April
1655 232 34 25 27,
1701 232 58 20 1842.

1319 280 92 24 Letters
1422 282 43 22 and
1473 282 86 23 several
1567 282 89 23 articles
1667 282 105 24 intended
1780 283 35 23 for
1825 283 52 26 this,

1284 313 63 31 day's
1359 322 70 24 paper
1440 323 39 15 are
1491 315 110 23 excluded
1613 315 30 31 by
1651 315 38 24 the
1697 321 58 18 want
1763 316 25 23 of
1798 320 75 24 room,'

1284 348 132 23 occasioned
1434 348 29 30 by
1476 348 38 23 the
1533 355 118 24 necessary
1664 349 109 23 insertion
1792 349 33 23 of'
1833 349 37 23 the

1285 379 67 24 Land
1365 381 99 23 Claims-a
1469 381 182 23 dvertisement.
1660 389 10 6 -

2077 125 37 23 the
2137 125 127 24 immediate
2286 127 100 23 removal
2404 128 23 22 of
2444 127 37 24 his

1900 156 137 30 Fxcellency
2048 156 38 23 th»
2093 157 132 29 .Governor,
2237 160 42 23 and
2291 160 38 22 his
2340 165 90 25 present
2439 160 50 23 ad-s

1990 189 59 23 from
2061 189 37 24 the
2111 190 155 25 Government
2277 193 26 22 of
2312 193 44 22 this

1899 222 58 23 This
1970 222 119 23 document
2107 224 19 22 is
2145 228 38 18 too
2199 224 53 31 long
2269 225 88 27 for/our
2369 225 120 29 columns,,

1898 255 46 23 but'
1950 262 33 16 we
1996 254 68 24 make
2076 262 61 17 room
2150 256 35 24 for
2196 265 29 15 an
2236 262 123 20 extract:—
2359 270 12 10 r
2485 252 4 31 i

1928 1092 48 23 Mr.
1988 1092 97 23 Sinclair
2097 1092 113 24 delivered
2221 1102 13 14 a
2249 1094 83 30 speech
2347 1094 21 22 in
2385 1098 94 27 support

1895 1125 26 23 of
1930 1125 34 23 his
1980 1125 131 29 resolution,
2129 1126 74 23 which
2216 1134 32 16 we
2267 1127 59 23 shall
2344 1127 90 30 publish
2448 1135 30 15 on

1895 1158 123 30 Saturday.

1924 294 51 20 The,
1978 294 61 20 lands
2054 294 92 21 hitherto
2163 298 39 23 put
2217 302 27 20 up
2255 296 33 20 for
2304 297 42 19 sale
2361 296 52 20 have
2429 297 56 26 only-

1897 321 53 20 been
1970 328 19 16 a,
1999 322 39 19 few
2054 322 120 20 allotments
2190 323 26 20 in,
2229 323 35 19 the
2277 323 171 26 neighbourhood
2458 320 32 24 of*

1897 348 118 25 Auckland,
2027 348 24 21 of
2058 349 51 20 such
2117 350 89 20 inferior
2215 351 86 25 quality,
2310 351 41 19 and
2361 353 21 17 at
2391 352 52 19 such
2451 353 38 19 au!

1898 379 134 22 extravagant
2051 377 63 25 price,
2131 377 47 19 that
2192 377 34 20 the
2236 377 112 26 emigrants
2367 378 61 20 could
2443 382 39 16 not

1897 403 67 19 afford
1981 407 29 17 to.
2021 403 41 26 buy
2071 403 64 24 them,
2147 404 63 20 much
2225 405 40 19 less
2281 409 23 15 to
2316 405 69 26 defray
2394 406 35 19 the
2444 412 37 14 ne-

1897 435 82 21 cessary
1989 436 90 20 expense
2088 431 24 19 of
2125 431 98 26 bringing
2233 432 50 20 such
2293 432 60 20 lands
2363 433 45 19 into
2418 433 63 19 culti-

1898 457 77 19 vation.
1992 464 3 4 ■
2011 457 60 20 Your
2090 458 149 21 Memorialists
2249 459 80 20 .would
2346 459 137 26 respectfully

1897 485 105 25 complain
2022 485 45 19 that
2085 485 36 19 the
2136 485 142 21 Government
2292 487 38 19 has
2345 489 37 17 not
2398 487 50 25 only
2457 487 25 21 in

1897 511 41 19 this
1954 514 82 23 respect
2052 512 81 20 thrown
2149 519 62 20 every
2220 513 91 21 obstacle
2321 514 23 20 in
2359 514 36 20 the
2405 520 45 19 way
2458 515 26 19 of

1897 538 35 20 the
1947 539 120 25 emigrants,
2079 539 36 19 but
2125 540 113 25 advantage
2247 541 37 20 has
2300 541 45 20 also
2355 541 51 20 been
2417 541 66 21 taken

1897 565 22 19 of
1928 566 55 20 their
1994 567 125 22 necessities,
2129 567 28 25 by
2164 567 91 26 limiting
2264 569 36 19 the
2310 568 42 20 sale
2358 569 25 19 of
2391 569 34 19 the
2434 569 55 19 first'

1896 592 65 20 Town
1972 593 127 19 Allotments
2110 593 21 20 in
2143 595 109 19 Auckland
2263 601 22 14 so
2296 595 62 21 much
2368 596 66 20 below
2445 596 38 20 the

1897 620 69 20 actual
1975 623 66 17 wants
2055 621 23 19 of
2092 621 36 19 the
2145 622 81 25 people,
2237 628 21 14 as
2274 625 23 17 to
2313 623 73 20 render
2396 623 17 19 it
2422 629 68 14 com-

1897 648 86 25 pulsory
1992 654 26 13 on
2033 647 53 20 their
2095 650 49 23 part
2154 650 23 18 to
2187 649 33 25 lay
2229 652 36 17 out
2275 656 12 13 a
2297 650 55 25 large
2362 653 87 16 amount
2458 650 27 20 of

1897 675 54 19 their
1966 675 76 26 capital
2060 675 21 19 in
2096 676 126 25 purchasing
2238 676 48 20 land
2300 676 30 20 foi
2348 676 100 27 building,
2459 680 23 17 at

1896 708 57 14 sums
1973 703 87 25 varying
2076 703 54 19 from
2150 701 25 22 i?
2175 701 38 22 200
2232 706 21 17 to
2272 703 19 22 £
2286 703 7 8 J
2296 704 53 19 I6OO
2368 710 37 19 per
2423 711 56 18 acre,

1896 729 75 26 prices,
1983 732 38 17 not
2028 729 49 26 only
2087 730 87 20 ruinous
2185 733 21 17 to
2216 730 35 20 the
2260 731 79 25 parties

1897 756 37 20 but
1949 757 45 19 still
2011 762 56 14 more
2077 763 23 14 so
2111 759 22 18 to
2150 757 36 20 the
2201 758 125 23 settlement,
2338 758 105 20 inasmuch
2457 765 24 14 as

1891 783 54 26 ,they
1956 784 52 19 have
2018 784 124 26 completely
2151 784 93 20 deterred
2254 791 47 14 men
2309 786 25 19 of
2342 786 74 24 capital
2424 786 57 19 from

1896 811 84 26 coming
1996 814 21 17 to
2034 811 34 19 the
2086 811 90 26 Colony.
2204 812 43 19 The
2260 813 84 20 settlers
2356 813 123 20 themselves

1896 838 52 19 have
1957 838 22 19 in
1994 838 42 20 this
2052 845 85 14 manner
2147 840 52 19 been
2210 840 80 24 obliged
2308 843 23 16 to
2342 842 45 23 part
2396 840 51 19 with
2457 846 31 15 so.

1896 866 62 19 much
1970 866 23 19 of
1999 866 54 19 their
2064 866 76 25 capital
2148 873 27 13 on
2186 870 88 16 account
2280 866 24 21 of
2313 868 35 19 the
2358 871 57 21 great
2422 874 59 13 com-

1896 892 89 26 p*.tition
1997 893 67 19 which
2075 893 34 20 the
2118 893 83 20 limited
2210 894 96 26 quantity
2314 894 24 20 of
2346 894 47 19 land
2405 899 37 21 put
2452 901 28 19 up

1896 922 22 17 to
1929 920 42 19 sale
1982 920 125 26 necessarily
2124 927 54 19 gave
2193 922 41 19 rise
2249 925 29 19 to,
2298 922 72 19 thatif
2386 922 35 19 the
2436 922 45 19 Go-

1896 950 109 17 vernment
2015 953 52 14 were
2077 954 46 13 now
2135 951 22 16 to
2169 948 50 20 offer
2229 949 55 19 them
2294 949 51 20 land
2354 949 33 19 for
2393 950 88 19 cultiva-

1895 974 45 20 tion
1961 978 21 17 at
1998 981 50 14 even
2065 976 39 19 five
2120 976 97 25 shillings
2234 983 25 12 an
2276 983 56 17 acre,
2350 976 75 24 which,
2429 977 19 19 is
2458 977 23 20 in,

1895 1002 75 26 reality
1987 1008 57 15 more
2062 1003 49 19 than
2121 1003 29 20 its
2160 1004 58 19 value
2233 1004 22 19 in
2272 1004 41 19 this
2324 1006 101 23 country,-
2430 1004 18 19 it
2462 1004 19 20 is

1895 1030 62 19 much
1968 1033 21 16 to
2001 1030 25 19 be
2039 1030 68 19 feared
2117 1031 47 18 that
2173 1031 49 25 they
2232 1031 51 19 have
2292 1034 39 16 not
2341 1034 20 16 at
2371 1031 53 19 their
2434 1031 44 19 dis-

1895 1057 59 19 posal
1964 1057 36 19 the
2010 1063 70 13 means
2090 1057 24 19 of
2124 1059 134 17 purchasinE\
2429 1060 2 8 '
2451 1061 2 5 '

1928 1191 50 23 The
1992 1191 121 24 resolution
2125 1200 47 15 was
2185 1192 110 24 seconded
2314 1193 31 31 by
2356 1192 49 24 Mr.
2420 1193 57 23 Cor-

1895 1224 76 30 mack,
1982 1224 45 24 and
2038 1224 85 24 carried
2135 1226 167 29 unanimously.

721 2832 170 23 SHIPPING
912 2832 274 26 INTELLIGENCE.

883 2884 145 20 ARRIVED.

658 2917 5 5 -
687 2909 65 26 April
761 2910 34 23 23,
814 2910 102 21 schooner
930 2912 69 24 Royal
1005 2913 63 23 Mail,
1086 2913 34 23 90,
1131 2912 54 26 Hay,
1195 2913 55 20 from

660 2937 89 26 Sydney
759 2938 33 19 via
802 2938 117 20 Auckland.
950 2938 124 27 Passengers
1075 2952 27 4 —
1104 2940 52 21 Miss
1169 2941 81 25 Dodds,

661 2964 84 21 Messrs
755 2964 21 21 J.
788 2965 40 20 and
840 2964 28 21 H.
881 2965 62 24 Kick,
955 2966 41 20 and
1006 2968 14 19 3
1030 2968 21 19 in
1063 2968 35 19 the
1110 2970 99 24 steerage.

689 2992 63 26 April
766 2994 35 23 24,
818 2993 102 20 schooner
934 2994 63 24 Kate,
1009 2995 26 20 52
1051 2997 56 23 tons,
1119 2995 59 25 Reid,
1195 2996 55 20 from

658 3019 92 21 Nelson.

691 3047 64 20 Same
765 3048 47 26 day,
824 3048 103 21 schooner
936 3049 133 27 Enterprise,
1079 3051 36 25 30,
1137 3049 112 23 Skidmore

658 3074 56 21 from
723 3075 91 26 Poverty
824 3076 51 25 Bay,

898 3128 114 20 SAILED.

686 3152 64 27 April
759 3154 35 24 23,
805 3157 69 18 cutter
882 3156 70 26 Royal
963 3157 100 25 William,
1074 3157 36 25 43,
1122 3157 83 26 Lovett,
1216 3158 34 20 for

651 3180 100 26 'Poverty
762 3182 50 25 Bay.

687 3208 62 25 April
759 3210 44 21 25,.
806 3209 45 26 brig
867 3210 78 24 James,
966 3211 50 23 200,
1033 3212 62 22 Ross,
1106 3212 33 21 for
1159 3213 90 26 Sydney,

655 3234 55 20 •with
719 3239 58 22 part-
786 3236 24 20 of
822 3237 90 25 original
927 3244 63 20 cargo
1000 3239 56 21 from
1073 3240 53 21 Port
1135 3240 91 27 Phillip,
1239 3242 10 20 1

660 3261 69 25 cabin,
740 3263 39 19 and
791 3264 13 19 3
815 3266 92 24 steerage
918 3272 130 19 passengers.

886 3309 33 20 IN
935 3309 86 23 PORT.

715 3333 84 27 Barque
811 3335 111 26 Clydeside,
936 3337 130 22 Mathieson.

714 3361 109 21 Schooner
835 3363 105 20 Governor
949 3365 93 25 Robson,
1054 3367 95 21 Skeltoa.

715 3388 84 27 Barque
809 3390 127 25 Brougham,
949 3391 118 23 Robinson.

707 3415 118 25 .Schooner
835 3417 99 25 Blossom,
945 3418 81 23 Tulett.

717 3443 109 21 Schooner
835 3445 74 24 Alana,
922 3445 65 21 Wild.

841 3472 74 24 Anita,
924 3473 78 22 Beech.

716 3498 53 26 Ship
781 3499 87 20 Martha
879 3500 108 26 Ridgway,
999 3502 75 21 Webb.

715 3526 124 26 Brigantine
851 3527 121 25 Vanguard,
983 3528 95 28 Murray.

716 3553 75 21 Cutter
804 3554 110 21 Catherine
922 3556 110 24 Johnston,
1044 3557 85 27 Taylor.

716 3580 109 23 Schooner
834 3582 60 26 Lady
904 3584 74 24 Leigh,
988 3584 81 20 Roche.

716 3608 109 21 Schooner
837 3610 125 25 Catherine,-
966 3611 133 26 Bunnatyne.

798 3648 31 4 —
841 3637 59 27 Rory
912 3638 15 20 0
936 3639 68 24 More,
1016 3639 78 21 Munu.

715 3664 110 21 Schooner
834 3665 64 25 Kate,
909 3665 147 21 Macfarlane.'

714 3692 53 26 Brig
779 3693 102 26 Victoria,
893 3693 110 21 Richards.

715 3719 115 21 Schooner'
834 3721 68 25 Royal
910 3721 61 25 Mail,
985 3721 56 27 Hay.

715 3747 111 21 Schooner
834 3749 64 23 Kate,
909 3748 60 22 Reid.

715 3775 109 21 Schooner
832 3776 132 26 Enterprise,
976 3777 119 21 Skidmore.

781 3832 107 25 Notice'
897 3837 27 20 to
941 3836 181 22 Subscribers.

660 3867 81 26 Papers
755 3867 45 21 will
811 3868 36 19 not
862 3867 24 21 be
899 3869 46 19 sent
962 3870 21 18 to
994 3874 90 20 persons
1097 3869 64 25 living
1175 3870 37 20 out
1228 3869 27 25 of

684 3895 57 19 Port
751 3894 120 25 Nicholson,
887 3896 69 19 unless
970 3898 158 23 arrangements
1140 3902 36 16 are
1190 3897 61 20 made

682 3921 38 23 for
731 3921 35 20 the
768 3923 104 24 payment
881 3922 27 26 of
913 3923 36 21 the
957 3929 63 22 same,
1031 3925 93 26 through
1133 3930 27 15 an
1171 3925 78 26 Agent,

686 3949 23 19 at
720 3949 134 25 WM*ffton.

2020 1286 338 35 [ADVERTISEMENT.]

1928 1343 35 24 At
1982 1353 15 14 a
2015 1345 103 30 Meeting
2135 1345 26 22 of
2177 1345 37 22 the
2232 1345 147 24 Subscribers
2400 1350 22 18 to
2441 1345 39 24 the

1895 1377 44 23 late
1959 1377 55 24 Port
2039 1378 124 22 Nicholson
2184 1376 125 33 Exchange
2330 1378 43 24 and
2397 1378 83 24 Public

1896 1410 98 32 Library
2006 1411 52 23 held
2070 1419 27 15 on
2111 1411 92 30 Friday,
2217 1412 36 23 the
2265 1412 65 23 22nd
2344 1412 90 29 instant,

1982 1445 60 23 John
2054 1444 161 29 Wade,.JEsq.,
2228 1445 23 23 in
2264 1445 38 23 the
2316 1445 77 24 Chair.

1929 1477 48 23 Mr.
1998 1478 91 23 Brewer
2109 1477 72 24 called
2200 1478 37 23 the
2260 1479 110 22 attention
2393 1478 25 23 of
2441 1478 39 24 the

1895 1511 100 31 meeting
2015 1515 23 19 to
2062 1511 36 23 the
2121 1511 117 30 following
2258 1512 68 23 letter
2348 1512 58 23 from
2428 1512 50 23 Mr.

1897 1543 97 24 Hanson
2004 1552 6 15 :
2013 1556 32 4 —

1951 1576 81 27 (Copy)
2116 1575 142 27 Wellington,
2274 1576 63 28 April
2347 1577 32 25 20,
2391 1577 61 21 1842.

1923 1601 68 23 Dear
2003 1605 45 23 Sir,
2051 1614 28 4 —
2081 1602 9 21 I
2101 1609 36 15 am
2152 1603 122 21 instructed
2290 1608 22 16 to
2323 1603 66 27 apply
2398 1607 22 17 to
2434 1610 47 20 you

1895 1635 23 14 as
1935 1628 36 22 the
1992 1630 115 27 Secretary
2124 1630 27 21 of
2172 1630 37 21 the
2229 1630 77 21 Public
2324 1630 92 26 Library
2434 1629 48 22 and

1896 1655 113 27 Museum,
2021 1657 45 21 and
2077 1661 20 17 to
2107 1656 83 22 inform
2199 1663 44 21 you
2250 1657 46 21 that
2303 1656 71 22 under
2384 1656 35 21 the
2430 1664 51 19 pro-

1895 1682 120 23 clamation
2035 1683 73 22 issued
2124 1683 32 26 by
2177 1684 33 21 his
2235 1683 133 27 Excellency
2387 1682 94 28 Captain

1898 1710 96 26 Hobson,
2008 1710 49 21 with
2065 1710 80 27 regard
2156 1713 22 18 to
2185 1710 35 21 the
2228 1710 113 28 occupiers
2347 1710 24 21 of
2380 1710 102 21 Govern-

1894 1741 62 17 ment
1973 1745 104 18 reserves,
2097 1745 46 19 you
2163 1745 36 13 are
2218 1737 66 22 liable
2304 1741 23 17 to
2350 1736 131 23 immediate

1895 1764 155 27 dispossession
2062 1764 29 26 by
2102 1764 43 21 the-
2157 1763 73 22 Police
2246 1764 132 26 Magistrate
2391 1764 91 21 without

1895 1797 43 21 any
1949 1792 165 26 compensation
2123 1791 36 21 for
2173 1791 38 21 the
2225 1791 170 27 improvements
2408 1790 73 22 which.
2489 1807 2 7 ,

1895 1818 55 21 have
1963 1818 55 21 been
2030 1818 63 21 made
2104 1825 60 19 upon
2178 1818 37 21 the
2230 1818 88 26 ground
2335 1817 106 27 occupied
2451 1817 30 27 by

1895 1844 48 21 that
1954 1844 137 22 Institution.

1923 1872 27 24 If,
1966 1872 109 26 however,
2086 1879 45 19 you.
2148 1879 37 14 are
2200 1871 83 27 willing
2293 1875 22 18 to
2331 1870 60 28 yield
2398 1877 29 21 up
2437 1871 43 22 im-

1895 1898 96 22 mediate
2002 1898 116 27 peaceable
2133 1898 130 27 possession,
2275 1898 37 22 the
2324 1898 72 26 Judge
2403 1898 28 21 .of
2443 1898 39 21 the

1896 1925 88 27 County
1995 1926 67 21 Court
2072 1925 43 21 will
2132 1925 144 21 recommend
2292 1929 23 17 to
2333 1924 37 22 the
2380 1924 112 22 Colonial..

1896 1952 207 22 (iovernmentthat
2112 1959 45 20 you
2166 1952 78 22 should
2256 1952 25 21 be
2292 1952 93 21 allowed
2395 1959 13 14 a
2419 1959 62 14 com-

1895 1980 116 25 pensation
2021 1979 33 21 for
2064 1979 35 21 the
2112 1978 101 27 building
2222 1979 119 27 according
2350 1983 21 17 to
2381 1986 13 13 a
2403 1978 78 22 valua-

1895 2006 48 22 tion,
1957 2009 22 17 to
1995 2006 30 20 be
2039 2006 63 20 made
2121 2006 31 30 by
2168 2013 14 13 a
2201 2011 127 21 competent
2347 2009 68 22 party,
2436 2005 49 21 and.

1895 2032 71 21 which
1977 2032 203 21 recommendation
2191 2032 70 21 would
2278 2032 24 21 in
2319 2027 29 26 all
2358 2031 124 28 probablity

1894 2059 27 21 be
1936 2059 63 21 acted
2017 2065 57 21 upon
2112 2058 23 22 If
2147 2060 122 26 possession
2281 2059 21 21 ia
2312 2061 39 19 not
2367 2059 65 26 given
2450 2065 31 21 up

1893 2093 45 19 you
1948 2086 43 21 will
2002 2086 26 21 be
2039 2084 152 28 immediately
2201 2086 92 26 ejected.

1921 2112 10 22 I
1950 2112 58 22 shall
2022 2113 26 20 be
2065 2112 73 28 happy
2156 2116 24 18 to
2194 2112 52 22 hear
2262 2112 60 22 from
2338 2119 44 21 you
2398 2119 28 15 on
2443 2112 38 22 the

1893 2140 86 26 subject
1992 2145 134 15 to-morrow.

2084 2172 11 21 I
2106 2180 44 19 am,
2163 2173 51 21 dear
2224 2173 40 24 Sir,

2112 2199 73 22 Yours
2196 2207 50 14 ever
2255 2199 68 28 truly,

2127 2231 39 22 'R.
2178 2231 87 22 Davies
2281 2232 107 26 Hanson,
2400 2231 52 23 C.P.

1928 2279 23 24 It
1963 2287 45 16 was
2021 2279 109 31 proposed
2140 2279 32 31 by
2184 2279 42 24 Dr.
2238 2280 93 28 Dorset,
2343 2280 42 23 and
2398 2287 80 16 secon-

1894 2313 42 23 ded
1948 2314 29 29 by
1990 2313 77 32 Major
2080 2313 84 29 Baker,
2178 2313 44 23 and
2233 2314 86 22 carried
2330 2314 148 23 unanimous-

1894 2347 76 31 ly:-

1928 2380 61 23 That
2002 2380 44 23 this
2066 2381 101 29 meeting
2185 2380 56 23 have
2261 2380 72 23 heard
2351 2379 52 24 read
2425 2380 57 23 with

1894 2414 100 30 surprise
2007 2413 43 23 and
2069 2413 141 31 indignation
2226 2413 37 23 the
2276 2414 67 23 letter
2358 2413 123 24 addressed

1893 2447 30 30 by
1937 2447 47 23 Mr.
2000 2447 97 23 Hanson
2116 2451 22 19 to
2158 2447 38 23 the
2210 2446 119 31 Secretary
2345 2447 24 23 of
2384 2446 38 23 the
2432 2446 48 24 late

1895 2481 142 27 Institution,
2051 2480 121 31 especially
2185 2488 25 15 as
2221 2480 62 23 there
2295 2481 21 22 is
2328 2480 58 31 good
2398 2480 81 23 autho-

1895 2515 43 30 rity
1961 2514 35 22 for
2020 2513 111 31 believing
2164 2514 49 22 that
2242 2514 48 24 Mr.
2316 2513 99 25 Hanson
2437 2513 42 23 has

1895 2547 100 23 received
2009 2555 28 16 no
2058 2547 148 23 instructions
2224 2552 22 18 to
2264 2548 65 23 write
2349 2547 24 22 in
2392 2547 57 23 such
2467 2555 14 15 a

1895 2581 127 23 dictatorial
2037 2588 91 15 manner
2140 2588 30 15 on
2182 2580 38 24 the
2232 2580 96 32 subject.
2392 2599 4 8 ,

1928 2613 118 32 Proposed
2058 2615 28 29 by
2100 2613 47 24 Mr.
2163 2613 33 24 H.
2208 2614 92 31 Taylor,
2311 2613 44 24 and
2367 2613 112 24 seconded

1895 2648 29 29 by
1936 2648 46 23 Mr.
1997 2647 77 24 James
2087 2647 84 28 Smith,
2183 2648 43 22 and
2234 2647 87 23 carried
2333 2647 148 23 unanimous-

1897 2681 75 31 ly':-

1928 2714 62 24 That
2013 2714 143 30 considering
2178 2713 38 23 the
2238 2714 137 31 advantages
2404 2717 22 19 to
2453 2713 28 23 be

1895 2747 92 24 derived
1997 2748 59 23 from
2074 2747 37 23 the
2128 2747 172 24 establishment
2312 2747 26 24 of
2353 2755 13 15 a
2385 2747 96 23 Mecha-

1896 2782 57 22 nic's
1967 2782 108 22 Institute
2090 2781 23 22 in
2130 2780 48 24 this
2197 2781 137 28 settlement,
2352 2780 45 24 Dr.
2411 2780 72 23 Knox

1895 2815 28 22 be
1935 2813 120 33 requested
2067 2818 21 19 to
2102 2815 162 22 communicate
2281 2815 56 22 with
2352 2813 58 23 their
2422 2814 57 22 Sec-

1896 2853 74 26 retary
1982 2848 45 23 and
2048 2847 54 23 offer
2120 2848 64 22 them
2201 2847 37 23 the
2257 2847 103 30 building
2378 2846 53 24 with
2450 2847 31 22 its

1896 2886 103 19 contents
2012 2889 29 15 on
2053 2881 113 22 condition
2185 2881 48 22 that
2246 2881 54 30 they
2312 2879 180 31 discharge-the.

1895 2914 116 24 liabilities
2023 2914 25 23 of
2062 2914 37 23 the
2111 2914 45 22 late
2170 2914 141 22 Institution.

1929 2947 118 32 Proposed
2060 2947 28 30 by
2102 2946 46 23 Mr.
2159 2946 98 29 Braver,
2267 2945 112 24 seconded
2390 2945 30 32 by
2429 2945 50 25 Mr.
2493 2949 2 5 '

1895 2981 33 24 D.
1942 2982 73 27 Scott,
2029 2980 43 24 and
2084 2980 87 22 carried
2182 2980 158 31 unanimously
2352 2987 5 16 :—:
2359 2992 34 4 —

1929 3015 61 23 That
2011 3014 47 23 the*
2066 3013 147 31 proceedings
2225 3013 24 23 of
2264 3013 46 23 this
2330 3013 98 30 meeting
2449 3013 29 23 be

1895 3047 121 32 published
2032 3048 23 21 in
2069 3046 37 23 the
2123 3045 61 24 Ne>o
2203 3045 104 24 Zealand
2320 3046 100 28 Gazette,
2435 3046 46 23 and

1897 3082 47 23 that
1958 3081 38 23 the
2013 3079 82 24 thauks
2115 3079 25 23 of
2156 3079 45 23 this
2215 3080 97 30 meeting
2329 3079 28 24 be
2378 3079 67 30 given
2457 3084 24 18 to

1897 3115 46 23 Mr.
1957 3114 81 28 Wade,
2049 3112 34 24 for
2095 3112 35 23 his
2143 3112 97 24 conduct
2251 3113 24 22 in
2287 3112 39 24 the
2340 3112 78 24 Chair.

2194 3152 90 24 JOHN
2302 3152 112 30 WADE,
2441 3154 16 19 \

2315 3186 134 25 Chairman.-
2493 3191 4 16 ;

2182 3223 21 15 ♦

1922 3249 65 21 Both
2006 3248 82 22 Horns
2104 3248 88 24 Bad.—
2192 3248 47 21 The
2246 3269 4 7 f
2254 3255 55 21 poor
2324 3247 66 23 tailor
2405 3247 22 22 in
2436 3266 7 3 ,
2445 3247 38 22 the

1895 3276 110 26 following
2014 3274 77 22 sketch
2100 3275 57 21 from
2167 3275 37 21 the
2220 3276 51 20 New
2283 3276 88 20 Orleans
2387 3274 96 21 Crescent

1897 3304 53 24 City,
1962 3302 62 21 fared
2031 3308 27 15 no
2068 3301 70 22 better
2147 3309 29 14 on
2186 3309 39 15 one
2234 3302 56 22 horn
2297 3303 25 21 of
2328 3303 37 21 the
2376 3301 106 22 dilemma

1895 3330 59 22 than«
1961 3329 38 21 the
2013 3328 97 22 other:—
2139 3328 56 22 Will
2210 3337 43 19 you
2267 3337 45 20 pay
2328 3327 43 24 me'
2379 3335 38 21 my
2431 3326 49 28 bill,
2491 3326 7 4 *

1977 3355 48 22 said
2048 3362 14 15 a
2080 3356 64 22 tailor
2163 3356 23 22 in
2211 3356 196 25 ChartredS-street,
2426 3357 22 19 to
2452 3377 5 6 (
2468 3361 26 18 a.

1894 3382 96 28 waggish
2008 3382 73 22 fellow
2095 3383 49 21 who
2154 3383 47 21 had
2216 3389 37 21 got
2265 3384 48 21 into
2328 3383 47 21 him
2389 3382 66 21 about
2469 3388 16 15 a
2492 3385 4 7 *

1895 3411 51 20 foot.
2050 3417 44 19 you
2109 3417 46 15 owe
2170 3410 104 27 anybody
2287 3409 120 28 anything,*

1895 3436 69 22 asked
1984 3436 38 22 the
2041 3442 62 22 wag/
2290 3436 49 22 said
2355 3435 37 22 the
2411 3434 79 24 tailor..

1917 3464 64 22 Then
1990 3470 46 21 you
2045 3470 45 20 can,
2097 3463 71 22 afford
2180 3469 21 16 to
2302 3462 46 22 and
2358 3462 27 21 he
2395 3461 90 23 walked

1895 3490 35 22 off.
1960 3491 22 21 A
1998 3490 45 27 day
2051 3488 32 24 or>'
2091 3495 41 17 two
2143 3490 125 22 afterwards
2284 3490 39 21 the
2333 3488 64 22 tailor
2411 3488 73 22 called
2493 3495 4 5 •

1895 3517 73 27 again.
1999 3517 47 21 Our
2054 3524 49 20 wag
2118 3524 45 15 was
2172 3521 40 18 not
2227 3520 22 18 at
2254 3517 37 21 his
2308 3516 56 21 wit's
2374 3516 41 21 end
2430 3515 52 28 ykt;

1895 3551 24 15 so
1928 3544 90 27 turning
2027 3551 27 14 on
2072 3544 33 22 his
2121 3544 100 26 creditor,
2239 3544 28 20 he
2281 3550 58 20 says,
2377 3544 46 20 Are

1895 3571 21 21 in
1932 3571 53 25 .debt
2005 3577 22 15 to
2374 3577 50 19 says
2443 3569 38 21 the

1895 3597 69 23 tailor.
2018 3597 63 28 Well,
2096 3598 51 27 why
2157 3597 37 22 the
2210 3597 56 24 devil
2277 3597 64 21 don't
2350 3603 44 20 you

2034 3625 10 21 I
2062 3625 58 21 can't
2134 3631 39 21 get
2190 3624 35 22 the
2384 3622 106 22 ''That's'

1891 3652 46 27 just
1945 3659 39 20 my
1995 3659 55 19 case,
2062 3653 45 26 Sir;
2123 3651 12 22 I
2147 3658 37 14 am
2194 3650 52 28 glad
2254 3653 22 19 to
2286 3658 37 14 see
2337 3657 43 20 you
2391 3656 38 15 can
2434 3655 64 22 -ap-

1893 3679 102 28 preciate'
2004 3686 39 20 my
2057 3679 114 21 condition
2171 3689 27 4 —
2199 3678 49 27 give
2258 3684 26 15 us
2299 3684 15 20 y
2316 3677 45 21 our'
2365 3675 60 22 hand
2431 3675 54 32 V\-y

1896 3707 52 20 New
1957 3707 56 20 York
2020 3712 75 21 paper.
2415 3727 4 5 ,
2442 3711 55 22 -.*>

1921 3749 49 22 The
1985 3749 106 22 cavaliers
2105 3747 46 22 and
2166 3747 56 22 their
2236 3744 122 24 dark-eyed
2374 3748 109 24 partners,

1895 3776 23 22 in
1930 3776 81 26 Brazil,
2023 3775 69 22 dance
2102 3773 118 28 ungloved.
2243 3771 37 30 JTo
2288 3776 89 24 present
2385 3780 13 14 a
2403 3772 95 33 glovedj-

1896 3802 91 22 handto
1997 3810 14 14 a
2025 3801 53 27 lady
2087 3800 74 23 would
2171 3801 26 21 be
2213 3801 65 21 taken
2290 3807 24 14 as
2370 3798 74 29 insult,
2450 3817 4 9 :
2460 3807 25 15 as

1895 3829 108 27 inferring
2012 3829 37 21 the
2059 3827 112 23 existence
2186 3834 29 15 on
2228 3826 39 22 her
2277 3831 50 23 part
2337 3825 95 23 of'bome
2443 3833 41 16 cu-

1897 3861 92 17 taneous
1997 3853 105 24 disorder.
2120 3878 3 5 _
2453 3856 16 23 „'-
2493 3876 4 3 .

1977 3904 36 15 am
2033 3895 121 23 connected
2172 3895 53 23 with
2244 3895 37 23 the
2298 3893 87 31 press;''
2404 3902 24 16 as
2438 3895 47 22 'the
2491 3918 4 10 (

1897 3928 74 19 cotton
1989 3923 83 30 packer
2090 3923 47 22 said
2157 3923 65 23 when
2241 3922 27 23 he
2285 3921 86 30 passed'
2383 3922 47 23 into
2444 3919 50 25 th»'

1897 3952 93 23 theatre.

694 118 98 27 Alleged
800 122 23 18 to
834 118 58 22 have
904 118 57 21 been
976 118 124 28 purchased
1110 118 30 34 by
1150 118 107 23 claimant

667 144 59 23 from
736 146 36 21 the
782 145 75 22 native
868 145 70 22 chiefs
947 144 32 23 Te
990 145 80 27 Rangi,
1223 145 32 22 Te

669 172 58 26 Ridi,
745 172 108 26 Karanui,
871 170 45 23 and
931 171 25 22 in
961 171 164 27 ..confirmation
1139 172 25 21 of
1175 172 47 22 sale
1236 173 19 21 E

657 210 3 4 •
667 198 74 26 Kuru,
752 198 59 26 Kau,
821 198 81 26 Turoa,
914 198 44 21 and
967 205 70 20 many
1047 198 81 22 others.
1159 199 5 9 '

694 224 169 22 Consideration
872 224 66 27 given
948 227 23 18 to
980 224 39 22 the
1030 226 92 26 natives,
1131 232 14 15 a
1154 225 102 29 quantity

668 250 26 22 of
703 249 167 27 merchandize,
881 250 66 22 value
956 255 41 17 not
1006 252 80 21 stated.
1168 273 3 4 ,
1239 264 15 9 *

693 277 88 22 Nature
792 276 26 23 of
829 283 148 21 conveyance,
988 277 60 22 deed
1061 278 68 22 dated
1142 278 57 23 16th.
1209 279 47 22 No-

667 304 99 25 vember,
779 305 62 20 1839.

694 330 56 22 Case
760 330 97 22 N0.'374
865 330 43 28 ,(af).
937 330 61 23 John
1008 330 90 28 Dorset,
1110 338 28 15 on
1147 332 113 26 behalf,of

668 356 35 22 the
715 357 56 22 New
782 356 104 23 Zealand'
893 357 123 28 Company^
1023 358 115 22 claimant.

693 384 50 21 The
759 383 69 22 whole
839 384 30 20 of
878 383 43 22 the'
929 383 71 28 lands,
1018 384 90 28 islands,
1125 388 130 24 tenements,

665 410 83 26 woods,
755 410 62 27 bays,
827 409 114 28 harbours,
947 410 77 28 rivers,
1032 415 93 18 streams
1129 412 46 21 and
1179 412 77 21 creeks

666 436 58 22 from
736 437 36 22 the
782 436 76 22 mouth
867 437 26 21 of
900 436 36 22 the
948 437 126 22 Waikatina
1082 438 56 22 river
1146 438 66 28 along
1219 439 41 22 the'

667 463 113 22 sea-shore
794 464 30 26 by
834 463 31 22 Te
877 463 114 26 Kauawai,
1010 464 73 22 Oman
1092 466 163 26 Tongaporoto,

665 489 32 22 Te
719 490 52 27 Oro,
798 490 125 27 Paraninui,
949 490 65 23 Puka
1035 492 87 26 Arawa,
1143 492 117 26 Parairoa,'

666 516 133 26 Thumataa,
823 516 136 28 'Wakariwa,
988 518 112 28 Orapopa,
1126 518 36 22 the
1189 519 66 22 Muni

665 542 67 28 river,
751 544 116 32 Arapawa,
884 544 37 21 the
938 543 92 23 Adenui
1041 545 63 27 river,
1121 545 30 22 Te
1164 546 90 26 Rianga,

667 570 83 21 Onairo
759 570 94 26 Wairau,
865 570 142 28 TeTanawa,
1018 571 104 28 Turangi,
1135 572 36 21 the
1181 572 75 21 Waita

665 596 66 27 river,
744 596 122 26 Wairuaer,
883 597 147 27 Waiongawa,
1042 599 32 21 Te
1089 600 124 26 Kewatapa.
1223 599 32 22 Te

668 623 125 27 Pukatupu,
814 624 37 21 the
877 624 71 21 Pohui
968 625 64 26 river,
1052 625 75 22 Waita
1145 626 110 27 Mangati,
1253 633 4 4 1

668 650 94 21 Matako
772 650 59 27 taka,
849 650 39 23 the
900 650 61 23 Paka
975 651 95 27 lagoon,,
1074 652 37 22 the
1121 652 135 22 Waiwakaio

666 676 67 28 river,
755 678 132 26 Pukaweka,
908 678 37 21 the
964 678 59 22 Enui
1038 679 65 27 river,
1119 678 36 22 the
1173 679 84 22 Natoki

666 703 65 27 river,
741 704 113 27 Kawaioa,
865 704 33 22 Te
906 705 110 27 Arawatn,
1028 706 107 26 Pakatuti,
1144 706 111 28 Waitapu,

667 730 81 26 Otake,
756 731 109 27 Mataipu,
875 732 104 26 Arakuri,
990 732 37 21 the
1034 732 58 26 Ongi
1100 732 57 26 Ongi
1167 732 87 28 lagoon,

665 756 32 22 Te
714 758 65 26 Tatti,
797 758 37 21 the
847 758 84 22 islands
946 759 26 20 of
981 758 146 26 Kimikotahi,
1143 759 111 28 Moturoa,

666 784 46 21 and
724 784 184 28 Motumahonga,
918 786 128 25 commonly
1056 785 72 22 called
1138 786 36 21 the
1186 787 70 27 Sugar

657 810 70 23 .Loaf
734 811 82 22 islands
827 812 24 21 of
861 811 147 26 Kimikotahi,
1024 812 32 21 Te
1068 812 66 26 Rutu,
1153 812 100 28 Pararoa,

666 837 112 28 Paratutu,
795 838 124 27 commonly
933 838 73 21 called
1023 838 71 27 Sugar
1110 838 58 22 Loaf
1185 840 69 27 Point,

665 864 106 27 Waihue7
784 865 119 26 Taranaki,
921 864 106 22 Mataroa
1044 866 71 26 Motu,
1127 865 37 22 Oti
1176 866 78 28 Matei,

665 890 113 28 Arakawi,
793 891 90 22 Ahanui
894 892 117 26 Porapora,
1023 891 50 21 Wai
1084 892 97 28 Orotoki,
1196 894 67 21 Wai->

664 918 46 20 uka
730 918 87 26 Omata,
837 918 33 21 Te
897 917 103 27 Wairedi,
1026 918 48 26 Opo
1094 919 67 25 Oteti,
1182 920 74 28 Tapu-

665 944 96 31 waiyara
783 944 133 26 Kakiorangi
933 944 96 21 Omanui
1045 944 99 28 Nakura,
1160 946 93 28 Wakaii,

666 969 91 22 Wairua
776 970 122 27 Warunkii,
919 970 98 28 Otupoto
1037 971 32 22 Te
1090 972 96 23 Wairedi
1213 981 43 15 ona

665 996 104 22 Orakiwa
804 1000 23 17 to
851 997 102 27 Oronga;
979 998 37 21 the
1035 998 49 21 said
1103 1000 111 22 sea-shore
1234 1005 22 18 at

663 1022 42 22 low
735 1026 67 19 water
832 1024 64 21 mark
921 1024 67 21 forms
1019 1024 37 22 the
1067 1026 2 4 '
1088 1026 167 23 north-western

663 1049 118 28 boundary
805 1050 26 21 of
851 1050 38 21 the
912 1050 49 21 said
985 1051 69 27 lands,
1079 1052 89 28 islands,
1192 1057 63 19 tene-

664 1080 81 23 ments,
762 1077 77 27 woods,
853 1078 61 26 bays,
931 1077 113 27 harbours,
1060 1078 75 28 rivers,
1155 1085 98 23 streams,

663 1102 47 22 and
734 1103 84 22 creeks.
865 1104 66 21 From
958 1104 37 21 the
1023 1104 48 22 said
1095 1106 106 28 Auronga
1225 1115 29 15 on

664 1129 37 22 the
715 1131 113 21 sea-shore
843 1137 13 14 a
873 1131 43 21 line
932 1131 93 26 striking
1043 1131 77 23 inland
1136 1134 28 26 by
1178 1134 75 27 Petua,

663 1156 84 27 Tringa
758 1157 93 22 Powaka
868 1158 32 21 Te
916 1158 48 21 Iliri
980 1158 95 26 Powaki,
1095 1160 41 21 and
1148 1160 58 23 from
1217 1162 37 21 the

663 1183 48 22 said
724 1184 93 21 Powaka
832 1188 21 17 to
863 1184 38 21 the
912 1185 90 21 summit
1017 1185 25 21 of
1060 1186 117 28 Taranaki,
1195 1196 60 14 com-

663 1210 78 27 monly
748 1211 72 21 called
827 1211 80 22 Mount
912 1212 103 26 Egmout,
1024 1212 69 22 forms
1101 1212 35 23 the
1148 1215 105 22 southern

663 1237 118 28 boundary
792 1237 24 22 of
829 1238 36 21 the
875 1238 47 21 said
933 1238 70 27 lands,
1015 1239 90 27 islands,
1122 1243 131 25 tenements,

663 1264 81 27 woods,
757 1265 59 27 bays,
828 1271 91 15 streams
927 1265 44 22 and
981 1266 90 27 creeks;
1087 1266 57 22 from
1159 1268 36 21 the
1206 1269 49 21 said

664 1292 92 20 summit
765 1292 25 21 of
802 1291 110 22 Taranaki
922 1299 13 14 a
945 1292 45 21 line
1004 1292 96 28 striking
1114 1293 28 27 by
1156 1294 99 23 Tanatu-

663 1324 75 20 wawa,
765 1318 138 25 Parakahua,
933 1318 175 28 Wakahurangi,
1137 1321 116 29 Rafapiko,

665 1344 129 28 Pukarinui,
813 1345 142 27 Mangatuku
978 1346 146 28 Wakaikotoi,
1144 1348 109 28 Ma.kahu,

663 1371 134 27 Wangaihu,
809 1372 139 27 Motangiha,
965 1372 32 22 Te
1018 1373 86 28 Kopua,
1124 1374 30 22 Te
1161 1384 3 4 ■
1170 1375 84 23 Waite-

664 1401 75 24 tanga,
760 1398 183 27 Wangamonuia,
964 1399 87 28 Makui,
1071 1401 33 22 Te
1124 1401 38 27 Po,
1181 1406 23 18 to
1216 1402 37 23 the

662 1425 61 20 river
732 1425 131 27 Wanganui,
875 1425 44 22 and
927 1426 58 21 from
995 1426 38 22 the
1044 1427 48 22 said
1104 1427 59 22 river
1178 1429 29 27 by
1221 1430 32 22 Te

663 1451 73 27 Tangi
755 1452 77 25 Tangi,
852 1452 148 28 Mangohewa
1016 1454 98 28 Pamiga,
1133 1455 118 28 Pakekuia,

664 1485 72 14 across
748 1478 35 22 the
795 1478 81 22 Onairo
882 1480 65 26 river,
960 1480 29 27 by
998 1477 117 26 TeTuehu
1123 1482 128 28 Kaipikare,

664 1505 142 27 Wakamuki,
832 1506 86 27 Tapari,
954 1507 196 28 Pakawakamuru,
1180 1517 72 14 across

663 1532 38 21 the
726 1532 90 22 Adenui
836 1532 59 22 river
917 1534 30 26 by
971 1534 125 22 Paketuata
1119 1543 71 14 across
1215 1537 37 21 the

666 1558 72 22 Minui
775 1560 59 21 river
871 1560 29 27 by
944 1560 171 28 Ranguirapaki,
1159 1562 94 23 Hairao-

665 1593 42 19 ma,
742 1586 123 28 Tepokuru,
900 1595 71 14 across
1002 1588 39 21 the
1074 1588 99 28 Papatito
1194 1590 59 22 river

663 1612 30 27 by
705 1613 151 27 Turangarua,
869 1614 111 26 Komanu,
994 1615 112 27 Pukakao,
1119 1616 30 21 Te
1164 1617 87 27 Awera,

664 1647 74 14 across
748 1640 37 21 the
795 1640 186 23 Wakaramaand
991 1641 37 22 the
1040 1642 49 21 Wai
1100 1642 68 23 Pikao
1175 1644 75 27 rivers,

663 1666 31 27 by
712 1667 104 22 Panmiui
832 1667 131 27 Timanuku,
982 1668 45 22 and
1044 1668 85 29 Wanga
1140 1673 22 18 to
1173 1670 79 22 Kowai

664 1700 27 14 on
701 1694 39 21 the
750 1694 48 26 Sjdd
807 1694 120 21 Wakatino
944 1695 64 27 river,
1021 1696 44 21 and
1082 1696 61 22 down
1158 1697 36 22 the
1204 1698 48 21 said

663 1720 61 21 river
734 1725 21 17 to
766 1722 26 20 its
802 1721 84 26 mouth,
899 1722 66 21 forms
976 1722 37 22 the
1024 1726 84 19 eastern
1119 1724 43 21 and
1176 1724 75 22 north-

663 1754 40 15 ern
720 1748 114 26 boundary
858 1748 25 21 of
903 1748 37 21 the
964 1750 48 21 said
1035 1750 60 26 land,
1117 1753 132 25 tenements,

663 1774 81 27 woods,
769 1774 62 28 bays,
854 1774 116 28 harbours,
991 1776 76 27 riveis,
1089 1780 96 24 streams,
1208 1779 41 21 and

663 1801 86 22 creeks.

690 1828 97 27 Alleged
796 1832 23 18 to
828 1828 57 22 have
898 1828 57 22 been
968 1829 125 27 purchased
1105 1831 30 27 by
1145 1830 106 23 claimant

663 1854 57 22 from
733 1856 35 20 tho
778 1855 75 22 native
864 1855 69 22 chiefs
952 1856 90 21 Awatea
1060 1858 84 26 Anrua,
1157 1858 93 22 Edward

663 1889 25 14 or
698 1882 89 26 Pukiki,
804 1882 19 22 E
839 1882 67 26 Kaki,
924 1882 21 22 E
962 1883 44 26 Ku,
1020 1884 99 27 Korono,
1137 1885 18 21 E
1173 1885 75 27 Muru,

663 1908 19 21 E
703 1908 33 22 Po
754 1910 120 26 Puketapu,
891 1910 110 26 Tangutu,
1024 1910 105 28 Wakairi,
1151 1912 19 22 E
1187 1912 62 27 Pahi,

663 1935 45 22 and
719 1943 67 20 many
796 1936 79 21 others.

690 1962 165 22 Consideration
865 1962 66 28 given
943 1966 21 17 to
975 1962 37 23 the
1022 1964 93 27 natives,
1127 1971 12 15 a
1148 1966 103 27 quantity

663 1988 25 22 of
700 1989 164 27 merchandize,
876 1989 65 22 value
950 1993 40 17 not
1000 1990 80 22 stated.

689 2014 87 23 Nature
787 2016 25 21 of
820 2023 142 20 conveyance
963 2027 27 4 —
992 2016 57 23 deed
1060 2017 67 23 dated
1133 2018 49 22 15th
1193 2018 58 22 Feb-

661 2049 74 19 ruary,
748 2044 59 20 1840.
843 2056 3 2 ■

689 2069 56 21 Case
757 2069 41 21 No.
809 2068 41 22 374
861 2068 39 27 (c).
928 2068 61 23 John
1004 2070 87 27 Dorset,
1103 2077 27 15 on
1138 2070 80 23 behalf
1228 2072 25 21 of

661 2094 37 21 the
710 2095 56 22 New
777 2094 99 23 Zealand
887 2096 53 21 Com
947 2103 63 21 pany,
1023 2097 112 22 claimant.

688 2122 50 21 The
752 2122 71 26 lands,
840 2122 87 27 islands,
945 2126 129 25 tenements,
1093 2124 76 26 woods,
1186 2124 62 28 bays,

661 2147 113 29 harbours,
894 2153 100 23 streams,
1016 2151 44 22 and
1075 2151 82 27 creeks,
1180 2152 71 21 inclu-

663 2174 42 22 ded
726 2176 31 27 by
768 2190 4 11 ;
774 2183 13 14 a
805 2175 44 22 line
877 2176 74 23 drawn
976 2177 66 28 along
1060 2178 39 22 the
1124 2185 36 15 sea
1185 2179 64 21 shore

662 2204 23 19 at
705 2201 44 22 low
771 2206 68 18 water
861 2204 63 22 mark
948 2205 56 21 from
1030 2206 105 26 Auronga
1159 2206 27 26 by
1206 2206 45 21 Ta-

663 2228 101 23 raimaka
788 2230 129 28 Waitikara,
939 2232 104 26 Omaitai,
1068 2232 98 26 Parawa,
1193 2232 57 22 Kai-

661 2255 30 27 hi,
719 2256 170 28 Omukukawai,
921 2258 156 22 Kotamaiewa
1107 2258 36 22 the
1174 2260 75 20 mouth

661 2283 26 20 of
703 2304 5 5 ,
726 2283 38 22 the
802 2284 105 21 Waratea
941 2286 60 21 river
1037 2288 23 19 to
1096 2286 38 21 the
1171 2286 79 22 mouth

661 2310 26 21 of
703 2309 38 22 the
752 2310 144 26 Wangatawa
909 2312 64 26 river,
990 2312 44 22 and
1051 2313 29 27 by
1095 2312 91 22 another
1204 2313 46 22 line

662 2336 75 22 drawn
749 2337 76 22 inland
836 2338 55 21 from
903 2338 36 22 the
953 2339 82 22 mouth'
1042 2340 25 21 of
1077 2340 37 21 the
1124 2340 46 21 said
1183 2340 68 21 Wan-

661 2368 87 21 gatawa
756 2365 59 20 river
824 2372 28 20 up
864 2364 37 22 the
911 2366 48 21 said
976 2366 58 22 river
1042 2369 23 19 to
1075 2367 27 21 its
1112 2374 83 20 source,
1207 2368 43 21 and

660 2390 58 21 from
731 2391 78 22 thence
826 2397 20 16 to
862 2392 38 21 the
917 2394 92 20 summit
1023 2394 25 20 of
1058 2394 117 25 Taranaki,
1191 2401 60 15 com-

662 2417 75 27 monly
745 2418 72 22 called
828 2418 82 23 Mount
919 2420 107 26 Egmont,
1035 2421 44 21 and
1087 2421 55 21 from
1153 2420 37 22 the
1201 2421 49 22 said

660 2444 113 22 Tarauaki
790 2445 66 27 along
871 2446 38 21 the
922 2446 106 22 southern
1044 2447 115 27 boundary
1173 2448 26 20 of
1209 2449 38 21 the

661 2470 52 27 Nga
724 2472 64 21 Motu
796 2472 87 22 district
889 2473 28 27 by
926 2473 111 27 Powaka?,
1045 2474 31 22 Te
1088 2474 49 22 Kiri
1146 2475 103 27 Powaka,

660 2498 103 28 Tcuriga,
772 2499 45 22 and
827 2499 78 28 Patua,
914 2503 22 19 to
943 2500 37 22 the
987 2508 38 14 sea
1034 2501 65 22 shore
1106 2504 22 19 at
1135 2502 36 21 the
1178 2502 73 22 afore-

661 2524 48 22 said
720 2522 114 31 Auronga.

687 2552 97 28 Alleged
795 2559 21 16 to
827 2553 55 22 have
898 2554 57 21 been
965 2554 126 28 purchased
1105 2555 30 27 by
1144 2555 108 23 claimant

661 2578 55 23 from
738 2581 36 21 the
794 2581 74 21 native
888 2581 76 25 chiefs,
989 2581 32 23 Te
1044 2577 61 32 llria,
1131 2581 115 29 Kaiwaka,

660 2605 87 28 Eware,
759 2607 106 27 Ngalura,
877 2608 88 27 Taraki,
978 2608 45 22 and
1032 2616 69 20 many
1113 2609 81 22 others.
1228 2615 4 6 '

687 2633 167 23 Consideration
865 2635 65 26 given
940 2638 23 18 to
975 2635 37 22 the
1023 2636 94 27 natives,
1125 2643 12 15 a
1147 2637 104 28 quantity

660 2659 26 22 of
694 2661 162 27 merchandize,
869 2661 64 23 value
945 2665 40 18 not
994 2662 78 22 stated.

686 2686 87 23 Nature
797 2688 27 21 of
843 2696 143 21 conveyance
987 2701 28 4 —
1016 2689 72 28 Deed,
1109 2689 66 23 dated
1200 2689 51 24 15th

660 2713 121 29 February,
795 2716 62 21 1840.-

877 2742 148 23 WILLIAM
1040 2743 105 27 SPAIN,,

1044 2771 178 22 Commissioner.

47 128 68 20 cawa,
132 126 4 5 '
143 121 125 27 Rongatua,
297 119 100 27 Kariwa,
423 119 103 25 Raihaia,
533 120 5 3 '
552 118 85 26 Kawia,

46 148 103 27 Tuaaga,
165 146 87 26 Etioko,
270 146 129 26 Tuiga*oro,
419 146 74 27 Tuati,
512 144 126 28 Wakanidi,

51 174 81 26 Ernan,
144 173 127 26 Atnawera,
283 172 98 26 Ewaieh,
393 172 124 28 Warepori.

77 199 166 23 Consideration
253 199 66 27 given
328 202 22 18 to
360 195 38 26 the
408 199 100 27 Natives,
520 205 13 15 a
538 198 101 28 quantity

51 226 26 22 of
87 225 162 27 merchandise,
261 225 65 22 value
336 229 41 18 not
385 226 81 22 stated.
480 233 3 3 '
557 223 3 8 '
568 225 3 11 '

75 252 87 22 Nature
171 252 26 22 of
213 259 147 20 conveyance,
376 259 15 14 a
400 252 58 22 deed
468 251 66 24 dated
546 254 93 24 twenty-

47 278 93 23 seventh
150 279 42 27 day
201 278 27 22 of
230 295 3 4 .
239 279 137 26 September,'
387 280 61 21 1839.

75 305 56 22 Case
138 306 43 21 No.
190 306 51 21 374.
254 306 32 26 (a)
288 316 28 4 —
316 304 115 23 William
446 306 149 24 Wakefield,
611 311 28 14 on

47 332 80 22 behalf
138 332 24 21 of
173 332 44 21 the-
221 332 57 21 New
284 332 101 21 Zealand
393 333 121 27 Company,
526 332 112 21 claimant.

74 358 49 22 The
133 358 69 22 whole
217 358 25 21 of
255 358 37 22 the
309 358 76 28 lands,'
397 359 92 27 islands,
506 362 131 21 tenements,

47 384 82 28 Woods,
153 385 60 28 bays,
237 384 115 28 harbours,
381 386 77 27 rivers,
479 389 108 18 streams'-
595 384 44 21 and

47 411 85 27 creeks,
152 411 71 22 which
238 418 59 15 were
312 412 54 21 then
378 412 25 21 in
411 433 3 3 .
420 412 125 28 possession
562 410 26 22 of
591 431 3 2 .
601 410 38 22 the

47 438 82 26 sellers,
140 445 25 14 or
175 442 20 17 to
206 437 73 22 which
290 438 52 28 they
352 439 53 22 then
416 439 45 22 laid
471 446 44 20 any
529 438 73 26 claim,
614 445 25 14 or

47 465 28 24 in,
80 464 73 23 which
163 464 52 27 they
231 464 53 22 then
301 465 43 22 had
355 473 46 19 any
416 466 70 27 rights
496 473 26 14 or
529 465 108 25 interests,

49 497 28 16 on
86 490 39 22 the
136 491 103 22 southern
249 498 24 15 as
284 492 49 21 well
343 499 24 14 as
377 499 27 15 on
412 492 37 22 the
459 492 105 22 northern
574 491 64 22 shore

47 517 26 22 of
94 517 82 22 Cook's
190 518 87 27 Straits,
293 519 135 27 comprising
434 519 38 21 -all
489 518 63 22 those
567 517 70 27 lands,

48 544 89 27 islands,
168 548 132 21 tenements,
325 546 79 26 woods,
435 545 61 27 bays,
520 544 117 26 harbours,

47 570 76 27 rivers,
148 574 91 19 streams
263 572 45 22 and
331 572 84 26 creeks,
440 572 79 21 situate
542 578 31 13 on
582 583 3 4 ■
601 570 37 23 the

47 597 107 22 southern
163 598 64 22 shore
236 598 27 21 of
273 598 37 22 the
320 598 49 22 said
379 598 79 21 Cook's
469 597 84 26 Straits,
566 597 71 22 which

48 631 37 15 are
95 623 104 24 bounded
213 632 29 15 on
253 625 38 22 the
301 624 64 23 south
374 625 30 27 by
416 624 37 21 the
466 624 94 28 parallel
568 624 26 21 of
602 624 36 21 the

46 650 131 28 forty-third
186 651 81 28 degree
277 652 26 21 of
313 651 70 27 south,
392 651 99 26 latitude,
505 650 46 21 and
561 657 29 14 on
601 651 37 21 the

47 681 61 23 west,
129 678 73 26 nonh,
224 678 46 22 and
287 681 54 23 east,
361 678 29 26 by
408 677 39 22 the
467 684 38 15 sea
523 676 116 28 including

47 703 40 22 Tai
91 708 44 24 tap,
139 704 140 28 -Wanganui,
291 704 107 21 Onataria
414 711 26 14 or
449 704 60 26 Cape
523 704 114 27 Farewell,

48 730 116 28 Pakawao,
176 731 98 26 Takaka,
285 730 103 24 Taonuti,
399 730 117 26 Motuaka,
528 730 108 28 Waimea,

48 757 82 28 Okata,
155 757 131 27 Okapunka,
309 756 88 23 Kaiana
415 757 46 22 and
480 757 98 27 Hovano,
601 758 36 21 the

33 807 4 5 ,
47 783 79 27 Oyerri
134 792 24 14 or
166 784 90 22 Polorus
265 784 73 26 River,
350 784 126 28 Admiralty
484 785 52 27 Bay,
547 784 45 22 and
600 784 37 22 the

33 807 4 5 '
45 811 85 22 several
145 810 87 22 islands'
242 810 26 21 of
284 810 174 28 Montungarda,
475 811 95 27 Kararu,
592 812 45 21 Ka-

47 837 66 27 kaho,
126 837 109 27 Nguaiah,
246 837 80 22 situate
340 837 96 22 therein.
466 837 134 29 Omahangu
614 847 24 14 or

47 863 54 22 Port
129 864 66 26 Gore,
219 864 151 27 Totaraenua,
395 864 80 25 Queen
504 864 133 23 Charlotte's

46 889 85 28 Sound,
141 890 125 27 Wanganui
273 898 26 14 or
308 890 53 23 Port
367 891 142 22 Underwood
519 891 23 22 in
551 892 86 28 Cloudy

46 916 55 27 Bay,
123 917 37 22 the
179 917 58 22 river
257 917 46 22 and
317 917 87 22 district
418 918 27 21 of
458 918 95 27 Wairoa,
571 918 66 23 Para-

46 943 111 27 mirowiti,
181 944 127 27 Kapaiatia.
350 944 34 23 To
408 944 93 23 Koraka
524 952 25 13 or
578 946 58 26 Cape

46 969 123 29 Campbell,
200 971 112 27 Waipapa,
339 971 162 27 Mangamanu,
527 971 107 27 Kaikora,

46 996 64 22 Aitia
117 997 89 26 Peketa,
214 998 32 21 Te
252 997 101 26 Kia-kia,
360 998 62 21 Onui
432 998 44 21 and
484 997 32 22 Te
525 997 109 28 Whanga,

45 1023 44 22 and
100 1024 53 24 also,
157 1024 134 27 comprising
305 1024 28 21 all
346 1024 62 21 those
419 1024 76 26 lauds,'
502 1027 132 23 tenements,

45 1050 83 27 woods,
149 1051 58 27 bays,
228 1050 115 26 harbours,
363 1050 78 26 rivers,
465 1055 101 22 streams,
591 1052 44 21 and

44 1077 84 25 creeks,
139 1077 80 21 situate
229 1084 28 13 on
268 1077 37 20 the
314 1077 108 21 northern
433 1077 64 21 shore
508 1077 25 20 of
539 1077 39 21 the
588 1078 47 21 said

44 1102 81 23 Cook's
136 1103 83 26 Straits,
228 1103 72 21 which
306 1110 38 14 are
353 1103 107 22 bounded
470 1111 29 14 on
510 1103 36 22 the
558 1104 76 21 north-

43 1133 54 18 east*
105 1129 29 28 by
143 1137 14 14 a
171 1130 69 21 direct
252 1129 47 22 line
315 1129 76 22 drawn
406 1131 57 20 from
482 1131 36 20 the
528 1131 105 22 southern

44 1155 58 22 head
117 1154 24 23 of
153 1157 35 21 the
202 1157 61 20 river
272 1164 24 13 or
310 1154 98 24 Harbour
418 1157 26 22 of
451 1157 92 26 Mokao,
555 1158 79 21 situate

44 1190 29 15 on
84 1183 38 21 the
134 1190 52 15 west
192 1188 67 22 coast,
268 1184 23 20 in
302 1183 37 22 the
350 1183 93 22 latitude
449 1185 25 20 of
481 1185 67 20 about
557 1184 78 28 thirty-

44 1210 62 25 eight
117 1209 90 28 degrees
218 1210 73 27 south,
307 1214 29 24 to;
346 1211 153 27 Tehakakare,
517 1211 80 22 situate
613 1219 22 14 m

45 1236 38 22 the
94 1240 48 18 east
152 1241 67 22 coast,
231 1237 22 21 in
266 1237 37 21 the
312 1237 94 22 latitude
415 1237 26 22 of
448 1238 67 21 about
524 1238 111 26 forty-one

46 1263 93 27 degrees
147 1264 71 26 south,
230 1263 45 22 and
286 1271 27 14 on
325 1263 37 22 the
379 1269 54 22 east,
446 1269 59 22 west,
517 1265 44 21 and
573 1266 67 24 south,

45 1291 30 26 by
95 1290 38 21 the
152 1298 43 19 sea,
216 1291 119 26 excepting
353 1291 84 27 always
456 1291 37 22 the
512 1291 83 22 islands
614 1294 26 19 of

45 1317 77 27 Kapiti
140 1324 24 14 or
179 1318 70 26 Entry
260 1317 85 26 Island,
361 1318 44 21 and
423 1317 36 22 th§
475 1318 64 21 small
554 1318 81 22 islands

46 1343 106 27 adjacent
168 1343 93 27 thereto,
279 1343 45 22 and
340 1344 37 21 the
391 1345 74 21 island
486 1345 25 21 of
526 1345 71 22 Mana
612 1353 24 14 or

45 1369 71 24 Table
130 1370 82 27 Island,
225 1371 29 20 all
271 1371 89 24 situate,
367 1378 28 14 on
411 1371 39 22 the
465 1371 49 22 said
529 1372 105 22 northern

47 1396 66 23 shore
123 1398 29 20 of
162 1397 87 22 Cook's,
259 1397 85 27 Straits,
355 1397 39 22 but
402 1397 117 28 including
532 1398 103 23 Tehaka-

47 1423 63 27 kore,
127 1423 141 28 Warehama,
286 1421 204 31 Rarigawnehama,
506 1425 127 28 Wainerah,

47 1450 125 28 Turakirai,-
183 1451 127 27 Wanganui
319 1452 76 25 Atera,
408 1459 25 14 or
443 1452 53 21 Port
505 1452 128 28 Nicholson,

49 1477 112 28 Rimerae,
173 1478 120 27 Oterango,
311 1477 89 28 Onerai,
419 1478 122 27 Tecauuro,
560 1479 74 27 Oatiu,

46 1503 81 28 Titahi,
148 1501 115 30 Parerura,
285 1501 98 31 Ohotka,
400 1505 153 27 Tierwarewa,
576 1506 59 22 Wai-

47 1531 75 26 kenai,
148 1531 106 27 Waimea,
280 1531 74 27 Otaki,
381 1531 91 28 Owaha,
500 1532 135 28 Manewalu,

48 1557 122 28 Rangatiti,
195 1558 132 27 Wangaiha,
352 1558 129 28 Turakinai,
502 1559 133 27 Wanganui,

49 1583 129 28 Waitotara,
202 1585 170 27 Whennakura,
400 1585 76 28 Patea,
505 1586 131 27 Tangahohi

47 1611 160 26 Ngatiruaarid
214 1611 173 28 Pahakatiatiio,
395 1612 120 27 Taranaki,
523 1613 111 28 Motuora,

47 1638 44 21 and
103 1637 36 22 the
146 1638 86 21 several
241 1639 65 20 other
314 1645 67 20 sugar
388 1639 51 22 loaf
445 1640 89 26 islands,
544 1641 46 21 and
599 1642 37 21 the

47 1664 61 23 river
117 1665 43 21 and
171 1665 95 21 harbour
276 1665 26 21 of
310 1664 90 23 Mokao.
569 1680 4 13 :

75 1691 99 27 Alleged'
180 1696 21 17 to
212 1692 57 21 have
277 1692 56 21 been
344 1692 125 25 purchased
483 1693 151 28 byclaimant,

45 1717 59 23 from
115 1719 37 20 the
167 1719 74 21 native
256 1719 70 21 chiefs
340 1719 19 21 h
378 1719 70 27 Hiko,
463 1720 111 28 Rauparo,
585 1722 51 21 Ma-

46 1752 91 20 oranga,
145 1745 112 26 Mhorina,
266 1746 79 26 Tunia,
353 1746 32 21 Te
397 1746 68 27 Witu,
477 1747 156 28 Mare,-Etaki,

47 1771 65 28 Eota,
124 1772 83 26 Paioki,
223 1772 89 27 Enghia
322 1772 35 21 for
367 1773 93 22 himself
466 1773 46 22 and
526 1774 107 28 brothers,

46 1797 142 28 Rangaihiro,
203 1799 116 27 Itahanga,
331 1800 45 21 and
387 1800 145 27 Ringearota.

73 1825 168 22 Consideration
329 1832 21 15 to
360 1826 38 22 the
409 1828 93 27 natives,
509 1835 13 14 a
531 1829 102 27 quantity

46 1852 26 22 of
80 1852 160 27 merchandize,
252 1853 66 22 value
329 1858 40 16 not
378 1854 80 22 stated.

55 1878 3 6 '
73 1879 87 22 Nature
174 1880 26 21 of
212 1887 142 20 conveyance
355 1892 29 4 —
385 1888 14 14 a
418 1881 64 27 deed,
503 1881 66 22 dated
583 1883 51 22 25th

47 1905 104 27 October,
165 1908 60 21 1839.

60 1926 69 29 *Case
143 1933 43 22 No.
203 1934 43 22 374
265 1934 69 26 (A)..—
335 1934 98 23 William
456 1935 179 24 WakefielcL.on

42 1959 83 23 behalf
131 1960 26 21 of
162 1960 37 22 the
209 1960 60 22 New.
276 1962 102 21 Zealand
386 1962 122 28 Company,
520 1962 113 23 claimant.

73 1986 48 22 The
132 1986 68 23 whole
216 1988 26 20 of
257 1987 39 22 the
311 1988 72 27 lands,
394 1988 92 27 islands,
503 1994 139 22 tenements,'

46 2013 82 26 woods,
148 2013 60 32 bays,
233 2013 115 28 harbours,
368 2015 77 26 rivers,
465 2020 99 23 streams,
590 2018 45 20 and

45 2039 83 25 creeks,
143 2037 72 24 which
226 2040 56 22 we're
292 2042 23 21 in
331 2043 126 25 possession
463 2043 30 21 jof
503 2042 35 21 the
550 2043 92 27 sellers,.

45 2073 26 14 or
80 2069 23 18 to
115 2066 70 22 which
196 2066 52 27 they
266 2067 46 22 laid
327 2068 73 26 claim,
418 2075 25 14 or
456 2068 23 21 in
494 2068 72 22 whicn
581 2070 53 27 they

42 2092 47 23 had
99 2100 44 20 any
159 2093 69 27 rights
244 2100 25 15 or
283 2094 109 26 interests,
406 2102 29 14 on
447 2095 37 21 the
493 2096 140 21 southern-as

43 2119 57 22 well'
112 2126 24 15 as
156 2120 35 21 the
212 2120 105 23 northern
334 2120 65 22 shore
416 2121 26 22 of
453 2121 80 22 Cook's
548 2123 84 22 Straits,

44 2146 134 27 comprising
192 2146 30 21 all
239 2147 62 21 those
315 2147 71 27 lands,
402 2152 132 23 tenements,
551 2150 81 26 woods,

43 2173 63 26 bays,
127 2173 112 26 harbours,
249 2188 3 4 .
265 2174 76 27 rivers,
362 2180 94 17 streams
480 2176 46 20 and
549 2176 83 27 creeks,

44 2200 81 21 situate
137 2207 28 14 on
176 2199 36 22 the
223 2200 106 23 southern
339 2200 65 23 shore
415 2202 27 21 of
450 2202 81 21 Cook's
547 2202 85 26 Straits,

45 2226 73 22 which
127 2234 37 14 are
174 2227 105 22 bounded
289 2235 28 14 on
327 2228 39 21 the
379 2228 67 22 south
456 2229 30 27 by
496 2228 36 22 the
541 2230 93 26 parallel

45 2253 25 22 of
78 2253 37 22 the
124 2253 130 28 forty-third
271 2254 81 27 degree
362 2256 25 20 of
399 2256 66 21 south
475 2256 101 26 latitude,
588 2257 45 22 and

43 2287 30 15 on
84 2280 37 21 the
131 2285 59 23 west,
202 2280 73 28 north,
287 2281 45 22 and
343 2282 49 21 eas>f
400 2283 29 26 by
445 2282 37 22 the
492 2290 44 19 sea,
545 2284 88 21 includ-

43 2307 41 26 ing
99 2307 86 27 Taitah,
204 2307 132 28 Wanganui,
349 2309 101 22 Onatura
459 2317 25 14 or
494 2309 59 27 Cape
567 2310 66 23 Fare-

44 2333 56 27 well,
122 2334 116 27 Pakawao,
259 2335 100 27 Takdka,
384 2336 105 27 Taomiti,
513 2336 117 28 Motueka,

44 2360 108 27 Waimea,
160 2361 80 25 Okatu,
249 2362 132 28 Okapuaha,
393 2362 89 23 Kaiana
489 2363 44 22 and
545 2364 88 23 Hoiano

41 2388 23 22 in
76 2388 67 21 Blind
158 2388 53 27 Ba}',
223 2388 120 27 Rangitoto
354 2397 25 14 or
393 2390 140 21 D'Urville's
543 2391 87 28 Island,
639 2395 4 3 '

40 2415 37 22 the
94 2415 79 27 Oyerri
187 2422 25 15 or
226 2415 95 23 Pelorus'
336 2416 75 27 River,
429 2417 128 27 Admiralty
578 2418 54 28 Bay,

40 2441 45 22 and
94 2442 39 21 the
142 2442 83 22 several
235 2442 113 23 islandsof
352 2443 174 27 Motung'arada,
534 2444 97 28 Kurara,

44 2468 96 22 Kakako
149 2469 46 22 and
209 2469 99 27 Nguiah,
325 2470 134 27 Oiriahanga
468 2479 25 14 or
508 2470 53 23 Port
573 2472 59 22 Gore

42 2496 24 22 in
89 2495 79 24 Queen
192 2496 134 22 Charlotte's
350 2496 78 23 Sound
451 2498 43 21 and
518 2498 37 21 the
574 2499 59 28 Tory

44 2521 109 28 Channel,
189 2522 118 28 including
350 2523 146 29 Motakawae,
539 2526 92 26 Anuho,

44 2548 109 28 Okokata,
191 2549 129 23 Marototoo
355 2558 27 14 or
413 2551 53 28 Ship
500 2552 66 27 Cove,
601 2554 32 21 Te

42 2576 120 23 Kurakura
188 2583 24 15 or
240 2576 61 28 Shag
328 2578 67 26 Cove,
423 2578 153 23 Panarawhihi
608 2587 25 15 or

42 2602 63 23 West
115 2603 53 27 Bay,
182 2603 105 28 Waoapu,
299 2604 91 27 Miretu,
411 2605 32 22 Te
458 2606 51 26 Era,
530 2606 101 28 Wahine,

42 2629 115 28 Onakiwa,
186 2630 98 28 Nakuta,
315 2632 33 21 Te
381 2632 112 28 Waringa,
526 2633 103 28 Waitohi,

41 2656 140 28 Watamung,
193 2657 98 28 Katuna,
308 2658 77 28 Itawa,
406 2659 74 28 Obna,
497 2660 84 27 Mohio,
599 2661 33 22 Te

40 2684 50 21 Tito
99 2691 25 14 or
134 2684 80 28 Oyster
225 2684 54 28 Bay,
298 2686 98 24 Onarua,
413 2686 83 28 Onoi-a,
518 2687 110 28 Ngnatui;

42 2710 37 22 the
105 2710 75 23 Island
198 2711 26 22 of
244 2713 127 26 Aiapamai,
395 2714 117 27 including
531 2714 99 28 Okikari,

43 2736 117 28 Wekanui,
170 2738 44 21 and
225 2738 53 23 East
286 2736 55 30 Bay,
350 2740 36 21 the
393 2740 86 22 islands
486 2740 25 22 of
520 2742 110 27 Momara,

42 2763 69 24 Kieta
120 2771 25 14 or
155 2764 61 28 Long
225 2765 84 27 Island,
317 2766 120 28 Matapara
445 2768 44 21 and
495 2768 41 22 Tai
542 2768 89 28 Kaiopi,

44 2790 158 26 Wanganuior
212 2792 86 28 Cloudy
308 2794 52 26 Bay,
380 2795 38 20 the
428 2795 59 21 river
496 2795 42 21 and
546 2795 87 22 district

44 2817 26 22 of
94 2816 99 28 Warroa,
218 2818 145 29 Paraniowiti,
388 2820 122 29 Kaparatia
529 2829 24 13 or
573 2822 59 28 Cape

42 2844 122 27 Campbell,
191 2844 112 30 Waipapa,
322 2847 174 27 Mangamaonu,
502 2848 3 3 '
523 2849 108 26 Kaihora,

42 2870 71 27 Aitiu,
125 2871 87 26 Peketa,
225 2872 114 28 Yekiakia,
352 2874 67 27 Onui,
426 2875 32 22 Te
467 2875 110 28 Whanga,
589 2877 43 21 and

43 2898 46 22 als.o
105 2898 134 27 comprising
252 2899 30 21 all
299 2900 61 22 those
376 2902 71 26 lands,
463 2903 90 26 islands,
569 2909 63 16 tene-

44 2928 80 24 ments,
139 2924 78 26 woods,
235 2925 59 27 bays,
315 2926 113 29 harbours,
447 2929 74 27 riveis,
538 2934 101 18 streams'

41 2951 44 23 and
191 2952 79 22 situate
279 2959 27 15 on
316 2953 38 22 the
364 2955 105 22 northern
480 2956 63 22 shore
555 2957 26 21 of
594 2958 36 21 the

41 2978 54 23 said'
102 2978 86 23 Cook's'
197 2978 85 28 Straits,
301 2980 70 22 which
386 2988 39 15 are
440 2983 102 21 bounded
553 2991 29 15 on
593 2984 37 22 the

40 3005 125 23 north-east
185 3006 27 26 by
231 3009 21 17 a'
263 3005 70 23 direct
350 3007 142 23 liu'e'drawu
512 3010 57 22 from
588 3011 38 21 the

40 3032 106 24 southern
155 3031 56 23 head
223 3032 25 21 of
259 3032 38 22 the
307 3032 57 23 river
375 3041 24 14 or
406 3034 97 24 harbour
519 3037 24 21 of
560 3037 71 23 about

40 3059 147 27 thirty-eight'
190 3058 93 28 degrees
292 3060 72 27 south,'
374 3063 22 19 to
407 3062 59 27 Cape
471 3062 149 24 Tehukakore
625 3082 5 10 ,

40 3088 80 21 situate
130 3094 29 14 on
169 3086 37 21 the
216 3089 47 18 east
273 3091 66 22 coast,
350 3088 24 20 in
384 3087 37 22 the
430 3088 92 23 latitude
533 3090 25 21 of
566 3091 67 22 about

40 3114 109 27 forty-one
160 3113 89 27 degrees
335 3116 3 3 '
348 3114 44 21 and
402 3121 30 15 on
443 3115 36 21 the
494 3119 52 23 east,
559 3118 71 27 south,

42 3140 43 23 and
95 3144 55 18 west
165 3140 28 28 by
208 3140 38 21 the
263 3147 45 19 sea,
324 3142 127 26 excepting'
455 3142 36 21 the
508 3142 86 23 islands
610 3145 25 21 of

42 3167 76 28 Kapiti
127 3175 25 14 or
166 3168 71 26 Entry
251 3166 83 28 Island,
351 3168 44 21 and
411 3168 40 21 the
465 3169 65 21 small
544 3169 88 24 Islands

41 3194 109 27 adjacent-
160 3194 91 26 thereto,
270 3194 54 21 and'
331 3194 36 22 the
385 3194 76 22 Island
477 3196 24 20 of
520 3196 72 22 Mana
607 3204 26 15 or

41 3221 68 22 Table
119 3221 83 26 Island,
218 3220 31 22 all
265 3221 80 22 situate
360 3228 39 17 on.
406 3222 40 21 the
461 3222 47 21 said
526 3223 106 23 northern

29 3248 6 6 *
42 3248 63 22 shore
114 3248 26 22 of
152 3248 79 22 Cook's
241 3248 85 26 Straits',
342 3248 41 22 but
397 3248 118 27 including
531 3249 102 23 Tehaka-

40 3274 59 28 kore,
125 3275 141 27 Warehama,
292 3275 183 27 Rahgah'a'e'ama.
501 3276 127 28 Wainerah,

40 3302 134 27 Turakarav
179 3302 129 27 Wanganui
318 3302 70 28 Ateri^
401 3310 25 14 or
439 3302 52 22 Port
500 3302 128 28 Nicholson,

41 3328 112 27 Rimerah,
165 3330 121 26 Oteranga,
304 3329 96 27 Omerai,
416 3330 122 27 Tuameno,
555 3330 76 27 Oariu,

40 3356 80 27 Titahi,
132 3356 103 27 Parerua,
254 3351 97 32 Ohoika,
370 3357 152 26 'iirewarewa,
540 3356 92 23 Waike-

42 3382 42 27 nai,
119 3382 107 27 Wemera,
268 3383 75 27 Otaki,
376 3383 92 27 Owaha,
496 3383 135 28 Manewatu,

40 3410 116 26 Rangititi,
182 3410 130 27 Wangaiha,
332 3410 134 27 Turakinoa,
494 3410 136 29 Wanganui,

42 3436 126 27 Waitotara,
188 3436 182 29 Whennuakura,
392 3437 74 28 Patea,
488 3437 142 28 Tangahohi,

40 3462 156 28 Ngatiriranui,
211 3463 144 28 Pohakitaro,
376 3465 120 27 Taranaki,
518 3465 114 24 Moturoa.

40 3489 45 23 and
94 3490 38 22 the
142 3490 84 21 several
242 3490 65 22 other
325 3491 133 27 Sugar-loaf
471 3491 95 28 Islands,
587 3493 45 21 and

40 3516 36 23 the
85 3516 60 22 river
154 3516 45 22 and
206 3516 99 22 harbour
314 3518 26 22 of
352 3518 94 23 Mokao.

66 3543 96 27 Alleged
173 3540 156 35 tbjiave'.been
339 3545 126 27 purchased
479 3546 30 27 by
525 3545 108 23 claimant

39 3570 55 22 from
108 3570 38 22 the
161 3570 74 22 native
252 3570 71 22 chiefs
345 3572 64 22 Ewiti
428 3572 36 22 for
482 3573 93 22 himself
587 3573 45 22 and

42 3597 78 27 Ekedi,
131 3597 19 22 E
162 3597 77 26 Hawe,
250 3596 123 29 Ewitikari,
384 3599 117 28 Kauhaue,
510 3599 44 23 and
563 3607 67 21 many

38 3624 79 22 others.

64 3650 167 24 Consideration
240 3650 68 28 given
317 3655 22 19 to
345 3651 38 23 the
391 3653 94 27 natives,
496 3661 14 15 a
519 3653 109 28 quantity

38 3677 25 22 of
73 3678 164 26 merchandize,
247 3678 66 22 value
324 3683 40 17 not
373 3680 81 22 stated.

65 3704 83 23 Nature
159 3705 24 22 of
194 3712 152 20 conveyance,
361 3712 15 15 a
385 3706 57 22 deed
453 3706 66 23 dated
528 3707 39 23 Bth
578 3707 49 23 No-

38 3732 96 25 vember,
148 3733 59 21 1839.
223 3733 3 4 '

66 3758 54 23 Case
137 3759 42 22 No.
193 3759 42 22 374
251 3759 38 26 (c).
326 3758 106 23 William-
444 3760 135 28 Wakefield,
599 3769 31 15 on

39 3784 78 24 behalf
124 3786 26 22 of
157 3786 35 22 the
202 3785 57 23 New
269 3785 102 23 Zealand
382 3786 123 29 Company,
517 3788 113 23 claimant.

64 3811 46 23 The
122 3813 69 27 lands;
206 3812 92 27 islands,
315 3817 136 22 tenements,
468 3815 81 26 woods,
567 3815 62 28 bays,

43 3838 112 29 harbours,
170 3839 77 28 rivers,
259 3845 94 17 streams
367 3839 54 25 and.
430 3841 85 26 creeks,
524 3838 108 32 reaching

42 3865 64 28 along
115 3866 37 22 the
163 3866 113 25 sekrshore
284 3874 28 15 on
322 3866 38 22 the
369 3866 66 22 north
442 3867 24 22 of
473 3867 72 22 Cooks
552 3869 79 22 Straits

38 3891 55 23 from
105 3893 128 23 Manewatu
240 3897 23 19 to
269 3894 76 26 Patea,
355 3893 45 22 and
407 3893 82 23 inland
496 3894 56 23 from
560 3895 72 23 either

37 3918 26 22 of
73 3918 36 24 the
120 3921 46 22 said
178 3921 74 23 Points
263 3924 23 19 to
298 3921 37 22 the
345 3920 107 24 Volcano
469 3919 34 24 or'
512 3923 118 21 mountain

40 3945 26 23 of
75 3945 78 30 Tonga
164 3947 58 24 Ridi.
410 3946 6 5 *
