2529 4029
552 30 102 33 THE
677 32 112 32 NEW
807 34 233 33 ZEALAND
1061 35 221 35 GAZETTE
1303 39 101 31 AND
1426 39 322 39 WELLINGTON
1774 45 278 34 SPECTATOR

2110 128 217 30 CANADA.

60 111 67 26 when
151 112 31 24 off
203 112 67 31 Cape.
290 111 131 32 Runaway,
448 120 33 17 we
489 136 4 8 ,
504 115 149 30 experienced

59 145 77 32 heavy
145 145 62 31 gales
219 145 25 24 of
258 145 63 23 wind
331 145 35 23 for
378 153 13 15 a
401 147 151 23 continuance
564 147 25 24 of
602 148 51 23 four

59 178 56 31 days
125 187 6 20 ;
147 186 33 16 we
190 177 151 25 were'driven
352 178 69 23 about
433 178 50 24 and-
488 180 105 23 wrecked
605 186 22 18 at
640 189 13 16 a

57 211 66 31 place
135 211 73 25 called
224 211 237 29 Ki-te-kawa-kawa,
479 211 70 27 about
567 218 85 27 twenty

57 244 68 25 miles
133 245 34 22 off
175 245 59 22 East
243 244 72 31 Cape,
327 244 55 23 with
389 244 52 23 four
452 245 74 23 hands
537 253 29 16 on
577 246 73 25 board

57 274 58 33 (one
137 285 46 15 was
206 276 129 31 drowned.)
381 277 38 23 No
443 285 81 16 sooner
552 278 47 24 had
617 287 34 16 we

56 309 94 29 landed,
168 309 55 24 than
233 317 34 15 we
278 317 60 15 were
358 310 108 25 attacked
481 311 32 31 by
525 319 14 15 a
548 316 69 26 party
627 313 26 23 of

57 343 90 23 natives
167 342 87 24 headed
271 342 33 31 by
316 347 44 19 two
368 339 3 12 !
377 351 24 15 or
421 344 62 23 three
502 344 68 24 white
588 353 60 22 men,

57 375 67 24 when
135 375 54 33 they
200 375 102 31 stripped
313 384 36 21 us,
362 375 45 24 and
419 377 153 24 commenced,
581 378 68 30 plun-

55 408 83 31 dering
157 408 37 24 the
212 408 77 24 wreck
308 409 26 23 of
349 416 69 23 every
428 409 69 31 thing
514 411 117 23 moveable
640 420 7 21 ;

56 441 64 29 sails,
137 448 75 24 ropes,
228 441 138 31 provisions,
384 443 45 24 and
441 443 91 31 trading
542 448 106 28 property

56 478 24 19 to
91 474 47 27 the.,
148 478 96 23 amount,
251 474 25 23 of
292 475 81 24 £500.
396 475 54 24 'On
460 476 69 30 being
541 476 47 24 told
599 477 49 23 that

55 506 159 24 Government
221 507 75 23 would
302 507 59 24 send
371 516 14 15 a
393 516 54 16 man
459 509 23 23 of
490 516 48 16 war
548 509 66 24 down
624 514 24 19 to

55 539 72 30 them,-
137 540 62 31 -they
210 540 49 24 said
271 540 55 32 they
336 540 46 25 had
392 541 59 24 been
462 541 47 24 told
520 549 26 16 so
558 547 95 26 repeat-,

55 572 53 31 edly
120 573 31 31 by
160 573 66 24 white
241 581 63 22 men,
323 574 42 23 but
384 574 50 24 that
449 582 29 16 no
491 574 157 25 Government

56 605 53 32 ship
121 612 70 23 came,
210 606 44 25 and
265 606 51 25 that
329 606 157 25 Government
496 608 81 31 people
588 616 59 17 were

55 638 166 31 frightened,^
231 639 60 30 fight
302 639 65 25 them
377 639 31 30 by
421 639 62 25 land.

88 672 45 31 My
146 680 48 16 own
213 679 59 21 case,
295 672 49 23 Mr.
364 672 91 30 Editor,
478 672 89 32 though
585 679 61 19 most

55 705 152 23 unfortunate-
212 709 22 19 to
244 713 46 20 me,
301 705 71 31 being
382 706 42 23 but
436 714 14 15 a
460 713 56 25 poor
519 714 69 21 -man,
600 708 46 24 and

55 745 51 16 now
116 738 101 31 stripped
224 738 24 23 of
254 738 31 24 all
294 737 12 24 I
313 739 130 30 possessed,
455 740 20 23 is
482 744 41 19 not
530 748 14 15 a
551 740 95 32 solitary

54 778 135 16 occurrence
197 772 25 22 of
226 770 38 25 the
269 770 59 26 kind
337 779 29 16 on
372 772 49 24 that
427 777 53 27 part
487 773 26 23 of
520 773 38 24 the
567 778 62 20 coast
636 784 7 19 ;

54 803 45 24 and
117 804 110 24 therefore
247 805 19 22 it
276 805 21 24 is
314 804 58 32 high
383 806 56 23 time
451 805 42 32 (on
504 806 39 23 the
558 812 53 26 part
622 808 25 23 of

53 836 40 24 the
105 836 168 33 Government)
285 838 55 23 that-
351 846 63 16 some
424 844 146 27 peremptory
582 848 62 16 mea-

54 871 159 23 sures'should
228 871 29 24 be
269 870 72 24 taken
349 876 26 19 to
391 876 97 26 prevent
499 880 14 15 a
523 874 122 30 repetition

51 903 29 23 ■of
89 903 39 24 the
143 904 54 29 like,
221 911 24 17 as
257 904 19 24 it
288 904 21 23 is
330 908 22 19 to
371 904 37 24 the
421 906 107 22 interests
544 906 26 23 of
586 906 59 24 New

52 935 103 25 Zealand
165 936 49 25 that
222 937 39 24 the
272 937 93 31 trading
377 939 139 31 community
523 939 82 25 should
617 940 27 23 be

52 970 125 30 protected.

121 1001 14 25 I
148 1010 43 21 ami
204 1002 48 24 Mr.
266 1002 92 30 Editor,
403 1012 4 3 •
432 1012 3 3 •

186 1036 66 25 Your
264 1036 107 26 obedient
381 1036 93 26 humble
486 1043 91 19 servent

405 1071 35 24 D.
453 1071 157 29 M'Carthy,

256 1102 60 24 Late
328 1102 92 25 Master
431 1104 26 23 of
466 1104 38 23 the
516 1104 126 26 Schooner.

52 1134 148 31 Wellington;
214 1135 138 25 November
359 1138 31 22 23
405 1136 74 25 1841^

86 1175 65 24 N.B.
153 1187 28 5 —
181 1175 75 26 :What
285 1175 95 26 renders
410 1177 39 23 the
478 1177 165 24 circumstance

52 1215 63 17 more
135 1208 146 23 unfortunate
300 1209 28 29 is,
348 1209 52 24 that
416 1209 39 24 the
475 1210 75 23 vessel
569 1211 74 30 might

50 1241 59 24 have
131 1241 58 23 been
212 1241 104 32 repaired
339 1242 45 24 and
405 1243 127 31 proceeded
555 1252 30 15 on
605 1245 38 23 the

51 1282 96 24 voyage,
169 1274 46 24 had
232 1279 41 20 not
293 1275 39 25 the
354 1276 89 23 natives
463 1280 38 19 cut
520 1284 65 24 away
602 1277 41 24 her

48 1315 78 24 ropes,
138 1308 62 29 sails,
214 1308 42 24 &c.
294 1307 25 25 It
335 1309 20 23 is
367 1317 38 23 my
416 1306 113 28 intention
541 1314 22 20 to
575 1311 68 31 apply

50 1345 23 18 to
94 1341 39 24 the
155 1341 155 24 Government
320 1342 147 25 Authorities
480 1342 54 25 here
553 1351 31 16 on
603 1344 39 24 the

50 1381 30 17 on
97 1374 40 23 the
156 1368 207 46 subject^^^&for
380 1377 133 28 assistance,
533 1384 25 16 as
579 1377 14 23 I
605 1386 37 16 am

49 1407 109 31 deprived
167 1408 26 23 of
201 1408 38 23 the
250 1415 81 17 means
343 1408 25 24 of
376 1410 121 31 returning
507 1409 76 31 home,
598 1411 45 23 and

49 1440 71 31 being
130 1441 88 32 subject
229 1446 22 18 to
264 1449 14 15 a
290 1449 52 16 sum
354 1442 26 23 of
388 1443 55 23 £20
452 1450 97 24 passage
560 1452 83 24 money

47 1478 26 19 to
84 1481 65 16 come
159 1474 73 24 hither
243 1475 31 29 by
287 1474 38 24 the
337 1475 78 29 Royal
427 1475 112 25 William.

215 1541 254 24 AUCKLAND.

681 114 79 22 sioned
770 118 21 18 to
807 115 62 23 trade
879 116 46 22 and
939 116 105 28 shipping
1056 118 29 26 by
1100 118 38 22 the
1150 118 55 22 Mud
1221 119 50 21 Flat

682 140 89 24 abreast
785 142 27 22 of
823 142 128 27 Auckland,
968 143 44 23 and
1027 144 11 22 I
1054 144 37 26 ,do
1106 145 165 27 acknowledge,

681 166 48 22 that
739 167 37 24 the
787 168 63 28 delay
866 170 47 22 and
925 169 186 23 inconvenience-
1118 171 82 27 arising
1214 172 57 22 from

680 192 49 22 that
739 194 97 24 obstacle
849 195 41 24 has
899 194 51 23 no£'
955 196 57 22 been
1208 198 32 22 As
1256 199 15 24 jt

679 219 22 25 is.
712 227 30 14 an
756 221 45 22 evil
810 221 73 22 which
885 222 129 22 'could.be'
1020 224 88 27 readily
1117 231 124 20 overcome,
1260 225 11 21 I

680 245 57 27 hope
757 246 49 23 that
812 254 4 4 '
826 248 43 23 this
883 249 200 23 'communication
1100 250 44 22 will
1162 251 62 21 assist
1247 251 23 21 in

680 273 99 27 causing'
789 281 113 15 measures
920 278 22 18 to
953 275 28 21 be
998 276 98 28 adopted
1104 279 23 19 to
1145 280 126 20 counteract

680 298 36 21 the
726 304 86 22 reports
822 300 73 24 which
904 302 58 22 have
972 308 57 20 gone
1045 303 91 27 abroad,
1147 303 85 28 greatly
1249 307 22 18 to

679 325 37 21 the
732 326 115 26 prejudice
862 328 29 21 of
901 328 44 23 this
963 327 60 23 Port.
1052 329 28 22 In
1096 337 14 14 a
1126 329 86 28 Colony
1224 330 47 22 like

680 352 49 26 this,
741 352 73 23 where
824 361 24 13 so
857 361 70 22 many
937 354 141 23 settlements
1089 363 36 16 are
1138 356 89 27 already
1237 363 34 15 es-

678 378 183 27 tablish'ed^and'
871 387 25 15 so
1067 383 115 27 springing
1195 390 31 20 vp
1226 388 4 8 1
1237 383 34 22 far

678 408 64 23 apart
749 405 58 22 from
818 406 55 21 each
883 407 70 26 other,
966 408 139 23 endeavours
1114 409 44 22 will
1169 410 25 21 be
1204 410 66 21 made

678 434 22 18 to
711 431 68 28 decry
793 432 36 21 the
845 437 49 18 seat
908 433 26 22 of
948 434 163 28 Government,
1122 436 45 21 and
1182 435 30 22 all
1224 436 46 21 will

677 457 50 27 sing
745 459 58 21 their
821 466 50 15 own
890 460 91 26 praises.
1016 460 50 24 The
1085 462 136 27 community
1246 462 25 22 of

676 484 122 23 Auckland
807 485 81 22 should
896 486 154 28 immediately
1058 488 69 23 bestir
1134 488 132 22 themselves

675 514 24 18 to
709 515 131 18 counteract
849 512 37 21 the
896 512 175 28 acknowledged

695 557 5 2 -
707 539 54 25 The
763 554 4 12 :
773 540 84 31 barque
870 540 62 31 Tyne
943 549 48 15 was
1002 549 29 16 on
1048 542 39 24 the
1099 551 40 15 eve
1151 543 26 23 of
1185 543 86 31 sailing-

674 572 36 24 for
721 572 39 24 the
771 573 50 30 Bay
833 573 25 23 of
868 573 92 24 Islands
973 574 65 24 when
1057 575 38 24 the
1106 576 163 23 Abercrombie

674 605 42 22 left
727 605 132 25 Auckland.
875 610 5 3 *
896 606 69 24 After
981 608 130 31 remaining
1127 609 64 23 there
1200 617 14 17 a
1223 609 45 24 few

675 638 64 30 days,
754 638 98 31 Captain
872 639 132 26 Robertson
1016 641 47 25 will
1073 646 78 21 return
1169 645 22 21 to
1209 641 57 25 Port

677 670 138 25 Nicholson.

708 704 123 32 Summary
859 705 26 23 of
906 705 40 24 the
969 706 186 25 advertisements
1177 709 24 23 in
1225 708 39 24 the

672 735 123 25 Auckland
809 738 149 23 Government
979 739 114 31 Gazettes,
1113 741 101 24 received
1233 742 31 31 by

673 770 39 23 the
722 769 164 24 Abercrombie
894 780 15 13 :-
909 784 30 6 —

706 802 50 25 Mr.
775 803 105 25 William
900 804 88 32 Young
1006 805 43 24 has
1068 806 56 24 been
1143 808 118 30 appointed

672 835 109 32 Landing
785 837 89 24 Waiter
881 838 21 23 &
909 837 59 24 Tide
981 838 115 31 Surveyor
1103 845 22 18 at
1130 840 131 25 Auckland.

707 869 48 24 Mr.
770 869 82 32 Henry
869 870 97 24 Charles
972 871 109 24 Holmah
1151 873 58 24 been
1219 881 42 24 ap-

671 902 94 31 pointed
782 903 195 31 Superintendant
996 904 25 24 of
1037 902 89 27 Public'
1140 906 84 25 Works
1240 911 21 20 at

671 935 135 26 Auckland.
832 954 5 4 -

706 968 25 23 It
750 969 20 22 is
793 968 94 26 ordered
910 969 50 24 that
981 970 30 24 all
1035 970 80 24 claims
1137 972 35 23 for
1198 972 63 29 land,

673 1000 101 25 whether
784 1001 106 32 Foreign*
896 1011 26 15 or
938 1002 97 30 British,
1048 1012 39 15 are
1097 1008 23 19 to
1130 1005 28 23 be
1167 1005 94 24 investi-

671 1034 68 30 gated
752 1035 44 23 and
807 1035 109 31 disposed
928 1035 25 24 of
961 1036 82 30 by'the
1063 1036 196 27 Commissioners.

704 1067 105 25 William
819 1068 67 25 Field
904 1068 91 29 Porter,
1007 1069 69 32 Esq.,
1089 1070 26 23 of
1127 1071 130 30 Auckland,

671 1099 41 24 has
723 1100 59 25 been
794 1101 122 31 appointed
927 1109 14 15 a
953 1101 106 26 Member
1071 1103 25 24 of
1105 1103 38 24 the
1155 1104 105 34 Legisla-

673 1134 54 23 tive.
734 1133 105 25 Council.
1188 1142 2 4 •

676 1186 6 4 ,
705 1165 51 24 The
770 1167 83 24 Prison
868 1172 24 20 at
902 1167 132 32 Wanganui
1045 1170 21 23 is
1078 1170 103 24 declared
1191 1169 26 25 to'
1231 1171 28 23 be

672 1206 43 16 one
732 1200 25 22 of
765 1200 38 23 the
942 1201 71 24 Gaols
1024 1203 25 23 of
1059 1203 38 23 the
1110 1203 93 31 Colony,
1216 1205 44 23 and

671 1232 73 24 under
756 1233 37 24 the
801 1233 147 31 jurisdiction
959 1235 26 23 of
991 1235 38 24 the
1042 1236 92 25 Sheriff.

705 1266 77 25 There
794 1267 20 23 is
825 1271 23 19 to
858 1267 30 24 be
897 1276 14 15 a
920 1267 47 24 sale
979 1268 25 23 of
1012 1268 67 24 lands
1090 1270 25 24 in
1123 1269 39 24 the
1174 1270 83 24 Parish

671 1298 24 23 of
704 1299 145 31 Waiternata,
869 1305 24 19 at
908 1301 132 30 Auckland,
1053 1310 30 15 on
1101 1302 117 32 Fehruary
1236 1306 21 27 1,

782 1333 51 24 The
845 1339 67 26 upset
922 1334 62 31 price
996 1335 19 23 is
1025 1339 23 19 to
1059 1335 29 23 be
1099 1337 35 23 £1
1148 1344 40 24 per
1196 1344 61 17 acre.

671 1365 23 24 It
705 1366 20 22 is
738 1370 22 19 to
774 1367 84 24 consist
874 1367 25 24 of
915 1367 154 31 thirty-seven
1086 1370 105 29 seotions,
1203 1377 54 16 con-

669 1399 91 30 taining
781 1401 123 30 quantities
923 1400 104 24 between
1048 1403 143 30 sixty-seven
1211 1403 46 24 and

670 1439 43 16 one
724 1432 104 24 hundred
838 1434 45 23 and
894 1433 72 30 thirty
976 1441 71 17 acres.

704 1465 101 24 Persons
822 1466 74 24 under
913 1471 106 19 sentence
1038 1468 27 23 of
1080 1469 176 32 transportation

668 1497 60 24 from
739 1498 45 24 this
796 1499 88 32 Colony
892 1507 38 16 are
941 1504 23 19 to
976 1500 28 23 be
1016 1504 58 26 sent,
1083 1501 33 31 by
1124 1502 132 24 convenient

669 1533 173 29 opportunities,
854 1537 23 19 to
889 1533 54 23 Van
955 1532 121 26 Dieman's
1087 1534 74 24 Land.

701 1565 26 24 It
749 1566 21 22 is
790 1565 140 31 proclaimed
952 1566 50 23 that
1022 1567 43 23 her
1092 1568 101 32 Majesty
1214 1568 42 25 has

668 1598 101 25 directed
779 1598 50 24 that
847 1598 106 24 effectual
965 1607 79 16 means
1056 1608 39 16 are
1113 1605 23 19 to
1148 1602 28 23 be
1188 1602 68 24 taken

668 1635 22 19 to
708 1639 107 23 preserve
831 1632 38 23 the
880 1633 83 22 forests
976 1633 26 23 of
1015 1633 72 24 koudi
1104 1635 52 31 pine
1171 1635 35 26 for
1217 1635 38 25 the

666 1671 42 16 use
717 1664 26 23 of
753 1664 36 24 the
802 1673 67 23 navy.
1040 1667 20 23 it
1071 1668 19 23 is
1098 1668 98 29 notified,
1207 1668 49 25 that

667 1697 30 24 all
708 1705 95 23 persons
814 1698 72 25 found
897 1699 106 30 stealing,
1011 1701 97 30 cutting,
1117 1709 25 15 or
1153 1701 101 31 destroy-

665 1731 41 31 ing
720 1730 59 25 such
798 1732 82 23 timber
899 1732 81 24 within
998 1733 38 23 the
1057 1733 89 32 Colony
1156 1734 26 24 of
1195 1734 60 24 New

665 1763 110 30 Zealand,
786 1765 47 23 will
848 1765 28 23 be
892 1765 135 31 prosecuted
1043 1766 55 24 with
1115 1767 38 24 the
1169 1772 87 20 utmost'

664 1798 79 30 rigour
765 1798 26 23 of
807 1798 39 23 the
862 1798 43 24 law
915 1808 6 20 ;
946 1799 45 23 and
1007 1807 14 15 a
1037 1800 87 24 reward
1142 1800 25 24 of
1181 1801 35 24 £5
1233 1802 21 24 is

664 1830 86 24 offered
770 1835 23 19 to
810 1832 87 31 parties
915 1831 50 25 who
983 1840 53 24 may
1046 1833 30 23 be
1093 1833 39 24 the
1150 1841 66 16 cause
1231 1835 25 22 of

666 1863 113 24 offenders
791 1865 26 23 of
825 1865 46 24 this
883 1865 59 24 class
954 1865 70 32 being
1035 1867 125 24 convicted.

698 1897 27 23 S.
746 1897 36 25 M.
800 1897 32 25 D.
848 1898 97 29 Martin,
966 1899 76 31 Esq.,'
1057 1900 21 23 is
1099 1900 120 32 appointed
1241 1909 13 14 a

664 1930 139 31 Magistrate
815 1931 26 24 of
849 1931 47 24 this
908 1931 127 33 Territory.
1085 1934 14 3 ~
1117 1947 5 3 -

698 1963 53 25 The
770 1963 59 25 Rev.
850 1965 84 31 Henry
948 1965 123 30 Williams,
1089 1974 31 16 on
1138 1966 79 25 behalf
1230 1967 26 23 of

663 1996 39 23 the
715 1996 97 25 Church'
820 1998 141 29 Missionary
973 1998 100 31 Society,
1085 1999 85 31 figure's
1182 2000 71 23 in.the

665 2028 95 24 Gazette
772 2036 24 17 as
808 2036 14 16 a
831 2029 65 29 large
907 2029 107 25 claimant
1023 2030 36 24 for
1071 2031 73 25 lands.

758 2095 84 24 BAY
870 2095 52 24 OF
944 2096 227 27 ISLANDS.

1941 178 44 21 The
1992 180 46 20 first
2049 180 125 21 Parliament
2181 183 25 19 of
2216 184 35 19 the
2258 185 97 25 province
2366 192 40 14 was
2414 187 80 26 opened

1913 211 28 14 on
1952 206 35 20 the
2003 208 49 19 loth
2062 208 24 20 of
2098 208 63 25 June,
2178 210 32 26 by.-
2212 210 41 24 his,
2259 211 125 27 Excellency
2399 214 34 19 the
2449 214 44 20 Go-

1913 234 183 25 vernor-General,
2110 236 23 19 in
2143 240 89 21 person.'
2256 238 43 20 The
2309 239 46 19 first
2367 241 80 24 subject
2457 242 38 19 ad-

1913 260 70 20 verted
1993 263 23 17 to
2026 262 22 19 in
2057 262 36 19 the
2103 264 76 24 speech
2187 264 19 19 is
2217 265 34 20 the
2261 268 66 18 arrest
2335 267 40 19 and
2386 267 108 21 detention

1914 286 25 20 of
1950 286 99 26 M'Leod,
2059 289 68 20 which
2139 290 19 19 is
2169 290 90 21 referred
2274 295 21 18 to
2305 298 24 14 as
2341 293 88 23 follows,
2432 305 26 4 —

1963 314 20 20 A
1999 316 80 24 subject
2094 317 24 19 of
2134 317 38 20 her
2186 318 98 26 Majesty,
2301 325 28 13 an
2345 319 117 23 inhabitant
2472 323 23 20 of

1913 340 44 21 this
1972 343 105 24 province,
2094 344 37 19 has
2147 344 53 21 been
2208 345 88 27 forcibly
2313 347 97 21 detained
2420 349 21 19 in
2456 349 37 20 tho

1912 367 153 28 neighbouring
2082 369 75 25 States,
2176 372 89 26 charged
2282 373 50 20 with
2348 380 13 13 a
2381 375 113 25 protended

1912 394 71 22 crime.
2013 396 33 21 No
2056 396 50 21 time
2112 404 45 14 .was
2167 398 43 20 lost
2215 399 29 26 by
2254 400 39 20 the'
2299 402 105 19 executive
2415 402 24 19 of
2450 403 43 21 tbja

1912 422 99 24 province
2021 424 21 19 in
2049 425 161 26 remonstrating
2219 427 80 24 against
2307 427 41 19 this
2359 429 132 27 proceeding,

1908 448 44 23 .and
1961 450 107 24 provision
2079 457 41 14 was
2135 452 59 20 made
2204 453 33 20 for
2246 454 97 25 ensuring
2354 458 22 16 to
2392 456 36 19 the
2437 456 55 20 indi-

1910 475 71 20 vidual
1989 477 37 20 the
2033 483 70 14 means
2115 478 24 20 of
2150 479 92 25 defence,
2259 481 91 26 pending
2359 482 36 20 the
2409 483 83 20 further

1910 503 71 19 action
1988 504 24 19 of
2017 504 37 20 her
2059 504 112 26 Majesty's
2177 506 147 22 Government.
2347 509 45 19 The
2400 509 93 23 Queen's

1911 532 161 22 representative
2082 535 22 16 at
2119 532 137 27 Washington
2272 535 35 19 has
2324 535 57 21 since
2390 536 52 20 been
2458 537 34 21 iiv

1910 558 94 19 structed
2012 560 24 18 to
2045 559 87 20 demand
2149 560 32 20 his
2191 561 84 20 release.
2281 558 6 6 '
2305 561 30 21 Of
2346 563 37 19 the
2395 564 66 20 result
2470 566 25 18 of

1910 583 45 20 that
1964 584 89 21 demand
2061 584 54 22 lam
2126 589 37 17 not
2173 589 34 24 yet
2214 588 103 25 apprised,
2328 589 43 20 but-
2376 590 11 19 1
2397 590 51 20 have
2455 591 35 20 tho

1910 610 93 21 Queen's
2012 613 121 19 commands
2141 616 23 18 to
2175 620 70 14 assure
2253 615 36 20 her
2304 615 86 21 faithful
2400 618 91 25 subject*

1909 636 23 20 in
1943 637 85 22 Canada
2037 639 23 20 of
2072 640 37 19 her
2117 640 109 27 Majesty's
2237 642 52 20 fixed
2298 641 160 23 determination
2468 648 22 17 to

1908 667 82 22 protect
2014 666 58 20 them
2094 667 49 21 with
2169 669 36 21 the
2223 669 64 21 whole
2310 670 76 25 weight
2407 671 24 21 of
2452 672 38 20 her

1934 719 85 27 Among
2027 721 34 19 the
2077 720 90 27 subjects
2178 725 22 17 to
2213 723 67 21 which
2296 723 35 21 the
2345 725 112 22 attention,
2466 727 24 19 of

1909 744 126 23 Parliament
2044 748 16 19 is
2070 749 112 26 especially
2190 747 3 4 '
2199 749 96 26 directed,
2306 749 20 21 is
2338 751 34 21 the
2389 753 100 26 adoption

1908 772 24 19 of
1943 779 104 16 measures
2060 775 34 21 for
2108 776 122 27 developing
2243 779 36 19 the
2293 784 107 15 resources
2417 780 24 19 of
2453 781 35 21 the

1907 801 107 25 province,
2026 802 28 25 by
2064 802 179 22 well-considered
2253 805 40 20 and
2302 806 105 20 extensive
2418 807 70 26 pubtto

1906 827 80 20 works.'
2021 829 44 19 The
2091 829 109 21 Governor
2218 833 142 19 recommends
2386 834 36 19 the
2447 834 41 21 im-

1907 859 122 19 provement
2044 855 24 21 of
2079 857 36 20 the
2131 858 118 25 navigation
2264 859 54 20 from
2334 860 34 20 the
2379 860 71 21 shores
2465 861 25 21 of

1906 880 57 21 Lake
1980 881 50 21 Erie
2046 883 42 19 and
2105 883 55 21 Lake
2176 885 75 21 Huron
2268 888 21 18 to
2306 886 36 20 the
2359 893 92 14 ocean—
2451 888 36 22 tha

1906 909 157 21 establishment
2072 911 24 19 of
2108 917 45 14 new
2161 912 90 21 internal
2265 914 186 21 communications
2462 916 22 19 in

1905 935 36 20 the
1959 936 74 20 inland
2054 937 92 21 districts
2147 949 27 4 —
2175 940 66 20 works
2266 941 105 26 requiring
2390 949 13 13 a
2428 946 58 22 great

1905 962 78 27 outlay,
1993 963 39 21 but
2042 965 115 26 promising
2166 970 164 18 commensurate
2339 972 91 17 returns.
2479 973 5 8 '

1932 990 20 21 A
1966 990 50 20 loan
2034 992 24 20 of
2223 993 85 26 sterling
2322 995 33 20 for
2371 996 59 21 these
2445 997 41 21 and

1905 1017 60 19 other
1982 1024 100 21 purposes
2097 1020 42 20 will
2155 1020 26 21 be
2199 1022 116 25 negotiated
2333 1023 66 20 under
2407 1030 13 13 a
2435 1030 51 19 gua-

1905 1047 70 17 rantee
1985 1045 24 20 of
2021 1047 35 19 the
2065 1047 94 25 imperial
2166 1050 99 24 treasury,
2277 1049 75 20 should
2360 1050 34 20 the
2404 1050 80 23 British

1905 1071 125 21 Parliament
2043 1080 59 19 agree
2117 1076 22 18 to
2148 1075 37 24 the,
2200 1076 129 26 proposition
2345 1077 22 20 of
2380 1078 106 22 ministers

1905 1100 21 18 to
1937 1099 46 20 that
1993 1100 67 19 effect.

1931 1125 44 21 The
1982 1127 106 26 following
2097 1135 35 13 are
2138 1129 36 20 the
2184 1130 124 26 concluding
2314 1137 97 20 passages
2419 1139 5 14 :
2428 1142 26 6 —

1953 1153 84 21 Canada
2042 1156 73 19 united
2125 1157 64 20 under
2197 1164 11 13 a
2214 1159 146 23 constitution,
2368 1160 67 20 which
2446 1160 36 21 tha

1903 1179 99 27 Imperial
2012 1182 127 26 Legislature
2151 1184 37 20 has
2198 1184 85 25 framed,
2298 1186 50 19 with
2360 1193 25 13 an
2402 1191 81 17 earnest

1903 1207 66 20 desire
1979 1208 33 21 for
2022 1210 34 19 the
2065 1210 83 20 welfare
2159 1212 24 19 of
2194 1212 42 19 this
2245 1215 57 23 great
2318 1214 85 24 portion
2413 1215 24 19 of
2448 1215 35 20 tha

1902 1234 81 21 British
1991 1237 85 25 empire,
2087 1241 77 18 cannot
2178 1238 36 21 fail
2223 1242 22 17 to
2255 1246 86 20 prosper
2357 1241 66 20 under
2433 1248 50 19 pru*

1902 1262 63 19 dence
1976 1263 41 20 and
2024 1270 46 19 sage
2079 1266 103 20 counsels.
2211 1266 43 20 The
2261 1273 102 19 generous
2369 1268 35 20 aid
2414 1269 68 22 which

1902 1288 11 20 I
1922 1289 52 20 have
1983 1290 83 27 already
2080 1293 124 20 announced
2212 1296 23 17 to
2244 1300 49 20 you,
2303 1294 35 20 the
2355 1295 124 21 determina-

1901 1316 45 20 tion
1962 1318 70 19 which
2042 1318 10 21 I
2062 1325 34 14 am
2110 1320 44 20 also
2164 1321 127 25 empowered
2307 1323 22 18 to
2339 1325 54 17 state
2410 1329 27 14 on
2447 1324 36 20 tha

1901 1346 48 23 part
1965 1345 25 19 of
2009 1346 35 19 the
2066 1350 143 22 government,
2226 1351 22 17 to
2266 1349 72 19 devote
2356 1351 97 25 annually
2470 1358 13 13 a

1899 1371 57 25 large
1964 1377 47 16 sum
2017 1373 33 20 for
2056 1374 35 19 the
2099 1374 92 27 military
2201 1375 93 21 defences
2302 1377 25 19 of
2333 1377 34 19 the
2374 1378 109 25 province,

1899 1398 36 20 the
1944 1399 55 20 fixed
2008 1401 42 19 and
2064 1401 76 20 settled
2150 1401 159 22 determination
2325 1404 67 20 which
2404 1404 10 20 I
2430 1405 51 21 have

1899 1426 37 19 the
1946 1426 93 21 Queen's
2049 1429 119 19 commands
2179 1433 21 16 to
2210 1430 87 24 declare,
2310 1431 46 19 that
2366 1432 38 20 her
2412 1432 69 20 North

1899 1452 111 22 American
2025 1455 129 25 possessions
2171 1457 52 20 shall
2236 1457 25 21 be
2278 1458 125 23 maintained
2414 1462 21 19 at
2451 1461 30 20 all

1899 1480 86 21 hazards
1994 1488 24 14 as
2028 1485 45 23 part
2083 1483 25 19 of
2119 1483 37 20 her
2165 1485 84 25 empire,
2261 1492 33 13 are
2312 1485 89 26 pledges'
2406 1487 24 19 of

1899 1508 99 26 sincerity
2007 1510 50 20 with
2065 1510 69 20 which
2143 1511 36 20 the
2196 1511 84 21 Mother
2291 1512 95 27 Country
2403 1514 76 21 desires

1898 1536 22 18 to
1930 1539 96 22 promote
2035 1538 35 19 the
2076 1539 117 26 prosperity
2203 1539 23 20 of
2240 1539 89 24 Canada,
2338 1541 40 19 and
2389 1543 21 18 to
2419 1542 62 20 assist

1898 1562 22 20 in
1929 1563 36 19 the
1975 1564 152 27 well-working
2137 1566 24 20 of
2168 1567 36 19 the
2213 1573 45 14 new
2267 1567 132 21 institutions
2411 1570 69 21 whioh

1898 1589 17 21 it
1925 1590 38 20 has
1974 1591 136 19 established.

1949 1618 44 20 The
2003 1624 47 21 eyes
2058 1619 26 21 of
2095 1620 96 26 England
2201 1627 34 15 are
2244 1622 109 26 anxiously
2360 1623 53 21 fixed
2422 1630 57 19 upon

1897 1645 36 19 the
1950 1646 66 20 result
2030 1647 24 19 of
2070 1647 43 20 this
2129 1650 57 23 great
2202 1650 134 25 experiment.
2366 1651 79 20 Should
2460 1652 19 19 it

1897 1673 94 24 succeed,
2010 1674 35 20 the
2062 1675 35 19 aid
2112 1675 25 20 of
2155 1675 124 22 Parliament
2293 1677 22 20 in
2332 1683 53 20 your
2402 1678 76 21 under,

1897 1700 110 25 takings—
2009 1701 34 20 the
2059 1702 121 21 confidence
2198 1704 23 19 of
2233 1704 79 20 British
2322 1705 115 25 capitalists
2453 1707 24 19 ia

1896 1727 36 19 the
1938 1728 66 19 credit
2009 1735 42 19 you
2057 1735 48 20 may
2110 1731 82 25 require
2200 1730 53 21 from
2261 1732 55 19 them
2317 1742 27 4 —
2345 1732 35 20 the
2386 1734 92 25 security

1896 1755 67 19 which
1972 1755 37 20 the
2018 1756 79 20 British
2106 1758 75 25 people
2189 1758 43 19 will
2240 1759 40 20 feel
2295 1760 22 19 in
2327 1760 87 26 seeking
2423 1767 51 19 your

1895 1781 79 26 shores,
1983 1783 42 20 and
2033 1784 136 26 establishing
2178 1786 121 21 themselves
2306 1792 29 14 on
2344 1793 53 19 your
2407 1788 68 19 fertile

1896 1809 46 25 soil,
1959 1816 48 20 may
2022 1817 60 19 carry
2095 1812 151 26 improvement
2261 1816 22 18 to
2299 1820 27 13 an
2341 1815 138 26 unexampled

1894 1836 80 26 height.
2002 1838 45 20 The
2061 1839 61 25 rapid
2136 1840 89 20 advance
2240 1841 25 20 of
2276 1841 57 21 trade
2348 1842 42 20 and
2406 1843 69 19 immi-

1894 1864 83 25 gration
1991 1865 72 20 within
2078 1867 35 19 the
2128 1867 40 20 last
2188 1868 95 25 eighteen
2297 1869 84 20 months
2402 1869 76 21 afford*

1895 1892 67 25 ample
1972 1892 98 21 evidence
2080 1894 25 19 of
2116 1894 36 20 the
2161 1895 71 20 effects
2242 1896 24 19 of
2278 1897 122 26 tranquility
2409 1897 23 19 in
2445 1904 22 13 re
2473 1910 6 5 .

1895 1919 81 26 storing
1985 1921 119 20 confidence
2110 1922 42 19 and
2157 1923 120 26 promoting
2282 1924 125 26 prosperity.
2429 1925 50 27 May

1894 1952 28 14 no
1937 1947 126 22 dissensions
2073 1955 46 13 mar
2132 1949 35 20 the
2179 1950 103 26 flattering
2296 1955 97 21 prospect
2407 1952 68 20 which

1894 1973 18 20 is
1926 1980 55 21 open
1995 1975 70 20 before
2079 1976 30 24 it;
2132 1983 47 20 may
2192 1983 53 20 your
2258 1979 73 19 efforts
2346 1978 25 20 be
2389 1979 88 26 steadily

1894 2000 92 22 directed
2002 2005 21 17 to
2041 2003 35 20 the
2089 2006 59 22 great
2161 2005 99 24 practical
2279 2006 160 23 improvements
2454 2007 25 19 of

1893 2028 69 20 which
1972 2029 35 20 the
2017 2029 99 27 province
2126 2031 72 20 stands
2212 2037 23 14 so
2246 2032 61 20 much
2317 2032 22 20 in
2357 2033 59 21 need,
2427 2033 48 24 and,

1893 2056 68 20 under
1974 2057 37 19 the
2026 2057 89 25 blessing
2125 2057 25 20 of
2160 2059 47 19 that
2221 2058 125 22 Providence
2358 2060 67 20 which
2438 2061 37 20 has

1893 2082 93 21 hitherto
2006 2085 111 25 preserved
2138 2085 42 20 this
2200 2087 84 25 portion
2302 2087 24 19 of
2341 2087 35 21 the
2397 2087 80 23 British

1894 2110 127 26 dominions,
2034 2118 47 19 may
2090 2118 53 19 your
2158 2113 93 20 councils
2259 2114 27 20 be
2299 2120 24 14 so
2333 2115 76 25 guided
2422 2122 22 14 as
2454 2119 23 17 to

1894 2143 75 15 ensure
1984 2141 22 17 to
2016 2139 36 20 the
2067 2139 73 21 Queen
2150 2141 96 19 attached
2259 2141 40 20 and
2308 2141 58 26 loyal
2376 2142 99 25 subjects,

1894 2165 42 20 and
1946 2169 21 16 to
1978 2165 80 21 United
2068 2166 84 22 Canada
2161 2174 13 14 a
2181 2174 123 21 prosperous
2312 2169 41 19 and
2364 2171 110 20 contented

696 2144 52 25 The
759 2146 51 31 Bay
821 2147 21 22 is
852 2146 106 31 reported
970 2151 23 19 to
1003 2147 30 23 be
1046 2150 132 30 recovering
1190 2149 59 25 from

662 2178 39 24 the
839 2179 76 24 ■which,
935 2187 46 16 was
1005 2182 131 23 occasioned
1159 2183 31 30 by
1212 2183 37 24 the

662 2211 174 25 establishment
859 2213 27 24 of
906 2213 40 24 the
965 2213 157 26 Government
1146 2219 60 21 town
1228 2217 22 23 of

663 2245 133 23 Auckland.

695 2278 35 25 At
742 2287 14 15 a
766 2280 108 30 meeting,
887 2280 19 23 it
917 2280 46 24 had
973 2280 59 24 been
1040 2282 105 24 resolved
1156 2287 23 19 to
1191 2287 58 20 esta-

661 2311 68 26 blish,
741 2320 14 15 a,
770 2320 133 24 newspaper
922 2313 73 30 there,
1012 2318 24 20 to
1054 2315 29 24 be
1102 2316 93 24 entitled
1213 2317 36 23 the

661 2344 95 32 Boy-of
767 2345 94 25 Islands
874 2346 121 25 Observer.

1335 121 50 24 The
1396 121 79 25 Naval
1494 124 45 24 and
1547 145 3 7 v
1557 124 111 31 Military
1690 125 102 31 Gazette,
1805 129 25 22 of
1847 129 38 23 the

1303 154 57 25 17th
1372 155 74 30 April,
1459 157 104 24 contains
1576 165 14 15 a
1605 157 124 25 handsome
1741 161 144 30 compliment

1301 191 21 18 to
1331 186 97 32 Captain
1440 189 141 30 Ainsworth,
1595 192 55 21 51st
1661 190 134 31 X.0.L.1.,
1809 201 29 16 on
1851 193 34 24 his

1301 220 156 31 appointment
1471 229 25 15 as
1517 222 189 32 Brigade-Major
1720 224 24 23 of
1761 225 53 24 Van
1828 226 57 24 Die-

1299 252 73 24 men's
1385 253 74 25 Land.
1497 250 57 28 The'
1562 255 94 24 Gazette
1666 257 72 23 refers
1748 262 23 18 to
1783 258 35 24 his
1830 259 55 23 hay-

1286 287 1 22 !
1301 285 42 30 ing
1354 286 80 25 served
1445 288 32 22 38
1489 294 66 23 years
1567 295 30 16 on
1607 288 158 32 uninterupted
1777 291 42 24 full
1831 299 52 24 pay.

1335 318 96 31 Captain
1453 319 113 32 Anthony
1582 320 126 31 Reynolds,
1727 323 26 22 of
1770 323 38 24 the
1828 325 57 23 11th

1300 349 112 31 Hussars,
1432 352 20 22 is
1462 356 23 21 to
1497 352 29 23 be
1537 352 100 32 brought
1649 354 59 24 back
1720 359 22 19 to
1753 356 38 23 the
1803 357 80 30 Army,

1297 380 53 33 (not
1360 388 22 18 to
1395 384 38 22 the
1444 384 133 33 Regiment)
1590 387 34 23 for
1635 386 39 24 the
1684 395 98 24 purpose
1795 390 24 22 of
1828 389 54 24 sell-

1297 415 39 31 ing
1355 415 36 26 his
1404 418 153 25 commission.
1594 418 39 24 He
1651 420 20 22 is
1691 422 103 29 gazetted
1811 427 23 18 to
1845 422 39 24 the

1299 448 56 23 14th
1367 448 129 32 Dragoons,
1510 452 22 22 to
1544 451 44 24 sell
1598 452 25 22 in
1633 451 38 23 the
1680 460 62 16 same
1755 453 94 25 Gazette
1860 460 24 18 to

1297 480 138 25 Lieutenant
1446 483 88 31 Tonge,
1546 484 40 23 the
1597 485 50 24 first
1656 485 36 23 for
1703 486 118 30 purchase.

1358 514 112 27 London
1528 516 125 25 Police;—
1653 518 229 26 --Marlborough

1292 554 108 18 .street.
1402 561 34 4 —
1436 547 23 26 A
1485 548 139 25 Patriotic
1652 549 232 32 Bui-sticker.;-

1290 592 4 3 •
1308 603 6 6 ,
1322 580 66 30 >John
1410 581 122 34 Speechly,
1556 589 42 17 one
1617 583 26 23 of
1661 583 38 24 the
1718 584 119 32 fraternity
1858 587 27 23 of

1288 615 6 14 5
1320 614 102 23 external
1634 615 105 34 vulgarly
1745 618 72 23 called
1828 619 54 23 bill-

1294 645 105 30 stickers,
1420 654 46 16 was
1484 648 99 31 charged
1594 648 54 23 with
1668 648 84 33 having
1769 651 113 31 plastered

1294 678 38 23 the
1339 678 110 25 'shutters
1506 688 30 16 an
1555 685 76 28 empty
1644 681 71 25 house
1734 684 24 22 in
1777 683 103 24 Oxford-

1293 715 70 22 street
1383 713 55 22 with
1454 713 38 24 his
1505 714 114 30 placards.
1656 714 94 32 Having
1764 716 58 24 been
1840 717 40 23 de-

1293 744 73 24 tected
1376 744 146 32 inflagmnti
1532 747 68 25 delict
1601 754 20 22 o,
1640 747 38 23 the
1689 749 125 30 policeman
1826 750 54 24 took

1294 777 48 23 him
1355 782 22 19 at
1388 786 56 16 once
1456 780 48 22 into
1518 780 102 31 custody.

1325 810 79 24 When
1415 812 72 23 called
1497 820 63 23 upon
1569 813 35 23 for
1614 813 36 24 his
1663 813 99 30 defence,
1774 814 40 24 the
1825 815 54 24 bill-

1291 843 85 24 sticker
1388 845 93 23 asumed
1490 853 14 15 a
1513 850 52 19 tone
1575 846 23 23 of
1608 846 57 32 lofty
1674 847 149 31 indignation,
1835 849 45 23 and

1291 876 55 24 said.
1388 876 45 24 I'm
1445 886 13 15 a
1468 878 120 24 free-born
1598 878 160 31 Englishman,
1773 881 45 23 and
1829 881 50 25 I've

1290 917 14 15 a
1313 909 62 30 right
1386 914 23 19 to
1421 910 60 23 stick
1492 911 54 24 bills
1557 911 73 24 where
1644 912 12 23 I

1323 941 48 26 Mr.
1384 942 68 32 Long
1452 956 33 4 —
1485 944 55 23 You
1548 944 57 24 have
1613 952 31 16 no
1651 946 61 29 right
1722 951 21 18 to
1751 946 60 24 stick
1819 947 54 24 bills

1290 974 31 24 ori
1333 976 100 31 people's
1449 977 94 26 houses.
1557 979 50 22 '.-,

1323 1008 133 25 Defendant
1456 1022 33 4 —
1490 1010 14 23 I
1516 1018 40 23 say
1565 1011 13 22 I
1590 1010 58 24 have
1659 1019 14 15 a
1682 1011 69 31 right,
1765 1020 25 16 as
1803 1020 41 17 one
1854 1014 27 22 of

1289 1041 38 23 the
1337 1041 88 33 people,
1438 1047 22 19 to
1473 1043 61 23 stick
1546 1044 52 23 bills
1607 1052 5 21 ;
1625 1044 53 32 they
1691 1045 37 22 did
1740 1050 40 19 not
1790 1052 41 25 put
1843 1054 32 24 up

1289 1082 13 15 a
1313 1075 73 25 notice
1399 1080 23 19 to
1435 1075 59 24 stick
1507 1084 29 15 no
1547 1076 61 30 bills,
1622 1085 24 15 so
1655 1076 37 24 I'd
1704 1086 13 14 a
1727 1078 61 32 right
1801 1083 21 19 to
1835 1087 40 17 ex-

1288 1108 71 23 ercise
1371 1107 38 24 the
1419 1109 122 30 privileges
1554 1109 25 23 of
1586 1118 40 15 our
1637 1110 126 30 profession
1773 1121 6 19 ;
1799 1112 49 23 I've
1861 1120 14 16 a

1288 1140 77 32 public
1381 1141 56 31 duty
1449 1146 22 19 to
1493 1142 109 32 perform,
1621 1143 45 24 and
1683 1144 25 23 in
1725 1144 64 24 these
1809 1146 66 23 times

1311 1174 108 31 England
1432 1181 92 24 expects
1536 1183 127 24 every.man
1675 1180 22 19 to
1708 1177 28 23 do
1747 1177 36 24 his

1320 1207 48 24 Mr.
1381 1207 68 32 Long
1450 1221 33 3 —
1483 1208 56 23 And
1551 1208 49 25 I've
1611 1217 14 14 a
1635 1209 76 31 public
1724 1210 55 31 duty
1787 1215 23 20 to
1821 1219 52 24 per-

1287 1240 57 25 form
1363 1240 55 29 also,
1440 1246 23 18 to
1481 1246 96 28 prevent
1595 1241 36 27 the
1652 1242 55 24 laws
1726 1243 58 24 from
1806 1244 69 31 being

1285 1273 96 24 broken.

1318 1306 131 24 Defendant
1449 1320 34 4 —
1484 1307 47 25 I'm
1558 1308 140 25 bill-sticker
1720 1313 24 19 to
1766 1310 48 24 Mr.
1840 1311 31 24 G.

1286 1339 97 30 Robins,
1402 1341 48 23 Mr.
1463 1341 108 31 Phillips,
1584 1341 45 24 and
1642 1342 46 23 Mr.
1702 1342 114 32 Simpson,
1829 1344 43 24 and

1286 1372 29 24 all
1327 1373 38 24 the
1376 1378 64 26 great
1452 1375 141 23 auctioneers
1602 1384 7 19 ;
1629 1374 41 24 I'll
1681 1375 28 23 do
1721 1383 39 24 my
1764 1376 70 32 'duty,
1847 1385 25 16 or

1285 1406 38 23 I'll
1329 1406 103 24 Sacrifice
1441 1408 86 28 myself
1534 1415 30 16 on
1571 1407 38 24 the
1618 1407 57 23 altar
1684 1408 26 23 of
1716 1416 37 23 my
1764 1415 105 26 country.

1287 1438 42 24 We
1341 1447 38 15 are
1390 1440 32 23 all
1433 1440 66 31 equal
1508 1449 6 20 ;
1534 1448 45 24 you
1591 1448 37 16 are
1642 1448 38 23 my
1691 1441 99 30 brother,
1803 1443 44 24 and
1858 1443 13 24 I

1287 1480 42 15 can
1339 1480 71 24 prove
1422 1473 27 24 it.

1318 1506 49 25 Mr.
1379 1506 70 31 Long
1449 1519 34 4 —
1483 1506 70 31 Well,
1574 1508 39 23 but
1626 1507 12 24 I
1653 1508 57 24 wish
1729 1516 38 23 my
1778 1509 93 25 brother

1283 1538 75 24 would
1369 1543 36 20 act
1417 1539 54 23 with
1489 1548 64 16 more
1569 1540 148 25 moderation.
1751 1542 57 25 Will
1826 1551 44 23 you

1283 1573 98 30 promise
1393 1577 41 18 not
1445 1577 22 19 to
1480 1573 77 24 offend
1566 1574 66 31 again
1642 1575 9 23 ?
1659 1578 2 4 '

1289 1619 4 2 •
1316 1605 132 24 Defendant
1448 1618 34 4 —
1483 1606 40 23 I'll
1535 1607 60 23 stick
1607 1612 22 18 to
1641 1615 37 23 my
1690 1608 82 31 rights.

1315 1638 50 24 Mr.
1377 1638 171 32 LongVJThen
1561 1640 13 24 I
1586 1641 44 22 fine
1643 1649 42 22 you
1698 1650 15 15 a
1724 1642 102 31 shilling.

1315 1671 132 24 Defendant
1447 1685 34 3 —
1482 1672 13 23 I
1506 1674 70 22 won't
1586 1682 44 22 pay
1639 1682 13 15 a
1661 1675 110 31 farthing.

1315 1704 52 24 The
1385 1705 122 25 defendant
1530 1706 82 24 retired
1702 1708 38 23 the
1756 1708 41 24 bar
1814 1709 54 23 with

1282 1737 37 25 the
1376 1738 26 24 of
1410 1746 14 16 a
1434 1739 102 31 political
1545 1744 94 26 martyr.
1675 1741 39 23 An
1725 1741 77 24 hour's
1814 1750 53 16 con-

1281 1771 107 24 finement
1399 1772 25 23 in
1431 1772 37 23 the
1477 1772 60 23 back
1544 1773 44 23 cell
1595 1773 83 23 altered
1687 1774 35 23 his
1733 1770 133 35 patriotism.

1283 1803 96 32 Having
1387 1805 124 23 consented
1526 1810 22 19 to
1561 1807 120 23 surrender
1692 1807 37 23 his
1740 1808 80 30 rights,
1838 1809 28 24 he

1277 1845 50 16 -was
1340 1838 109 24 released.

1316 1870 110 27 Female
1457 1871 167 25 Governess.
1626 1886 33 3 —
1660 1873 47 24 The
1739 1873 129 25 Examiner

1282 1908 69 19 statas
1364 1904 49 23 that
1420 1904 37 24 the
1466 1904 115 33 following
1590 1906 174 24 advertisement
1771 1915 95 24 appears

1281 1937 24 23 in
1316 1944 19 18 a.,
1340 1939 106 29 morning
1454 1943 179 27 contemporary,
1648 1939 43 24 and
1701 1940 45 23 will
1755 1940 62 25 show
1828 1941 38 23 the

1281 1970 84 24 reward
1376 1970 73 24 which
1460 1972 20 22 is
1493 1971 72 32 likely
1578 1976 22 19 to
1612 1980 79 16 accrue
1704 1977 22 19 to
1738 1975 67 23 merit
1822 1974 44 24 and

1275 2003 152 30 .j*rjsence^—
1428 2012 56 15 even
1495 2005 21 22 if
1524 2005 38 23 the
1569 2005 82 24 female
1658 2006 116 23 candidate
1781 2008 25 22 -is
1813 2016 53 15 suc-

1281 2036 83 23 cessful
1377 2049 35 5 —
1441 2036 107 31 Wanted,
1567 2047 14 14 a
1593 2038 137 30 Governess,
1745 2040 24 23 in
1780 2048 13 15 a
1804 2040 62 31 large

1280 2069 172 25 establishment
1470 2075 41 19 not
1531 2079 68 24 many
1609 2072 64 23 miles
1684 2072 59 24 from
1759 2072 104 31 London,

1280 2106 23 19 to
1313 2103 127 24 undertake
1450 2103 40 24 the
1502 2111 61 21 care,
1574 2108 160 28 managemetit,
1748 2106 43 23 and
1802 2107 64 31 plain

1280 2136 118 24 education
1417 2136 25 24 of
1456 2137 95 32 reading
1572 2137 44 24 and
1635 2139 97 30 writing,
1753 2139 25 24 of
1798 2140 68 23 about

1278 2172 78 27 ninety
1364 2169 61 31 girls
1426 2183 31 4 —
1457 2170 42 24 her
1510 2171 73 24 whole
1595 2172 54 23 time
1659 2172 47 23 will
1722 2172 28 23 be
1761 2174 104 31 required

1280 2207 22 18 to
1320 2203 29 23 be
1362 2203 55 23 with
1436 2203 70 30 them,
1526 2204 43 31 day
1581 2204 47 24 and
1643 2205 72 30 night.
1718 2217 32 6 —
1751 2206 81 32 Salary
1833 2219 33 5 —

1273 2235 84 31 fifteen
1363 2236 91 31 pounds
1457 2244 46 23 per
1509 2244 82 17 annum

1311 2268 58 26 The
1399 2268 151 26 Chartists.
1551 2283 35 4 —
1588 2271 38 24 On
1653 2271 38 24 the
1721 2273 58 23 29th
1808 2273 57 31 May

1278 2301 47 26 Mr;
1339 2303 136 23 Duncombe
1491 2304 133 24 introduced
1642 2313 13 14 a
1672 2306 95 30 petition
1783 2306 80 30 which,

1278 2343 25 15 as
1320 2339 44 20 two
1384 2343 54 16 men
1449 2337 68 23 could
1534 2343 41 17 not
1591 2338 37 23 lift
1645 2339 26 28 it,
1689 2339 66 24 could
1774 2340 52 31 only
1836 2340 29 24 be

1278 2368 98 32 brought
1390 2369 80 24 within
1482 2369 39 24 the
1534 2370 54 24 door
1600 2371 24 24 of
1633 2371 38 24 the
1684 2372 88 30 House,
1786 2373 79 31 signed

1278 2402 29 30 by
1325 2404 132 27 1,200,000
1475 2404 86 31 people
1575 2404 36 24 for
1628 2412 28 16 an
1677 2405 90 25 address
1785 2411 23 19 to
1826 2406 38 24 the

1278 2435 82 25 Queen
1370 2435 35 24 for
1417 2444 14 15 a
1442 2436 157 25 Government
1610 2445 61 23 upon
1683 2438 103 25 Chartist
1800 2441 63 30 prin-

1277 2469 77 31 ciples,
1373 2468 45 24 and
1439 2470 35 22 for
1497 2470 40 24 the
1557 2471 128 25 immediate
1702 2472 119 25 liberation
1841 2473 25 23 of

1278 2502 47 23 Mr.
1337 2502 103 31 Feargus
1453 2503 126 24 O'Connor
1591 2504 44 24 and
1647 2504 30 24 all
1687 2505 64 24 other
1762 2506 101 31 political

1276 2536 122 30 prisoners.
1439 2536 48 24 Mr.
1506 2537 138 24 Duncombe
1660 2539 81 23 moved
1758 2539 39 24 the
1821 2539 41 24 ad-

1277 2569 74 23 dress.
1387 2569 51 23 The
1461 2569 83 24 House
1567 2571 91 24 divided
1681 2572 97 31 equally,
1801 2573 62 31 fifty-

1277 2602 62 31 eight
1352 2610 29 16 on
1394 2602 55 24 each
1461 2603 57 24 side.
1555 2604 52 24 The
1614 2604 71 31 Whig
1692 2605 103 31 Speaker
1807 2614 56 23 gave

1277 2635 136 31 his-casting
1423 2641 51 18 vote
1486 2638 91 30 against
1587 2638 26 23 it.
1650 2638 47 23 Mr.
1710 2638 124 25 O'Connor
1842 2640 20 23 is

1277 2668 115 24 candidate
1410 2669 35 23 for
1464 2669 127 30 Leicester,
1611 2670 44 24 and
1673 2671 36 24 his
1727 2672 95 24 election
1842 2674 19 22 is

1277 2703 92 23 certain.
1405 2701 25 25 It
1440 2703 19 23 is
1471 2708 23 19 to
1506 2704 29 23 be
1546 2705 115 31 supposed
1672 2704 28 24 he
1711 2705 46 24 will
1768 2705 28 24 be
1807 2706 54 23 then

1276 2736 151 31 immediately
1443 2736 119 30 liberated,
1581 2738 66 23 when
1666 2738 37 23 his
1722 2744 139 19 resentment

1276 2769 88 30 against
1375 2769 37 23 his
1424 2778 133 23 oppressors
1565 2771 46 24 will
1622 2771 56 24 have
1685 2771 43 24 full
1736 2772 60 32 play.
1821 2773 40 24 He

1275 2802 40 23 has
1337 2802 122 31 published
1480 2804 39 23 the
1535 2804 116 32 following
1671 2804 91 25 address
1781 2810 23 20 to
1823 2806 37 24 the

1277 2835 112 24 Chartists
1418 2837 26 22 in
1461 2837 38 23 his
1521 2845 139 25 newspaper,
1685 2838 38 24 the
1745 2838 117 25 Northern

1276 2867 69 25 Star:
1346 2882 30 4 —
1410 2869 13 25 I
1435 2877 45 17 was
1492 2870 110 30 shocked,
1620 2872 44 24 and
1681 2871 179 30 horror-struck,

1275 2905 22 20 to
1308 2902 56 24 hear
1381 2902 38 25 the
1430 2911 55 23 very
1495 2905 103 23 mention
1609 2905 25 23 of
1650 2913 13 16 a
1675 2906 146 30 compromise
1838 2910 24 19 at

1275 2934 38 25 the
1323 2936 101 31 meeting
1440 2936 54 24 held
1508 2938 46 23 last
1564 2937 64 25 week
1638 2943 24 19 at
1674 2938 38 24 the
1724 2939 83 23 Crown
1817 2939 44 24 and

1274 2968 102 31 Anchor,
1393 2969 46 24 and
1449 2978 39 24 my
1497 2971 114 31 principal
1632 2979 81 16 reason
1723 2972 35 23 for
1771 2973 90 31 writing

1273 3009 51 16 now
1341 3003 28 29 is,
1390 3007 24 19 to
1435 3008 62 18 enter
1515 3012 40 23 my
1571 3008 86 28 protest
1675 3012 62 25 upon
1753 3013 40 24 my
1811 3014 50 16 own

1274 3039 50 27 part
1335 3035 89 32 against
1436 3037 56 25 such
1504 3045 14 16 a
1530 3045 87 17 course.
1657 3038 56 24 And
1723 3038 63 30 then,
1799 3039 62 24 lam

1274 3068 47 24 told
1405 3068 39 25 the
1456 3070 82 24 Tories
1548 3072 49 24 will
1606 3075 35 19 set
1654 3079 35 15 me
1700 3072 57 24 free.
1793 3072 67 24 Good

1275 3101 96 25 Heaven
1379 3103 6 24 !
1409 3103 45 31 My
1459 3103 78 29 limbs,
1543 3104 88 31 though
1640 3108 85 27 strong,
1739 3105 74 24 would
1823 3113 36 16 re-

1273 3134 49 25 fuse
1341 3136 60 24 their
1422 3136 65 24 office
1503 3137 68 23 when
1590 3137 48 24 told
1655 3138 54 31 they
1717 3138 62 24 owed
1802 3138 58 24 their

1273 3167 81 33 liberty
1374 3172 23 21 to
1415 3177 40 24 my
1474 3171 116 31 country's
1596 3171 9 9 *
1612 3175 100 26 greatest
1732 3179 125 23 oppressor.

1273 3201 70 24 What
1351 3203 5 23 !
1374 3202 30 24 be
1415 3202 94 24 allowed
1520 3208 23 18 to
1556 3204 60 23 walk
1628 3204 82 23 abroad
1722 3204 50 24 and.
1783 3213 48 22 say,
1845 3204 13 24 I

1273 3242 45 17 owe
1330 3243 39 23 my
1376 3235 100 24 freedom
1487 3240 23 19 to
1522 3237 39 24 the
1571 3237 130 24 Tamworth
1710 3237 101 24 Baronet
1818 3239 5 22 !
1825 3251 34 3 —

1273 3268 38 24 the
1332 3276 54 17 man
1411 3268 75 25 whose
1511 3277 67 17 name
1603 3270 78 24 stands
1706 3271 83 23 second
1806 3271 52 33 only

1273 3305 23 19 to
1317 3301 50 25 that
1386 3302 26 23 of
1432 3303 149 31 Castlereagh
1593 3304 23 23 in
1638 3303 40 24 the
1698 3303 83 31 bloody
1797 3304 61 24 book

1273 3334 24 23 of
1306 3336 133 31 oppression
1447 3336 5 23 !
1470 3350 2 3 ■
1481 3336 62 25 Who
1555 3336 42 24 has
1614 3344 59 23 gone
1684 3336 87 25 further
1790 3341 21 19 to
1823 3342 37 19 set

1273 3367 103 25 Catholic
1387 3369 89 30 against
1493 3369 141 29 Protestant,
1654 3369 44 24 and
1713 3369 145 33 Orangemen

1272 3402 88 29 against
1377 3402 75 23 native
1470 3402 73 30 Irish,
1557 3402 57 24 than
1625 3402 38 24 Sir
1678 3402 90 24 Robert
1783 3404 57 23 Peel
1847 3404 9 23 ?

1271 3434 38 24 No
1320 3442 51 18 one.
1400 3435 56 24 And
1462 3443 37 16 am
1505 3435 48 24 Tto
1562 3435 59 25 walk
1633 3435 82 25 abroad
1727 3444 25 16 as
1764 3444 14 16 a
1783 3436 73 32 living

1270 3472 133 20 monument
1415 3468 24 24 of
1449 3468 114 31 gratitude
1576 3473 21 19 to
1609 3468 48 24 him
1666 3468 36 24 for
1714 3469 39 24 the
1763 3477 92 24 posses-

1271 3501 51 23 sion
1338 3502 26 22 of
1380 3501 50 24 that
1448 3502 84 31 liberty
1543 3502 27 23 of
1577 3502 75 24 which
1670 3501 29 25 he
1710 3502 41 24 has
1772 3503 85 24 robbed

1270 3541 40 23 my
1320 3534 114 31 country?
1468 3534 47 30 No,
1528 3543 46 21 no;
1593 3543 76 21 never,
1685 3543 76 21 never,
1773 3537 81 23 never!

1270 3566 64 25 First
1352 3567 78 32 perish
1449 3567 126 25 O'Connor
1584 3569 6 25 !
1619 3582 5 3 -
1633 3568 58 24 This
1708 3571 148 29 compromise

1270 3600 41 24 has
1322 3600 76 26 sealed
1416 3608 38 23 my
1466 3600 67 34 dopm
1544 3601 36 26 for
1591 3602 38 23 the
1640 3602 126 24 remainder
1777 3602 25 24 of
1818 3611 38 23 my

1270 3633 78 32 dreary
1365 3634 175 31 imprisonment
1547 3635 6 25 !
1573 3658 3 3 .
1590 3634 46 25 For
1652 3635 31 30 by
1699 3635 39 23 the
1755 3635 68 31 ghost
1834 3635 25 24 of

1269 3674 67 23 many
1344 3675 14 15 a
1364 3667 102 25 hundred
1474 3667 124 30 Irishmen,
1607 3668 45 23 and
1658 3668 30 30 by
1692 3675 40 23 my
1741 3668 114 32 country's

1269 3707 98 24 wrongs,
1379 3699 12 25 I
1402 3708 70 18 swear
1484 3700 51 24 that
1544 3701 21 25 if
1574 3709 31 16 an
1611 3701 66 24 order
1682 3701 34 23 for
1726 3709 39 23 ray
1771 3701 84 26 libera-

1270 3733 46 23 tion
1325 3741 63 16 come
1394 3737 134 21 to-morrow
1534 3734 60 25 from
1605 3741 14 17 a
1630 3734 62 30 Tory
1698 3738 156 27 government,

1269 3766 14 23 I
1293 3766 46 24 will
1350 3770 40 20 not
1400 3766 64 24 leave
1474 3774 40 24 my

1294 3837 64 23 Take
1368 3845 57 15 carh
1441 3846 26 14 of
1482 3846 63 14 your
1560 3839 147 21 Baggage.-—
1707 3839 22 21 A
1744 3838 72 23 friend
1833 3839 25 22 of

1268 3877 50 15 ours
1334 3878 30 15 on
1378 3870 93 28 landing
1487 3871 59 23 from
1562 3879 14 14 a
1590 3872 134 22 steam-boat
1739 3872 37 22 the
1792 3872 63 23 other

1267 3903 50 28 day,
1326 3910 57 21 gave
1392 3903 36 23 his
1438 3905 49 22 wife
1497 3905 24 23 in
1532 3905 80 28 charge
1622 3905 26 22 of
1658 3913 15 14 a
1685 3908 108 25 stranger,
1809 3907 44 22 and

1266 3937 41 22 has
1316 3941 40 20 not
1365 3937 61 23 aince
1437 3938 69 23 heard
1517 3939 26 22 of
1553 3939 48 22 her.
1602 3950 28 5 —
1630 3940 112 21 American
1752 3947 74 19 paper.

80 1594 106 24 Another
283 1595 94 24 entitled
387 1595 38 24 the
436 1595 124 24 Auckland
567 1596 71 25 Chro-

45 1627 66 30 nicle,
121 1628 42 25 has
175 1628 112 32 appeared
295 1633 23 21 at
325 1628 132 26 Auckland.
488 1629 25 23 It
520 1631 22 21 is
548 1631 91 30 printed

47 1661 54 23 with
113 1661 40 24 the
163 1666 52 27 type
227 1661 56 24 with
297 1661 75 24 which
389 1662 39 24 the
445 1662 52 31 Bay
509 1662 31 31 of
545 1662 94 25 Islands

47 1694 135 24 Advertiser
193 1702 45 17 was
249 1695 100 31 printed-.
386 1695 43 24 We
440 1695 80 32 gather
528 1695 61 25 from
600 1697 38 24 the

46 1727 92 31 leading
150 1729 77 23 article
244 1729 52 22 that
312 1729 20 23 it
341 1729 23 22 is
372 1728 73 32 likely
456 1734 22 18 to
495 1737 86 25 oppose
599 1730 38 25 the

46 1761 165 25 Government.
247 1762 24 24 It
280 1762 43 26 has
330 1762 146 24 commenced
481 1762 32 31 by
521 1763 115 24 denounc-

45 1794 42 31 ing
107 1795 40 23 the
168 1795 126 24 Auckland
316 1800 87 26 system
428 1796 27 23 of
474 1795 119 33 disposing
615 1797 24 24 of

45 1828 146 24 wastelands
205 1828 49 24 and'
262 1833 67 19 town-
335 1829 138 24 allotments.
509 1829 127 32 Subjoined

45 1861 20 23 is
83 1861 37 24 the
135 1861 126 32 prediction
272 1862 27 23 of
314 1862 39 24 the
365 1862 80 30 editor,
457 1862 20 24 if
492 1862 40 24 the
550 1868 86 28 system

46 1893 28 25 be
85 1895 101 29 pursued
194 1904 6 16 :
202 1908 34 5 —

98 1934 49 22 The
158 1935 51 21 Seat
218 1934 24 22 of
256 1934 163 29 Government,
435 1934 89 23 instead
534 1936 26 21 of
568 1936 67 27 being

45 1960 37 21 the
92 1962 56 25 first
157 1959 173 30 inlmportance
335 1977 4 4 ■
346 1969 83 20 among
440 1962 38 22 the
493 1962 142 22 Settlements

46 1988 26 21 of
85 1988 38 22 the
134 1988 91 28 Colony,
243 1988 52 28 will,
311 1989 75 21 unless
397 1996 19 16 .a
431 1989 92 27 change-
537 1989 98 28 speedily

44 2014 53 21 take
104 2015 147 25 'place.iirthe
260 2016 109 31 policy.of
375 2015 38 21 the
425 2016 126 23 Governor^
560 2016 75 21 follow

44 2040 38 21 the
93 2040 141 26 melancholy
243 2040 46 21 fate
300 2041 26 20 of
334 2041 37 20 the
381 2041 49 27 Bay
440 2041 27 21 of
473 2040 88 22 Islands
568 2049 6 18 ;
590 2042 45 21 and

45 2066 56 22 New
105 2066 100 23 Zealand
213 2066 44 22 add
262 2073 44 15 one
314 2074 62 15 more
383 2070 23 18 to
412 2067 38 23 the
458 2067 37 22 list
502 2068 25 21 of
532 2068 102 23 Colonies

43 2094 81 21 ruined
134 2094 29 26 by
537 2110 4 3 .
553 2109 3 4 .
579 2102 3 3 •

79 2129 136 24 Married.
227 2141 27 5 —
254 2135 8 11 :
272 2129 36 24 At
342 2129 157 29 Kororareka,
532 2130 52 32 Bay
612 2132 24 23 of

45 2162 99 29 Islands,
164 2170 29 16 on
212 2162 122 31 Saturday,
348 2163 59 25 30th
414 2167 4 4 '
426 2163 109 30 October,
553 2164 33 31 by
596 2164 38 24 the

46 2195 58 24 Rev.
130 2195 88 24 Robert
239 2196 117 28 Burrows,
386 2196 95 25 Charles
503 2197 130 32 Babington

41 2228 103 31 J3rewer,
161 2230 66 31 Esq.,
240 2229 26 23 of
278 2229 139 30 Auckland,-
424 2230 208 31 barrister-at-law,

44 2266 22 19 to
90 2262 122 25 Elizabeth
240 2262 110 30 Eleanor,
374 2263 74 24 eldest
476 2263 112 32 daughter
612 2265 24 24 of

45 2296 97 31 Captain
155 2296 30 24 G;
194 2296 30 24 T.
234 2296 107 31 Clayton,
354 2297 26 23 of
386 2297 38 23 the
434 2297 51 30 Bay
497 2297 25 23 of
531 2297 100 26 Islands,

43 2341 33 5 —
76 2330 34 23 At
128 2329 249 30 Government-house,
399 2330 131 30 Auckland,
548 2339 31 16 on
595 2331 38 24 the

43 2363 63 25 22nd
119 2362 107 31 October,
238 2363 79 24 David
333 2363 96 32 Rough,
443 2364 68 31 Esq.,
524 2364 109 26 Harbour

44 2395 96 31 Master,
149 2400 21 20 to
182 2397 88 31 Ellery,
279 2396 114 32 daughter
401 2398 27 23 of
437 2397 39 24 the
485 2398 47 23 late
542 2398 91 32 George

43 2429 78 30 Short,
133 2430 68 31 Esq.,
214 2431 24 23 of
247 2430 98 24 Exeter.

76 2463 49 24 Mr.
146 2463 116 24 Crawford
280 2464 91 23 arrived
388 2468 23 22 at
429 2463 133 31 Auckland,
574 2465 59 24 from

43 2494 100 34 Sydney,
154 2497 26 23 in
186 2497 38 24 the
231 2496 127 31 Exporter,
364 2505 29 15 on
405 2498 38 24 the
455 2497 60 25 29th
522 2497 108 26 October.

77 2530 51 23 The
145 2530 121 24 Auckland
284 2527 97 27 Herald
397 2532 19 22 is
436 2531 145 32 denouncing
593 2532 38 24 the

43 2562 157 25 Government
214 2567 88 28 system
313 2564 26 23 of
354 2564 55 24 land
421 2564 90 31 selling,
523 2565 75 25 which
614 2567 18 23 it

43 2597 97 27 entitles,
207 2597 142 38 Restrictive
523 2598 24 23 It
558 2607 73 16 seems

41 2633 23 19 to
76 2630 84 25 incline
170 2634 24 20 to
205 2630 39 24 the
250 2621 139 45 '-i^^efieid
400 2631 66 25 mode
478 2631 26 24 of
515 2631 117 33 disposing

41 2663 26 23 of
75 2663 62 26 land,
172 2663 24 26 A
207 2664 149 29 contributor,
369 2664 24 24 in
405 2664 49 25 that
465 2673 79 24 paper,
555 2666 76 25 writes

41 2704 30 17 on
82 2696 39 26 the
133 2697 88 34 subject
232 2697 25 24 of
265 2701 62 20 town
335 2698 54 24 land
401 2699 60 23 sales
472 2707 6 16 :—.:
479 2711 35 5 —
520 2722 5 2 .

92 2735 43 22 Let
150 2743 30 15 no
196 2743 44 15 one
261 2743 96 25 suppose
376 2736 50 23 that
442 2737 38 22 the
503 2737 127 23 allotments

42 2769 65 17 were,
114 2762 132 23 considered
259 2763 150 29 intrinsically
425 2764 70 22 worth
512 2764 39 22 the
567 2772 63 15 enor-

43 2795 63 16 mous
120 2797 60 14 sums
189 2790 66 26 given
269 2790 37 22 for
315 2790 71 28 them,
396 2798 26 15 or
436 2791 50 22 that
495 2791 63 23 these
572 2799 58 15 were

42 2816 135 28 voluntarily
191 2816 89 24 offered.
308 2817 53 25 The,
374 2818 109 23 Colonists
494 2824 57 16 were
568 2819 62 21 abso-

42 2842 71 28 lutely
121 2843 125 28 compelled
255 2847 26 23 to.
287 2843 52 27 give
349 2844 61 25 them
419 2845 26 21 in
459 2844 65 22 order
534 2849 22 18 to
567 2845 63 23 effect

42 2876 13 15 a
62 2870 134 28 settlement,
207 2877 24 15 or
238 2874 23 18 at
269 2878 58 14 once
333 2871 65 23 leave
405 2871 38 23 the
451 2872 89 27 colony.
568 2872 62 22 Each

41 2903 44 15 was
95 2897 80 28 pitted.
175 2898 87 27 against
270 2897 41 26 his.
316 2898 133 27 neighbour,
461 2898 47 22 and
516 2899 78 21 forced
607 2902 23 19 to

41 2924 55 26 give,
107 2924 39 22 the
160 2924 42 22 last
217 2924 107 28 sixpence
337 2924 37 28 in.
378 2924 35 23 his
429 2927 141 25 possession;
586 2926 44 22 and

42 2950 37 22 the
226 2954 22 19 to
262 2950 78 23 obtain
346 2948 46 29 .ah,
402 2952 119 24 allotment
534 2959 45 15 was
593 2952 36 22 the

41 2981 95 24 greater,
151 2985 23 15 as
184 2976 115 24 hundreds
314 2977 46 23 had
370 2978 80 22 waited
465 2985 28 15 on
504 2979 35 21 for
548 2986 14 14 a
576 2979 54 28 long

42 3004 53 22 time
100 3004 26 22 in
136 3005 140 28 expectation
284 3004 25 22 of
318 3004 45 22 this
370 3005 52 28 sale,
429 3005 48 26 .and
485 3005 46 24 had
537 3005 92 23 become

43 3032 59 26 quite
112 3032 155 23 disheartened
276 3031 56 23 with
339 3032 38 24 the
386 3032 55 22 slow
450 3039 103 21 progress
560 3030 33 25 of
593 3033 36 22 the

43 3054 143 32 Settlement;
200 3059 41 22 but
250 3059 72 21 above
330 3059 31 21 all
368 3059 56 22 with
431 3059 40 22 the
479 3059 88 28 painful
574 3063 56 21 state

42 3085 25 21 of
76 3086 143 27 uncertainty
227 3086 23 22 in
260 3085 75 23 which
346 3093 75 19 .every
430 3086 72 27 thing,
511 3094 45 17 was
556 3098 29 5 —
585 3087 45 22 and

41 3111 46 22 still
95 3112 18 21 is
113 3123 29 4 —
142 3112 124 23 connected
274 3112 54 22 with
340 3113 38 21 the
389 3113 157 23 Government
554 3113 27 24 of
592 3113 37 25 the

41 3141 102 24 country.
169 3162 3 3 .

73 3174 78 25 There
169 3175 27 24 is'
207 3183 15 16 a
240 3174 57 33 long
316 3176 51 23 and.
381 3175 50 24 able
452 3176 78 24 article
549 3176 26 24 in
591 3176 38 24 the

41 3204 96 29 Herald
157 3216 29 16 on
207 3209 38 23 the
267 3209 91 31 subject
377 3209 26 24 of
422 3210 152 30 augmenting
591 3210 38 24 the

40 3246 97 19 revenue
149 3242 25 23 of
190 3241 57 25 New
258 3241 117 31 Zealand^
405 3242 52 24 The
468 3243 76 23 writer
554 3244 75 23 main-

41 3274 58 24 tains
109 3275 52 24 that
170 3276 19 23 it
205 3275 21 24 is
244 3267 154 40 desirablj^to
412 3275 61 25 have
488 3275 39 24 the
544 3276 85 32 largest

41 3313 96 19 revenue
147 3308 75 25 which
233 3316 42 16 can
286 3308 35 24 be-
328 3308 113 30 obtained,
454 3317 26 16 as
490 3317 15 16 a
515 3317 80 17 means
607 3311 23 23 of

41 3340 169 34 administering
219 3342 37 24 the
267 3341 160 27 Government
436 3342 55 24 with
502 3343 125 32 efficiency.

41 3372 50 26 The
107 3375 67 24 mode
191 3375 125 32 suggested
332 3376 37 23 for
388 3376 183 31 accomplishing
590 3378 38 23 the

41 3406 80 32 object,
134 3417 93 23 appears
239 3409 64 24 tobe
314 3409 120 31 disposing
446 3409 26 24 of
481 3414 70 21 waste
561 3411 67 23 lands

41 3439 23 24 in
74 3441 58 24 such
142 3450 15 16 a
165 3450 101 22 manner,
275 3442 47 27 and
334 3451 30 16 on
375 3443 57 24 such
443 3447 78 26 terms,
532 3451 25 16 as
570 3444 58 24 shall

40 3471 50 26 lead
110 3479 25 20 to
158 3484 13 17 a
191 3475 66 35 rapid
278 3475 126 27 alienation
426 3477 26 23 of
469 3476 73 25 them.
576 3477 52 26 The

41 3507 122 26 Auckland
183 3513 85 30 system
290 3510 27 24 of
335 3510 55 24 land
410 3510 61 24 sales
490 3518 96 25 appears
604 3515 24 20 to

41 3538 55 26 have
106 3541 59 25 been
173 3542 119 25 borrowed
301 3543 60 25 from
373 3544 38 26 the
419 3544 55 32 plan
485 3545 101 30 pursued
597 3545 31 31 by

42 3572 36 24 Sir
90 3574 90 33 George
192 3575 74 34 Gipps
276 3577 26 23 in
313 3576 59 24 New
383 3577 76 24 South
469 3577 80 24 Wales
556 3587 7 20 ;
582 3578 46 24 and

40 3605 19 23 it
68 3606 19 24 is
104 3609 115 30 predicted
234 3609 57 30 that,
304 3609 21 25 if
342 3610 19 24 it
377 3610 30 24 be
423 3611 147 29 maintained,
588 3611 39 24 the

41 3639 77 33 colony
129 3642 46 23 will
184 3646 42 21 not
234 3642 94 24 become
340 3644 127 29 attractive,
476 3644 45 24 and
531 3645 31 31 by
572 3653 54 15 con-

40 3679 107 24 sequence
159 3675 46 26 will
213 3675 67 25 make
290 3675 44 25 but
344 3684 55 23 very
410 3677 56 24 slow
476 3685 115 24 progress.

73 3707 50 23 The
134 3709 141 31 inefficiency
290 3709 26 24 of
332 3708 40 25 the
388 3710 131 33 post-office
530 3719 96 23 appears

40 3741 22 20 to
73 3739 28 24 be
112 3742 140 31 complained
262 3741 25 25 of
302 3743 25 23 in
345 3742 83 26 almost
445 3750 68 26 every
529 3745 98 23 number

40 3771 25 23 of
71 3773 38 24 the
127 3782 69 24 paper
204 3784 6 20 ;
229 3776 44 25 but
281 3776 135 33 apparently
426 3776 95 25 without
534 3777 93 32 leading

40 3807 22 20 to
73 3813 43 24 any
127 3809 151 25 amendment.

71 3839 25 24 A
106 3842 174 31 correspondent
288 3841 26 27 of
323 3841 39 25 the
374 3850 70 24 paper
455 3849 110 26 proposes
576 3843 49 24 that

41 3877 12 18 ft
74 3872 60 33 jetty
156 3875 80 24 should
257 3875 29 24 be
307 3875 68 26 built.
411 3875 53 25 The
485 3877 76 24 writer
583 3877 42 23 ob-

41 3910 73 19 serves
114 3919 35 6 —

88 3937 11 23 I
107 3937 115 26 had/often
232 3938 70 24 heard
311 3941 28 22 of
349 3940 38 23 tha
397 3940 148 28 impediment
561 3948 64 16 occa-

780 2415 197 24 ENGLISH
1001 2416 130 24 NEWS.

694 2466 91 25 Novel
807 2474 171 17 compliment
995 2475 30 16 to
1045 2475 52 17 the
1117 2468 78 24 Duke
1217 2476 30 16 of

660 2499 189 25 Wellington.
850 2513 35 4 —
887 2500 39 24 On
944 2500 111 32 Monday,
1075 2501 59 24 June
1148 2503 22 29 7,
1186 2499 63 34 (says

661 2541 13 16 a
686 2532 197 33 correspondent,)
896 2534 83 31 during
997 2534 38 25 the
1054 2536 90 29 aquatic
1158 2543 90 24 proces-

661 2567 50 23 sion
723 2567 25 23 of
765 2567 38 24 the
823 2567 93 32 Trinity
928 2567 77 24 Board
1017 2576 30 15 on
1066 2569 38 22 the
1123 2570 65 28 river,
1212 2569 37 23 the

659 2600 52 24 firm
720 2600 27 23 of
754 2600 114 32 Hodgson
879 2601 44 23 and
931 2600 96 30 Abbott,
1040 2602 52 31 pale
1104 2602 35 24 ale
1150 2602 99 31 brewery

659 2634 26 23 in
692 2633 125 32 Wapping,
827 2634 97 31 adopted
936 2642 13 15 a
960 2635 67 23 novel
1038 2635 66 24 mode
1117 2635 26 24 of
1156 2635 92 32 compli-

659 2668 104 30 menting
781 2668 38 24 the
831 2668 71 24 Duke
915 2668 25 23 of
956 2667 150 32 Wellington,
1125 2668 90 24 Master
1226 2669 24 23 of

659 2701 38 24 the
706 2700 185 32 Trinity-house,
904 2709 25 18 as
939 2701 30 23 he
979 2702 84 31 passed
1073 2702 59 24 their
1140 2703 108 31 premises

659 2743 31 15 on
699 2734 38 24 his
744 2743 50 23 way
800 2739 24 19 to
834 2734 115 32 Deptford
961 2735 62 23 tobe
1036 2743 75 16 sworn
1122 2737 25 23 in
1157 2735 91 24 accord-

658 2769 41 31 ing
713 2773 23 18 to
755 2769 85 23 annual
859 2772 90 19 custom
962 2768 36 23 for
1015 2768 39 23 the
1073 2770 97 30 ensuing
1186 2776 60 24 year.

651 2812 1 7 '
659 2802 52 24 The
720 2802 61 23 river
784 2802 105 31 frontage
899 2809 47 16 was
954 2802 121 24 decorated
1080 2803 55 23 with
1141 2803 57 30 flags
1205 2802 43 24 and

658 2835 108 29 banners,
790 2835 61 24 from
872 2835 41 23 the
936 2842 91 17 corners
1048 2835 27 24 of
1093 2836 74 23 which
1187 2836 62 31 hung

658 2868 84 24 bottles
757 2866 24 25 of
790 2868 69 24 India
868 2868 53 31 pale
932 2868 44 24 ale.
1012 2868 53 24 One
1076 2869 47 32 flag
1139 2870 56 23 bore
1205 2869 42 30 ,the

658 2901 144 31 inscription,
859 2901 152 31 Wellington,
1040 2902 40 24 the
1103 2903 65 24 Hero
1191 2903 25 23 of
1234 2911 14 15 a

659 2934 116 25 Hundred
899 2934 45 26 and
955 2942 47 17 was
1009 2935 26 24 of
1038 2936 112 24 immense
1160 2936 87 24 dimen-

658 2968 72 24 sions.
765 2967 32 24 In
807 2967 62 25 front
881 2968 26 24 of
922 2967 49 25 the*
976 2968 75 25 wharf
1063 2977 47 16 was
1122 2978 12 15 a
1146 2969 101 33 splendid

657 3001 78 31 yacht,
751 3000 44 25 ,the
811 3005 109 28 property
932 3001 26 24 of
964 3009 2 5 '
972 3001 48 25 Mr.
1038 3002 33 24 E.
1089 3002 97 30 Abbott,
1209 3003 38 24 the

657 3039 94 27 partner
769 3034 26 24 of
815 3034 49 24 Mr.
878 3034 124 31 Hodgson,
1024 3035 71 24 M.P.
1117 3037 37 23 for
1173 3037 74 23 Barn-

658 3068 81 31 staple,
747 3067 76 25 which
833 3075 46 16 was
891 3068 102 24 adorned
1002 3068 55 24 with
1069 3069 39 24 the
1115 3070 57 31 flags
1184 3070 24 23 of
1217 3070 30 24 all

657 3101 91 26 nations
757 3101 60 24 from
828 3101 38 24 the
878 3105 59 20 stem
948 3105 24 20 to
983 3101 39 24 the
1033 3106 40 28 top
1085 3103 26 23 of
1125 3103 37 24 the
1174 3104 73 23 main-

657 3138 68 26 mast,
743 3134 45 24 and
800 3134 84 26 thence,
892 3139 24 19 to
927 3134 38 24 the
984 3139 70 20 stern.
1090 3136 25 24 A
1125 3136 88 32 battery
1224 3136 25 24 of

659 3170 32 22 12
701 3175 61 24 guns
774 3176 46 16 was
829 3160 80 39 placed
918 3175 29 17 on
959 3167 39 25 the
1009 3168 63 24 front
1080 3170 25 23 of
1115 3170 38 23 the
1165 3170 80 29 wharf,

656 3202 60 23 from
726 3200 75 27 which
821 3209 14 16 a
846 3201 73 24 salute
938 3208 46 17 was
996 3202 57 24 fired
1074 3211 25 15 as
1118 3203 36 24 his
1172 3203 74 23 Grace

656 3234 84 32 passed
761 3235 40 23 the
817 3235 111 31 brewery,
949 3235 46 23 and
1013 3235 65 24 three
1101 3237 66 23 times
1184 3237 61 23 three

657 3268 80 31 hearty
748 3268 79 24 cheers
845 3275 58 17 were
914 3276 16 23 g
937 3268 52 24 iven
1001 3268 30 31 by
1043 3268 38 25 the
1095 3277 92 16 seamen
1196 3270 49 23 who

656 3301 100 25 manned
766 3301 39 24 the
816 3301 68 32 yards
897 3301 25 23 of
939 3301 40 23 the
994 3301 77 31 yacht,
1089 3303 44 23 and
1146 3303 38 24 the
1194 3310 52 17 men

656 3335 26 24 in
693 3334 38 24 the
743 3335 91 31 employ
847 3334 24 24 of
887 3334 38 24 the
936 3334 62 24 firm.
1032 3335 25 24 A
1068 3340 66 28 party
1146 3336 24 24 of
1184 3336 61 24 Con-

656 3368 112 24 servative
780 3367 128 33 gentlemen
916 3368 25 23 in
952 3367 39 25 the
1000 3367 184 33 drawing-room,
1195 3369 50 24 who

655 3401 49 24 had.
718 3406 47 19 met
777 3406 30 19 tON
820 3400 69 32 adopt
904 3408 116 17 measures
1032 3406 23 19 to
1068 3410 79 16 secure
1158 3403 37 23 the
1206 3411 38 15 re-

656 3439 53 20 turn
721 3434 26 24 of
762 3435 48 23 Mr.
824 3434 96 30 Abbott,
941 3434 40 24 the
991 3436 252 30 proposed-Conserva-

656 3470 45 23 tive
713 3468 118 23 candidate
842 3468 35 23 for
894 3467 40 24 the
946 3467 81 24 Tower
1040 3468 116 30 Hamlets,
1170 3469 73 24 drank

656 3502 38 24 the
711 3501 78 24 health
802 3501 25 23 of
842 3500 36 24 his
892 3501 75 23 Grace
979 3501 66 23 when
1066 3502 38 24 the
1122 3502 86 32 shallop
1220 3503 25 23 in

656 3534 74 25 which
741 3534 29 24 he
779 3542 46 16 was
837 3534 77 24 seated
923 3541 46 17 was
981 3535 103 31 opposite
1095 3535 38 24 the
1143 3536 99 28 window,

655 3569 25 24 in
692 3567 133 25 Herculean
835 3568 89 31 glasses
936 3567 26 23 of
976 3572 80 27 strong
1067 3569 51 30 pale
1129 3569 41 29 ale,
1190 3569 54 24 each

655 3602 94 31 holding
760 3610 14 15 a
783 3601 71 25 bottle
865 3600 46 24 and
922 3609 14 15 a
946 3600 56 29 half,
1014 3601 45 24 and
1070 3602 36 23 his
1120 3602 73 24 Grace
1202 3610 40 24 ap-

654 3635 83 33 peared
755 3634 70 24 much
845 3634 94 32 pleased
960 3634 56 23 with
1037 3634 40 24 the
1099 3635 145 33 compliment

654 3668 52 33 paid
717 3668 57 29 him,
786 3667 45 26 and
841 3667 80 24 bowed
931 3671 23 19 to
965 3667 40 24 the
1014 3668 132 30 gentlemen
1156 3676 86 16 assem-

653 3702 60 26 bled.
750 3701 52 25 The
812 3709 63 17 same
887 3700 147 32 compliment
1044 3708 46 17 was
1106 3701 54 32 paid
1170 3706 23 18 to
1203 3701 39 24 the

654 3735 67 25 noble
732 3734 70 27 Duke
811 3743 30 16 on
852 3734 36 24 his
897 3738 87 25 return,
996 3734 45 23 and
1052 3734 38 24 the
1097 3734 72 26 whole
1177 3742 65 16 scene

653 3777 46 16 was
706 3776 44 16 one
756 3769 26 23 of
786 3776 14 16 a
805 3772 60 21 most
869 3767 116 25 animated
993 3767 125 25 character.
1141 3767 98 25 Messrs.

655 3802 115 31 Hodgson
781 3801 45 27 and
835 3801 90 26 Abbott
941 3808 58 23 gave
1010 3809 13 15 a
1034 3801 76 24 barrel
1122 3801 26 24 of
1162 3805 80 27 strong

653 3835 36 25 ale
706 3839 24 19 to
751 3835 59 25 their
831 3834 140 31 neighbours
990 3834 46 23 and
1052 3834 124 29 workmen,
1197 3834 43 24 and

652 3868 40 24 the
730 3868 66 23 Hero
809 3868 26 23 of
850 3876 12 15 a
873 3867 105 24 hundred
1086 3874 45 16 was
1145 3866 95 32 pledged

652 3901 25 24 in
695 3908 70 23 many
776 3909 13 15 a
802 3901 97 30 bumper
909 3900 27 24 of
953 3900 38 22 the
1010 3900 59 31 good
1087 3900 38 23 old
1141 3899 98 32 English

652 3934 119 30 beverage.
772 3946 35 4 —
807 3933 106 30 Evening
925 3930 72 32 Mail,,
1008 3932 61 24 June
1082 3934 40 23 14.

1899 2257 4 4 .
1920 2237 60 22 New
1999 2238 129 22 National
2146 2241 70 20 Bank
2237 2247 27 14 in
2282 2243 120 20 America.
2404 2253 28 6 —
2432 2243 43 21 The

1893 2264 109 28 following
2016 2268 19 19 is
2044 2268 36 19 the
2094 2268 50 26 plan
2155 2268 24 20 of
2190 2269 35 19 the
2241 2275 45 14 new
2301 2269 56 20 bank
2372 2269 103 27 proposed

1894 2292 27 26 by
1938 2293 35 20 the
1990 2294 64 26 Whig
2070 2301 24 15 or
2111 2296 108 20 dominant
2237 2299 60 23 party
2306 2296 23 20 in
2345 2297 35 20 the
2396 2297 79 21 United

1894 2320 76 21 States.
1999 2322 45 20 The
2051 2322 54 20 bank
2113 2323 18 19 is
2139 2325 21 18 to
2171 2323 25 20 be
2204 2324 66 20 called
2298 2323 36 20 the
2342 2324 66 21 Fiscal
2416 2325 59 21 Bank

1893 2348 25 19 of
1928 2349 36 19 the
1975 2348 79 22 United
2168 2351 43 19 and
2219 2353 23 18 to
2251 2351 26 20 be
2286 2351 22 19 in
2326 2351 148 28 Washington,

1892 2376 159 25 withjbranches
2059 2377 22 20 in
2091 2378 36 19 the
2136 2377 75 21 States.
2241 2379 141 20 Government
2393 2382 21 18 to
2425 2381 49 20 sub-

1892 2403 69 20 scribe
1971 2405 99 19 one-fifth
2079 2405 25 19 of
2117 2405 35 20 the
2162 2407 82 25 capital,
2262 2406 68 20 which
2339 2407 19 19 is
2368 2410 22 17 to
2406 2408 24 20 be
2439 2409 34 23 30,

1892 2430 90 24 000,000
1993 2431 76 21 dollars
2078 2440 6 16 ;
2098 2433 42 19 and
2150 2433 35 20 the
2202 2433 67 21 States
2280 2433 61 27 (such
2350 2440 22 14 as
2389 2435 84 26 choose)

1892 2459 22 18 to
1924 2458 108 21 subscribe
2039 2460 34 19 the
2084 2463 87 17 amount
2179 2461 38 21 due
2228 2464 21 17 to
2258 2462 55 20 them
2324 2461 23 20 of
2360 2462 35 20 the
2403 2463 71 24 fourth,

1891 2484 123 22 instalment
2024 2487 23 19 of
2059 2487 35 20 the
2101 2502 4 6 ,
2108 2487 93 27 deposits
2216 2491 40 19 act.
2285 2488 44 20 The
2341 2490 60 20 stock
2413 2494 20 17 to
2449 2491 24 19 be

1891 2512 94 25 insured,
1995 2514 85 25 bearing
2089 2521 27 13 an
2131 2515 87 21 interest
2226 2516 26 20 of
2262 2517 13 18 5
2286 2522 37 20 per
2337 2519 48 18 cent
2395 2524 12 13 a
2417 2518 55 25 year;

1891 2540 135 25 redeemable,
2035 2541 19 21 if
2061 2541 143 22 Government
2210 2544 75 25 please,
2297 2544 22 19 in
2327 2544 71 20 fifteen
2407 2551 66 20 years.

1892 2567 68 21 States
1974 2574 49 20 may
2032 2570 47 19 take
2087 2570 61 20 stock
2158 2573 23 17 to
2189 2571 34 19 the
2233 2572 70 19 extent
2311 2571 25 20 of
2348 2572 125 24 10,000,000

1892 2595 84 25 dollars,
1991 2596 20 20 if
2023 2597 48 26 they
2085 2597 59 20 wish.
2154 2593 4 5 '
2174 2598 125 24 20,000,000
2313 2598 78 22 dollars
2402 2600 24 19 of
2438 2601 35 20 tha

1892 2623 62 19 stock
1963 2625 23 18 to
1995 2623 26 21 be
2031 2624 120 20 subscribed
2160 2624 33 21 for
2206 2625 26 27 by
2245 2626 132 21 individuals.
2406 2628 67 20 There

1891 2656 34 14 are
1935 2652 23 18 to
1968 2651 25 20 be
2004 2658 62 13 seven
2077 2652 109 25 directors,
2197 2654 40 19 two
2251 2656 24 17 to
2283 2654 26 20 be
2317 2654 114 27 appointed
2444 2655 29 26 by

1891 2677 35 20 the
1931 2677 113 21 -President
2050 2679 41 20 and
2101 2679 82 26 Senate,
2195 2681 41 19 and
2244 2682 40 19 five
2292 2684 21 17 to
2324 2682 25 19 be
2359 2682 79 20 elected
2446 2682 27 26 by

1890 2705 36 20 the
1940 2706 145 21 stockholders
2092 2714 6 17 ;
2113 2708 40 19 and
2165 2708 35 19 the
2213 2709 105 25 president
2333 2708 24 21 of
2369 2709 36 20 the
2416 2710 56 21 bank

1890 2734 22 17 to
1926 2732 28 21 be
1966 2734 79 20 chosen
2058 2734 29 26 by
2101 2734 35 20 the
2150 2734 108 25 directors,
2275 2738 37 18 out
2321 2736 24 20 of
2357 2736 56 21 their
2426 2744 47 15 own

1890 2759 63 27 body.
1981 2761 46 20 The
2037 2762 101 20 branches
2152 2764 22 19 to
2185 2763 25 20 be
2219 2764 100 26 managed
2333 2764 27 27 by
2369 2764 54 21 from
2433 2765 40 21 five

1890 2789 22 18 to
1926 2793 72 15 seven'
2003 2789 109 23 directors,
2127 2791 40 18 two
2188 2792 24 18 to
2225 2791 26 19 be
2265 2797 44 21 app-
2312 2791 65 20 tinted
2390 2791 33 27 ,by
2437 2793 36 19 the

1891 2814 58 21 State
1958 2816 24 19 in
1990 2816 69 21 which
2066 2817 35 19 the
2112 2816 54 21 bank
2178 2818 17 20 is
2209 2818 87 20 located.
2326 2819 44 19 The
2379 2819 56 20 bank
2450 2823 22 17 to

1891 2843 78 20 receive
1980 2844 36 20 the
2028 2844 71 26 public
2110 2845 80 20 monies
2200 2845 24 20 of
2236 2845 36 21 the
2282 2845 78 21 United
2372 2846 68 21 States
2449 2854 24 13 as

1890 2876 13 13 a
1916 2872 97 25 treasury
2019 2878 6 17 ;
2040 2871 40 20 and
2090 2872 36 20 the
2141 2872 91 26 deposits
2246 2875 38 18 not
2298 2877 21 16 to
2333 2873 26 20 be
2375 2875 97 21 removed

1890 2900 74 24 except
1972 2898 28 26 by
2009 2899 46 20 law.
2083 2899 68 20 Notes
2161 2900 25 20 of
2197 2901 34 19 the
2242 2900 55 20 bank
2306 2903 23 17 to
2343 2901 26 20 be
2378 2902 94 20 received

1889 2924 35 21 for
1936 2925 73 27 public
2020 2927 57 19 dues.
2106 2926 61 20 Bank
2181 2929 23 19 to
2218 2928 95 20 transmit
2326 2928 64 20 funds
2399 2929 25 20 of
2435 2930 37 20 the

1891 2952 78 21 United
1980 2953 68 21 States
2058 2957 22 17 to
2090 2954 29 20 all
2126 2957 59 23 parts
2194 2955 24 20 of
2230 2955 35 20 the
2277 2955 77 21 Union.
2382 2956 32 20 To
2425 2957 24 22 be
2459 2964 13 14 a

1889 2979 56 21 bank
1955 2981 24 19 of
1990 2981 55 20 issue
2054 2981 43 21 and
2110 2981 98 23 discount
2214 2990 6 17 ;
2235 2983 39 21 hut
2283 2983 77 21 annual
2373 2983 99 23 dividend

1889 3008 22 18 to
1921 3007 145 23 stockholders
2076 3011 39 18 not
2130 3011 22 19 to
2161 3011 76 19 exceed
2248 3011 12 19 6
2270 3017 36 20 per
2320 3012 54 19 cent.
2404 3011 67 22 Debts

1888 3040 64 15 never
1964 3037 24 20 to
1997 3036 76 20 exceed
2087 3037 127 24 20,000,000
2225 3038 77 20 dollars
2316 3039 65 20 above
2392 3039 27 20 its
2435 3039 35 20 de-

1888 3062 74 25 posits,
1977 3063 43 20 and
2038 3063 61 21 debte
2112 3064 41 20 due
2172 3066 23 18 to
2209 3065 17 20 it
2240 3071 61 15 never
2314 3067 24 19 to
2351 3066 76 22 exceed
2442 3063 30 26 its'

1889 3089 82 26 capital,
1982 3091 42 19 and
2035 3091 24 21 75
2070 3096 37 21 per
2116 3092 56 19 cent,
2188 3092 72 20 above:
2289 3092 57 27 Only
2358 3095 22 18 to
2391 3094 79 21 receive

1889 3117 12 19 6
1911 3123 38 20 per
1962 3120 56 18 cent,
2030 3124 27 14 on
2070 3119 68 19 loans.
2166 3119 46 20 Not
2222 3121 22 18 to
2259 3119 96 21 discount
2366 3126 48 15 over
2430 3122 38 19 180

1889 3143 57 26 days.
1973 3145 45 20 Not
2032 3148 22 18 to
2064 3151 68 15 renew
2146 3146 66 20 debts.
2240 3146 45 21 Not
2293 3149 22 18 to
2325 3147 49 20 lend
2389 3148 81 23 United

1889 3171 68 21 States
1966 3179 59 14 more
2033 3173 50 20 than
2093 3173 114 24 3,000,000
2217 3174 84 23 dollars,
2312 3180 38 15 nor
2360 3181 41 20 any
2411 3176 59 22 State

1887 3205 58 14 more
1960 3200 51 21 than
2028 3200 88 23 100,000
2132 3200 83 22 dollars.
2244 3201 44 22 Not
2302 3204 22 19 to
2338 3202 56 21 issue
2409 3207 60 18 notes

1887 3226 63 20 lower
1964 3228 52 19 than
2032 3228 25 19 10
2073 3227 85 22 dollars'.
2186 3228 69 22 Never
2271 3232 22 18 to
2312 3229 50 23 lend
2377 3230 29 21 its
2423 3237 47 16 own.

1888 3254 79 21 officers
1972 3262 6 16 ;
1990 3254 42 21 and
2037 3254 66 22 books
2111 3257 23 18 to
2141 3256 25 21 be
2173 3256 108 22 examined
2285 3256 28 28 by
2319 3257 151 23 Government.

1887 3281 49 21 And
1945 3288 62 15 never
2018 3284 22 18 to
2049 3283 93 25 suspend
2150 3284 69 26 specie
2228 3286 117 24 payments.

2053 3310 130 20 Jackson's
2207 3310 261 23 Embarrassments.—

1887 3335 44 22 The
1940 3343 87 14 rumour
2035 3337 68 21 which
2112 3338 99 20 obtained
2219 3339 62 21 such,
2286 3340 105 19 extensive
2400 3341 68 20 circu-

1887 3363 66 20 lation
1968 3364 72 26 lately,
2057 3365 46 20 that
2113 3365 35 20 the
2164 3365 52 20 hero
2225 3366 25 20 of
2261 3366 51 20 New
2323 3366 88 24 Orleans
2427 3374 41 15 waa

1885 3390 114 27 bankrupt,
2011 3392 41 19 and
2061 3392 63 19 could
2133 3395 37 18 not
2181 3393 80 20 honour
2272 3400 12 13 a
2293 3393 55 22 draft
2356 3400 58 21 upon
2424 3395 44 21 him

1885 3418 34 20 for
1925 3418 70 26 DIOO,
2004 3419 39 20 but
2049 3419 42 20 had
2097 3420 78 20 offered
2182 3421 35 19 the
2225 3421 78 21 drawer
2308 3427 13 15 a.
2328 3421 64 21 blood
2397 3423 68 24 horse,

1885 3445 23 20 in
1917 3449 99 23 payment
2023 3447 23 20 of
2054 3446 36 21 the
2097 3449 88 18 amount
2193 3447 25 20 of
2223 3447 33 23 his
2264 3448 68 27 claim,
2343 3456 40 13 was
2392 3456 76 16 manu-

1885 3473 96 22 factured
1995 3473 28 27 by
2039 3474 35 20 the
2084 3474 147 29 unprincipled
2247 3475 103 26 Prentice,
2360 3477 68 21 editor
2444 3478 25 21 of

1885 3500 36 22 the
1929 3501 114 19 Louisville
2050 3501 96 25 Journal,
2157 3501 76 23 known
2243 3509 22 14 as
2299 3503 70 26 Clay's

1885 3527 44 20 The
1940 3530 58 23 story
2009 3531 58 17 turns
2077 3530 38 18 out
2125 3531 21 17 to
2157 3529 26 20 be
2192 3536 14 14 a
2214 3530 129 22 fabrication.
2371 3531 43 21 The
2425 3533 40 19 dr.

1884 3557 131 18 cumstances
2025 3556 24 20 of
2060 3555 36 21 the
2108 3562 55 18 case,
2174 3563 23 14 as
2214 3557 79 21 related
2301 3557 28 27 by
2338 3565 12 13 a
2366 3559 100 21 southern

1884 3588 71 20 paper,
1965 3589 35 13 are
2009 3589 23 14 as
2041 3583 81 20 follows
2129 3591 34 12 :—
2164 3583 44 23 Mr.
2220 3585 88 21 Reeside
2318 3587 62 20 wrote
2390 3588 23 20 to
2430 3587 36 22 tha

1885 3609 88 21 General
1982 3610 56 21 from
2047 3611 120 25 Louisville,
2179 3613 78 25 stating
2273 3609 45 24 that
2326 3613 26 22 he
2362 3620 41 14 was
2420 3614 45 22 sick

1884 3637 41 19 and
1934 3637 23 20 in
1963 3637 93 25 distress,
2066 3638 42 20 and
2117 3640 110 25 requested
2235 3641 35 19 the
2280 3640 47 21 loan
2334 3640 25 20 of
2366 3640 99 21 Dloo.—

1884 3664 44 20 The
2024 3665 36 20 old
2143 3667 80 26 replied
2233 3667 47 20 that
2287 3668 26 19 he
2322 3674 43 13 was
2374 3671 38 17 not
2419 3668 46 21 able

1884 3693 22 18 to
1922 3692 50 20 send
1983 3692 43 20 Mr.
2044 3692 90 21 Reeside
2147 3694 37 20 the
2193 3697 87 18 amount
2291 3694 23 20 in
2324 3701 83 20 money,
2423 3696 42 19 and

1884 3719 99 21 tendered
1992 3720 45 20 him
2046 3726 13 14 a
2067 3720 69 27 horse,
2143 3721 68 20 which
2220 3721 27 20 he
2254 3719 65 23 could'
2326 3725 86 18 convert
2418 3723 46 20 into

1883 3752 83 20 money.
1995 3747 55 20 How
2059 3747 155 22 characteristic
2223 3748 42 21 this
2276 3748 23 21 of
2310 3749 36 20 the
2355 3750 108 21 venerable

1883 3773 42 21 and
1933 3775 112 21 venerated
2054 3775 153 25 ex-President,
2216 3776 46 20 who
2268 3776 38 20 has
2315 3776 53 20 been
2377 3777 86 25 stigma.,

1883 3801 53 20 tised
1945 3801 29 26 by
1988 3802 38 20 the
2035 3804 60 24 party
2103 3802 24 21 ia
2136 3809 71 19 power
2215 3809 22 14 as
2247 3809 12 14 a
2272 3806 76 24 tyrant,
2366 3809 95 21 usurper,

1882 3828 103 21 toothless
1998 3830 61 25 tiger,
2076 3829 42 20 and
2133 3830 28 20 all
2169 3830 61 20 other
2246 3830 40 21 vile
2301 3831 92 29 epithets
2407 3832 56 22 their

1882 3855 83 21 morbid
1988 3856 138 27 imagination
2150 3857 62 20 could
2237 3858 85 25 conjure
2343 3864 37 20 up.
2417 3860 44 19 The

1882 3889 93 21 memory
1992 3884 24 20 of
2025 3884 89 20 Andrew
2129 3884 92 21 Jackson
2230 3885 43 20 will
2282 3891 48 16 ever
2345 3885 42 22 Uva
2402 3886 58 21 fresh

1880 3910 24 20 ■in
1914 3910 36 21 the
1957 3911 69 20 minds
2035 3912 25 19 of
2070 3912 36 19 the
2115 3912 75 25 people
2190 3922 28 4 —
2218 3912 32 20 Ms
2254 3914 60 24 great
2321 3913 90 20 services
2418 3914 43 22 and.

1882 3938 107 21 chtractor
1998 3945 39 14 can
2046 3944 62 15 never
2117 3939 27 20 ba
2154 3939 114 26 forgotten.
