3481 4551
73 163 30 35 IS
117 159 87 39 YOUR
219 157 91 40 NAME
324 157 43 39 ON
376 155 69 40 THE
461 155 91 43 ROLL,

176 230 2 2 .
190 211 73 24 From
281 210 48 24 The
345 209 87 26 Critic.

83 299 51 25 The
146 296 131 31 following,
301 294 63 25 from
385 294 43 24 the
442 295 80 29 Critic,
536 303 41 24 ap-

50 340 60 32 plies
129 336 96 33 equally
259 341 24 19 to
305 334 90 26 Oxford
414 334 47 25 and
474 334 109 26 district.*

105 379 104 24 behoves
229 376 34 25 all
289 376 80 24 adults
381 377 25 23 to
429 384 39 16 see
480 378 27 22 at
518 384 60 17 once

50 418 107 26 whether
183 417 64 24 their
280 423 87 17 names
446 416 139 24 -enrolled.-

50 459 76 30 Many
138 458 100 24 electors
248 456 80 31 living
343 456 28 24 m
380 455 107 25 districts
499 456 78 25 which

50 506 39 16 are
101 496 101 25 affected
212 496 32 31 by
256 496 42 24 the
307 494 143 25 alterations
461 494 28 24 m
501 494 77 25 boun-

50 537 80 25 daries
141 544 42 16 are
202 537 29 23 ia
243 535 74 25 donbt
324 542 33 17 «as
376 536 26 23 to
422 529 43 30 t'he
477 534 103 25 method

50 578 25 22 to
101 575 29 24 be
147 574 107 30 adopted
280 573 39 25 for.
335 572 161 30 transferring
514 573 64 24 their

50 621 84 16 names
145 614 26 23 to
185 612 45 24 the
241 619 52 17 new
307 611 50 25 roll.
392 610 52 25 The
453 610 125 32 Registrar

50 652 102 25 informs
174 659 28 16 bs
221 652 63 26 that,
306 650 28 24 m
352 657 67 17 cages
441 649 81 24 where
534 649 44 24 the

51 691 125 24 addresses
189 698 38 15 are
239 688 93 32 plainly
343 690 37 23 set
396 687 74 30 forth,
482 687 32 25 he
526 687 52 25 will

53 729 102 25 transfer
164 729 46 23 the
221 734 86 17 names

102 825 69 24 THE
188 823 282 26 INDIVIDUALISM
489 823 44 24 OF

216 853 198 36 SOCIALISM.

84 901 33 25 At
143 899 184 33 question-time
356 899 27 25 of
406 907 67 17 some
496 900 82 23 recent

51 942 122 29 meetings
185 939 14 24 I
221 939 63 24 have
304 938 59 25 been
384 938 84 24 struck
489 939 31 30 by
538 938 42 23 the
587 939 2 21 I

52 978 155 32 unimpaired
226 978 84 32 vigour
320 978 28 24 of
367 978 60 24 that-
438 977 77 30 hoary
540 976 40 24 old

53 1012 114 25 chestnut
183 1012 73 24 about
275 1011 42 24 the
333 1011 146 24 destruction
499 1010 27 23 of
543 1010 37 23 in-

53 1051 144 30 dividuality
216 1050 77 23 under
313 1049 134 24 Socialism.
462 1064 3 3 .
494 1046 53 24 Life
559 1047 21 23 is

53 1091 77 27 short,
149 1089 47 24 and
219 1090 58 23 time
297 1089 22 24 is
341 1087 113 31 fleeting;
472 1086 46 25 but
537 1086 44 24 the

52 1129 159 31 magnificent
232 1127 96 31 vitality
348 1126 26 24 of
395 1127 67 23 these
483 1124 98 24 ancient

53 1164 174 34 "objections"'
242 1159 118 31 demands
378 1164 94 31 patient
482 1162 98 33 persist-

52 1215 60 17 ence
123 1207 25 23 m
158 1206 125 30 rebutting
294 1204 112 24 evidence
419 1211 32 16 on
463 1203 43 25 the
526 1204 55 29 part

52 1246 27 24 of
87 1246 42 24 the
141 1243 188 32 long-suffering
340 1242 116 24 defence.-
519 1253 14 16 :.

207 1282 4 4 •
227 1276 11 13 i.
252 1273 2 3 '
260 1284 3 5 ,
341 1281 2 3 ■
356 1277 13 10 •'•
382 1276 1 2 '
410 1275 17 15 '..
444 1276 7 8 ■'
467 1287 3 3 .

206 1296 4 6 ••
229 1292 44 20 |-i'#
308 1294 14 14 #
357 1293 14 13 «
408 1292 13 6 ••■
434 1296 1 2 '
468 1294 2 3 '
481 1294 3 2 ■
510 1294 3 4 '
539 1300 2 6 :
563 1306 3 4 ,

86 1336 47 24 We
142 1343 43 23 say
195 1334 131 28 .Soci&lism
347 1333 50 24 will
407 1332 31 25 be
450 1333 69 30 great
531 1331 50 23 and

54 1376 83 27 strong
157 1373 94 30 exactly
263 1372 101 24 because
386 1371 21 24 it
418 1371 51 24 will
489 1369 56 25 lead
557 1371 24 22 to

52 1411 169 28 individuality
265 1411 26 22 m
319 1409 43 24 the
383 1409 98 27 citizen,
499 1407 80 25 which

53 1453 185 27 contemporary
265 1447 89 33 society
381 1447 44 25 has
456 1446 126 31 well-nigh

53 1490 88 31 wholly
153 1489 99 25 effaced.
287 1487 128 25 Socialism
425 1487 22 25 is
456 1495 16 16 a
482 1480 59 30 fruit
553 1486 27 24 of

53 1531 122 24 evolution
177 1544 30 3 —
209 1529 37 25 all'
253 1528 95 32 growth
349 1542 31 4 —
380 1527 22 25 is
419 1526 105 25 towards
543 1526 38 24 in-

53 1570 163 26 dividualism.
283 1577 16 21 /
318 1584 36 10 ■.-,-
464 1582 46 15 ■••..!'
526 1583 4 4 -

200 1620 3 6 :
235 1618 4 5 '
261 1622 14 13 *
286 1614 4 23 i
310 1621 14 14 *
358 1620 15 15 *

87 1668 130 26 Socialism
229 1674 83 17 means
330 1674 15 16 a
367 1667 37 23 set
431 1665 27 24 of
478 1663 105 26 rational

52 1711 132 26 industrial
202 1710 145 27 conditions,
366 1709 43 24 the
420 1708 161 30 equalisation

53 1752 26 24 of
86 1750 74 26 social
176 1748 186 33 opportunities,
380 1746 50 25 and
440 1746 22 24 is
474 1744 108 33 inspired

53 1789 117 32 precisely
183 1787 30 32 by
228 1787 44 24 the
284 1787 76 24 desire
370 1785 27 24 of
407 1784 127 25 Socialists
545 1786 37 22 for

53 1826 113 32 personal
210 1824 147 32 expression,
376 1821 205 27 self-realisation.

52 1867 52 24 But
115 1874 49 23 you
183 1866 90 23 cannot
284 1864 63 24 have
366 1861 114 33 personal
491 1861 94 31 liberty-

53 1904 105 25 without
181 1902 124 26 economic
325 1900 112 31 security,
462 1900 48 24 and
533 1906 48 24 you

52 1944 92 24 cannot
153 1941 63 25 have
227 1940 123 25 economic
362 1939 106 30 security
480 1945 27 17 so
523 1938 59 30 long

52 1989 25 16 as
94 1983 42 22 the
155 1988 58 23 very
223 1986 84 17 means
324 1978 28 24 of
369 1976 148 26 subsistence
540 1983 41 16 are

53 2018 144 30 exclusively
225 2016 134 25 controlled
379 2015 48 25 and
454 2014 127 32 possessed

53 2059 29 32 hy
97 2067 15 16 a
127 2059 93 24 section
232 2058 25 23 of
270 2058 40 23 the
322 2056 161 30 community.
508 2070 4 4 ■

63 2112 3 5 ■
86 2100 53 25 Yve.
159 2099 132 26 therefore,-
314 2105 41 16 are
376 2095 116 25 nowhere
514 2102 65 16 more

51 2140 147 30 beautifully
215 2137 149 32 interpreted
374 2136 77 25 '.than
473 2135 32 33 by
517 2135 23 24 J.
554 2135 26 24 S.

52 2179 55 23 Mill
130 2178 47 26 iiis'..
184 2178 49 24 his-
253 2175 273 31 ''A-utobiogpaphy"—
527 2174 53 23 that

51 2217 43 25 the
106 2217 75 25 social
204 2216 109 32 problem
325 2215 26 24 of
367 2215 42 24 the
427 2214 81 23 future
530 2213 51 24 will

52 2257 30 25 be
112 2260 25 22 to'
160 2254 67 27 unite
235 2254 4 5 '
254 2256 43 25 the
315 2254 115 32 greatest'
445 2253 136 25 individual

51 2298 87 31 liberty
161 2297 27 24 of
213 2297 81 24 action
321 2295 62 25 with
404 2303 21 16 .a
452 2294 125 25 collective

51 2337 136 29 ownership
199 2337 26 22 m
240 2336 39 23 rhe
301 2343 51 16 raw
364 2333 113 25 material
489 2334 26 23 of
535 2333 45 24 the

49 2374 78 31 globe,
146 2375 46 22 and
212 2381 32 16 an
265 2372 122 32 equitable
406 2371 172 31 participation
587 2365 2 35 \

49 2413 27 24 of
86 2412 34 25 all
131 2412 43 25 the
185 2410 142 27 benefits-of
345 2409 127 26 combined
484 2408 93 26 labour.

82 2493 25 23 It
118 2492 46 24 has
176 2491 60 24 baen
248 2490 53 24 said
312 2490 43 23 tha
352 2510 5 6 y
356 2491 11 23 t
378 2490 42 23 the
430 2488 65 26 ideal
509 2488 69 25 State

45 2528 81 26 would
139 2528 28 25 be
190 2536 47 17 one
247 2528 28 24 m
296 2527 81 25 wliich
390 2527 68 23 there
484 2534 46 16 was
541 2533 33 16 no

45 2570 74 22 waste
141 2568 25 24 of
187 2566 53 26 the'
239 2576 5 7 1
249 2567 63 25 lives
331 2566 50 24 and
402 2565 122 25 intellects
550 2565 27 25 of

45 2607 138 24 individual
206 2614 57 16 men
287 2605 48 25 and
347 2611 100 18 women.
459 2630 2 2 .
494 2603 81 25 There

45 2655 48 16 can
103 2648 79 29 surely
196 2647 25 23 be
231 2653 33 16 no
277 2645 87 24 houest
375 2643 52 25 fear
439 2644 52 23 that
498 2644 80 23 moral

47 2684 179 32 responsibility
233 2683 50 24 will
293 2682 170 30 be.weakened
472 2683 30 29 by
508 2681 68 24 mak-

46 2724 44 31 ing
110 2731 15 17 a
147 2723 77 31 really
343 2721 51 26 and
420 2721 95 27 human
535 2721 44 24 life

46 2764 108 32 possible
179 2764 117 25 to.those
319 2762 36 25 for
373 2761 82 25 whom
476 2761 19 24 it
517 2761 23 25 ig
551 2763 27 22 at

47 2806 108 30 present'
175 2804 92 31 always
291 2802 111 32 hopeless
431 2801 50 25 and
496 2827 7 5 __
508 2800 68 25 often

49 2843 108 24 hellish.-■
261 2845 5 19 i
289 2850 2 10 :
354 2844 93 22 -,'••.'
476 2855 3 3 •
491 2864 2 1 .
562 2845 23 15 ■■'■

83 2880 135 26 Socialists;
244 2876 170 31 demonstf^te;
436 2877 56 26 that
517 2895 4 8 ;
534 2876 44 26 the

49 2921 71 26 State
131 2921 33 32 by
175 2921 32 24 its
215 2938 4 9 ,
220 2920 81 26 action
312 2926 47 17 can
378 2919 38 24 iri\
425 2917 80 26 divers
517 2917 62 25 vital

49 2970 66 24 ways
126 2961 49 26 free
186 2960 150 28 individuals
347 2959 67 26 from,
422 2959 45 28 the
483 2959 96 30 entlay-

48 3003 45 31 ing
104 3003 76 24 battle
197 3003 38 24 for
246 3001 144 28 conditions,
404 2999 24 27 of
451 3007 64 18 mere
527 2999 51 25 ani-

48 3042 52 25 mal
112 3041 131 26 existence.
287 3040 46 26 We
345 3040 31 24 do
397 3040 45 24 not
465 3038 45 26 ask
521 3046 58 18 men

48 3083 51 24 and
109 3089 98 19 women
223 3083 27 23 to
261 3081 58 25 look
334 3084 22 21 to
541 3078 39 25 for

47 3121 59 31 help
117 3130 6 21 ;
141 3129 37 17 we
189 3120 45 25 te'J
245 3119 75 28 them,
422 3125 42 18 are
472 3117 42 26 the
525 3119 55 23 true

49 3159 71 26 State
130 3167 6 21 ;
153 3159 58 25 look
227 3159 26 24 to
268 3158 142 31 yourselfef
421 3165 28 15 as

82 3198 68 24 Even
162 3198 44 23 the
228 3199 107 28 tyranny
345 3194 28 26 of
390 3194 122 35 arbitr^y
534 3201 44 17 au-

47 3237 93 31 thority
150 3238 23 24 is
183 3237 50 24 less
245 3235 128 32 repulsive-
383 3234 51 26 and
444 3234 135 31 degrading

47 3275 63 24 than
122 3274 42 26 the
176 3276 104 30 tyranny
296 3273 26 25 of
331 3274 64 24 want
412 3280 28 18 or
451 3272 42 25 the
505 3272 74 25 dread

46 3316 27 24 ot
84 3316 74 24 want.

82 3354 77 26 What
169 3353 172 33 individuality
425 3361 27 17 or
463 3353 66 30 dart,
541 3352 37 24 the

45 3401 62 23 poor
117 3401 59 16 man
188 3392 63 25 have
263 3392 84 30 to-day
355 3394 12 23 ?
383 3392 36 25 As
429 3391 73 26 Marx
514 3399 64 23 says,

48 3431 64 24 dead
131 3430 90 32 capital
232 3430 23 24 is
274 3430 165 31 independent
449 3429 50 25 and
521 3436 55 25 per-

49 3469 77 30 sonal,
144 3469 84 25 whilst
250 3469 45 25 live
305 3469 88 26 labour
402 3469 23 25 is
437 3465 139 36 dependent

49 3508 51 25 and
108 3507 158 33 impersonal.

82 3549 31 24 In
124 3549 43 24 the
187 3548 80 25 words
286 3548 27 25 of
331 3549 41 24 Mr
394 3548 75 25 Oscar
486 3548 90 29 Wilde,

49 3587 93 31 private
153 3588 112 29 property
280 3586 47 24 has
342 3586 118 25 debarred
467 3594 46 16 one
523 3587 55 30 part

47 3626 28 26 of
89 3626 42 26 the
142 3626 152 31 community
308 3625 63 25 from
389 3625 72 30 being
471 3626 105 24 individ-

48 3665 48 28 ual,
115 3665 31 31 by
157 3665 85 31 laying
253 3664 68 24 them
341 3664 77 24 under
434 3665 42 24 the
494 3664 83 25 sordid

47 3704 122 31 necessity
180 3704 25 24 of
216 3704 77 31 living
312 3704 101 31 entirely
422 3705 39 23 for
479 3704 92 28 others,

49 3742 49 24 and
119 3741 41 25 th
167 3741 13 25 9
180 3741 68 25 other
265 3742 55 31 part
339 3740 32 32 by
389 3741 98 32 putting
509 3742 70 24 them

49 3779 108 27 beneath
170 3779 44 25 the
237 3779 90 32 weight
344 3779 27 25 of
390 3779 111 25 artificial
522 3787 56 17 con-

51 3819 92 24 ditions
155 3818 59 31 they
230 3818 62 24 have
303 3817 108 31 imposed
423 3825 64 23 upon
499 3817 79 24 them?

49 3859 87 26 selves.
173 3857 144 31 Capitalism
327 3857 47 24 has
397 3857 115 24 confused
535 3858 43 23 the

45 3905 61 17 man
135 3896 57 25 with
213 3895 64 25 what
302 3895 43 25 the
363 3902 60 18 man
446 3902 132 24 possesses.

111 3936 45 24 has
174 3935 70 24 made
267 3934 66 33 gain,
359 3935 45 24 not
424 3933 96 32 growth
543 3933 35 26 its

45 3980 58 25 aim-
138 3979 53 24 The
210 3979 142 30 important
371 3977 73 32 thing
463 3977 21 24 is
502 3980 45 22 not
555 3980 26 22 to

49 4022 69 25 have,
136 4019 43 24 but
190 4022 26 20 to

77 4057 54 25 The
145 4057 79 31 rights
245 4056 25 25 of
279 4057 113 30 property
404 4055 64 25 have
482 4054 96 25 smoth-

48 4097 57 25 ered
121 4096 43 25 the
178 4095 79 32 rights
268 4095 28 25 of
310 4102 68 18 man.
414 4094 53 24 The
479 4095 102 28 concept

49 4137 26 24 of
84 4139 82 22 man's
176 4135 172 30 individuality
373 4134 83 24 which
477 4134 100 31 ignores

47 4177 82 21 man's
141 4174 113 24 essential
273 4175 115 28 sociality,
407 4172 21 24 is
444 4172 136 31 hopelessly

46 4213 97 25 outside
153 4212 43 25 the
221 4211 55 33 pale
301 4212 27 24 of
347 4210 140 32 intelligent
506 4217 74 25 argu-

47 4253 77 24 ment.
127 4266 32 3 —
159 4252 110 24 Leonard
286 4251 70 28 Hall,
374 4251 26 23 m
412 4250 38 24 the
467 4249 111 25 Clarion.

798 163 145 24 OXFORD.

639 226 24 26 It
681 228 20 25 is
715 230 26 24 to
763 229 31 26 be
815 230 78 33 hoped
922 232 54 24 that
995 233 44 24 the
1060 233 75 26 Brass

606 271 74 26 Band
691 273 27 24 m
730 282 84 17 course
832 275 26 24 of
874 277 133 24 formation
1018 278 57 24 here
1086 278 50 25 will

606 315 29 25 be
647 325 30 16 an
690 318 76 25 entire
779 327 104 17 success.

717 371 23 12 *•
759 371 8 5 ■■
816 368 15 18 *'
841 367 3 11 ;
853 365 12 12 :V
915 372 14 13 *
953 360 30 21 "-'■••
1004 371 35 15 /*
1063 374 26 2 ■■

597 405 3 4 -
639 393 54 25 The
713 398 153 28 temperance
885 394 102 27 friends'-
1001 397 26 25 of
1048 398 96 32 Oxford,

606 444 42 17 are
661 439 132 31 preparing
804 439 38 24 for
854 439 42 24 the
908 439 105 29 conflict,
1037 441 98 23 educat-

606 479 43 33 ing
660 481 43 25 the
721 482 84 31 people
816 482 131 32 generally.
981 483 39 25 Mr
1041 484 31 25 IT.
1098 484 33 24 E.

607 523 88 31 Taylor
706 525 115 25 intended
844 527 24 23 to
882 526 55 25 visit
966 527 89 24 Oxford
1067 536 33 15 on
1117 536 15 15 a

990 553 154 14 ■.*■■,

606 567 123 32 lecturing
746 571 57 22 tour
832 569 102 31 shortly.
1055 584 24 12 •-,

721 602 14 13 *
753 602 14 13 #
851 600 190 19 **■*#..
1143 611 1 2 .

641 633 40 25 Mr
691 633 136 33 Simpson's
839 634 118 32 purebred
968 635 79 30 horse,
1069 635 67 25 Fair-
1143 644 2 29 j

607 677 76 29 child,
693 678 130 31 travelling
835 678 107 25 between
954 678 122 34 Rangiora
1088 679 49 25 a»nd
1143 678 2 31 j

627 722 137 31 pringfield,
783 722 21 24 is
813 730 15 16 a
839 722 101 31 picture.

609 757 17 22 R
728 776 10 9 ,
797 765 2 3 ■
1079 759 2 2 ■
1114 760 17 18 ••.

610 866 400 25 WAIMAKARIRI-ASHLEY
1015 867 50 24 WAT
1070 867 68 24 ER

724 915 139 24 SUPPLY
894 915 126 29 BOARD,

632 968 61 24 -The
705 968 134 31 adjourned
850 969 107 31 meeting
973 969 26 23 of
1008 969 43 24 the
1062 970 74 24 above

608 1010 80 25 Board
700 1019 49 16 was
774 1011 57 24 held
853 1019 32 16 on
911 1011 43 25 the
976 1012 75 25 22nd.
1077 1012 58 25 inst.

608 1053 111 29 Present,
743 1053 43 24 Mr
811 1054 26 25 J.
866 1051 145 31 O'Halloan,
1041 1055 94 32 (Chair-

608 1097 78 32 man),
705 1097 90 25 Messrs
815 1097 144 30 Dickinson,
977 1098 98 26 Horrell
1088 1099 48 24 and

609 1139 142 26 McDowell.

640 1184 99 25 Letters
750 1192 63 17 were
824 1185 106 24 received
942 1185 63 24 from
1015 1194 5 15 :

641 1227 83 24 James
737 1227 105 31 Wright,
853 1228 164 31 complaining
1029 1229 26 24 of
1062 1230 74 23 water

608 1259 98 32 flowing
716 1260 53 24 into
781 1260 36 24 his
835 1263 111 29 property
969 1261 49 24 and
1036 1261 101 32 causing

608 1302 115 32 flooding.
757 1302 120 25 Resolved
889 1304 55 23 that
961 1304 43 24 the
1015 1304 123 32 Engineer

609 1345 29 24 be
662 1345 135 24 instructed
808 1348 24 21 to
852 1353 39 17 see
911 1347 55 24 that
984 1354 41 17 :no
1036 1347 101 31 leakage

609 1389 65 24 takes
685 1389 69 31 place
775 1389 63 25 from
863 1390 42 24 the
929 1390 67 24 Race
1014 1391 55 24 into
1095 1392 42 24 the
1143 1389 2 27 !

608 1439 43 24 pro
658 1433 80 33 perty,'
753 1432 51 24 also
816 1433 25 24 to
850 1432 126 26 interview
985 1433 39 25 Mr
1037 1432 101 33 Wright

609 1477 49 23 and
675 1477 94 24 discuss
786 1476 43 25 the
852 1477 114 31 qnestion
986 1479 26 23 of
1023 1479 115 24 entrance

609 1519 59 25 with
681 1520 62 24 him.

641 1562 76 25 From
750 1562 84 26 Union
854 1563 72 25 Bank
955 1564 26 24 of
1006 1564 130 30 Australia,

610 1606 160 32 Wellington,
800 1607 180 32 acknowleding
1008 1609 88 32 receipt
1114 1610 28 24 of

610 1650 62 29 £90,
712 1650 74 31 being
824 1651 37 25 six
905 1653 101 24 months
1034 1653 104 26 interest

609 1701 32 16 on
663 1695 92 27 £3,000
778 1694 71 25 Loan
872 1694 46 25 due
949 1696 105 25 October
1090 1700 47 22 Ist.

610 1737 73 25 1896.
882 1732 3 5 '
927 1730 1 31 '.

641 1780 74 26 From
727 1780 43 25 the
777 1781 68 25 Hon.
858 1781 41 26 the
907 1781 118 32 Premier,
1044 1783 96 32 stating

609 1823 57 25 that
674 1823 32 25 he
718 1824 79 24 would
807 1824 81 32 notify
907 1825 64 25 later
982 1822 33 29 6n
1029 1826 44 25 the
1084 1826 55 26 date

687 1867 77 24 which
787 1868 29 23 he
828 1868 49 24 will
889 1869 29 24 be
943 1869 72 25 down
1038 1872 26 22 to
1077 1878 61 23 open

609 1909 43 26 the
664 1910 111 26 Brown's
787 1910 69 26 Rock
867 1912 75 24 Race.

642 1954 75 25 From
729 1954 84 25 Lands
823 1955 49 24 and
881 1963 87 24 survey
976 1956 164 32 Department

609 1994 88 31 asking
717 1994 36 24 for
765 1994 161 26 information
942 1995 61 25 with
1015 1996 125 26 reference

609 2039 26 22 to
657 2037 69 31 Loop
743 2037 63 25 lines
828 2037 64 26 from
915 2039 77 25 Races
1015 2041 24 23 to
1065 2041 74 24 reach

609 2081 73 24 small
694 2080 151 25 allotments.
881 2081 51 24 The
945 2081 134 26 Chairman
1090 2086 48 22 sta-

608 2124 42 26 ted
672 2126 54 24 that
750 2124 43 25 the
823 2124 160 26 information
1003 2126 49 25 had
1077 2128 63 24 been

607 2168 141 25 forwarded.

608 2234 12 7 
642 2211 40 24 Mr
697 2211 82 25 Teter
801 2211 99 31 Wright
923 2212 156 25 interviewed
1096 2213 43 25 the

609 2255 80 24 Board
705 2255 61 24 with
773 2255 122 24 reference
906 2256 26 23 to
948 2255 43 25 the
1002 2257 75 23 water
1085 2264 55 17 race

608 2298 108 31 through
728 2298 39 24 hi?
785 2301 124 29 property,
944 2299 48 24 and
992 2299 103 25 .offered
1115 2302 25 22 to

608 2341 56 24 take
675 2342 44 24 the
730 2342 114 24 overflow
849 2361 2 4 ,
862 2345 74 21 water
947 2343 54 23 into
1013 2342 43 24 the
1069 2343 71 25 river.

608 2383 67 25 Offer
687 2383 124 32 accepted.

639 2427 41 25 Mr
708 2427 93 32 Joseph
837 2427 108 26 Pearson
968 2429 74 24 wrote
1065 2427 76 26 about

607 2471 85 25 Water
703 2471 66 25 Race
780 2472 110 31 crossing
897 2473 25 23 at
930 2471 118 25 Fairfield
1056 2471 83 25 Farm.

607 2514 124 24 Resolved'
738 2514 56 24 that
804 2514 44 24 the
859 2514 126 30 Engineer
1006 2516 129 23 interview

606 2557 39 25 Mr
665 2557 111 26 Pearson
796 2556 48 26 arid
865 2557 57 26 take
947 2562 66 28 steps
1035 2559 26 24 to
1074 2566 56 17 mee
1130 2552 12 19 1

605 2602 41 25 his
663 2602 82 26 views'.

639 2646 122 24 Resolved
775 2645 55 25 that
844 2654 14 22 a,
869 2653 64 24 copy
950 2647 25 23 of
987 2647 41 24 the
1048 2646 94 31 Rating

606 2690 47 24 Act
664 2681 164 33 Amendment
852 2691 93 29 1896/'
966 2690 30 24 be
1006 2690 129 31 procured.

607 2733 52 24 The
679 2732 82 26 Board
789 2733 126 24 discussed
954 2733 43 24 the
1032 2733 109 25 Balance

608 2775 74 26 Sheet
693 2777 39 23 for
757 2783 59 25 year
839 2776 92 31 ending
955 2777 65 24 31st.
1044 2776 96 29 March,

608 2821 71 28 1896,
698 2820 49 24 and
766 2819 141 25 instructed
918 2819 57 25 that
983 2820 20 24 it
1015 2820 30 24 be
1056 2820 84 25 adver-

606 2863 64 25 tised
681 2871 27 17 as
719 2871 60 23 open
790 2864 27 23 to
826 2862 42 25 the
888 2863 137 32 inspection
1037 2864 26 24 of
1069 2864 72 24 Rate-

606 2914 87 24 payers
714 2908 26 23 at
762 2907 43 24 the
823 2906 79 25 oflfiae.
944 2905 121 27 Resolved
1084 2906 57 25 that

606 2944 71 25 while
689 2944 47 31 day
758 2944 87 25 labour
855 2944 32 29 is.,
899 2944 124 32 generally
1045 2944 95 32 dissap-

606 2985 90 32 proved
715 2985 26 25 of
752 2984 33 33 by
795 2984 44 26 the
862 2984 89 31 Board,
986 2985 57 25 that
1060 2985 81 25 where

606 3025 20 25 it
637 3025 46 25 has
702 3028 27 21 to
751 3025 30 24 be
815 3025 73 32 given
906 3025 27 25 m.
964 3025 42 25 the
1025 3025 117 32 Cooper's

608 3067 80 26 Creek
703 3067 157 29 subdivision,
871 3069 56 24 that
938 3067 115 32 Cooper's
1065 3067 77 26 Creek

606 3108 151 33 Ratepayer?
779 3109 41 32 get
832 3108 45 25 the
898 3107 148 33 preference.
1081 3107 61 26 This

606 3147 135 24 resolution
761 3149 45 23 not
841 3149 27 23 to
903 3146 73 33 apply
1008 3149 27 22 to
1055 3147 83 25 works

606 3192 33 18 on
660 3185 76 25 hand.
770 3185 121 25 Rwolved
909 3185 55 25 that
989 3184 107 26 Tenders
1108 3185 30 25 be

606 3225 93 26 invited
710 3225 39 25 for
759 3225 165 25 construction
936 3225 26 25 of
973 3224 53 33 Bye
1037 3225 105 26 washers

608 3263 107 25 Brown's
724 3262 69 25 Bock
801 3264 75 24 Vater
888 3262 95 33 supply.
1005 3285 6 7 v
1018 3262 123 25 Resolved

606 3303 56 25 that
672 3302 45 26 the
727 3302 107 25 channel
845 3307 25 19 to
888 3302 31 24 be
924 3305 9 14 x
940 3302 72 25 made
1023 3303 63 23 from
1097 3302 44 26 the

606 3342 95 28 Flume.
708 3343 26 24 at
745 3342 44 24 the
811 3342 104 24 Warren
927 3343 27 23 to
964 3342 44 25 the
1023 3341 68 31 Oust,
1109 3342 32 24 be

606 3391 15 17 a
654 3379 121 34 suflfcfcnt
794 3382 110 32 capacity
935 3384 26 23 to
983 3383 89 32 supply
1095 3382 44 26 the

606 3420 113 26 Moeraki
728 3420 102 25 Downs.

639 3459 54 26 The
705 3458 107 32 meeting
834 3457 57 26 then
915 3457 159 27 terminated.

1139 23 171 34 OXFOBD
1361 28 221 37 OBSERVES
1635 33 241 40 BATUEDAY,
1917 36 199 33 OCTOBER
2170 36 49 35 24,

2899 4240 102 25 Printed
3034 4240 49 24 and
3109 4238 131 33 published
3281 4238 33 31 by
3363 4238 70 28 Axei,

2931 4283 119 31 Ekltjnd,
3075 4283 39 26 for
3134 4283 91 25 Lauba.
3243 4282 71 25 Anne
3331 4281 102 33 Pabish,

2933 4329 27 25 at
2975 4327 46 27 her
3043 4326 143 34 Registered
3207 4326 127 34 Printing.
3349 4327 84 30 Office,

2933 4372 72 33 High
3026 4372 87 29 Street,
3118 4371 77 26 -East
3214 4371 102 31 Oxford,
3329 4371 102 27 Canter,

2933 4416 72 33 bury.

2974 4460 128 27 Saturday
3146 4459 115 26 October
3297 4460 43 27 24.
3364 4461 65 28 1896

2898 176 28 79 g
2933 171 500 85 J|ANBriN6|gOffiFA»Y

3091 265 138 22 LIMITED.

2896 315 3 9 '
2926 322 267 29 CHRISTCHURCH
3215 324 188 27 BREWERY.

3123 386 63 20 THE

3043 426 226 34 -A.LJES

3027 468 129 21 BREWED
3167 470 39 19 BY
3219 470 71 20 THIS

2986 506 365 38 comf^ajsty

3085 562 82 21 FROM
3177 564 61 21 THE

2897 600 219 42 CHOICEST
3133 604 302 45 VHOX9WI*-

3010 653 45 22 Are
3064 655 172 27 acknowledged
3245 658 25 19 to
3279 658 28 20 be

2895 691 146 23 SUPERIOR
3050 694 37 21 IN
3096 695 136 23 QUALITY
3241 697 39 21 TO
3286 698 65 21 ANY
3356 697 70 25 PRO-

2962 733 100 22 DUCED
3076 736 35 21 IN
3125 737 73 21 NEW
3212 738 146 24 ZEALAND.

2923 771 108 28 Supplied
3034 774 110 21 toHotels
3150 776 46 19 and
3202 776 92 22 Private
3299 779 127 23 Customers

2895 797 25 21 m
2928 798 141 27 Hogsheads,
3080 801 98 26 Barrels,
3189 802 138 27 Kilderkins,
3337 807 43 19 and
3390 809 36 19 10^

2895 825 88 26 gallons
2982 826 73 27 JKegs
3065 828 60 26 only.

2897 877 117 42 PALE
3035 880 92 40 ALE
3148 881 95 43 AND
3273 882 155 49 EXTRA

3088 931 134 44 STOUT

2980 982 92 23 Bottled
3094 985 25 20 m
3128 985 84 25 Quarts
3222 987 46 21 and
3276 988 70 21 Pints.

2896 1402 249 45 JOSEPH
3187 1404 241 49 LOUGH.

3038 1479 243 27 UNDERTAKER.
3317 1505 3 2 .

3007 1522 108 32 EAST
3140 1524 184 31 OXFORD.

2929 1573 102 31 Having
3038 1573 51 31 just
3097 1574 124 32 imported
3228 1576 63 25 from
3299 1576 127 33 England;

2897 1623 55 17 new
2973 1615 115 32 Designs,
3123 1625 54 17 new
3205 1618 151 33 Trimmings
3378 1620 51 27 and

2876 1686 2 2 .
2897 1658 87 31 Robes,
2996 1660 23 24 is
3026 1660 118 31 prepared
3154 1663 27 23 to
3189 1662 107 26 conduct
3304 1663 124 26 Funerals

2897 1699 96 30 Adults,
3012 1702 26 22 at
3050 1700 46 26 £5.
3110 1701 50 25 and
3170 1703 123 30 upwards,
3316 1703 113 31 polished

2897 1743 85 29 coffin,,
3000 1744 49 25 and
3079 1744 192 27 sUverrflcftroted
3293 1747 135 26 Furniture

2897 1787 76 25 From
2985 1787 46 25 £8.
3049 1788 130 33 according
3189 1790 26 24 to
3238 1789 115 32 Designs.
3388 1790 39 26 No

2896 1832 69 24 extra
2976 1832 87 31 charge
3074 1832 45 27 for.
3125 1832 99 30 Hearse,
3242 1841 28 17 or
3288 1841 64 24 open
3368 1834 57 26 Car-

2895 1874 76 31 riage:
3114 1868 30 35 .•*■
3161 1886 4 4 •
3194 1886 9 19 .<
3252 1878 11 22 .:

2928 1917 32 24 N.
2989 1917 30 25 B.
3049 1917 92 26 Coffins
3162 1919 58 31 kept
3242 1921 27 22 m
3297 1921 69 24 stock
3386 1921 39 25 for

2896 1976 86 31 argent
3001 1983 76 18 cases.

2885 2063 22 23 ■;■
2944 2047 43 55 S.
3021 2048 48 45 B.
3094 2048 299 55 SEYMOUR,

2992 2124 1 2 ■
3019 2112 24 30 ':;'
3092 2116 135 28 DENTIST,

2936 2161 41 22 215
2991 2159 104 22 Colombo
3109 2156 81 28 Street',
3213 2161 165 21 Christchurch.

3003 2244 1 1 ■
3022 2229 16 12 •"'
3063 2233 175 22 CHARGES:—
3261 2223 6 5 *
3327 2248 5 4 •

2955 2274 99 27 .Filling,
3061 2274 46 24 -Se;
3141 2274 132 22 Extraction
3281 2277 25 19 2s
3320 2276 36 20 Gd.
3365 2293 3 2 .
3389 2292 5 4 ,

2892 2335 14 12 Vl
2920 2338 94 21 Nitrous
3024 2338 114 21 OxidGras
3149 2338 167 23 Administered
3320 2341 38 20 for
3364 2342 59 22 Pain

2893 2382 46 21 less
2948 2381 130 21 Extraction
3088 2382 24 20 of
3121 2382 79 20 Teeth.
3233 2382 91 22 Feefor
3332 2384 93 21 Admin-

2894 2418 107 22 istration
3011 2419 31 19 ss.
3077 2426 17 11 .-.

2917 2600 217 23 osi^oe-hd
3178 2589 236 33 :BAJ:K::Ei:K.Tr

2997 2645 218 31 Established.
3231 2646 80 29 1862

2920 2726 7 11 t.
2944 2711 122 30 FLOUR,
3078 2711 55 26 best
3144 2711 79 26 brand
3233 2712 61 32 only
3304 2712 68 31 kept.

2897 2752 142 31 SHARPS,
3074 2754 205 30 OATMEAL,
3314 2755 112 25 BRAN

2986 2797 288 30 CHICKENWHEAT,
3292 2800 42 24 &c.

2935 2841 40 21 AT
3001 2841 122 21 LOWEST
3154 2841 143 21 CURRENT
3332 2842 97 21 RATES

3119 3048 70 23 AND

2991 3207 121 23 TIMBER
3136 3206 195 28 MEKGBEANTS
3331 3213 20 19 :■;

2958 3257 201 35 COOLER'S
3194 3241 171 61 ;d|EEE.

2888 3321 6 35 i
2999 3316 142 35 VIEW
3182 3316 129 32 HttL
3313 3339 19 15 r

2895 3388 85 60 BEG
3003 3391 27 22 to
3048 3388 113 25 intimate
3180 3389 27 23 to
3233 3387 45 25 the
3299 3385 91 32 public;
3403 3385 28 28 ol

2947 3422 92 26 Oxford
3054 3421 50 26 and
3120 3420 165 32 surrounding
3301 3419 126 31 Districts,

2897 3456 54 24 that
2963 3463 36 17 we
3018 3455 63 25 have
3104 3453 155 26 commenced
3269 3453 120 25 Business
3401 3460 27 18 as

2897 3488 164 28 saw-millers,
3069 3508 4 3 .
3085 3487 50 25 and
3154 3486 64 32 hope
3240 3485 33 33 by
3299 3485 72 26 strict
3388 3487 37 23 at-

2896 3522 97 25 tention
3000 3523 27 23 to'
3038 3520 116 26 Business
3168 3521 26 24 to
3205 3519 30 26 be
3245 3514 115 30 favoured
3369 3518 60 26 with

2897 3556 63 24 their
2986 3556 109 30 support.
3141 3553 82 25 White
3245 3553 67 31 pine,
3342 3546 84 36 Rihnu,

2896 3589 74 24 Birch
2980 3588 52 25 and
3043 3586 59 27 C6al
3122 3586 38 33 pit
3170 3594 73 25 props
3254 3586 27 24 m
3290 3593 49 24 any
3351 3593 77 24 quan-

2888 3622 65 32 tity.

2987 3761 125 40 PRKI
3146 3755 188 46 PtfliLEß.

3084 3819 162 22 SOLICITOR.

2936 3862 14 20 9
2960 3858 122 23 Cathedral
3090 3858 94 27 Square,
3198 3858 191 21 Chkistchttrch.

2899 3895 114 28 (Between
3021 3893 110 21 Morten's
3139 3892 116 26 buildings
3265 3892 18 21 &
3293 3892 56 21 Post
3356 3892 66 22 Offic«
3438 3904 3 3 ■

2937 3970 186 57 Money
3151 3970 54 44 to
3240 3968 147 49 Lend

2902 4046 30 15 on
2940 4039 34 22 all
2981 4035 57 24 kind
3047 4037 24 21 of
3081 4036 111 28 Security,
3199 4036 27 22 at
3243 4036 58 21 Low
3313 4037 79 20 Rates
3410 4036 23 25 of

2924 4081 106 23 Interest.
3059 4080 89 27 Special
3159 4080 122 21 Terms.far
3290 4080 112 21 Farmers.
3426 4100 4 4 ,
3438 4101 4 7 v

2965 4124 13 10 j,
2994 4116 9 17 i
3032 4120 4 2 ■
3046 4121 2 4 ■
3086 4125 2 2 ■
3104 4107 13 26 T
3119 4111 4 8 1
3144 4122 2 2 ■
3154 4118 6 2 '
3198 4113 31 14 '■-'■■■

2888 4182 3 5 ■
2905 4160 33 30 y'2-
2952 4161 6 17 ;
2960 4163 28 27 a'.-.
3007 4173 20 15 <s
3035 4163 6 14 :
3043 4164 56 20 <^
3140 4186 2 1 -

2392 176 421 50 EUCALYPTUS

2595 249 12 15 ♦

2392 277 59 20 THE
2467 277 72 20 BEST
2552 277 87 21 HOME
2648 295 3 2 .
2655 276 115 23 BEMEDI
2776 278 20 19 E

2449 315 43 21 are^
2499 309 36 20 the
2544 310 134 26 preparation
2687 310 26 22 of
2719 309 36 21 the

2337 344 167 23 TASMANIAN
2522 346 184 22 EUCALYPTUS
2720 347 47 21 OIL
2782 347 80 33 CO^IP.

2365 383 134 26 Universally
2508 384 103 21 admitted
2619 384 39 23 the
2664 384 78 25 BEST,
2753 384 113 22 PUREST

2337 420 43 20 and
2389 421 57 19 most
2455 421 93 20 effective
2558 421 133 26 Eucalyptus
2713 422 103 21 Globulus
2832 422 34 21 Oil

2337 451 33 20 for
2388 452 170 25 INFLUENZA,
2580 453 90 25 Coughs,
2690 454 63 20 Colds
2777 454 43 20 and
2836 454 30 21 all

2338 482 64 21 Chest
2418 483 42 20 and
2469 483 62 25 Lung
2546 484 112 20 affections
2671 485 77 26 speedy
2756 485 60 20 relief
2822 486 44 19 and

2338 511 54 23 Cure
2410 515 33 19 for
2459 515 154 25 Rheumatism,
2633 517 121 25 Neuralgia,
2768 517 98 26 Sprains-

2337 541 71 21 Buras
2427 543 34 19 &c.

2364 574 131 26 Eucalyptus
2512 576 103 21 Globulus
2633 577 92 21 Extract
2733 578 89 26 sprayed
2834 579 33 20 in-

2338 605 63 21 haled
2416 607 43 19 and
2472 608 65 20 taken
2545 608 115 27 internally
2678 610 33 20 for
2725 611 36 19 the
2778 611 86 25 Throat,

2338 642 96 25 Catarrh,
2451 642 58 26 Hay,
2533 644 97 25 Typhoid
2645 645 43 21 and
2702 646 81 21 Scarlet
2792 647 75 21 Fevers

2339 672 128 24 MEASLES
2478 675 36 21 the
2519 677 54 19 most
2584 677 134 26 satisfactory
2726 680 141 24 preventative

2339 705 43 20 and
2396 705 60 22 Cure;
2483 707 56 21 Send
2551 708 52 21 Post
2618 709 55 21 Card
2682 712 22 19 to
2714 710 36 21 the
2760 711 62 21 Office
2834 713 33 20 for

2339 736 95 22 Circular
2447 738 118 27 describing
2583 741 121 21 treatment.
2730 743 137 27 Eucalyptus,

2338 771 111 21 Ointment
2459 772 35 21 the
2503 773 70 26 Magic
2581 774 79 21 Healer
2673 776 22 20 of
2709 777 68 23 Sores,
2791 778 76 24 Burns,

2456 804 59 21 Boils
2533 806 44 23 &c..
2600 806 132 27 Eucalyptus
2751 808 57 27 Soap
2822 809 42 21 Fra

2338 835 63 23 grant
2410 835 43 20 and
2460 836 124 27 refreshing.
2607 838 132 27 Eucalyptus
2747 840 88 26 Jujubes
2845 847 23 15 or

2338 865 101 20 Pastilles
2448 866 34 21 for
2491 868 35 20 the
2552 869 79 22 Throat
2641 871 42 20 and
2692 870 63 22 Voice
2771 879 28 13 an
2813 873 54 21 anti-

2340 897 66 25 septic
2416 898 43 19 and
2468 898 119 22 stimulant.

2339 930 125 27 Veterinary
2479 932 37 21 Oil
2525 934 41 21 and
2576 934 110 23 Ointment
2695 936 33 21 for
2737 936 42 26 the,
2782 938 85 21 stables.

2366 965 30 20 Be
2405 971 48 15 sure
2462 967 160 24 you.Purchase
2635 969 38 21 the
2683 970 103 27 Platypus
2802 972 66 21 brand

2340 997 50 24 only
2399 997 23 19 of
2429 997 28 19 all
2466 997 113 26 Chemists,
2584 1000 86 21 Grocers
2676 1002 43 20 and
2725 1002 143 27 Storekeepers

2340 1027 43 21 and
2396 1029 23 20 at
2432 1028 37 21 the
2479 1029 63 21 Office
2551 1032 12 20 9
2573 1031 112 22 Cathedral
2694 1039 75 19 square
2777 1034 91 22 between

2339 1059 100 21 Morten's
2452 1060 113 27 Buildings
2572 1063 41 20 and
2624 1064 36 20 the
2668 1065 51 21 Post
2729 1061 93 26 Offioe.''

2502 1096 88 20 Oxford
2600 1097 77 27 Agent

2393 1129 27 23 R.
2429 1130 30 22 H.
2473 1131 118 28 PARISH,
2613 1134 75 21 EAST
2702 1136 117 22 OXFORD

2385 1192 3 2 .
2419 1169 140 28 Eucalyptus
2569 1171 37 21 Oil
2620 1172 30 27 1/-
2662 1180 40 20 per
2711 1175 76 21 bottle.

2361 1237 116 42 HELP
2493 1239 82 41 FOE
2591 1240 84 42 THE
2699 1242 146 44 WEAK.

2537 1347 70 26 AND
2625 1348 242 33 DEBILITATED,

2340 1374 32 28 li
2380 1395 4 5 .
2397 1380 63 27 who,
2473 1380 109 32 through
2592 1381 61 32 folly
2671 1383 48 24 and
2730 1384 137 30 ignorance,

2339 1411 64 25 have
2415 1412 79 24 trifled
2505 1421 68 24 away
2585 1414 61 24 their
2657 1414 85 32 vigour
2761 1416 26 24 of
2796 1417 71 32 body,

2340 1444 77 28 mind,
2430 1445 49 23 and
2490 1446 133 29 manhood,
2636 1449 100 30 causing
2753 1449 114 25 exhaust-

2340 1477 43 32 ing
2399 1477 84 25 drains
2493 1486 68 24 upon
2571 1479 43 25 the
2636 1479 126 26 fountains
2783 1482 29 24 of
2819 1482 48 30 life,

2340 1510 63 25 Loss
2410 1510 26 24 of
2445 1511 101 32 Energy
2554 1512 49 24 and
2613 1514 125 32 Strength,
2751 1514 117 33 Timidity

2340 1543 162 26 Bashfulness
2536 1545 27 25 m
2599 1545 105 33 Society,
2727 1547 140 31 Headache,

2340 1576 134 31 Backache,
2493 1578 178 30 Nervousness,
2693 1580 134 26 Weakness
2845 1581 23 25 of

2341 1609 119 33 Memory,
2471 1611 111 24 Restless
2592 1611 81 32 Sleep,
2681 1613 115 29 Dreams,
2805 1614 63 25 Loss

2340 1642 75 26 Flesh
2427 1642 50 26 and
2488 1643 69 26 Vital
2575 1645 91 29 Power,
2690 1646 135 32 Eruptions
2836 1656 32 17 on

2340 1675 43 26 the
2391 1675 63 26 Face
2465 1677 50 24 and
2526 1677 78 33 Body,
2617 1678 75 25 Want
2714 1680 28 24 of
2750 1680 118 33 Develop-

2339 1712 78 26 ment,
2438 1709 115 27 Varicose
2568 1710 83 31 Veins,
2660 1731 2 5 ,
2673 1706 141 39 incapacity
2831 1715 37 24 for

2340 1741 111 26 business
2462 1751 28 17 or
2499 1743 120 31 pleasure,
2632 1744 105 34 Urinary
2744 1746 123 31 Diseases,

2340 1774 51 25 and
2407 1774 36 26 all
2464 1776 43 25 the
2530 1776 83 26 effects
2634 1778 99 33 leading
2753 1783 26 21 to
2801 1781 66 32 early

2340 1809 84 32 decay,
2446 1809 106 33 perhaps
2573 1811 180 32 Consumption
2777 1821 28 17 or
2813 1830 3 6 .
2826 1813 42 26 In-

2340 1842 89 30 sanity,
2443 1850 46 17 can
2512 1843 30 24 be
2553 1844 114 25 obtained
2677 1845 32 32 by
2729 1846 139 33 consulting

2338 1875 138 32 personally
2493 1884 29 17 or
2528 1875 32 33 by
2570 1879 64 29 post,
2669 1878 92 25 FREE
2770 1879 96 25 PROF.

2340 1907 174 29 NOTMANN,
2545 1909 199 31 M.E..E.M.G.,
2796 1912 70 25 Cam-

2340 1940 83 32 bridge
2436 1941 108 30 Terrace,
2568 1943 110 31 opposite
2700 1943 116 27 Colombo
2829 1945 37 25 St.

2340 1973 98 31 Bridge,
2467 1973 186 28 Christchurch-
2714 1976 53 26 The
2808 1979 59 29 only

2339 2005 225 27 Electrobotanical
2591 2008 95 32 Expert
2703 2006 164 36 'advertising

2340 2039 54 24 who
2405 2039 50 24 will
2467 2042 133 28 guarantee
2617 2050 15 16 a
2648 2042 124 32 thorough
2801 2053 64 16 cure.

2341 2072 58 25 Sole
2413 2074 134 30 proprietor
2574 2075 50 24 and
2639 2078 113 28 patentee
2780 2077 26 25 of
2815 2077 51 25 Ih'e

2340 2105 58 31 only
2420 2107 147 30 guaranteed
2589 2107 108 26 Electric
2719 2109 70 26 Belts
2819 2110 48 25 and

2341 2138 71 24 other
2422 2139 89 31 special
2533 2141 124 25 electrical
2679 2142 139 31 appliances
2840 2145 28 23 in-

2340 2171 42 25 the
2391 2172 113 25 colonies.
2538 2173 98 26 Ladies'
2648 2175 95 25 French
2754 2176 112 26 herbace-

2341 2213 43 17 ous
2394 2206 58 30 pills
2471 2206 38 24 for
2537 2207 174 31 irregularities
2732 2209 64 25 from
2819 2219 49 23 any

2340 2245 80 22 cause,
2445 2240 48 22 10s-
2509 2240 94 28 posted.
2636 2241 144 31 Pamphlets
2807 2244 60 23 free.

2340 2270 167 26 Testimonial:
2509 2286 33 4 —
2543 2272 97 31 Napier,
2650 2274 96 31 August
2753 2276 45 25 7th
2803 2277 63 23 1895

2340 2303 65 25 Prof.
2415 2303 130 26 Notmann.
2547 2320 33 3 —
2580 2305 66 26 Dear
2655 2307 82 29 Sir,—
2738 2307 13 24 l
2760 2309 106 27 received

2339 2344 59 23 your
2404 2336 73 25 letter
2483 2338 51 24 last
2545 2338 74 29 week,
2638 2340 48 24 and
2697 2340 15 24 I
2727 2349 41 15 am
2777 2341 89 25 thank-

2339 2369 37 24 ful
2398 2372 26 21 to
2445 2370 53 24 find
2519 2379 49 23 you
2580 2380 41 16 are
2633 2373 101 25 anxious
2752 2376 26 23 to
2798 2373 69 26 know

2341 2401 42 24 the
2394 2401 105 25 benefits
2516 2403 13 23 I
2540 2403 63 25 have
2614 2405 97 24 derived
2730 2406 61 23 from
2807 2415 60 22 your

2340 2435 140 23 treatment,
2516 2435 47 30 bir,
2591 2437 21 24 it
2639 2437 66 32 gives
2732 2446 40 16 me
2800 2441 67 29 great

2340 2466 113 32 pleasure
2464 2470 26 23 to
2500 2469 91 26 inform
2602 2478 48 24 you
2659 2470 55 26 that
2723 2479 14 17 a
2749 2473 118 31 complete

2341 2500 50 24 and
2400 2501 92 31 perfect
2504 2510 57 17 cure
2572 2503 45 25 has
2636 2503 61 25 been
2719 2505 101 25 effected
2842 2507 25 23 of

2340 2533 44 24 the
2394 2535 115 24 maladies
2521 2536 14 23 I
2552 2537 155 30 complained
2726 2538 26 24 of
2762 2540 26 23 to
2810 2547 56 23 you.

2340 2566 14 23 I
2365 2573 41 17 am
2418 2568 113 31 enjoying
2540 2569 63 30 good
2608 2561 103 37 'health,
2724 2571 48 23 and
2782 2578 41 17 am
2831 2580 35 16 re-

2340 2599 82 25 stored
2441 2601 26 24 to
2486 2601 86 33 manly
2593 2602 93 33 vigour.
2720 2603 57 26 P.S.
2780 2618 32 5 —
2812 2604 56 33 Any

2340 2633 101 25 sufferer
2449 2634 110 26 desirous
2566 2636 28 24 of
2596 2637 208 33 communicating
2808 2639 59 25 with

2340 2674 40 16 me
2388 2674 49 24 you
2448 2676 41 16 are
2500 2670 27 22 at
2543 2668 89 32 liberty
2653 2671 26 23 to
2699 2671 54 30 give
2772 2679 42 23 my
2826 2672 40 24 ad-

2340 2700 75 29 dress,
2427 2700 37 24 for
2474 2700 15 24 I
2505 2701 47 25 like
2563 2709 59 24 your
2638 2704 117 29 practical
2766 2704 101 26 method

2340 2731 26 25 of
2376 2734 141 23 treatment.
2519 2748 32 4 —
2552 2734 29 25 T.
2596 2734 27 25 C.
2637 2736 114 24 Simpson.

2427 2819 54 45 F.
2512 2818 49 46 B.
2583 2818 185 57 LANE.

2444 2893 91 41 (Late
2549 2895 38 29 E.
2606 2894 159 41 Butcher.)

2341 2952 248 38 Watchmaker,
2619 2954 179 36 Jeweller,
2815 2953 52 31 &c.

2340 3004 123 33 Importer
2497 3005 26 25 of
2561 3004 106 26 Musical
2701 3004 167 26 Instruments

2439 3042 110 27 Victoria
2570 3043 38 28 St.
2638 3043 131 33 Rangiora.

2341 3121 98 33 Special
2450 3121 71 25 value
2542 3121 28 24 m
2592 3121 81 25 Extra
2693 3122 86 30 strong
2791 3120 77 25 Cased

2339 3165 88 33 highly
2434 3165 109 26 finish.cd
2556 3165 108 33 English
2680 3165 79 26 Lever
2767 3163 101 27 Watch-

2340 3217 34 17 es.
2420 3208 190 26 Manufactured
2626 3210 26 24 to
2673 3217 43 22 my
2744 3208 70 25 order
2834 3208 34 31 by

2339 3248 55 26 best
2405 3248 105 26 London
2524 3248 109 26 makers.
2667 3247 155 33 Unequalled
2830 3247 38 25 for

2340 3292 122 25 excellent
2474 3292 176 31 Timekeeping
2664 3291 50 26 and
2725 3289 142 34 durability.

2372 3335 30 25 F.
2420 3335 31 25 B.
2463 3334 95 25 LANE
2570 3334 141 32 personally
2729 3335 71 25 visits
2820 3334 47 25 Ox-

2340 3378 54 26 ford
2413 3379 124 32 monthly,
2561 3379 113 32 carrying
2693 3386 16 17 a
2726 3378 72 32 large
2819 3379 49 24 and

2340 3422 84 26 choice
2458 3422 70 26 stock
2555 3422 28 26 of
2613 3422 127 30 Watches,
2766 3422 101 30 Chains,

2340 3466 133 29 Brooches,
2483 3466 87 32 Rings,
2581 3466 85 28 Studs,
2683 3466 126 25 Pendants
2821 3467 46 28 etc,

2342 3509 141 33 Spectacles
2503 3509 123 33 (Pebbles,
2643 3509 165 33 Pantoscop&c
2819 3509 49 26 and

2340 3553 109 35 Crystal)
2462 3553 96 30 Clocks,
2577 3553 106 34 (Marble
2702 3553 50 25 and
2768 3553 100 34 Wood,)

2438 3598 156 25 Accordeons
2605 3598 50 24 and
2666 3597 104 25 Violins.

2372 3641 81 25 Exact
2465 3641 57 25 date
2533 3641 28 25 of
2570 3641 62 24 each
2642 3640 60 26 visit
2723 3640 23 25 is
2756 3640 106 24 notified

2487 3685 28 25 m

2339 3728 149 26 Repairs.—
2489 3729 42 25 All
2540 3729 94 31 repairs
2651 3736 42 17 are
2709 3728 118 26 executed
2836 3728 32 32 by

2329 3779 6 7 e
2338 3772 93 31 myself
2450 3780 29 16 or
2494 3771 79 25 under
2589 3779 43 24 my
2651 3771 217 32 superintendence

2340 3823 27 18 so
2389 3815 56 26 that
2462 3817 104 31 patrons
2577 3824 47 17 can
2645 3815 52 32 rely
2718 3822 34 19 on
2773 3815 95 32 getting

2339 3859 154 26 satisfaction
2502 3860 26 25 at
2540 3859 43 25 the
2594 3867 58 24 very
2662 3859 86 25 lowest
2756 3859 111 32 charge's.

2372 3902 104 32 Repairs
2487 3911 28 17 or
2523 3902 84 26 orders
2615 3910 58 24 may
2683 3902 31 25 be
2722 3902 44 26 left
2777 3904 29 23 at
2806 3916 32 5 —

2338 3950 27 25 J.
2383 3950 133 31 Weeber's,
2550 3950 65 25 East
2638 3950 100 26 Oxford.
2817 3974 3 2 .

2338 3997 27 23 at
2387 3996 40 24 W.
2451 3996 36 24 M.
2505 3995 44 28 C,
2572 3994 64 26 East
2660 3995 100 26 Oxiord.

2338 4039 25 24 J.
2380 4039 99 29 Brown,
2491 4038 159 30 Bootmaker,
2674 4038 70 26 West
2768 4038 100 26 Oxford.

2338 4081 41 25 W.
2391 4081 25 25 J.
2429 4080 118 26 Crothers
2556 4081 19 24 &
2586 4081 46 25 Co.
2639 4099 7 7 .
2667 4081 70 25 Cust.

2371 4125 49 24 and
2436 4124 52 25 will
2494 4124 31 25 be
2535 4125 126 32 promptly
2672 4124 117 26 attended
2800 4126 35 23 to.
2852 4132 7 19 ■;

2338 4169 56 31 All
2404 4168 98 31 Work
2514 4168 77 32 done
2602 4180 40 20 on
2655 4169 54 31 the
2717 4168 151 32 Premises

2461 4220 62 29 and
2537 4214 198 45 guaranteed.
2766 4246 4 4 ,

2441 4382 117 49 TDd^KESR
2582 4397 175 25 MERCHANT.
2800 4409 5 4 -

2416 4465 139 46 f|§T/
2606 4466 182 44 OXFOHD.

1296 176 114 88 R.
1476 178 130 86 H.
1664 178 511 92 PARISH

1438 323 193 68 EAST
1679 331 323 63 OXFORD

1472 449 40 31 IS
1547 450 99 30 NOW
1667 450 47 30 IN
1735 451 186 31 RECEIPT
1944 453 54 29 OF

1373 531 42 23 Ex
1432 531 112 24 AOTEA
1563 530 69 25 AND
1644 531 118 24 OTHER
1774 531 128 26 DIRECT
1916 532 182 26 STEAMERS

1361 652 3 6 .
1397 604 266 44 SUMMER
1686 604 236 46 SEASON
1954 604 124 45 1896.
2133 645 3 2 .
2189 629 14 15 ,
2204 648 6 10 f
2226 623 41 34 y-

1293 726 3 8 ,
1576 703 96 30 THIS
1696 698 202 37 SEASON'S

1524 981 50 29 4d.
1596 991 54 29 per
1670 982 79 38 yard
1771 981 101 31 worth.
1893 983 49 29 Bd.

1243 1051 575 120 Gfinghams,
1890 1061 335 101 Drills,

1168 1211 346 94 Ladies
1556 1214 309 91 Black
1907 1220 404 87 Jackets

1207 1380 149 86 for
1397 1382 111 84 5s
1551 1383 126 85 9d
1751 1387 306 87 worth
2098 1392 163 85 20s

1169 1540 604 110 Trimmings
1839 1545 83 85 &
1966 1546 346 90 Braids

1474 1674 212 87 half
1719 1679 279 108 price.

1347 1882 331 49 ENORMOUS
1738 1886 390 49 REDUCTIONS

1171 1976 427 99 maids:
1725 1982 587 99 ulsters

1286 2119 449 86 Reduced
1776 2121 104 87 to
1931 2124 101 86 Is
2076 2126 162 89 6d.

1382 2279 52 7 ...
1527 2253 38 29 36
1586 2255 33 27 to
1640 2253 39 30 45
1691 2253 103 32 inches
1816 2255 85 41 deep.

1206 2352 160 73 Hu
1368 2352 264 77 ttons
1657 2360 118 65 lei
1796 2394 3 29 ;
1827 2371 172 80 per
2039 2352 233 83 card
2290 2397 5 26 ■>

1399 2463 412 19 »♦♦♦♦♦♦♦♦♦♦♦♦♦♦♦»♦♦♦♦♦♦♦♦♦♦♦♦♦
1816 2468 94 15 ♦♦»♦♦♦♦
1913 2469 57 15 ♦♦♦»

1169 2520 79 25 HHHE
1267 2521 114 30 question
1391 2521 30 27 is.
1424 2519 98 24 natural
1522 2533 34 5 —
1580 2519 66 30 Why
1657 2519 60 24 send
1731 2522 26 22 to
1769 2520 176 27 Christchurch
1964 2523 39 24 for
2020 2533 61 22 your
2098 2526 129 34 Drapery?
2262 2531 51 25 The

1175 2545 21 33 1
1204 2577 3 3 .
1232 2553 101 32 drapery
1345 2552 54 25 sold
1406 2552 27 24 m
1440 2552 57 25 that
1508 2552 49 31 city
1569 2559 70 23 every
1651 2559 45 17 one
1708 2552 93 30 knows,
1813 2554 23 23 is
1846 2556 45 22 not
1902 2555 71 25 made
1985 2557 76 29 there,
2080 2557 45 26 but
2136 2560 128 32 imported.
2299 2564 14 24 I

1169 2589 93 30 import
1271 2587 65 25 from
1347 2586 44 25 the
1401 2585 54 26 best
1465 2585 106 32 English
1582 2585 50 25 and
1648 2584 89 27 Scotch
1747 2585 99 26 houses.
1892 2587 71 26 lam
1974 2590 104 26 enabled
2089 2592 26 26 to
2126 2596 122 29 purchase
2265 2596 48 28 low

1169 2622 50 24 and
1227 2620 47 26 sell
1284 2622 26 24 at
1319 2629 16 16 a
1345 2622 53 23 rate
1410 2619 25 24 of
1443 2619 74 32 profit
1530 2619 52 32 (my
1593 2626 119 24 expenses
1724 2619 71 32 being
1806 2620 82 33 small)
1900 2620 56 27 that
1967 2624 81 25 would
2060 2625 30 26 be
2107 2628 144 27 considered
2270 2631 41 25 ab-

1169 2655 59 24 surd
1239 2655 32 31 by
1287 2662 48 23 any
1354 2652 177 25 Christchurch
1552 2652 197 25 establishment.
1801 2653 45 32 My
1866 2654 76 25 Stock
1960 2656 22 24 is
2001 2657 42 24 the
2062 2658 94 33 largest
2173 2662 51 24 and
2245 2667 67 23 most

1169 2687 84 25 varied
1271 2686 57 26 that
1337 2686 45 24 has
1394 2693 55 17 ever
1459 2686 62 24 been
1532 2684 86 25 shown
1628 2684 27 25 m
1666 2685 43 25 the
1719 2686 103 30 district,
1836 2687 49 24 and
1896 2688 39 24 for
1944 2689 92 32 quality
2055 2692 49 25 and
2122 2693 72 26 value
2211 2698 59 28 puts
2285 2698 27 25 m

1169 2721 42 24 the
1222 2720 76 25 shade
1314 2719 75 32 goods
1399 2718 91 25 offered
1500 2717 32 33 by
1543 2717 100 32 visiting
1653 2717 113 27 hawkers
1779 2721 62 23 from
1851 2719 44 25 the
1912 2721 179 28 Christchurch
2102 2733 45 24 rag
2158 2730 87 24 marts.

1201 2773 92 26 Dress
1305 2773 162 32 Materials,
1481 2772 86 25 Plain
1578 2773 59 24 and
1647 2772 103 32 Fancy
1760 2773 80 25 from

1201 2834 27 26 A
1244 2833 109 31 Strong
1369 2833 87 26 Stout
1470 2832 133 26 Durable
1620 2831 124 33 Kaiapoi
1760 2833 112 25 Tweed
1888 2834 51 33 2/6
1949 2841 56 26 per
2016 2838 75 30 yard

1789 2877 108 26 Makes
1907 2879 156 26 flrst-class
2079 2881 91 33 Boys'
2187 2884 91 28 Suits.

1202 2928 57 26 Art
1275 2926 138 32 Muslins,
1432 2925 154 33 Gretones,
1604 2926 79 26 Lace
1700 2926 137 28 Curtains
1856 2928 54 26 &c.

1159 3017 1 3 .
1201 2997 26 32 A.
1244 2996 109 30 Chpice
1370 2994 164 28 Collection
1552 2995 33 25 of
1598 2994 119 33 Gloves,
1744 2995 77 33 Ties,
1850 2996 129 34 Aprons,
2008 2998 165 30 Insertions
2190 3002 54 27 &c.

1202 3058 101 27 Prints
1315 3058 141 26 jEPom4d.
1469 3064 54 25 per
1533 3058 83 31 yard.
1629 3058 137 32 Muslins,
1778 3059 138 33 Selesias,
1930 3060 125 34 Calicos,
2068 3064 55 26 &c.

1455 3124 3 6 =
1504 3125 4 5 ,
1778 3102 86 26 With
1880 3104 87 25 other
1984 3105 191 28 Manchester
2191 3110 87 32 lines,

1159 3165 7 21 r.
1202 3156 88 31 Hats,
1308 3155 101 32 Fancy
1425 3155 60 25 and
1501 3154 105 32 Sailor,
1623 3155 32 25 m
1670 3145 187 51 Whi^andC
1866 3150 116 37 C&ors.
2072 3184 5 7 ,

1159 3210 6 17 i
1736 3199 126 28 M»west
1877 3200 122 33 Shapes.
2034 3203 96 32 Large
2146 3206 131 35 Variety,

1159 3252 7 33 )
1201 3251 147 32 Flowers,
1364 3250 153 32 Feathers,
1535 3249 147 33 Ribbons,
1700 3250 104 35 L»9««,
1822 3252 75 33 Jets,
1916 3253 55 26 &c.

1162 3289 4 19 1
1665 3290 87 26 With
1767 3293 42 24 all
1825 3294 183 24 necessaries
2024 3294 47 25 for
2087 3295 190 33 Trimmings.

1161 3333 5 42 j
1199 3339 104 32 Fancy
1317 3339 139 31 Frillings
1473 3339 77 32 3yds
1561 3339 46 25 for
1616 3340 36 33 1/-
1669 3341 102 25 worth
1781 3341 51 31 Bd,
1839 3335 65 38 j^er
1914 3344 84 29 yard,

1158 3382 8 33 |:
1725 3384 181 34 Umbrellas,
1924 3385 150 36 Parasols,
2092 3388 183 36 Sunshades,

1481 3495 240 57 DQUBLE
1781 3498 212 47 WIDTH

1173 3578 294 89 Diress
1538 3573 400 93 Twc^eds
2011 3583 105 85 Is
2180 3580 129 91 4d

1466 3733 339 90 worth
1861 3737 138 86 2s.

1248 3861 453 90 Costume
1762 3855 286 95 Cloth
2126 3870 124 84 Is.
2316 3876 2 103 j

1399 3984 313 89 worth
1764 3989 105 83 Is
1924 3991 154 87 4d.

1168 4247 132 41 EngUsh
1313 4247 127 41 Witney
1448 4247 147 32 Blankets
1609 4250 34 28 to
1657 4248 38 30 be
1709 4248 66 31 sold
1790 4252 32 27 at
1831 4250 60 30 less
1898 4251 78 30 than
1989 4250 179 35 Melbourne
2180 4254 129 34 Whole-

1169 4302 63 31 sale
1253 4301 247 41 price—Double
1514 4301 68 30 Bed
1599 4299 68 33 Size
1690 4301 64 30 12s.
1780 4301 49 31 6d.
1880 4304 101 30 worth
1996 4305 66 30 16s.
2100 4297 60 52 (Jd^
2170 4317 55 31 per
2239 4311 70 39 pair

1333 4343 128 40 cheaper
1474 4342 76 30 than
1564 4341 224 38 Christchurch
1801 4344 111 32 houses
1926 4346 66 31 mil
2003 4347 59 30 Sell
2076 4347 93 32 them.

1211 4455 72 34 R.
1310 4454 105 34 H.l
1431 4453 309 44 PARISH,
1798 4456 153 36 East
1999 4457 239 40 Oxforcl
2261 4486 14 13 .

689 3597 225 39 ODDFELLOWS
957 3597 96 41 HALL

730 3696 98 26 WESf
862 3696 151 25 OXFORD.

647 3762 164 32 FRIDAY
832 3762 79 32 OGT
933 3763 49 30 30.
1004 3763 91 31 1896.

770 3862 25 24 A
813 3860 177 27 DRAMATIC

610 3920 525 40 ENTERTAINMENT

739 4019 120 26 COUGH
882 4018 119 25 SYRUP.

651 4062 75 26 From
739 4064 92 25 Golden
850 4062 88 26 Grains
958 4062 31 32 of
1011 4061 84 29 Useful

790 4097 166 28 Information.

642 4162 49 24 Pat
712 4169 47 17 one
781 4164 72 29 quart
874 4161 148 25 hoarhound
1044 4163 26 22 to
1093 4167 47 17 one

609 4203 72 30 quart
690 4203 82 28 water,
790 4201 50 25 and
860 4201 52 25 boil
933 4201 20 25 it
975 4200 73 25 down
1072 4202 27 22 to
1124 4208 16 14 a

609 4243 62 30 pint,
689 4240 48 25 add
749 4242 46 24 two
807 4249 27 17 or
856 4242 70 24 three
936 4241 77 25 sticks
1031 4240 26 25 of
1067 4240 71 25 licor-

609 4282 45 29 ice,
672 4281 50 25 and
731 4288 16 17 a
757 4280 180 33 tablespoonful
955 4281 27 25 of
1003 4281 43 25 the
1059 4279 81 33 Syrup

609 4322 71 26 three
691 4321 73 25 times
776 4329 15 17 a
809 4322 55 31 day,
882 4330 25 16 or
927 4329 28 19 as
977 4321 69 25 often
1059 4328 27 17 as
1098 4320 44 25 the

610 4359 81 33 cough
715 4367 56 23 may
797 4358 31 26 be
853 4359 172 26 troublesome.
1084 4358 54 24 The

610 4398 76 26 above
701 4396 79 32 recipe
801 4396 47 26 has
867 4396 62 25 been
957 4397 53 25 sold
1029 4396 38 25 for
1091 4396 49 24 100

611 4437 90 25 dollars
702 4434 3 11 1
705 4454 5 6 .
757 4433 101 35 Several
883 4434 70 26 firms
972 4443 42 18 are
1036 4433 104 33 making

611 4475 73 26 much
695 4481 90 21 money
804 4473 32 29 by
847 4473 34 26 its
898 4474 177 25 manufacture.

86 4422 83 25 When
189 4431 90 24 sponge
290 4422 58 26 cake
365 4422 114 26 becomes
491 4422 52 32 dry,
562 4421 17 25 it

57 4464 19 24 is
87 4463 54 25 nice
153 4464 41 23 cut
204 4463 27 24 m
242 4464 57 24 thin
319 4464 71 24 slices
403 4463 50 24 and
475 4462 104 26 toasted.
