3540 4570
1223 85 172 32 OXFORD
1440 81 225 34 OBSERVER
1723 76 241 35 SATURDAY,
2006 72 97 31 MAY
2121 70 48 36 19,
2190 68 92 30 1894.

2934 4277 116 25 Printed:
3058 4275 63 28 Md
3150 4276 326 37 BMiated'tiy'^RioHAiux

2929 4328 5 4 •
2967 4314 110 29 HoLittAis
3097 4315 107 30 PABiSEt,.
3212 4318 12 39 f
3312 4318 181 39 jaie^istered.-
3300 4318 12 39 :
3224 4318 76 39 aiihis

2926 4359 24 16 '■■*
2966 4358 118 33 Printing
3095 4349 178 43 Offi.ce,_3ECgji
3282 4352 116 44 >fltsM^.
3411 4361 65 28 Eaat
3501 4380 4 4 -

2987 202 54 46 A.
3057 204 55 45 P.
3127 204 274 66 TUTTON,

2962 273 231 34 AUCTIONEER,
3209 275 6 4 '
3237 277 193 30 VALUATOR,

2932 312 108 27 GRAIN
3077 317 74 23 AND
3185 317 162 25 PRODUCE
3383 317 87 24 MER-

2947 352 123 33 CHANT,
3082 355 72 26 AND
3171 356 135 26 ESTATE
3319 358 127 25 AGENT.

3030 432 191 33 AUCTION
3237 435 130 31 SALES

3071 503 5 4 .
3191 490 31 17 OF

2932 516 86 27 LIVE
3037 519 110 26 STOCK
3159 522 43 25 AT
3215 522 71 25 THE
3294 522 178 32 RANGIORA

2967 557 145 27 MARKET
3124 561 120 26 EVERY
3265 562 170 26 TUESDAY.

2932 632 98 27 Private
3041 634 67 27 Sales
3118 641 64 22 most
3190 639 129 33 efficiently
3328 640 143 25 conducted.

3167 693 39 4 —
3206 694 33 4 —
3238 695 6 6 ■■
3296 697 2 2 '
3314 686 5 5 -
3342 697 4 13 :
3460 686 25 27 /
3506 689 8 19 <

2933 713 81 29 Agent
3026 714 40 23 for
3077 715 42 23 the
3136 716 79 24 South
3231 717 92 25 British
3340 718 132 25 Insurance

2934 743 133 33 Company.

3082 785 30 25 A.
3121 786 29 24 P.
3161 787 145 33 TUTTON,

3115 825 155 31 Auctioneer,
3284 830 51 28 <fee,
3344 830 122 31 Rrtngbia,

2977 902 86 32 TRY
3077 905 85 33 MRS
3180 907 252 36 McINTOSH'S

3074 963 82 24 NEW
3170 964 163 26 ZEALAND

2936 998 179 50 HAIR
3127 1001 344 52 RESTORER

2937 1086 51 26 For
3000 1091 143 33 promoting
3159 1093 45 26 the
3209 1097 99 29 .growth
3320 1097 36 31 of,
3356 1098 43 25 the
3411 1100 64 24 Hair
3513 1109 2 8 -

2936 1125 51 24 and
2997 1130 146 31 preventing
3157 1131 21 25 it
3197 1132 96 38 falling
3307 1123 167 48 off/^i-evient-

2936 1164 45 32 ing
2995 1166 43 24 the
3057 1166 133 38 formation
3203 1172 28 24 of
3246 1172 60 27 bald
3322 1173 105 33 patbhes.
3441 1185 31 18 on
3509 1186 5 13 •«

2936 1204 42 23 the
2999 1206 71 30 head,
3091 1209 51 24 and
3164 1213 129 31 removing
3324 1215 74 24 Scurf
3423 1218 51 23 and

2936 1240 127 28 Dandruff
3068 1253 6 21 ;
3087 1245 51 26 also
3158 1249 26 23 to
3204 1245 100 29 Relieve
3314 1251 157 28 'Headaches.

2970 1306 54 26 The
3035 1306 127 38 ib'lowing
3172 1321 42 17 are
3232 1323 15 16 a
3267 1318 93 30 sample
3382 1319 26 23 of
3431 1321 43 23 the
3499 1329 15 26 j

2936 1351 77 25 many
3025 1346 173 29 Testimonials
3209 1354 110 24 received
3326 1363 5 15 :
3335 1370 31 3 —

3061 1387 187 35 Christchurch,
3261 1392 57 25 Jan.
3329 1395 28 28 3j-
3368 1396 72 24 1892.

2953 1420 53 26 Mrs
3013 1423 148 33 McTntbsh,,
3168 1428 66 25 Dear
3241 1430 234 35 Madams-Having

2937 1461 59 24 used
3005 1470 62 23 your
3086 1465 65 26 Hair
3162 1468 124 32 Restorer,
3300 1471 14 24 I
3324 1471 64 26 have
3398 1473 76 25 found

2937 1507 15 16 a
2963 1504 72 27 great
3046 1504 179 32 improvemeht
3235 1510 27 23 m
3272 1518 43 24 ray
3324 1505 61 37 i^air,
3396 1514 46 24 and
3453 1514 21 24 it

2936 1537 23 25 is
2969 1546 56 19 now
3036 1548 29 18 as
3084 1542 73 27 thict
3165 1554 28 17 as
3204 1554 56 18 ever
3271 1548 21 24 it
3309 1556 57 22 was,
3388 1551 49 24 and
3459 1551 14 24 I

2936 1577 72 26 kndw
3020 1580 28 25 of
3056 1582 82 26 others
3151 1585 56 25 that
3224 1587 62 26 have
3298 1589 61 25 used
3373 1589 20 29 it
3411 1591 61 25 with

2935 1620 65 30 good
3004 1622 104 27 -results.

3120 1670 81 27 Yours
3213 1674 76 31 truly,
3427 1681 3 5 •

3195 1710 103 25 Robert
3310 1712 96 25 Young.

3103 1747 178 33 Colombo-st.,
3291 1752 183 27 Christchurch

3035 1823 127 32 Dunedin*
3175 1829 57 24 31st
3244 1829 111 31 October,
3366 1834 12 21 1
3383 1833 56 24 892.

2969 1862 68 27 Dear
3049 1866 48 31 Sir,
3100 1883 31 3 —
3132 1869 15 25 I
3154 1870 64 26 have
3239 1873 71 24 much
3322 1874 114 31 pleasure
3446 1877 28 23 m

2936 1902 133 35 certifying
3080 1906 57 26 that
3147 1909 65 25 from
3224 1912 120 30 personal
3350 1912 124 27 observat-

2935 1939 44 26 ion
3008 1943 26 23 of
3065 1944 70 26 those
3163 1945 54 27 who
3315 1951 74 31 using
3421 1952 53 25 Mrs

2937 1977 152 29 Mclntosh's
3100 1982 64 26 Hair
3170 1985 124 31 Restorer,
3303 1989 21 23 it
3329 1988 47 25 has
3382 1989 92 31 proved

2936 2023 33 16 an
2988 2017 145 28 undoubted
3154 2030 107 23 success,
3281 2026 51 23 and
3349 2026 64 33 hope
3433 2035 40 17 ere

2935 2055 62 33 long
3005 2057 22 25 it
3039 2059 50 25 will
3097 2061 55 25 find
3163 2070 16 18 a
3197 2064 141 31 prominent
3349 2066 69 32 place
3440 2074 33 18 on

2936 2094 44 25 the
2994 2097 71 24 toilet
3086 2099 68 26 table
3176 2101 28 24 of
3223 2102 46 25 all-
3279 2103 63 30 who,
3359 2104 115 33 -through
3491 2109 5 5 *

2936 2134 108 27 sickness
3056 2145 28 16 or
3094 2139 138 31 otherwise,
3249 2142 62 25 have
3321 2143 59 30 lost,
3393 2153 29 15 or
3432 2153 42 16 are
3495 2147 19 20 -4

2936 2173 89 33 losing,
3039 2184 47 17 one
3101 2178 28 25 of
3143 2180 144 26 mankind's
3305 2183 64 25 chief
3388 2184 86 26 adorn-

2936 2216 91 23 ments.
3040 2238 6 6 ,
3061 2216 103 34 Having
3180 2220 61 25 been
3263 2222 115 31 sceptical
3397 2231 28 17 as
3448 2226 26 23 to

2937 2251 44 26 the
2992 2253 82 27 virtue
3085 2257 28 23 of
3119 2259 67 24 most
3196 2260 127 25 nostrums
3334 2260 39 26 for
3381 2269 91 18 renew-

2935 2290 46 34 ing
2999 2300 29 18 or
3046 2293 141 37 improving
3208 2296 45 29 ihe
3270 2301 98 31 growtb.
3387 2302 28 25 of
3430 2303 42 25 the

2936 2332 63 29 hair,
3011 2333 14 27 I
3035 2334 32 25 do
3078 2344 57 17 now
3154 2338 62 25 with
3227 2340 141 25 confidence
3380 2349 92 18 recom-

2936 2370 77 24 mend
3022 2372 50 24 this
3084 2375 93 28 article,
3197 2376 77 25 which
3293 2375 63 34 may'
3361 2386 75 23 prove
3458 2387 16 16 a

2937 2408 65 25 boon
3028 2413 27 21 to
3083 2412 42 29 all,
3137 2417 4 7 '
3154 2414 24 24 if
3200 2415 63 25 tfsed
3288 2418 132 32 according
3448 2420 26 23 to

2936 2448 141 27 directions.
3162 2462 2 2 -
3175 2469 2 3 -
3182 2454 13 13 v;
3212 2454 13 19 ■'■.
3240 2453 46 21 --^
3300 2460 19 11 >■•■

2971 2502 19 21 :■;
3121 2492 81 26 Yours
3216 2495 74 32 truly,

2951 2542 3 15 i
3012 2547 33 9 -■'
3061 2540 65 14 ■'••••''
3182 2531 27 29 C.
3218 2534 32 26 B.
3263 2535 111 31 MIIXEB,
3378 2548 35 13 ■;■-■■
3432 2557 4 3 .

2943 2588 21 12 ...
2987 2568 94 31 Water;
3086 2571 28 25 of
3122 2570 77 27 Leith
3212 2573 81 30 Store,
3306 2575 45 25 Gt.
3364 2576 110 32 King-st.
3495 2598 3 3 .

2938 2647 37 24 To
2994 2646 33 25 be
3043 2647 60 27 had.
3116 2648 66 26 from
3211 2651 34 24 all
3254 2670 6 7 ,
3274 2652 124 26 (Chemists
3426 2654 51 25 and

2990 2685 194 33 Store-keepers,
3195 2689 49 24 and
3252 2688 142 29 Wholesale
3401 2691 28 24 of

3053 2721 3 34 ;
3071 2714 72 44 M^S
3161 2716 196 45 McINTOSH^
3366 2719 3 6 '
3382 2742 4 16 ;

3097 2761 109 27 Haddon
3220 2765 89 29 Street,
3322 2765 153 33 Sydennam,

2939 2800 65 28 Who
3013 2800 22 25 is
3046 2800 44 26 the
3100 2801 59 26 Sole
3164 2803 120 32 Pfeparer
3291 2800 27 30 6f
3319 2798 4 14 !
3322 2805 44 25 the
3369 2805 107 28 Article.

2971 2838 78 25 Local
3075 2840 85 31 Agent
3201 2841 53 26 Mrs
3274 2840 30 27 A.
3328 2843 29 25 C.
3376 2841 100 33 'White,

2939 2878 70 25 West
3021 2879 99 25 Oxford.

2940 3600 106 61 Iwish
3058 3602 25 23 to
3094 3602 84 24 inform
3203 3610 41 24 my
3246 3604 5 14 ;
3265 3603 91 25 CJxford
3382 3595 91 32 friends
3487 3624 2 3 .

2994 3633 50 23 and
3066 3633 44 25 the
3130 3637 101 27 general
3248 3635 88 25 Public
3343 3644 6 11 >
3362 3635 57 26 that
3429 3643 43 24 my

2940 3670 126 32 Rangiora
3088 3672 114 27 business
3224 3674 46 25 has
3291 3675 129 24 inoi'eased
3446 3677 27 23 to

2940 3710 62 25 such
3013 3719 33 17 an
3058 3714 84 26 extent
3152 3714 58 29 that,
3216 3714 15 25 I
3241 3714 67 25 shall
3327 3714 30 25 be
3385 3715 88 25 unable

2940 3751 26 23 to
2985 3751 66 30 .visit.
3058 3752 89 25 Oxford
3157 3754 208 28 .untill'^ftirthe?
3380 3755 91 24 notice.

2939 3786 42 26 All
2997 3788 68 25 work
3088 3791 56 23 sent
3161 3790 37 32 by.
3203 3780 196 49 jG^ayisjßro.,
3412 3791 60 25 Car-

2938 3826 70 30 riers,
3032 3827 50 26 will
3103 3830 95 25 receive
3339 3831 132 28 attention.

2938 3865 22 25 A
2995 3867 69 32 large
3100 3868 75 26 Stock
3213 3870 28 24 of
3261 3870 117 29 Watches
3420 3871 52 24 and

2939 3903 128 35 Jewellery
3095 3913 33 17 on
3157 3906 77 26 hand.
3269 3908 126 25 Traveller
3432 3908 40 26 for

2936 3939 247 37 NorthCaiiterbury'
3357 3946 25 23 iF.
3390 3942 81 29 'Glixt.

2936 3987 4 17 :
2968 3976 13 35 ;
3016 3972 9 20 :
3053 3979 69 26 GUS
3134 3980 127 31 JONES;'
3272 3982 133 31 Rtogidra;

2928 4131 4 7 '
2996 4114 130 34 PiiNiiEß
3138 4128 59 21 AND
3211 4129 178 25 DEqORATOR,

2935 4156 128 25 WRITER,
3081 4158 137 27 GRAINER,
3236 4160 112 21 GILDER
3364 4157 53 28 Ad.,
3426 4162 45 21 AC.

2947 4220 19 9 v
2980 4223 6 3 .
3037 4192 113 30 EAST
3187 4192 221 33 OXEGRBiv^

2424 200 425 48 EUCALYPTUS

2549 276 79 6 —
2628 270 13 15 ♦
2641 275 79 5 —

2422 301 60 20 THE
2496 299 73 21 BEST
2583 297 87 25 HOME
2686 297 144 21 BEMEDIE

2482 337 36 15 are
2531 331 38 20 the
2578 330 136 28 preparation
2723 329 25 22 of
2755 329 37 21 the

2367 368 170 24 TASMANIAN
2555 367 186 21 EUCALYPTUS
2755 366 49 21 OIL
2818 365 82 22 COMP.

2396 405 136 25 Universally
2541 403 105 22 admitted
2654 403 37 21 the
2699 403 79 25 BEST,
2789 403 115 20 PUREST

2367 444 44 20 and
2421 443 57 19 most
2487 441 95 20 effective
2592 440 135 26 Eucalyptus
2748 439 105 21 Globulas
2868 438 36 21 Oil

2367 475 34 19 for
2420 471 173 25 INFLUENZA,
2614 469 92 27 Coughs,
2725 470 64 20 Colds
2813 470 44 20 and
2874 470 31 20 all

2368 506 65 20 Cheat
2449 504 44 21 and
2501 504 63 23 Lung
2580 502 114 21 affections
2707 502 77 27 speedy
2792 503 61 20 relief
2861 501 44 22 and

2368 538 57 20 Cure
2442 537 33 20 for
2491 535 158 23 Rheumatism,
2668 534 122 26 Neuralgia,
2805 535 100 26 Sprains-

2367 564 72 20 Burns
2460 563 34 21 &o.

2395 596 134 25 Eucalyptus
2547 594 76 20 Global
2626 600 25 14 us
2668 595 93 21 Extract
2769 595 90 26 sprayed
2872 595 33 21 in-

2369 628 63 21 haled
2447 626 44 22 and
2505 628 66 19 taken
2580 626 117 26 internally
2714 626 33 20 for
2761 626 37 21 the
2814 626 88 26 Throat,

2369 663 97 27 Catarrh,
2483 663 60 26 Hay,
2566 662 99 27 Typhoid
2681 663 43 21 and
2738 663 82 22 Scarlet
2829 664 76 21 Fevers

2370 696 130 21 MEASLES
2510 696 37 20 the
2552 697 56 19 most
2618 695 136 25 satisfactory
2762 697 143 23 preventative

2370 727 43 21 and
2427 727 61 20 Cure.
2515 726 58 21 Send
2585 726 52 20 Post
2653 726 55 20 Card
2717 727 23 19 to
2750 726 37 21 the
2796 727 64 19 Office
2872 728 33 20 for

2369 758 97 20 Circular
2479 757 120 25 describing
2618 758 122 20 treatment.
2766 758 139 26 Eucalyptus,

2369 791 113 21 Ointment
2490 791 38 21 the
2536 790 71 26 Magic
2616 791 79 21 Healer
2708 790 23 21 of
2745 791 70 25 Sores,
2827 791 78 25 Burns,

2371 822 102 25 Wounds,
2489 822 59 21 Boils
2566 823 45 24 &0.,
2633 822 134 26 Eucalyptus
2785 823 59 26 Soap
2857 823 43 21 Fra

2369 854 63 24 grant
2442 854 44 20 and
2493 853 126 26 refreshing.
2642 854 133 24 Eucalyptus
2783 853 90 26 Jujubes
2881 861 25 14 or

2369 884 103 20 Pastilles
2481 884 34 20 for
2524 884 36 20 the
2585 884 82 20 Throat
2676 884 43 20 and
2728 884 64 20 Voice
2807 890 30 15 an
2850 885 55 20 anti-

2370 914 67 27 septic
2447 915 43 21 and
2500 915 120 22 stimulant.

2371 948 125 28 Veterinary
2512 950 36 21 Oil
2557 950 43 21 and
2611 950 111 21 Ointment
2731 950 33 20 for
2774 950 43 31 the^
2819 950 86 22 stables.

2397 984 31 20 Be
2437 990 49 14 sure
2494 990 44 19 you
2547 984 109 20 Purchase
2670 984 39 20 the
2719 983 104 26 Platypus
2838 983 69 21 brand

2371 1014 50 26 only
2431 1015 22 19 of
2460 1015 29 20 all
2498 1015 114 25 Chemists,
2617 1015 89 20 Grocers
2712 1014 43 21 and
2761 1014 146 26 Storekeepers

2370 1045 43 21 and
2426 1046 24 20 at
2463 1045 37 21 the
2511 1046 64 20 Office
2584 1047 13 21 9
2606 1045 114 22 Cathedral
2729 1051 77 20 square
2814 1045 93 22 between

2370 1077 101 21 Morten's
2485 1077 113 27 Buildings
2606 1078 41 21 and
2658 1078 37 21 the
2703 1078 52 21 Post
2764 1077 71 22 Office.

2536 1113 88 21 Oxford
2635 1113 79 26 Agent
2726 1133 3 3 .

2425 1148 28 22 E.
2462 1148 30 21 H.
2506 1149 120 27 PARISH,
2648 1149 78 21 EAST
2739 1149 119 22 OXFOED

2451 1186 142 27 Eucalyptus
2603 1187 37 21 Oil
2654 1186 31 28 1/-
2698 1193 41 20 per
2748 1186 80 22 bottle.'

2364 1263 108 26 iIONGO
2509 1269 54 20 PAI
2583 1269 96 21 TENEI
2692 1269 56 20 KEI
2762 1268 139 22 KOUTOU>.

2585 1303 111 22 KATOA.

2413 1341 191 38 MACBEAN
2647 1341 219 38 STEWART'S

2370 1395 75 21 new:
2459 1396 79 21 cure
2553 1396 60 20 for
2626 1396 128 20 asthma
2764 1414 10 3 ..

2425 1430 73 21 new
2513 1431 79 21 cure
2606 1428 58 24 for
2679 1432 97 23 croup

2484 1466 74 21 new
2572 1466 80 21 cure
2665 1467 61 22 for
2737 1468 171 21 diphteria

2383 1518 5 4 .
2425 1498 73 20 new
2513 1498 79 21 cure
2606 1498 59 21 for
2679 1499 133 22 chronic

2378 1521 15 41 ,'
2449 1524 37 36 Z...
2547 1523 193 37 BRONCHITjfe;

2385 1572 115 27 Prepared
2508 1572 59 20 from
2576 1572 41 20 the
2626 1572 121 20 Mountain
2757 1572 47 21 and
2813 1573 81 21 Forest

2488 1599 83 21 Plants
2585 1599 25 20 of
2623 1599 54 21 New
2692 1599 105 22 Zealand.

2370 1634 29 20 In
2407 1633 98 21 Asthma
2515 1633 42 21 the
2566 1633 55 21 New
2630 1634 59 20 Cure
2698 1633 42 21 has
2750 1635 85 26 proved
2843 1635 65 21 itself

2411 1661 26 21 to
2445 1661 29 20 be
2483 1661 65 20 Head
2558 1660 45 20 and
2614 1660 123 22 Shoulders
2747 1661 71 22 above
2827 1662 33 21 »11

2529 1706 3 2 .
2552 1687 73 21 Other
2639 1688 76 20 Cures.

2397 1727 28 19 In
2435 1732 30 14 no
2473 1726 103 20 instance
2585 1726 42 20 has
2636 1732 15 14 a
2657 1726 69 21 death
2736 1727 106 21 occurred
2847 1728 60 21 from

2371 1753 131 26 diphtheria
2519 1753 67 20 when
2603 1753 41 21 the
2865 1755 42 21 has

2370 1780 58 21 been
2436 1778 74 28 freely
2519 1779 57 21 used
2584 1780 59 20 from
2649 1781 40 20 the
2698 1780 52 22 first
2755 1782 77 21 outset
2837 1782 24 20 of
2867 1783 40 20 the

2370 1807 93 25 disease,
2480 1806 47 20 and
2545 1812 26 14 so
2589 1807 67 25 great
2674 1814 38 13 are
2730 1808 32 20 its
2781 1809 126 24 protective

2369 1839 92 19 powers,
2472 1833 54 20 that
2534 1833 41 20 the
2585 1833 124 25 complaint
2717 1833 44 20 has
2770 1840 71 14 never
2851 1835 57 19 been

2369 1859 82 20 known
2458 1859 26 20 to
2493 1859 83 26 spread
2583 1859 26 21 to
2618 1859 68 21 other
2701 1860 112 21 members
2829 1860 25 21 of
2867 1861 41 21 the

2368 1886 89 24 family.

2397 1920 48 21 The
2452 1920 56 21 New
2517 1920 66 25 Cure,
2592 1922 25 19 3s
2627 1920 40 26 6d;
2679 1921 117 22 Grindelia
2804 1921 104 22 Eobusta

2433 1946 136 27 Cigarettes,
2579 1948 25 21 2s
2611 1956 7 16 ;
2628 1948 98 21 Asthma
2738 1949 108 24 Tobacco,

2539 1976 25 19 2s
2579 1974 30 21 6d
2621 1975 47 20 and
2682 1977 30 19 Is.

2395 2032 186 39 HEALTH
2604 2033 41 38 IS
2667 2033 216 39 WEALTH.

2369 2083 38 21 TO
2414 2082 63 21 THE
2487 2082 171 23 SUFFERING
2664 2084 244 21 &UNFORTUNATE

2384 2146 15 23 A
2413 2146 45 23 LL
2477 2145 88 28 Weak,
2576 2146 112 25 Nervous
2705 2147 47 24 and
2763 2146 145 25 Debilitated

2371 2173 42 29 _ljL
2426 2177 117 25 Sufferers
2552 2178 55 24 who
2615 2179 62 24 have
2685 2179 87 24 wasted
2781 2179 63 23 their
2851 2178 58 24 time

2370 2210 49 24 and
2430 2218 94 21 means,
2537 2211 103 31 sending
2647 2214 27 21 to
2680 2212 70 24 other
2759 2211 113 25 Colonies
2879 2211 28 25 P.

2371 2242 29 26 0.
2411 2242 81 26 Boxes
2501 2244 51 26 &c,
2559 2244 39 24 for
2606 2244 116 25 so-called
2729 2244 105 25 Electric
2842 2244 66 24 Belts

2370 2277 49 26 and
2440 2275 98 28 Useless
2546 2276 148 31 'Nostrums,
2707 2277 87 25 should
2806 2279 43 24 not
2860 2278 48 23 dis-

2370 2309 61 31 pair,
2441 2309 46 25 but
2498 2310 97 24 consult
2604 2310 139 31 personally
2754 2318 28 17 or
2792 2310 33 31 by
2835 2314 64 28 post.

2371 2355 134 47 FE.EE.
2533 2366 32 20 w
2585 2355 197 47 notmann,j[
2805 2357 49 49 c;
2872 2357 27 47 C

2371 2416 52 24 The
2434 2417 57 31 Only
2502 2416 100 25 Electro
2620 2416 103 25 Medical
2732 2416 125 32 Specialist
2866 2418 41 24 ad-

2371 2448 118 32 vertising
2507 2449 69 31 [with
2593 2450 94 31 twenty
2696 2458 68 23 years
2776 2449 131 32 European

2369 2482 148 30 experience,
2539 2481 50 25 and
2604 2482 68 24 three
2690 2490 68 24 years
2773 2482 81 25 before
2866 2484 42 24 the

2369 2514 59 25 New
2441 2514 106 25 Zealand
2558 2514 105 33 public]-
2670 2515 54 25 who
2734 2516 46 24 has
2791 2515 72 25 made
2874 2516 34 25 all

2370 2547 95 26 chronic
2475 2555 68 18 cases
2552 2547 25 26 of
2588 2556 54 17 men
2659 2548 48 24 and
2717 2557 95 16 women
2823 2558 14 15 a
2855 2549 52 25 life-

2369 2580 61 25 time
2442 2581 81 32 etudy,
2536 2581 47 24 and
2599 2583 27 23 to
2653 2582 112 24 convince
2783 2582 42 25 the
2843 2586 65 21 moht

2371 2614 120 31 sceptical,
2505 2614 14 23 I
2530 2615 49 23 will
2589 2614 98 24 forward
2700 2614 121 25 electrical
2831 2616 76 30 appli-

2371 2654 71 17 ances
2461 2646 49 24 and
2528 2647 172 24 concentrated
2726 2649 130 23 treatment
2876 2656 32 16 on

2372 2686 58 24 easy
2441 2679 76 24 terms
2531 2678 27 25 of
2564 2682 123 28 payment.

2376 2722 8 11 i
2405 2723 13 8 :.
2525 2718 191 27 [TBSTIMONIAIi.]

2597 2750 115 25 Dunedin,
2721 2751 56 27 July
2787 2752 34 24 28,
2832 2752 60 21 1893.
2906 2771 3 5 ,

2398 2783 25 21 It
2433 2783 65 26 gives
2512 2789 37 14 me
2555 2782 183 27 .greatpleasure
2752 2783 26 21 to
2791 2784 79 25 report
2885 2790 25 14 so

2371 2809 134 26 favourably
2513 2809 25 20 m
2548 2810 56 20 such
2614 2816 14 14 a
2638 2808 64 22 short
2710 2810 63 24 time,
2788 2810 122 27 especially

2371 2836 61 20 after
2440 2836 70 26 being
2519 2836 90 20 treated
2624 2837 32 25 by
2675 2842 70 14 seven
2760 2837 150 26 professional

2371 2869 53 14 men
2433 2862 37 20 for
2478 2868 29 14 no
2515 2862 88 25 benifit,
2613 2863 47 19 and
2665 2879 2 3 .
2678 2863 13 19 I
2710 2863 59 21 have
2787 2863 123 26 gradually

2371 2895 99 26 gaining,
2477 2895 105 26 strength
2595 2895 47 20 and
2651 2902 87 20 energy
2747 2896 61 21 since
2816 2896 94 26 placing

2371 2928 39 21 my
2419 2928 51 15 case
2488 2922 25 20 m
2525 2928 57 21 your
2599 2928 58 19 cave,
2676 2922 46 21 and
2740 2922 14 21 I
2763 2922 60 22 shall
2833 2923 78 28 gladly

2371 2949 142 22 recommend
2521 2956 58 20 your
2587 2949 51 22 able
2647 2950 124 21 treatment
2779 2951 25 20 to
2813 2951 83 21 others.

2502 2978 27 20 .:
2540 2986 1 1 -
2654 2989 2 8 :
2693 2977 23 20 J.
2726 2977 38 20 Me
2774 2977 109 20 Donald.

2382 3032 3 2 .
2405 3009 61 24 Free
2477 3008 58 25 trial
2547 3008 65 31 daily
2620 3009 60 23 from
2693 3010 31 23 11
2734 3017 58 17 a.m.
2801 3009 40 27 till
2852 3011 60 25 9.30

2371 3049 59 24 p.m,
2439 3041 27 24 of
2475 3043 40 22 the
2526 3042 73 24 latest
2611 3041 56 31 only
2678 3042 109 25 Eeliable
2797 3043 49 24 and
2853 3043 57 25 Per-

2373 3075 98 23 manent
2490 3073 62 25 Cure
2555 3091 4 9 :
2572 3074 37 23 for
2627 3074 161 29 rheumatism,
2807 3076 104 29 sciatica,

2371 3106 130 31 neuralgia,
2505 3106 61 24 liver
2574 3105 182 31 derangement,
2766 3106 144 32 indigestion

2372 3138 104 32 buzzing
2486 3140 28 23 m
2525 3138 41 25 the
2574 3138 62 25 head
2648 3138 49 25 and
2701 3136 65 33 'ears,
2781 3140 129 30 dizziness,

2371 3171 71 25 weak
2446 3171 70 30 back,
2522 3171 62 25 tired
2588 3171 96 32 feeling,
2691 3171 132 33 sjpecksbef
2824 3180 41 17 ore
2871 3174 41 23 the

2372 3211 61 24 eyes,
2458 3211 43 17 net
2504 3204 69 24 vious
2593 3204 145 31 irritability,
2757 3205 153 29 'exhaustion,

2371 3236 55 24 lack
2438 3236 26 23 of
2475 3243 96 24 energy,
2584 3236 96 24 bladder
2688 3237 48 23 arid
2745 3237 90 32 kidney
2843 3238 67 24 trou-

2371 3269 59 28 bles,
2454 3269 106 23 varicose
2581 3269 75 29 veins,
2680 3269 47 23 aod
2740 3269 32 24 all
2792 3269 119 25 weakness

2371 3301 133 31 pecularto
2515 3308 66 16 men.
2816 3316 4 8 ,

2406 3337 135 25 Numerous
2564 3337 105 31 grateful
2679 3338 85 25 letters
2776 3338 64 25 from
2852 3340 58 24 both

2373 3378 67 17 sexes
2452 3378 44 16 can
2506 3370 30 24 be
2553 3370 131 31 inspected.

2413 3408 63 39 W.
2500 3408 229 45 NOTMAOT,
2762 3408 131 40 M.E.C.

2450 3455 99 24 Market
2566 3455 81 28 Place,
2679 3455 179 25 Christchurch.

2421 3530 189 55 Money
2628 3531 55 42 to
2705 3530 155 43 Lend.

2413 3592 18 30 I
2465 3592 80 30 have
2566 3594 113 38 money
2714 3596 33 26 to
2769 3593 73 29 lend
2876 3594 34 28 m

2371 3632 87 39 large
2487 3643 35 19 or
2543 3625 90 37 small
2667 3642 85 20 sums
2778 3636 33 26 to
2847 3634 63 28 suit

2371 3672 177 33 Borrowers
2585 3676 33 26 at
2645 3673 109 31 lowest
2783 3676 127 27 current

2371 3717 91 26 rates.
2764 3737 3 7 ,
2788 3733 6 9 ;

2429 3752 63 40 w.
2517 3749 332 45 h;:spackman,

2546 3799 192 28 SOLICITOR,
2790 3805 16 22 V

2440 3838 191 25 Chbistchurch
2642 3838 197 26 and.RANGioRA.

2360 3904 228 44 ifiIONEY
2617 3909 81 41 TO
2723 3909 181 42 I^EliD.

2362 3963 9 19 ?
2371 3963 11 18 *
2390 3961 17 28 I
2420 3961 81 30 have
2513 3961 120 30 several
2647 3972 87 20 sums
2749 3963 33 29 of
2795 3967 113 35 money

2359 3992 43 46 Jo
2417 4001 142 36 lend,.at.
2576 4001 120 40 lowest,
2698 4005 85 28 rates
2797 4003 34 35 of
2858 4003 50 31 in-

2369 4043 102 28 terest.
2493 4065 4 9 >
2588 4041 37 29 -"•'•
2750 4055 35 16 -•■.•'.
2813 4066 3 3 ■
2828 4039 66 32 ■■'■'■■:':
2912 4048 2 23 '■

2359 4088 38 33 :*;
2452 4079 63 41 W.
2533 4080 38 41 E,
2590 4080 40 38 Di
2653 4077 167 46 BISHO?.
2911 4104 3 7 -

2359 4135 29 26 ii-
2395 4147 24 18 •*;
2587 4126 13 23 I
2602 4121 56 43 f|lS
2659 4126 20 24 T
2682 4126 53 37 9^»
2800 4130 28 35 V.'
2829 4125 5 10 5
2835 4156 3 1 -
2846 4126 50 33 ''■-*
2912 4147 2 2 ■

2361 4179 32 17 /'■'?
2402 4169 48 24 205
2469 4168 123 24 Hereford
2613 4168 38 25 St.
2671 4168 201 31 ClHiiiSTaHrJsqH.
2878 4187 6 9 ■
2893 4187 3 11 -
2910 4166 4 11 *

2366 4295 154 25 PAINTER
2537 4295 70 25 AND
2623 4295 273 34 PAPERHANaER,
2907 4293 6 32 j

2355 4392 2 2 ■
2378 4396 3 4 .
2399 4391 2 2 ■
2418 4403 2 2 .
2444 4396 3 3 •
2500 4393 9 6 ••
2531 4394 2 3 ■
2545 4391 25 12 .v
2581 4396 6 8 ,
2674 4379 59 16 "■■*■'■
2754 4381 5 6 '
2758 4381 23 12 ut
2782 4382 23 21 M
2803 4400 2 6 s
2808 4385 6 23 ;
2813 4396 5 11 :
2820 4400 1 1 .
2827 4381 4 10 :
2826 4382 28 23 js
2863 4374 15 20 it
2882 4382 9 21 l
2891 4379 5 11 :
2893 4390 17 14 ..i

2425 4410 27 14 ■":'■
2456 4409 11 16 's
2472 4410 42 16 *},>-.-
2520 4410 28 15 ■-■'*
2559 4415 14 15 '■;
2644 4418 4 4 '
2663 4418 3 2 •
2693 4412 10 19 \
2707 4407 53 18 :>:*■'"*
2773 4414 50 13 '-.Hiill:
2829 4408 50 19 ■''.''.'''
2907 4411 3 13 '-.

2414 4439 51 26 All?
2468 4438 81 28 orders
2559 4441 122 32 promptly
2692 4440 114 29 attended
2811 4441 83 32 ''ta,*"^
2907 4448 4 26 ;

1305 224 73 56 H.
1408 224 64 56 E.
1501 215 444 65 BOARDMAN
1984 211 54 59 &
2066 206 149 66 CO.,

1211 301 141 21 BAILIFFS
1366 300 64 21 AND
1446 297 184 24 COMMISSION
1647 294 127 21 AGENTS.
1820 293 101 22 HOTEL
1935 288 137 23 BROKERS
2085 285 64 21 AND
2163 281 148 22 VALUERS.

1309 348 60 29 222
1392 344 233 34 HEBEFORD
1650 340 170 36 STKEET,
1864 330 341 39 CHBISTCHURCH.

1498 411 375 19 »♦♦♦♦♦♦♦♦♦♦♦♦♦♦♦♦»♦♦♦♦♦♦♦♦>
1878 409 136 16 *♦♦>*•♦»>>
2018 408 56 14 ••**

1255 450 43 23 We
1315 451 150 31 respectfully
1477 450 39 30 beg
1535 453 22 19 to
1569 449 73 23 thank
1651 456 43 16 our
1705 447 89 23 Clients
1801 446 50 22 and
1859 444 37 24 the
1908 444 88 24 Public
2005 439 124 35 generally
2133 438 45 30 for
2187 436 38 24 the
2241 435 98 29 support

1185 493 117 24 accorded
1312 500 36 20 us,
1361 493 49 23 and
1422 500 45 17 can
1478 499 82 16 assure
1571 499 43 16 our
1617 490 101 32 friends
1728 488 52 24 that
1788 495 45 17 our
1841 487 106 24 business
1956 484 50 25 still
2012 482 103 27 remains
2130 479 77 24 under
2224 477 37 23 the
2278 481 61 17 same

1187 538 162 29 management
1367 543 28 16 as
1403 535 107 27 hitherto,
1521 535 49 23 and
1578 533 51 24 that
1636 532 135 44 everything
1780 529 121 26 entnisted
1910 532 22 20 to
1940 536 29 16 us
1980 526 52 25 will
2039 526 26 25 le
2072 524 79 25 under
2162 521 36 25 the
2210 519 129 25 immediate

1186 578 147 30 supervision
1344 579 31 29 of
1381 585 44 16 our
1589 589 5 4 -
1594 588 3 6 1
1625 580 9 26 i>
1644 576 8 18 *•
1675 569 35 38 $/4
1721 588 2 2 ■
1805 580 26 17 ■'■
1957 578 67 16 '■■"
2158 589 5 5 -
2196 587 2 3 ■
2232 597 2 1 .
2255 587 4 3 ■

1385 618 124 33 MR.
1540 616 68 34 H.
1632 616 56 33 X
1714 608 426 40 BOLAiRDMAJSr

1245 662 50 24 Our
1306 661 244 30 WELLINGTON,
1564 658 197 30 AUCKLAND,
1774 657 64 26 TIM
1840 656 82 29 ABU,
1935 651 152 30 OAMARU,
2103 647 172 30 DUNEDIN,
2293 647 46 23 and

1188 704 275 29 INVERCARGILL,
1478 703 174 26 AGENCIES
1660 711 41 15 are
1713 703 51 23 still
1775 703 25 22 m
1812 702 37 22 the
1860 700 78 24 hands
1949 700 31 28 of
1986 695 161 30 Trustworthy
2158 693 97 31 Agents.

1251 764 153 27 PROMPT
1418 763 259 29 SETTLEMENT,
1695 763 107 24 Account
1821 761 72 24 Sales
1911 756 156 30 immediately
2085 763 31 15 on
2133 749 139 31 reUzation,
2293 750 46 23 and

1190 806 70 31 unity
1285 806 68 30 from
1377 804 48 25 loss
1434 804 29 31 by
1471 812 46 17 owr
1527 803 85 24 clients
1629 810 42 17 are
1678 802 135 31 principles
1823 808 34 16 we
1868 799 92 30 strictly
1971 796 87 25 adhere
2070 798 30 20 to.

1674 853 42 36 H.
1735 855 36 33 E.
1791 851 246 36 BOARDMAN
2057 851 31 31 &
2106 847 74 33 CO.

1469 907 101 24 Private
1581 906 134 31 Enquiries
1735 904 136 26 Conducted
1886 903 56 25 with
1961 902 107 30 Secfesy.

1506 989 107 21 MONEY
1627 989 38 20 TO
1679 987 82 21 LEND
1775 985 38 21 TO
1827 985 65 21 ANY
1906 982 135 22 AMOUNT.
2086 1003 5 3 .

2144 1033 7 5 *

1254 1067 89 30 Money
1354 1067 106 24 invested
1469 1067 46 30 for
1526 1074 44 16 our
1589 1065 134 24 Clients.—
1723 1063 97 29 Fifteen
1836 1069 46 23 per
1900 1063 58 21 cent.
1978 1057 155 26 Guaarnteed
2155 1063 30 16 on
2203 1055 37 24 all
2257 1053 82 24 monies

1185 1110 90 31 placed
1290 1110 26 24 m
1327 1118 45 17 our
1382 1110 79 24 hands
1461 1110 46 32 for
1517 1110 145 25 investment.
1695 1108 78 24 Bents
1783 1105 115 26 collected
1907 1103 51 25 and
1963 1103 138 30 Mortgages
2109 1099 102 32 effected.

1305 1273 402 44 BABLO¥
1751 1260 166 52 A3STD
1963 1265 276 44 PRICE

1492 1325 192 42 Coventry
1722 1322 113 44 Cycle
1883 1319 130 36 Works

1356 1379 38 29 88
1417 1376 200 32 COLOMBO
1641 1374 174 35 STREET,
1860 1368 344 35 CHRISTCHURCH.

1188 1438 57 31 We
1261 1438 119 39 having
1394 1438 94 29 taken
1504 1447 74 20 over
1590 1436 53 29 the
1657 1436 71 30 well
1742 1435 114 30 known
1865 1433 113 35 works,
1994 1431 180 38 machinery
2184 1428 60 31 and
2254 1427 85 31 stock

1186 1480 35 29 m
1233 1479 91 30 trade
1337 1478 80 31 wish
1429 1481 34 27 to
1477 1478 113 29 inform
1604 1476 55 31 the
1681 1476 105 40 public
1799 1475 71 39 th#t
1883 1485 47 19 we
1945 1484 52 20 are
2011 1471 199 41 prepared-to
2229 1469 110 31 under-

1187 1521 73 29 take
1274 1519 104 30 orders
1391 1519 49 29 for
1453 1529 69 19 new
1536 1517 157 30 machines
1709 1517 62 28 and
1785 1518 128 27 execute
1931 1514 119 39 repairs
2072 1516 34 25 at
2128 1512 53 28 the
2206 1512 133 29 shortest

1321 1559 102 30 notice
1437 1559 48 30 for
1507 1558 42 30 all
1562 1558 93 29 kinds
1671 1556 34 30 of
1715 1556 213 40 Engineering
1942 1555 63 29 and
2017 1552 94 40 Cycle
2123 1551 96 31 work.

1351 1611 126 23 SPECIAL
1491 1610 178 22 ATTENTION
1684 1610 95 22 aiV_N
1793 1609 38 22 TO
1845 1607 142 23 COUNTRY
2001 1605 124 23 ORDERS.

1189 1653 120 39 Racing
1324 1651 160 30 Machines
1507 1650 63 30 and
1591 1650 99 39 Light
1712 1648 167 31 Roadsters
1894 1658 19 20 a
1927 1646 156 40 specialty.
2126 1645 49 30 No
2188 1644 151 40 imported

1187 1693 157 31 machines
1357 1692 77 39 kept
1447 1692 33 29 m
1495 1691 99 30 stock,
1610 1691 43 29 all
1667 1690 87 30 work
1768 1690 80 29 done
1862 1698 42 21 on
1916 1688 55 30 the
1992 1686 157 41 premises.
2201 1685 32 30 A
2255 1686 84 38 large

1216 1734 90 32 stock
1320 1732 36 31 of
1364 1733 126 39 Lamps,
1502 1731 95 36 Bells,
1612 1732 63 29 and
1691 1730 127 32 Saddles
1833 1740 40 19 on
1886 1728 85 31 hand
1985 1731 33 27 at
2031 1727 114 31 reduce
2156 1725 130 41 dprices.

1366 1884 338 49 ENORMOUS
1764 1881 388 46 REDUCTIONS

1464 1964 255 14 Mii'"«ii''ur''ai'"'u»"ui'"'iw
1721 1963 5 9 I
1727 1960 362 15 WMu»*'UJ"ni'"WD''oi''nn*'n»"ni'*tin*t

1184 2003 81 24 mHE
1283 2001 116 29 question
1410 2000 22 24 is
1443 1997 100 26 natural
1543 2011 34 5 —
1601 1996 68 31 Why
1679 1994 61 26 send
1755 1996 27 23 to
1794 1992 178 27 Christchurch
1991 1993 38 25 for
2046 1999 63 25 your
2126 1992 110 32 Drapery
2243 1993 13 23 ?
2290 1992 49 25 The

1190 2021 22 40 J.
1249 2035 102 31 drapery
1363 2032 55 26 sold
1425 2032 26 23 m
1460 2030 57 25 that
1528 2026 51 34 city
1590 2036 72 23 every
1674 2035 46 17 one
1732 2027 94 29 knows,
1838 2026 23 25 is
1872 2027 46 24 not
1928 2026 73 24 made
2011 2026 77 27 there,
2107 2024 47 26 but
2163 2025 131 32 imported.
2328 2025 11 24 I

1185 2069 94 31 import
1290 2068 66 27 from
1367 2066 44 24 the
1422 2064 54 25 best
1487 2061 107 32 English
1606 2061 51 25 and
1673 2060 88 26 Scotch
1773 2059 100 25 houses.
1919 2059 72 24 lam
2003 2057 104 26 enabled
2117 2059 27 24 to
2154 2058 123 32 purchase
2294 2057 45 26 low

1183 2103 52 25 and
1243 2101 47 26 sell
1302 2102 26 24 at
1336 2108 16 16 a
1363 2100 54 23 rate
1428 2097 27 24 of
1463 2095 75 33 profit
1551 2095 53 33 (my
1616 2102 120 23 expences
1746 2092 73 32 being
1830 2090 82 34 small)
1925 2092 57 24 that
1992 2091 83 25 would
2086 2090 30 26 be
2134 2090 146 26 considered
2299 2090 40 26 ab-

1184 2135 59 26 surd
1254 2134 32 31 by
1302 2140 48 24 any
1370 2128 180 29 Christchurch
1572 2126 199 27 establishment.
1824 2125 44 31 My
1889 2124 76 26 Stock
1984 2125 21 24 is
2024 2124 44 25 the
2086 2123 96 33 largest
2199 2124 51 25 and
2272 2125 67 24 most

1183 2168 96 26 tvaried
1288 2166 57 27 that
1354 2165 47 24 has
1411 2162 131 26 ever-been
1552 2160 88 26 shown
1650 2160 27 24 m
1688 2158 44 26 the
1743 2158 104 29 district,
1860 2157 51 25 and
1920 2158 39 24 for
1970 2156 92 32 quality
2082 2157 50 24 and
2150 2156 73 25 value
2239 2158 60 30 puts
2314 2157 25 25 m

1185 2203 32 24 he
1229 2200 78 27 shade
1324 2197 76 33 goods
1412 2194 92 26 offered
1514 2194 33 31 by
1558 2192 103 32 visiting
1671 2191 116 26 hawkere
1799 2191 63 23 from
1874 2189 44 25 the
1935 2189 182 25 Christchurch
2128 2194 46 27 rag
2184 2190 90 25 marts.

1218 2254 96 26 Dress
1324 2250 166 31 Materials,
1502 2248 89 26 Plain
1603 2247 60 26 and
1672 2246 105 31 Fancy
1787 2246 80 25 from
1880 2244 50 26 3d.
1942 2250 56 26 per
2005 2244 85 31 yard.

1218 2315 27 25 A.
1260 2314 111 28 Strong
1386 2312 89 26 Stout
1489 2311 134 26 Durable
1640 2308 127 32 Kaiapoi
1782 2306 123 27 Tweed?
1912 2306 52 33 2/6
1975 2312 56 25 per
2041 2307 77 30 yard
2136 2313 5 4 *
2181 2313 5 5 '
2234 2308 73 9 ■■•■•■■
2318 2313 21 11 v

1815 2351 108 25 Makes
1934 2346 156 29 first-class
2107 2349 91 30 Boys'
2217 2347 90 27 Suits.

1218 2409 59 25 Art
1293 2407 140 29 Muslins,
1452 2404 156 31 Cretones,
1627 2403 80 26 Lace
1724 2402 139 26 Curtains
1881 2401 54 25 &c.

1217 2474 27 31 A
1261 2473 110 26 Choice
1389 2471 167 26 Collection
1574 2470 34 26 of
1622 2469 121 31 Gloves,
1770 2460 81 39 Ties,'
1877 2466 129 32 Aprons,
2036 2465 167 26 Insertions
2220 2465 54 25 &c.

1218 2527 121 32 Striped
1356 2525 124 26 Galatea
1497 2524 54 33 4/6
1563 2529 55 27 per
1628 2523 107 31 dozen,
1765 2520 103 27 worth
1879 2521 49 25 9d.
1946 2526 55 25 per
2018 2519 85 31 yard.

1218 2592 104 26 Prints
1333 2591 80 24 from
1425 2590 52 25 4d.
1490 2594 55 27 per
1556 2588 85 32 yard.
1653 2587 140 32 Muslins,
1805 2586 139 30 Selesias,
1958 2584 126 32 Calicos,
2098 2584 56 26 &c.

1541 2633 9 3 '
1804 2629 88 25 With
1909 2629 87 24 other
2013 2627 193 25 Manchester
2222 2628 87 29 lines.

1219 2688 88 30 Hats,
1325 2687 104 29 Fancy
1446 2685 60 25 and
1523 2684 106 31 Sailor,
1647 2685 32 23 m
1695 2682 104 26 White
1817 2682 60 24 and
1894 2681 116 25 Colors.

1763 2725 127 26 Newest
1905 2723 124 32 Shapes.
2064 2723 97 31 Large
2177 2723 132 33 Variety,

1218 2784 149 30 Flowers,
1384 2782 156 29 Feathers,
1558 2780 149 30 Ribbons,
1725 2777 107 31 Laces,
1849 2777 76 31 Jets,
1944 2777 55 25 &c.

1692 2819 88 24 With
1796 2819 42 23 all
1854 2818 184 23 necessaries
2055 2817 48 24 for
2119 2816 191 30 Trimmings.

1218 2873 105 29 Fancy
1338 2872 140 29 Frillings
1497 2871 77 30 3yds
1586 2870 46 24 for
1642 2869 36 32 1/-
1696 2869 102 24 worth
1809 2868 50 29 9d,
1878 2871 55 26 per
1943 2868 84 28 yard,

1756 2909 182 32 Umbrellas,
1956 2909 151 30 Parasols,
2126 2908 183 31 Sunshades,

1335 3022 334 45 special
1754 3021 423 41 purchase:

1188 3097 110 33 BOYS
1330 3095 90 31 AND
1450 3092 173 31 YOUTHS
1662 3090 216 32 COLONIAL
1911 3090 154 31 TWEED
2092 3091 247 33 OVERCOATS

1671 3153 78 32 with
1771 3151 97 50 Ca^es
1882 3184 4 4 .
2126 3153 4 3 '
2139 3156 4 12 :
2223 3181 13 10 >
2236 3182 7 19 f

1463 3215 94 30 From
1580 3215 66 29 17s.
1691 3212 50 31 6d.
1785 3212 102 31 wb'fth
1930 3212 66 30 255.
2044 3212 50 30 6d~
2229 3224 22 30 p

1340 3278 196 33 Men's
1579 3278 46 31 T
1635 3278 171 32 _sreedL
1849 3278 349 33 Overcoats

1662 3329 96 30 From
1781 3330 65 30 15s.

1185 3563 134 41 English
1333 3563 129 40 Witney
1470 3562 150 31 Blankets
1634 3565 34 27 to
1684 3562 37 31 be
1736 3562 68 31 sold
1818 3565 33 26 at
1862 3562 58 30 less
1928 3562 78 29 than
2020 3560 181 31 Melbourne
2215 3560 124 31 Whole-

1220 3627 30 33 je
1270 3616 91 39 price-
1361 3632 36 5 —
1397 3614 122 32 Double
1533 3614 68 30 Bed
1618 3613 68 31 Size
1709 3614 65 29 12s.
1801 3612 48 31 6d.
1900 3612 102 31 worth
2017 3612 66 31 16s.
2121 3612 49 29 6d.
2192 3621 56 29 per
2261 3612 78 40 pair.

1354 3684 130 40 cheaper
1497 3684 77 29 than
1589 3681 222 32 Chriitchurch
1831 3682 113 30 houses
1958 3681 65 31 will
2037 3681 58 30 sell
2108 3682 95 31 them.

1185 3769 416 100 MANTLES,
1614 3738 258 159 flijK
1897 3772 60 79 &
1977 3774 360 80 JACKETS

1182 3956 3 3 -
1197 3944 295 60 fe^^?^®
1587 3980 3 8 ■■
1627 3938 113 38 ME
1744 3938 55 37 *^
1822 3938 167 40 -bIXTD
2013 3938 201 40 SOTS

1189 3978 226 229 |(fe
1496 4037 333 101 ARDIGAN
1912 4037 346 101 JACKETS

1176 4238 11 39 :
1189 4228 6 21 ;
1196 4188 305 104 tttlli|^

615 220 209 48 BURKE
866 225 130 46 AND
1037 225 117 46 SON

754 302 132 23 INQUIRY
922 304 125 20 AGENCY

677 345 129 23 Chancery
820 345 71 25 Lane,
906 346 188 21 Chbistchubch.

618 376 74 49 Next
708 378 25 21 of
748 378 55 25 Kin,
813 378 99 27 Missing
920 379 117 22 Relatives
1047 380 46 24 &c.j
1112 380 45 20 Ad-

679 405 113 26 vertising
801 406 25 20 m
835 412 46 20 any
889 407 54 25 part
952 406 24 21 of
986 407 41 20 the
1036 407 77 20 world.

646 436 89 23 100,000
744 437 83 20 Names
837 437 100 20 indexed
945 444 40 19 up,
1001 444 62 19 upon
1082 437 75 21 which

618 466 150 22 information
778 468 76 25 given,
874 468 122 24 Solicitors,
1016 470 88 23 Courts,
1124 469 34 20 in-

620 500 87 26 quirers
713 501 108 21 relatives
830 502 45 24 &c,
883 502 108 20 Searches
998 502 25 20 m
1030 502 73 21 Home
1112 502 47 20 and

615 530 71 23 Other
693 533 137 24 Directions,
842 534 77 27 Army,
929 535 73 25 Navy,
1009 535 67 24 Law,,
1076 535 83 26 Clergy

620 564 106 25 Medical,
732 565 59 20 Civil
798 565 98 25 Service,
903 566 136 26 University
1043 566 46 20 and
1093 566 66 21 other

620 595 68 21 Lists.
703 596 45 20 Old
754 596 99 20 Records
858 597 25 20 m
888 597 156 21 Government
1052 597 107 21 Gazettes

620 628 54 21 N.Z.
686 630 47 19 and
743 630 67 19 other
822 636 94 20 papers;
936 630 101 27 Country
1052 630 106 24 families,

620 662 128 27 Pedigrees,
771 663 91 21 Letters
988 663 107 27 Register
1103 664 56 27 kept

620 696 24 21 of
661 696 100 22 Medical
786 697 46 20 and
856 698 66 20 other
937 697 152 27 professional
1116 703 38 16 me

620 729 92 20 wanted
721 729 25 19 m
754 728 33 20 all
795 729 40 20 the
845 729 111 20 Colonies.

648 761 72 26 Forty
728 768 66 19 years
804 763 138 24 experience,
949 762 97 26 enquiry
1054 761 37 21 fee
1109 761 36 27 2/6

782 814 4 4 ,
805 798 80 27 Stamp
897 798 71 26 reply.

725 992 214 30 Established
963 992 89 28 1862.

670 1056 124 28 FLOUB,
806 1056 56 25 best
872 1056 81 24 brand
964 1055 59 31 only
1034 1055 68 31 kept.

624 1098 144 30 SHARPS,
803 1098 206 29 OATMEAL,
1044 1097 110 26 BRAN

713 1142 293 28 CHICKENWHEAT,
1024 1142 43 24 &c.

649 1185 41 21 AT
717 1185 123 20 LOWEST
868 1184 143 20 CURRENT
1037 1183 105 24 RATES,

711 1293 55 45 F.
797 1290 263 55 B.LANE.

728 1366 92 40 (Late
834 1366 38 30 E.
892 1364 162 39 Butcher.)

623 1425 252 34 Watchmaker,
904 1423 184 34 Jeweller,
1104 1421 53 30 &c.

622 1475 124 32 Importer
779 1475 29 23 of
846 1473 108 25 Musical
988 1467 171 36 Instruments

722 1512 111 25 Victoria
855 1511 37 26 St.
922 1508 136 33 Eangibra.

625 1601 98 31 Special
734 1600 71 25 value
827 1599 28 24 m
877 1598 81 24 Extra
981 1598 87 29 strong
1079 1595 80 25 Cased

622 1645 88 32 highly
718 1643 109 26 finished
841 1641 109 33 English
968 1641 80 25 Lever
1056 1639 103 26 Watch-

623 1697 35 17 es.
703 1686 192 26 Manufactured
911 1686 27 24 to
959 1692 44 24 my
1031 1683 76 26 order
1124 1682 34 32 by

623 1728 55 24 best
689 1726 105 26 London
812 1725 107 25 makers.
954 1723 158 32 Unequalled
1120 1722 39 25 for

623 1771 122 25 excellent
758 1768 178 31 Timekeeping
952 1767 50 24 and
1013 1765 144 32 durability.
1161 1781 2 4 •

655 1814 29 24 F.
703 1813 31 25 B.
746 1812 96 25 LANE
854 1810 141 31 personally
1016 1809 72 25 visits
1108 1808 49 24 Ox-

622 1855 54 24 ford
696 1853 125 32 monthly,
844 1853 116 31 carrying
979 1859 15 16 a
1016 1852 69 29 large
1107 1850 50 25 and

621 1897 86 25 choice
740 1895 71 27 stock
838 1895 28 25 of
897 1894 128 28 Watches,
1053 1893 103 28 Chains,

621 1940 134 28 Brooches,
765 1939 88 32 Rings,
865 1937 85 29 Studs,
968 1937 128 25 Pendants
1109 1937 46 28 etc,

623 1983 141 32 Spectacles
785 1980 124 34 (Pebbles,
926 1980 169 31 Pantoscopsc
1107 1979 50 25 and

621 2026 109 32 Crystal)
743 2024 96 29 Clocks,
858 2023 108 33 (Marble
987 2022 50 24 and
1054 2021 102 32 Wood,)

720 2067 157 25 Accordeons
888 2066 51 25 and
949 2065 107 25 Violins.

653 2113 83 24 Exact
747 2112 57 24 date
816 2110 28 26 of
853 2111 62 24 each
926 2109 61 26 visit
1008 2109 22 24 is
1041 2107 107 26 notified

768 2154 28 25 m

620 2198 149 25 Repairs.—
770 2196 42 25 All
822 2196 95 31 repairs
934 2203 42 17 are
994 2193 118 26 executed
1122 2193 33 32 by

619 2241 92 32 myself
731 2248 28 18 or
776 2240 80 24 under
871 2246 44 25 my
935 2237 221 33 superintendence

620 2293 28 17 so
745 2284 103 32 patrons
859 2290 48 17 can
928 2283 53 31 rely
1003 2289 34 18 on
1058 2280 99 33 getting

621 2327 155 25 satisfaction
785 2328 27 23 at
823 2326 44 25 the
877 2333 59 23 very
947 2324 87 28 lowest
1042 2323 113 33 charges.

653 2370 104 31 Repairs
769 2377 28 17 or
806 2368 84 26 orders
898 2375 59 25 may
968 2368 31 25 be
1006 2367 45 26 left
1063 2368 47 24 at—
1110 2380 13 5 -

620 2417 27 24 J.
665 2417 134 28 Weeber's,
834 2415 65 25 East
922 2414 101 26 Oxford.

621 2461 26 24 at
669 2460 41 25 W.
733 2459 37 25 M.
795 2458 41 29 C.;
856 2458 65 25 East
945 2457 101 25 Oxford.

620 2503 24 24 J.
662 2503 100 29 Brown,
775 2500 160 30 Bootmaker,
959 2500 72 25 West
1053 2499 102 26 Oxford.

621 2546 40 26 W.
674 2546 25 25 J.
712 2544 118 27 Crothers
840 2544 19 24 &
871 2543 45 27 Co.
924 2561 6 7 .
952 2542 71 27 Cust.

655 2589 50 24 and
720 2588 53 26 will
778 2587 31 25 be
820 2586 126 33 promptly
957 2586 119 26 attended
1086 2587 36 32 tq.

624 2633 54 30 All
689 2632 99 31 Work
799 2631 77 30 done
888 2641 40 20 on
942 2631 53 29 the
1006 2630 155 30 Premises.

745 2682 62 29 and
821 2680 199 41 guaranteed.

620 2883 342 32 MONUMENTAL
984 2882 174 36 MASON,

743 2934 133 31 Madras
899 2933 127 37 Street,

662 2986 454 35 CHRISTCHURCH.

623 3079 160 62 WISHES
801 3082 26 21 to
844 3079 88 24 inform
943 3087 100 22 persons
1062 3078 24 24 m
1095 3079 65 23 want

711 3113 27 24 of
752 3112 172 25 Monumental,
942 3110 76 26 Work
1045 3111 55 23 that
1128 3110 31 24 he

619 3147 96 24 intends
735 3148 26 22 to
782 3143 90 27 SELL
899 3142 63 27 HIS
994 3142 164 27 PRESENT

619 3179 117 25 LARGE
757 3177 118 30 STOCK,
893 3171 133 37 consisting
1042 3176 27 24 of
1081 3176 77 24 Gran-

619 3214 34 23 ite
670 3211 103 30 Marble,
798 3210 48 24 and
872 3210 69 23 other
968 3209 74 31 Sbope
1067 3209 92 27 .Monu-

620 3247 86 25 ments,
735 3246 26 20 at
790 3242 162 30 considerably
987 3240 171 24 REDUCED

619 3275 133 26 PRICES.
783 3272 60 27 Iron
860 3274 101 29 Fences,
980 3273 114 25 Concrete
1111 3273 48 24 and

621 3310 74 26 Stone
712 3308 125 30 Kerbings,
856 3307 101 24 reduced
967 3306 26 24 m
1009 3306 72 31 price.
1116 3305 41 24 In-

620 3342 127 31 scriptions
764 3341 49 24 and
830 3339 34 26 all
880 3338 67 25 work
962 3339 27 23 m
1017 3337 142 25 connection

620 3376 57 23 with
695 3374 40 24 the
752 3373 69 25 trade
833 3374 60 23 done
904 3372 26 24 m
942 3370 133 26 firat-class
1088 3370 69 31 style.

620 3407 75 31 Early
712 3406 135 32 inspection
863 3405 101 26 inyitcd.
1001 3403 99 27 Several
1106 3410 52 17 new

620 3441 61 24 lines
697 3441 75 30 lately
801 3438 101 25 arrived.
937 3437 55 31 Any
1020 3435 138 26 reasonable

620 3473 59 24 offer
695 3473 38 24 for
748 3472 42 24 the
806 3474 95 27 present
918 3470 69 24 stock
1004 3469 50 25 will
1080 3468 79 25 result

620 3506 24 23 m
661 3513 14 15 a
693 3506 59 24 sale.
787 3503 78 24 Want
887 3503 27 24 to
930 3503 93 23 realise.

623 3617 90 39 MR
734 3614 141 40 W.N,
899 3610 258 46 CATHRO,

663 3685 181 24 BARRISTER
859 3684 67 21 AND
942 3681 175 23 SOLICITOR.

772 3725 232 43 EANaiQRA.
1049 3744 9 21 :
1070 3739 5 18 :

619 3781 132 30 Attends
767 3778 122 31 Oxford
903 3787 40 20 on
955 3777 96 29 Court
1059 3774 97 40 Days.

619 3851 167 26 Instructions
794 3849 34 32 by
838 3850 57 30 post
906 3847 52 26 will
969 3846 93 25 receive
1073 3852 83 25 prom-

783 3889 29 30 pt
840 3885 133 26 attention.

740 3936 108 22 MONEY
875 3934 38 21 TO
941 3932 89 21 LEND.

664 4053 47 57 S.
743 4057 52 42 B.
818 4042 307 62 SEYMOUR;

615 4118 76 28 ■'•■..,
708 4143 2 5 _
719 4131 1 12 :
750 4129 49 17 .-.._.:•
817 4118 144 30 DENTIST,;
1073 4139 2 2 .
1097 4112 63 36 '■';■■

660 4165 40 21 215
714 4163 106 23 Colombo
827 4174 3 9 :
835 4162 82 24 Street,
935 4156 173 26 .Christoturcli.
1155 4171 2 2 -
1154 4176 4 14 {

615 4232 10 13 ■■'-
662 4232 49 15 ■•-•'
746 4237 20 11 ■<>
787 4233 179 22 OHAEGES:^-
968 4238 3 6 1
990 4228 33 20 '^
1040 4233 25 17 '>>*
1081 4235 26 10 ■'
1131 4235 31 14 ■>'-<

615 4270 3 15 ?
685 4277 93 26 Filling,
794 4275 38 24 se;
862 4272 139 22 -Extraction
1010 4272 25 19 2s
1049 4270 37 21 Qd.
1136 4269 22 11 :U

615 4310 10 14 V
665 4319 43 10 ;.....
745 4326 3 1 .
835 4321 4 5 ■
910 4316 9 9 r
972 4325 4 3 -
983 4315 28 17 -#
1031 4312 56 15 ■■'■'•
1133 4317 4 2 '

615 4357 6 5 ,
637 4341 101 21 .Nitrous
748 4337 60 23 Oxid
817 4337 46 21 Gas
872 4334 169 23 Administered
1044 4333 38 21 for
1088 4332 68 21 Pain-

616 4384 54 21 less.
672 4377 171 39 Extractions.
848 4374 94 28 TeetK.)
948 4374 208 30 'yfJfee#o*>Admin-

618 4419 108 24 istration
738 4420 31 20 ss.
793 4418 14 21 '.•
836 4423 72 29 ,:-v<*'l[
939 4418 69 25 '^X.V

110 223 106 28 CHHjD
228 221 107 26 BIRTH
348 220 95 29 SAFE,
456 220 74 24 AND

162 265 135 27 ALMOST
307 263 170 26 PAINLESS

54 312 93 67 BY
191 309 73 31 using
299 308 48 24 DR
392 305 196 27 FAWCETT'S

157 343 130 25 Medicine.

91 387 71 26 MRS
184 383 164 28 BURRELL
369 382 60 33 begs
451 384 28 23 to
499 381 91 25 inform

56 427 45 24 tbe
112 425 90 24 Ladies
213 423 57 25 that
278 422 44 25 sbe
330 422 46 24 bas
385 421 64 24 been
458 420 130 31 appointed

56 466 59 25 Sole
134 465 73 30 agent
228 463 28 23 m
279 459 176 26 Christchurch
482 459 38 23 for
546 458 45 24 the

56 503 77 25 above
145 500 122 25 Medicine
279 500 26 23 to
320 497 116 25 facilitate
450 496 140 25 Accouche-

56 544 87 24 tuents.
178 540 90 24 Ladies
279 546 47 17 can
347 537 31 25 be
399 535 113 33 supplied
531 535 61 26 with

55 582 43 24 the
121 580 74 24 above
216 576 33 32 by
274 575 104 31 sending
401 582 27 17 or
451 573 91 31 calling
565 575 27 22 at

56 620 42 24 Mr
120 617 120 25 Burrell's
263 613 180 33 Photographic
465 613 71 31 place
567 613 28 24 of

56 658 123 26 business.
192 655 104 26 Gould's
318 653 141 31 Buildings^
480 651 112 26 Victoria

56 698 91 29 Street,
160 693 181 29 Christchurch,
360 691 82 26 where
461 690 35 26 all
515 690 77 25 infor-

54 738 98 23 mation
180 743 45 16 can
253 734 31 23 be
312 731 116 26 obtained
455 731 58 26 free,
542 730 51 24 and

56 773 117 33 perfectly
216 771 155 29 satisfactory
402 767 50 25 and
486 767 106 31 genuine

56 810 167 27 testimonials
235 816 45 17 can
291 807 32 25 be
334 814 66 17 seen.

58 851 179 64 rTw.
253 864 339 52 ENGLAND,

54 936 143 40 Timber
211 932 71 41 and
303 931 77 40 Coal
407 928 186 40 Merchant

56 1018 162 68 LARGE
239 1016 106 26 STOCK
364 1015 43 24 OF
419 1012 173 26 BUILDING

232 1046 209 28 MATERIALS.

127 1095 33 24 Of
181 1101 71 23 every
284 1090 157 31 description,
474 1087 119 26 seasoned

159 1132 75 30 ready
240 1131 39 23 for
285 1137 53 20 use,
347 1128 90 31 always
444 1135 31 16 on
482 1126 78 24 hand.

95 1176 68 27 Also,
194 1171 152 28 Galvanised
376 1170 68 29 Iron,
474 1168 120 26 Portland

60 1217 106 24 Cement
174 1214 49 23 and
234 1211 124 25 Builders'
371 1210 190 29 Ironmongery.

94 1267 112 28 Country
221 1263 91 24 Orders
335 1259 126 31 Carefully
482 1257 110 26 Selected

227 1302 50 24 and
285 1299 143 25 forwarded.

60 1342 99 25 TUAM
168 1338 142 28 STREET,
324 1333 270 28 CHRISTCHURCH

381 1403 58 78 &
462 1403 109 91 Co.,

68 1508 72 25 THE
150 1504 157 26 LEADING
315 1502 118 25 FRAME
442 1498 141 27 MAKERS

58 1547 122 21 CORNER
199 1543 142 22 COLOMBO
361 1542 18 19 &
398 1538 197 23 GLOUCESTER

114 1576 139 23 STREETS.
299 1571 240 24 CHRISTCHURCH.

143 1614 53 24 The
203 1613 116 31 cheapest
327 1610 62 31 shop
395 1610 28 23 m
430 1608 86 24 Town.

93 1660 136 30 Importers
241 1656 27 25 of
277 1653 150 32 Mouldings,
447 1652 82 29 Glass..
541 1651 53 24 En-

159 1697 115 32 gravings
296 1695 49 24 and
374 1693 122 25 Pictures.

57 1776 81 44 W.
159 1770 350 49 JOHNSON&
522 1768 72 45 Co

169 1843 56 24 (late
234 1840 87 20 Hamill
331 1839 17 19 &
358 1838 112 22 Johnson)

111 1883 83 21 LAND
209 1881 63 20 AND
282 1878 115 22 ESTATE
411 1876 127 26 AGENTS,

202 1922 26 22 71
239 1919 126 23 Cathedral'
371 1919 91 26 Square,

99 1955 451 38 CHRISTCHURCH.

82 2029 49 19 The
141 2028 103 20 Farmers
251 2026 24 20 of
281 2024 92 24 Oxford,
385 2023 56 21 Cust
449 2022 47 20 and
505 2027 88 14 surrou-

54 2066 75 26 nding
138 2064 108 21 Districts
253 2063 50 20 who
312 2061 55 21 wish
376 2061 25 20 to
407 2060 89 25 dispose
505 2058 24 20 of
532 2057 62 21 their

55 2104 72 21 farms
141 2102 47 21 will
197 2100 49 22 find
261 2100 20 21 it
298 2100 24 20 to
341 2097 62 22 their
420 2095 130 27 advantage
568 2095 24 21 to

54 2142 65 26 place
128 2140 62 21 them
200 2139 26 20 m
235 2145 41 13 our
289 2136 81 22 hands.
406 2134 43 22 We
468 2133 66 21 make
552 2133 40 21 the

56 2178 53 20 Sale
122 2177 24 21 of
164 2175 66 21 Land
246 2175 41 20 the
305 2173 94 25 leading
413 2171 88 22 branch
514 2170 24 21 of
551 2176 42 15 our

54 2215 112 20 Business
175 2213 46 20 and
231 2219 32 14 we
273 2217 66 21 spare
345 2210 91 20 neither
441 2208 55 21 time
503 2206 89 21 trouble

53 2259 43 14 nor
106 2257 97 21 expence
211 2250 26 20 m
241 2246 220 28 bringingproperty
467 2244 78 22 before
550 2243 42 21 the

54 2290 75 20 notice
143 2288 23 21 of
175 2288 41 20 the
228 2287 84 26 public.

150 2323 59 20 FOR
223 2322 75 20 SALE
312 2321 40 19 AT
367 2319 119 21 OXFORD

81 2367 20 20 A
112 2367 68 19 Farm
188 2364 25 21 of
221 2365 28 18 40
259 2368 61 15 acres
326 2361 59 26 good
392 2360 55 20 land
456 2358 52 21 well
512 2357 81 22 fenced

54 2403 47 21 and
111 2400 140 22 subdivided,
261 2400 53 19 Two
324 2397 108 25 dwelling
450 2396 83 20 houses
547 2394 46 21 and

53 2440 41 20 out
103 2438 124 25 buildings,
262 2436 65 19 Price
340 2434 54 25 only
403 2434 61 20 £500
478 2438 46 19 any
532 2436 59 15 reas-

54 2476 82 21 onable
145 2476 70 19 terms
225 2473 76 26 given.

84 2523 48 20 Our
141 2522 51 20 List
206 2520 24 22 of
241 2521 79 20 Farms
329 2518 37 21 for
375 2518 52 21 Sale
442 2517 51 21 sent
501 2515 48 21 free
563 2520 30 15 on

56 2559 146 29 application.

60 2647 26 34 P
114 2633 479 48 MANNINGIfiOMPANY

60 2669 107 56 O.lu
344 2669 60 48 Sir

256 2725 138 23 LIMITED.

80 2784 273 30 CHRISTCHURCH
373 2781 185 26 BREWERY.

286 2844 62 20 THE

204 2883 226 35 ALES

188 2926 130 22 BREWED
328 2925 40 21 BY
382 2923 71 21 THIS

141 2963 369 40 COMIPAJSTY

244 3019 83 21 FROM
337 3018 62 20 THE

53 3062 222 44 OttOIOEST
292 3057 269 45 WALTGttOf
566 3055 23 37 8

169 3115 45 20 Are
224 3110 175 27 acknowledged
407 3111 25 19 to
441 3109 28 21 be

52 3155 149 22 SUPERIOR
210 3153 36 21 IN
256 3149 136 26 QUALITY
402 3148 39 22 TO
448 3147 65 22 ANY
519 3146 73 21 PRO-

120 3184 100 22 DUCED
235 3183 35 20 IN
284 3181 74 22 NEW
373 3178 149 23 ZEALAND.

80 3221 110 27 Supplied
195 3222 25 19 to
223 3220 82 20 Hotels
310 3218 47 20 and
363 3217 93 20 Private
463 3216 129 20 Customers

52 3250 25 19 m
87 3247 142 27 Hogsheads,
240 3245 99 24 Barrels,
350 3243 140 23 Kilderkins,
500 3241 45 21 and
555 3242 36 19 10-

52 3276 89 27 --gallons
152 3275 62 25 Kegs
223 3273 61 26 only.

53 3327 120 43 PALE
195 3324 91 42 ALE
308 3323 94 40 AND
433 3319 157 42 EXTRA

246 3374 134 42 STOUT

151 3427 93 22 Bottled
253 3427 25 20 m
287 3426 85 24 Quarts
382 3424 46 21 and
436 3423 72 20 Pints.

206 3522 231 47 DRINK

91 3594 181 39 HYSLOP'
287 3591 122 40 PURE
430 3590 101 38 TEA.

56 3652 65 29 The
136 3650 92 30 finest
241 3649 53 29 the
307 3648 105 30 World
430 3647 158 39 produces.

59 3704 75 30 Sold
145 3704 43 37 by
216 3700 51 30 Mr
280 3700 37 30 F.
333 3700 38 29 A.
400 3699 190 33 Waterman,

99 3748 80 31 East
190 3745 129 34 Oxford.

57 3800 53 29 Mr
129 3800 33 28 R.
179 3798 118 34 Fisher,
315 3796 89 29 West
417 3794 130 30 Oxford.

57 3844 50 30 Mr
122 3843 108 30 Alfred
244 3844 71 34 Lee,
338 3840 127 31 Oxford.

57 3892 48 30 Mr
122 3893 35 29 E.
174 3891 49 30 W.
253 3889 128 40 Cooper,
411 3887 87 36 Oust,
528 3885 62 31 and

98 3950 93 29 many
209 3939 110 30 others.

54 4021 138 47 G-O.
213 4019 45 44 S.
277 4004 308 67 HICKMA^;

204 4096 67 25 Corn
284 4094 145 25 Exchange.
444 4108 37 10 .....
517 4112 2 11 :
526 4099 50 24 h,..
580 4110 3 12 :
588 4119 4 3 .

276 4147 295 31 CHRISTCHURCH.-

88 4238 80 28 Land,
180 4237 97 27 Estate,
312 4236 86 23 House
406 4233 59 25 and'
470 4231 124 29 /.Genfera!

56 4279 166 28 Commission
255 4275 89 34 Ag&rt.
347 4278 10 10 ::
380 4278 5 11 ;
388 4290 9 20 •_.
397 4272 126 28 ■•LOANS'
531 4274 12 12 ;!

56 4321 124 27 Freehold
192 4319 112 32 Security
323 4314 150 36 negotiated.
488 4320 5 4 '
498 4320 5 5 '
519 4311 71 28 ALL'

53 4366 115 27 business
180 4357 132 32 entrusted'
319 4363 38 23 to-'
365 4353 123 40 i_y^caM
494 4358 53 26 mil
557 4352 38 31 tie*

54 4409 138 28 conducted
202 4407 61 27 with
275 4407 43 25 the
330 4407 99 24 utmost'
435 4404 96 31 fidelity
538 4401 58 26 and'

55 4453 123 33 dispatch.
488 4474 3 8 .
530 4474 3 12 ■,
583 4476 4 10 ,
