2529 4020
41 82 2439 156 THE

41 238 385 76 NEW
554 238 899 76 ZEALAND
1581 238 899 76 GAZETTE

41 314 2439 75 AND

41 389 1162 75 WELLINGTON
1319 389 1161 75 SPECTATOR.

588 492 220 38 PUBLISHED
853 493 132 37 EVERY
1030 491 255 45 WEDNESDAY
1329 493 87 36 AND
1461 493 226 38 SATURDAY
1733 494 205 38 MORNING.

102 610 65 30 No.
188 608 89 39 269.]

645 609 112 31 PORT
777 609 258 38 NICHOLSON,
1058 608 224 34 SATURDAY
1302 610 211 37 MORNING,
1534 612 167 31 AUGUST
1722 616 30 32 5,
1776 614 90 29 1843.

2250 613 94 39 [Vol.
2366 616 52 31 IV.

184 703 53 20 For
258 702 118 21 London
401 701 94 26 direct,

217 737 28 20 To
254 736 42 20 sail
305 737 24 19 in
337 736 32 20 all
375 736 91 27 August,

88 767 79 34 ■*iSfiL
215 772 91 23 rriHE
334 772 45 25 fine
409 772 45 23 fast
476 772 82 28 sailing
583 772 50 28 brig

78 795 117 35 jggp^
220 795 30 27 JL
357 800 179 24 NELSON,

75 822 132 38 fjFnff^y
227 826 88 28 George
337 826 117 22 Maclaren
478 830 88 24 master,
587 826 46 22 will

51 854 160 33 JB&sSBbL
225 860 25 15 sa
250 853 17 22 *l
275 861 9 14 *
285 861 15 14 n
309 853 31 22 a^
350 854 97 26 August.

51 875 161 32 ISQSSB9
254 880 43 23 For
313 880 83 26 freight
409 887 25 16 or
452 887 99 20 passage,
573 880 60 27 early

224 907 136 27 application
370 907 20 22 is
403 914 118 20 necessary
530 911 23 18 to

363 939 84 23 Waitt
462 939 45 23 and
521 940 86 22 Tyser.

77 971 143 27 Wellington,
231 971 59 22 June
301 971 33 27 15,
346 972 61 21 1843.

191 1023 54 21 For
258 1024 118 20 Ziondon
392 1023 95 24 direct,

142 1057 30 20 To
181 1057 41 20 sail
233 1057 64 20 about
313 1057 35 20 the
362 1057 33 20 Ist
406 1056 29 26 of
445 1057 96 27 October,

208 1094 90 26 HHHE
312 1094 85 28 barque
411 1094 222 25 INDEMNITY,

73 1117 106 38 jßfi.
214 1117 29 25 JL
426 1125 82 18 master
515 1131 6 18 ;
536 1122 40 21 has
586 1122 49 21 first

219 1151 47 18 rate
285 1148 207 22 accommodations
512 1150 38 21 for
568 1148 65 22 cabin

48 1193 151 42 W^^^SS'
280 1209 11 14 r
308 1200 83 28 freight
409 1209 26 14 or
450 1209 101 20 passage,
572 1201 61 28 early

220 1227 135 29 application
364 1228 20 21 is
396 1235 108 21 necessay
515 1232 23 18 to

226 1261 132 27 RIDGWAYS,
375 1261 107 28 GUYTON,
497 1262 20 22 &
532 1263 72 21 EARP.

76 1294 142 26 Wellington,
226 1294 56 27 July
291 1295 34 25 13,
336 1294 62 21 1843.

48 1345 53 21 For
116 1344 156 27 Hokianga,
289 1344 135 27 touching^
436 1346 29 19 at
486 1345 148 26 Taranaki,

144 1378 80 21 Should
231 1379 103 25 sufficient
343 1379 130 20 inducement
482 1379 59 25 offer,

204 1417 25 15 ri
238 1412 56 21 IHE
313 1412 44 22 fine
373 1412 44 21 fast
432 1412 81 27 sailing
530 1412 105 23 schooner

71 1433 106 40 JgfegL
210 1433 30 28 X
361 1440 149 25 MERCURY,

216 1465 93 28 Captain
330 1466 120 28 Clapham;
466 1466 40 22 has
525 1466 58 28 good
598 1474 37 15 ac-

50 1489 150 36 mKWHbEi
216 1492 163 23 commodation
389 1493 35 21 for
439 1500 137 20 passengers,
588 1494 45 21 and

217 1515 42 26 w^
264 1523 62 18 meet
330 1527 19 14 ww
350 1527 6 14 *
359 1524 23 17 tn
388 1519 127 23 immediate
522 1520 112 28 despatch.

241 1553 44 22 For
292 1553 85 28 freight
389 1560 25 15 or
428 1561 98 20 passage,
537 1553 67 28 apply
614 1557 22 19 to

51 1579 39 23 the
106 1579 151 28 undersigned

330 1607 35 23 W.
382 1607 27 22 B.
424 1607 96 23 Rhodes
534 1608 20 22 &
568 1607 39 23 Co.

77 1633 90 27 August
175 1635 20 25 4,
207 1635 61 21 1843.

50 1678 54 21 For
118 1679 147 20 Auckland
280 1680 55 20 and
345 1679 45 20 the
404 1679 58 26 Bay
471 1679 31 20 of
513 1680 122 24 Islands,

162 1705 102 27 calling
279 1707 29 19 at
329 1706 118 26 Poverty
459 1706 68 26 Bay,
631 1719 12 12 -«

61 1734 105 42 •'*<ij2jsL
206 1742 88 34 rpAE
319 1741 109 23 schooner
453 1737 190 30 COLUMBINE,'

74 1763 110 36 jffi£]Bm
210 1763 31 27 JL
289 1769 94 26 Captain
403 1769 106 27 Stratton,
530 1770 27 22 75
577 1773 56 23 tons,

53 1791 149 39 >*™gpM^
218 1794 43 22 will
276 1795 28 22 he
320 1795 136 28 despatched
466 1797 34 21 for
510 1796 37 22 the
565 1797 69 21 above

50 1818 153 38 jjlßßßaßte
217 1825 59 24 ports
290 1822 154 27 immediately
454 1830 29 14 on
499 1823 42 22 her
555 1823 80 23 arrival

218 1849 55 21 from
284 1849 138 22 Manawatu.

76 1880 44 23 For
129 1880 83 28 freight
228 1888 24 13 or
268 1888 97 20 passage,
376 1880 85 28 having
477 1882 110 21 excellent
597 1889 37 14 ac-
642 1890 2 20 j

49 1908 170 25 commodation,
230 1908 67 27 apply
308 1912 22 17 to

300 1942 76 26 HORT,
393 1941 122 28 MoCATTA,
531 1943 21 22 &
567 1943 38 21 Co.

76 1973 32 22 Te
118 1974 54 25 Aro,
182 1973 88 27 August
278 1975 21 25 4,
311 1975 61 22 1843.

205 2018 123 24 Country
337 2019 77 19 £and
427 2018 31 19 in
471 2019 45 20 the
526 2019 106 20 Nelson

76 2041 170 25 Settlement,
275 2043 45 20 the
353 2043 85 21 Third
470 2044 100 22 Choice
604 2045 29 20 in

76 2068 123 25 225,000
215 2070 92 19 Acres.

50 2101 92 49 MR.
158 2101 84 22 JOHN
256 2102 96 22 WADE
365 2103 20 21 is
400 2103 115 23 honoured
530 2104 53 22 with
600 2104 35 22 in-

141 2129 118 21 structious
269 2132 23 18 to
304 2129 54 22 offer
367 2133 23 18 to
398 2129 77 23 Public
483 2132 149 27 competition,

50 2162 28 14 on
99 2154 110 28 Monday,
224 2155 37 22 the
280 2155 38 23 Sth
337 2156 45 27 day
402 2157 25 21 of
442 2158 97 27 August,
560 2162 22 18 at
598 2157 36 22 his

51 2182 79 26 Stores,
144 2185 22 18 at
177 2183 7 20 1
198 2181 86 23 o'clock
300 2183 115 26 precisely,
433 2184 96 28 Country
545 2185 88 22 Section

184 2208 24 22 in
217 2209 36 21 the
263 2209 84 22 Nelson
358 2210 138 27 Settlement,

51 2240 43 22 No.
109 2241 18 20 3
148 2240 39 21 OF
210 2241 124 27 CHOICE,
356 2241 74 22 NOW
454 2242 177 23 UNCHOSEN.

76 2274 49 22 The
136 2275 69 21 above
220 2274 81 22 affords
319 2275 36 22 the
373 2275 67 22 finest
448 2277 141 27 opportunity
598 2278 35 20 for

50 2300 138 22 investment
196 2301 25 22 of
228 2301 81 27 capital
326 2309 52 15 ever
387 2306 38 23 yet
434 2304 118 26 presented
562 2308 22 18 to
595 2305 38 21 the

51 2327 74 26 public
140 2328 24 22 in
181 2327 42 23 this
239 2328 86 28 Colony
332 2337 5 19 ;
353 2329 38 21 the
407 2329 135 28 advantages
558 2331 26 21 of
595 2331 38 22 the

52 2354 83 22 Nelson
146 2355 125 21 settlement
280 2362 38 15 are
335 2360 37 18 too
388 2356 48 22 well
445 2356 81 23 known
536 2357 45 23 and
595 2365 38 20 ap-

52 2381 111 26 preciated
181 2385 23 18 to
223 2382 86 28 require
327 2387 111 18 comment
454 2384 57 22 from
523 2384 37 22 the
571 2385 62 21 Auc-

51 2408 91 22 tioneer.
172 2408 24 22 It
210 2408 44 23 will
268 2409 29 22 be
307 2409 111 23 sufficient
427 2414 22 18 to
459 2414 61 24 state,
532 2412 49 21 that
594 2412 38 21 the

52 2434 83 23 Nelson
149 2435 127 25 settlement
291 2437 119 26 comprises
424 2438 91 26 225,000
528 2446 69 19 acres,
607 2439 24 21 in

52 2461 71 23 which
133 2461 37 23 the
188 2462 88 22 Section
292 2463 82 22 offered
384 2463 33 23 for
426 2464 45 22 sale
481 2465 19 21 is
510 2465 38 22 the
563 2465 70 22 Third

52 2488 79 22 Choice
151 2489 26 21 of
193 2489 98 28 Country
315 2490 73 27 Land,
409 2491 43 21 and
471 2492 102 22 contains
591 2494 41 20 150

53 2522 59 15 acres
118 2524 7 19 j
147 2515 37 22 the
204 2515 84 23 Nelson
309 2516 127 23 settlement
454 2522 99 23 presents
572 2526 61 14 more

53 2548 117 16 numerous
180 2543 134 27 advantages
324 2544 34 21 for
368 2544 42 22 this
426 2545 76 22 choice
518 2546 53 22 than
587 2554 45 19 any

52 2569 62 21 other
122 2573 51 24 part
186 2569 26 22 of
224 2569 57 23 New
299 2571 107 22 Zealand.
435 2571 47 23 The
497 2572 68 28 lucky
581 2580 53 20 pur-

52 2595 77 23 chaser
145 2596 44 22 will
209 2596 55 23 have
281 2604 29 15 an
327 2599 142 30 opportunity
487 2599 25 21 of
526 2600 108 27 choosing

104 2623 73 22 either
185 2623 72 23 where
268 2624 64 22 there
340 2632 20 14 is
370 2632 30 14 an.
413 2625 133 23 abundance
557 2627 25 21 of

158 2657 81 22 COAL
254 2658 68 22 AND
337 2658 183 24 LIMESTONE

225 2689 27 22 of
257 2689 38 23 the
305 2691 48 21 best
364 2690 92 28 quality,

52 2722 244 24 AGRICULTURAL
316 2724 43 22 OR
379 2724 148 23 GRAZING
546 2726 87 22 LAND

52 2761 48 16 now
115 2755 69 28 ready
195 2755 35 23 for
240 2755 38 23 the
294 2756 90 27 plough,
396 2757 65 27 equal
471 2760 22 18 to
509 2764 46 21 any
563 2758 23 22 in
597 2757 38 23 the

95 2782 75 27 world,
182 2790 26 14 or
216 2782 53 22 land
279 2783 130 27 abounding
418 2783 53 22 with
481 2784 37 22 the
527 2785 66 21 finest

52 2814 121 25 TIMBER
189 2823 43 15 for
248 2816 73 23 SHIP
336 2816 165 28 BUILDING,
516 2818 119 23 DOMES-

82 2842 51 23 TIC
148 2843 160 27 PURPOSES,
326 2851 29 14 or
370 2844 235 28 EXPORTATION,

52 2874 47 22 that
108 2876 57 22 New
170 2876 98 22 Zealand
279 2876 117 27 produces.
425 2876 60 22 Thus
490 2877 20 21 is
517 2877 118 28 presented

52 2912 23 19 to
82 2910 48 23 him
146 2919 13 15 a
175 2912 76 23 choice
267 2912 27 22 of
308 2912 165 28 appropriation
489 2914 26 21 of
528 2914 39 22 the
581 2914 54 22 land

53 2936 69 24 which
131 2938 19 23 is
160 2938 85 23 seldom
252 2942 24 19 to
285 2940 28 21 be
323 2945 46 16 met
375 2940 59 27 with,
442 2940 45 21 and
494 2941 141 27 appropriate

52 2962 48 25 how
109 2964 28 23 he
148 2965 96 28 chooses,
256 2973 13 15 a
278 2966 89 23 fortune
381 2970 61 19 must
450 2967 28 22 be
493 2968 98 22 realized
604 2968 30 28 by

52 2997 98 18 common
164 2992 120 29 prudence.

76 3018 53 23 This
139 3019 88 23 Section
237 3019 46 24 will
296 3020 28 21 be
334 3022 40 26 put
390 3027 29 21 up
429 3020 35 23 for
478 3021 59 22 what
555 3021 19 22 it
588 3025 48 19 cost

50 3043 39 22 the
97 3048 91 23 present
196 3053 80 20 owner,
292 3046 51 27 viz.,
355 3046 32 24 £l
403 3048 45 21 10s.
464 3055 40 20 per
514 3055 58 19 acre,
590 3049 45 21 and

50 3070 44 23 will
103 3074 29 20 be
141 3072 50 22 sold
200 3075 23 18 to
231 3072 38 21 the
278 3072 89 27 highest
376 3073 86 22 bidder.

149 3105 6 7 '
261 3105 82 20 TERMSj
360 3107 64 14 CASH.
536 3116 7 7 »

76 3124 54 28 July
138 3126 36 24 28,
184 3125 62 21 1843.
315 3140 3 6 ,

49 3167 40 22 To
104 3168 164 22 Gentlemen
282 3169 148 27 intending
443 3171 29 19 to
487 3173 76 19 enter
576 3173 60 20 into

74 3196 46 21 the
148 3195 144 27 profitable
320 3197 109 25 pursuit
459 3197 30 25 pf
515 3198 122 27 Grazing

76 3222 55 21 and
151 3222 136 28 Breeding
306 3223 92 25 Stock,
421 3223 43 22 for
482 3225 90 21 which
591 3227 45 20 the

76 3248 89 22 fertile
184 3250 110 20 Islands
315 3250 31 21 of
363 3250 69 21 New
449 3251 123 23 Zealand
591 3258 45 16 are

75 3281 31 16 so
120 3276 153 27 peculiarly
286 3277 128 28 adapted;

53 3309 88 24 rriHE
151 3310 153 28 undersigned
311 3312 45 28 beg
365 3314 24 20 to
395 3312 84 23 inform
487 3312 60 24 their
551 3313 86 24 friends

59 3335 28 23 A
118 3337 46 22 and
180 3337 38 23 the
231 3338 76 34 public
323 3339 122 28 generally,
462 3340 49 22 that
527 3340 54 28 they
590 3341 47 23 will

52 3366 97 21 contract
172 3364 35 23 for
224 3364 39 23 the
285 3365 103 29 delivery
402 3367 38 23 .of.
459 3366 37 24 the
520 3367 117 29 following

53 3389 130 29 description
195 3391 27 23 of
227 3392 74 28 Stock,
308 3393 26 22 in
341 3400 46 21 any
396 3393 54 23 Port
459 3394 26 22 of
497 3394 39 23 the
547 3394 90 24 Islands

54 3415 23 21 of
82 3416 55 23 New
146 3418 144 23 Zealand:—

77 3447 93 25 Horned
186 3451 66 22 cattle
269 3451 127 28 (improved
409 3452 88 28 breeds)
513 3453 28 23 of
552 3453 30 23 all
597 3453 40 23 de-

54 3477 119 27 scriptions,

78 3508 89 29 Horses,
187 3511 58 22 from
265 3511 39 23 the
326 3512 51 22 best
396 3512 95 28 English
510 3514 47 22 and
572 3514 63 23 Arab
642 3510 2 22 i

54 3535 64 28 studs,
134 3538 93 22 suitable
242 3538 36 22 for
296 3539 85 27 racing,
397 3540 83 28 saddle,
492 3548 25 15 or
527 3540 94 23 harness
628 3549 6 20 ;

54 3563 41 21 and
102 3563 108 29 breeding
217 3572 80 21 mares,
424 3585 3 8 ,

79 3594 54 24 Pure
142 3598 75 23 Saxon
226 3598 45 24 and
280 3599 88 23 merino
378 3606 65 21 ewes,

78 3625 117 26 Half-bred
210 3630 113 23 Leicester
337 3631 45 22 and
397 3631 87 24 merino
503 3640 64 18 ewes,
583 3641 51 20 par-

55 3653 95 30 ticularly
159 3657 94 27 adapted
266 3657 37 22 for
311 3657 44 22 this
365 3661 101 28 country,
477 3667 26 14 as
510 3660 54 28 they
570 3660 63 23 unite

55 3679 75 28 weight
139 3682 26 22 of
170 3690 85 16 carcass
265 3684 53 22 with
327 3684 98 22 fineness
435 3686 26 21 of
467 3687 64 22 wool.

78 3706 44 23 The
144 3710 150 28 undersigned
316 3718 42 15 can
386 3713 168 23 accommodate
580 3721 53 20 pur-

56 3733 81 24 chasers
151 3737 26 20 of
189 3737 58 22 their
256 3737 68 22 Stock
341 3737 54 22 with
412 3740 113 22 extensive
540 3741 94 26 grazing

54 3761 10 16 f
65 3764 45 23 uns,
119 3762 76 23 within
205 3765 40 21 100
254 3764 64 25 miles
329 3764 26 22 of
360 3764 45 22 this
415 3765 60 23 Port.

304 3798 35 22 W.
356 3797 25 22 B.
398 3798 94 24 Rhodes
506 3801 46 21 and
566 3801 38 21 Co.

229 3843 66 21 Just
308 3843 134 22 received.
595 3843 3 9 '

55 3865 118 50 I>LANS
195 3872 27 22 of
239 3873 38 23 the
299 3874 71 23 Town
389 3875 27 22 of
431 3875 171 25 Wellington.
635 3885 5 3 -

79 3912 2 2 ■
120 3897 58 23 Plan
195 3900 26 21 of
226 3900 37 22 the
273 3901 110 24 Harbour
390 3902 27 23 of
431 3902 55 24 Port
501 3904 128 23 Nicholson

79 3925 100 26 Message
188 3926 69 28 cards,

693 703 157 26 Important
872 703 62 20 Sale
962 702 31 21 of
1012 703 213 24 manufactured

903 729 104 21 Goods.

667 762 91 48 MR.
783 762 221 22 FITZHERBERT
1026 763 41 22 has
1089 763 104 23 received
1216 763 31 21 in-

756 790 118 20 structions
893 793 22 18 to
929 789 40 22 sell
986 790 28 27 by
1025 790 106 27 Auction,
1143 797 28 15 on
1180 789 67 23 Wed-

664 815 90 27 nesday,
774 815 37 22 the
829 816 39 22 9th
888 817 26 21 of
934 817 96 27 August,
1051 819 22 19 at
1091 817 108 28 half-past
1225 817 22 21 12

666 842 92 27 o'clock,
769 846 22 17 at
799 842 34 26 his
839 847 69 18 stores
916 850 5 14 :
922 854 29 5 —
951 843 39 22 An
997 844 114 23 extensive
1117 845 130 22 assortment

664 868 26 22 of

774 896 124 28 De-lames,

774 923 101 22 Merinos
885 924 98 27 (printed
993 924 44 22 and
1045 924 80 27 plain,)

775 950 115 27 Saxonies,

774 977 92 22 Orleans
877 977 97 28 (printed
983 977 45 23 and
1036 978 81 28 plain,)

773 1004 81 27 Prints,

774 1030 79 27 Scarfs,

774 1057 90 27 Collars,
1246 1062 2 9 '

777 1083 94 27 Gloves,-
878 1084 89 27 (ladies)

775 1110 81 22 Ladies
865 1110 64 28 bags,

693 1136 64 26 Also,
772 1140 65 24 vests,
848 1141 94 24 cravats,
963 1138 48 27 &c,
1033 1139 100 26 together
1152 1139 52 24 with
1223 1140 24 21 12

665 1163 53 28 kegs
729 1162 64 22 nails.

854 1190 80 22 Terms
950 1198 28 15 at
994 1191 67 23 Sale.

694 1217 89 27 August
790 1218 21 25 4,
823 1218 61 21 1843.

666 1261 28 21 In
706 1261 37 21 the
753 1261 96 21 County
858 1262 78 22 Court
946 1270 27 14 of
993 1263 85 22 Wel-1

694 1295 108 18 ungton,
812 1288 24 22 in
847 1288 37 22 the
894 1290 110 21 Southern
1010 1290 52 21 Dis-
1072 1283 6 28 I

694 1314 50 22 trict
753 1314 26 22 of
790 1315 55 21 New
852 1315 82 28 Ulster,
942 1316 57 23 New
1005 1317 57 22 Zea-
1073 1315 12 24 f

693 1341 59 22 land.
812 1360 3 4 .
1066 1331 12 40 J

848 1374 104 27 Joseph
971 1376 97 27 Relph,

828 1407 118 24 Deceased
974 1409 114 24 Intestate.

668 1442 192 48 PURSUANT
870 1446 22 19 to
901 1443 38 22 the
955 1444 57 22 Rule
1023 1445 26 21 of
1059 1444 44 22 this
1119 1445 128 22 Honorable

740 1469 72 27 Court,
824 1469 37 22 the
876 1470 112 22 Creditors
997 1472 24 20 of
1033 1472 37 21 the
1082 1472 72 22 above
1168 1472 79 22 named

669 1495 114 27 deceased,
799 1503 44 20 are,
854 1504 29 15 on
897 1504 25 15 or
931 1497 76 23 before
1024 1498 38 22 the
1077 1499 82 26 Eighth
1174 1498 44 28 day
1229 1499 18 22 of

669 1522 96 22 October
775 1525 60 25 next,
847 1526 22 19 to
879 1531 63 15 come
951 1524 23 22 in
991 1525 44 21 and
1044 1532 68 20 prove
1127 1525 37 23 the
1180 1525 67 22 Debts

668 1548 75 23 before
753 1549 94 22 Robert
858 1550 97 22 Rodger
965 1552 100 27 Strang,
1081 1552 60 28 Esq.,
1152 1552 64 22 Clerk
1228 1552 19 22 of

667 1575 39 22 the
714 1575 46 22 said
772 1576 75 26 Court,
858 1581 22 18 at
890 1577 35 22 hi
924 1577 18 22 3
935 1578 71 21 Office
1014 1579 24 21 in
1044 1578 37 22 the
1090 1579 68 21 Court
1164 1579 83 28 House,

668 1602 141 27 Wellington,
826 1611 25 14 or
860 1604 23 21 in
898 1604 87 22 default
993 1605 92 27 thereof,
1100 1606 54 27 they
1163 1606 44 21 will
1221 1606 26 22 be

666 1630 169 27 preremptorily
845 1630 111 23 excluded
965 1632 57 21 from
1032 1632 31 22 all
1075 1632 84 22 benefit
1168 1632 79 28 arising

666 1656 58 21 from
733 1656 38 22 the
781 1656 47 22 said
842 1657 84 23 Estate.

920 1692 93 22 Robert
1028 1692 29 22 R.
1071 1693 93 22 Strang

849 1725 66 22 Clerk
926 1726 25 21 of
962 1726 38 21 the
1011 1727 87 28 County
1108 1727 71 23 Court,
1192 1726 45 23 and

896 1753 215 27 Deputy-Registrar
1122 1755 26 21 of
1158 1753 37 23 the

953 1780 105 27 Supreme
1067 1781 74 22 Court.

696 1812 141 26 Wellington,
851 1813 52 27 July
913 1815 33 23 28,
958 1815 61 21 1843.

667 1854 28 22 In
706 1854 37 23 the
753 1855 95 22 County
858 1857 78 22 Court
956 1865 26 14 of
993 1858 84 22 Wel-T

693 1889 109 19 lington,
811 1882 24 22 in
846 1882 37 23 the
892 1884 110 22 Southern
1010 1885 52 21 Dis-
1072 1877 5 29 I

692 1908 51 22 trict
752 1908 27 22 of
786 1909 54 22 New
851 1910 81 27 Ulster,
939 1911 56 22 New
1006 1912 56 21 Zea-
1073 1915 5 22 [

692 1934 61 23 land.
1066 1926 11 39 J

760 1967 122 22 William
897 1969 117 21 Edward
1028 1971 127 26 Humble,

667 2021 4 8 s
828 1999 116 24 Deceased
972 2001 115 24 Intestate.
1092 2023 5 4 .
1102 2011 5 14 j
1112 2005 7 8 r
1149 2004 32 10 *li
1234 2002 13 18 -'

873 2035 22 18 to
908 2032 38 22 the
960 2033 49 21 rule
1025 2034 27 21 of
1062 2034 43 22 this
1120 2035 127 23 Honorable

665 2055 29 22 X
738 2057 73 27 Court,
824 2058 36 21 the
871 2059 112 21 Creditors
993 2060 25 21 of
1031 2060 36 22 the
1082 2062 68 22 above
1167 2063 80 22 named

665 2083 122 27 Deceased,
799 2091 43 20 are,
854 2092 29 14 on
894 2093 24 14 or
932 2086 76 22 before
1017 2086 38 22 the
1070 2087 83 28 Eighth
1167 2089 44 28 day
1227 2091 20 21 of

666 2110 96 22 October
772 2114 60 23 next,
844 2114 22 19 to
876 2119 62 15 come
955 2113 22 21 in
988 2114 44 20 and
1047 2122 66 20 prove
1124 2115 36 22 the
1178 2116 69 23 Debts

664 2136 77 23 before
751 2137 94 22 Robert
856 2138 96 23 Rodger
963 2140 100 27 Strang,
1081 2141 60 28 Esq.,
1153 2143 65 21 Clerk
1229 2144 18 21 of

666 2163 37 22 the
713 2164 47 21 said
771 2164 74 27 Court,
857 2168 22 19 at
885 2165 34 22 his
929 2166 70 22 Office
1009 2167 22 21 in
1041 2167 37 22 the
1089 2169 68 21 Court
1164 2169 83 28 House,

666 2190 142 28 Wellington,
820 2199 31 19 or,
863 2192 23 21 in
898 2192 85 22 default
997 2193 92 28 thereof,
1100 2195 53 28 they
1167 2196 45 22 will
1221 2197 26 22 be

664 2218 158 26 peremptorily
837 2219 109 22 excluded
955 2220 57 22 from
1028 2221 30 21 all
1067 2221 83 24 benefit
1165 2223 82 28 arising

665 2244 57 21 from
737 2246 37 20 the
785 2244 46 22 said
843 2245 83 23 Estate.

651 2286 2 28 j
918 2280 94 23 Robert
1024 2281 27 22 R.
1068 2282 99 23 Strang.

849 2311 64 24 Clerk
923 2314 25 22 of
962 2314 38 22 the
1011 2315 85 28 County
1108 2317 73 27 Court,
1193 2318 44 22 and

891 2341 216 28 Deputy-Registrar
1120 2344 26 21 of
1157 2344 37 22 the

946 2369 107 26 Supreme
1069 2370 72 22 Court.

692 2400 141 27 Wellington,
845 2401 54 28 July
908 2402 34 26 27,
955 2404 61 21 1843.

665 2444 26 22 In
704 2444 37 22 the
752 2445 95 22 County
862 2447 77 21 Court
950 2447 27 21 of
990 2446 84 23 Wel-T

692 2479 108 19 lington,
812 2473 21 20 in
842 2473 38 22 the
891 2474 110 22 Southern
1006 2474 53 22 Dis-
1070 2467 4 29 1

692 2498 51 22 trict
765 2499 26 21 of
815 2500 56 22 New
895 2500 82 28 Ulster,
1002 2501 55 23 New
1069 2504 9 20 f

692 2524 106 23 Zealand.
1063 2522 10 34 J

818 2561 153 22 Archibald
999 2564 97 26 Milne,

833 2595 116 23 Deceased
958 2596 118 25 Intestate.

666 2627 194 48 PURSUANT
875 2634 23 17 to
908 2630 38 21 the
964 2630 58 23 Rule
1033 2632 26 21 of
1066 2632 43 23 this
1123 2634 124 22 Honorable

738 2655 74 27 Court,
824 2655 39 22 the
873 2656 112 23 Creditors
995 2658 24 21 of
1033 2658 37 23 the
1087 2660 160 23 above-named

665 2681 123 27 Deceased,
801 2689 44 20 are,
858 2689 27 15 on
898 2690 26 15 or
933 2684 76 23 before
1018 2684 38 23 the
1071 2686 82 28 Eighth
1169 2688 51 27 Day
1230 2688 17 22 of

666 2708 98 21 October
771 2713 61 22 next,
844 2712 23 19 to
877 2717 64 14 come
957 2710 23 22 in
993 2711 44 22 and
1050 2720 68 20 prove
1129 2714 38 22 the
1181 2714 66 22 Debts

665 2734 78 22 before
753 2735 94 22 Robert
859 2736 99 23 Rodger
971 2738 100 28 Strang,
1083 2740 61 28 Esq.,
1154 2741 67 22 Clerk
1230 2742 17 20 of

666 2761 39 22 the
714 2761 48 22 said
772 2762 74 27 Court,
858 2767 23 18 at
891 2763 34 22 his
931 2764 70 23 Office
1011 2766 22 21 in
1044 2766 36 22 the
1087 2768 160 27 Court-House,

666 2787 139 29 Wellington
812 2797 5 19 ;
834 2797 32 19 or,
874 2790 24 21 in
909 2790 85 23 default
1003 2792 91 29 thereof,
1106 2794 53 29 they
1169 2795 45 21 will
1224 2795 23 22 be

666 2816 155 33 peremptorily
831 2817 110 22 excluded
957 2818 57 22 from
1031 2820 30 21 all
1077 2820 83 24 benefit
1169 2822 78 27 arising

666 2842 57 25 from
734 2842 38 22 the
782 2843 48 22 said
839 2844 85 22 Estate.

931 2879 94 23 Robert
1040 2881 28 22 R.
1084 2882 98 27 Strang,

841 2911 65 23 Clerk
917 2912 26 21 of
948 2912 38 23 the
997 2914 88 28 County
1095 2916 74 27 Court,
1180 2916 45 22 and

885 2939 219 29 Deputy-Registrar
1113 2943 27 21 of
1146 2943 37 22 the

939 2967 106 27 Supreme
1059 2969 75 22 Court.

695 2997 145 28 Wellington,
852 2998 54 27 July
915 2999 33 26 27,
960 3000 61 23 1843.

668 3041 28 22 In
706 3042 37 21 the
754 3042 94 23 County
863 3043 78 23 Court
955 3044 28 22 of

694 3076 110 20 lington,
831 3070 26 21 in
886 3070 39 22 the
953 3071 110 23 Southern
1075 3074 7 20 I
1230 3076 12 14 ?'

694 3095 93 22 District
797 3096 25 21 of
835 3096 56 23 New
908 3097 81 29 Ulster,
1006 3098 56 24 New
1072 3093 15 35 f
1238 3100 5 23 1

696 3122 104 22 Zealand.
1065 3119 15 34 j

830 3157 118 23 Thomas
976 3159 117 27 Ellison,

837 3187 117 24 Deceased
964 3189 115 24 Intestate.

669 3219 193 48 PURSUANT
876 3224 22 19 to
908 3221 38 23 the
957 3222 58 26 Rule
1031 3224 28 22 of
1070 3224 42 23 this
1123 3225 124 28 Honprable

741 3246 75 27 Court,
826 3247 38 22 the
879 3248 112 23 Creditors
1001 3250 25 21 of
1038 3250 37 23 the
1085 3252 162 24 above-named

668 3272 122 28 Deceased,
801 3281 44 20 are,
856 3281 28 16 on
901 3282 26 15 or
935 3276 76 22 before
1020 3276 39 23 the
1077 3278 83 29 EightK.
1170 3279 77 28 day'of

669 3300 97 23 October
775 3304 61 24 next,
849 3304 22 19 to
886 3309 64 15 come
958 3302 24 22 in
999 3303 46 23 and
1059 3312 66 21 prove
1134 3307 37 22 the
1181 3306 66 23 Debts

668 3326 76 23 before
763 3326 96 24 Robert
873 3328 99 24 Rodger
987 3330 100 29 Strang,
1105 3333 64 28 Esq.v
1186 3333 61 23 Clerk

668 3352 26 23 of
711 3353 37 22 the
767 3354 48 22 said
833 3355 75 28 Court,
920 3360 22 18 at
950 3357 35 22 his
1005 3357 77 23 Office,
1092 3359 24 25 in
1133 3363 38 20 the
1185 3361 62 24 Court

669 3380 85 28 House,
766 3380 136 29 Wellington
910 3391 7 19 ;
933 3390 31 21 or,
973 3383 25 23 in
1009 3383 83 25 default
1100 3385 93 29 thereof,
1198 3385 49 29 they

668 3408 45 21 will
721 3408 29 21 be
759 3410 278 31 peremptorily-excluded
1047 3412 56 23 from
1113 3413 31 23 all
1155 3413 92 23 benefits

668 3434 83 28 arising
760 3434 57 23 from
826 3436 39 22 the
874 3436 48 22 said
932 3437 85 23 Estate.

901 3471 96 22 Robert
1012 3472 28 22 R.
1056 3474 99 28 Strano,

838 3497 67 22 Clerk
915 3498 26 21 of
947 3498 38 24 the
997 3499 87 29 County
1094 3501 75 27 Court,
1178 3501 45 22 and

887 3524 217 30 Deputy-Registrar
1113 3529 27 22 of
1146 3528 37 23 the

939 3552 106 27 Supreme
1056 3554 75 24 Court.

694 3582 143 29 Wellington,
849 3584 54 28 July
912 3585 34 27 27,
958 3587 61 23 1843.
1187 3610 3 4 .

667 3629 182 49 MQUIN,
864 3630 76 25 Smooth
960 3631 47 23 and
1020 3631 115 29 Farrier,
1153 3635 94 24 respect-

732 3667 12 11 •
784 3655 56 28 fully
854 3657 61 27 gives,
935 3658 81 27 notice,
1033 3658 49 23 that
1096 3659 29 22 he
1144 3659 53 22 does
1215 3659 32 22 his

663 3682 94 28 general
765 3682 49 22 iron
824 3683 60 22 work
893 3691 60 21 very-
958 3684 78 28 cheap,
1047 3685 45 22 and
1103 3685 47 23 also
1159 3686 88 28 intends

664 3712 23 19 to
697 3709 82 22 reduce
789 3709 37 22 the
835 3711 61 26 price
906 3711 27 22 of
940 3711 63 23 horse
1011 3711 90 29 shoeing
1112 3719 29 16 on
1148 3712 99 28 Monday

663 3740 64 23 next,
735 3736 57 22 from
803 3738 31 20 Bs.
847 3737 48 26 (the
903 3742 90 23 present
1002 3739 71 27 price)
1084 3744 22 18 to
1116 3741 32 20 6s.
1157 3746 41 21 per
1203 3738 44 28 'set,

664 3763 46 23 and
718 3770 102 16 removes
829 3763 58 23 from
896 3766 31 21 4s.
946 3768 23 19 to
984 3766 38 22 35.,
1026 3773 7 20 j
1052 3773 26 15 or
1095 3766 45 26 will
1149 3769 98 19 Contract

662 3789 84 28 yearly,
757 3796 29 15 on
795 3790 79 23 liberal
882 3794 76 19 terms.
986 3792 39 23 He
1035 3792 47 22 also
1096 3792 78 23 makes
1185 3792 22 22 it
1214 3792 33 23 his

662 3817 67 27 study
748 3820 23 18 to
791 3817 28 22 do
838 3817 32 22 all
888 3817 36 24 his
944 3818 68 23 work'
1023 3818 54 25 with
1095 3818 39 23 the
1152 3822 95 24 greatest

663 3843 110 27 dispatch.

690 3870 86 22 N.B.—
777 3869 60 29 Shop
847 3878 56 15 near
917 3874 23 19 to
954 3872 46 21 Mr.
1011 3871 147 28 CatchpooFs,
1172 3871 75 23 Dhcbn

662 3898 79 26 Street,
751 3897 34 22 Te
794 3897 53 22 Aro.
915 3894 5 7 '

690 3930 54 26 July
752 3931 35 25 28,
798 3930 62 22 1843.

1283 702 28 22 In
1320 702 37 23 the
1367 703 94 22 County
1477 704 77 24 Cqurt
1569 704 26 22 of
1606 704 83 22 Wel-1

1304 736 114 21 -lington,
1425 729 24 22 in
1459 729 39 22 the
1505 730 107 23 Southern
1620 731 53 22 Dis-
1684 725 5 28 I

1310 756 50 21 trict
1383 756 24 21 of
1426 756 57 22 New
1507 757 81 28 Ulster,
1616 757 56 23 New
1685 761 6 30 f

1308 784 107 23 Zealand.
1678 779 11 33 J

1434 820 123 21 William
1591 820 111 25 Elsdon,

1444 852 122 23 -Deceased
1576 853 115 22 Intestate.

1280 883 192 48 PURSUANT
1484 887 24 19 to
1517 885 38 22 the
1570 885 57 22 Rule
1639 885 24 22 of
1669 885 44 22 this
1729 885 132 22 Honorable

1353 911 73 26 Court,
1439 910 38 23 the
1487 912 112 22 Creditors
1608 912 25 22 of
1646 911 37 23 the
1697 912 164 23 above-named

1255 947 2 4 ■
1280 936 121 28 Deceased,
1413 944 44 20 are,
1468 945 29 15 on
1513 946 25 14 or
1546 939 74 23 before,
1634 939 38 21 the
1687 939 83 27 Eighth
1781 939 44 27 day
1839 939 26 22 of

1280 962 98 23 October
1386 967 60 23 next,
1458 967 22 19 to
1491 972 62 15 come
1567 965 23 21 in
1601 965 42 22 and
1655 972 67 20 prove
1736 966 37 22 the
1790 965 71 22 Debts

1279 988 74 23 before
1364 990 94 22 Robert
1472 991 97 22 Rodger
1579 992 100 27 Strang,
1691 993 61 27 Esq.,
1764 992 64 22 Clerk
1839 993 24 21 of

1280 1016 37 21 the
1327 1016 49 22 said
1385 1017 73 27 Court,
1467 1021 23 18 at
1494 1017 35 22 his
1536 1018 77 27 Office,
1621 1019 24 21 in
1653 1019 36 21 the
1698 1019 162 26 Cpurt-House,

1254 1054 4 17 ,?
1280 1042 134 28 Wellington
1423 1051 6 19 ;
1446 1051 31 19 or,
1487 1044 25 22 in
1522 1044 84 22 default
1614 1045 92 27 thereof,
1717 1045 54 27 they
1780 1045 45 21 will
1833 1045 28 23 be

1255 1089 3 3 .
1278 1070 155 33 peremptorily
1445 1070 108 22 excluded
1562 1071 58 22 from
1635 1071 30 22 all
1674 1070 95 26 benefits
1779 1072 82 27 arising

1280 1098 57 20 from
1347 1094 38 24 the
1395 1097 49 21 said
1453 1097 85 23 Estate.

1256 1142 3 16 I
1510 1129 94 22 Robert
1619 1130 28 21 R.
1663 1131 102 26 Strang,

1447 1160 67 22 Clerk
1524 1161 26 21 of
1557 1160 37 23 the
1604 1162 89 27 County
1703 1162 75 27 Court,
1790 1162 44 22 and

1486 1187 90 27 Deputy
1586 1188 112 27 Registrar
1706 1188 27 22 of
1743 1189 38 22 the

1548 1216 107 26 Supreme
1665 1216 74 22 Court.

1254 1247 5 7 H
1308 1246 144 29 Wellington,
1463 1248 55 27 July
1526 1249 34 27 27,
1571 1250 61 20 1845.

1504 1299 53 21 For
1572 1299 68 21 Sale.

1282 1332 43 21 /^1
1336 1331 179 22 UNPOWDER
1528 1332 62 23 TEA
1604 1332 22 21 in
1647 1332 73 23 chests
1739 1332 46 23 and
1802 1336 61 24 catty

1282 1355 54 24 VJT
1362 1357 75 27 boxes,

1308 1385 74 21 Pekoe
1391 1385 44 21 and
1446 1385 119 27 Souchong
1574 1385 25 24 in
1608 1389 59 25 catty
1677 1386 76 27 boxes,

1256 1411 3 24 I
1308 1411 78 27 Hyson
1397 1411 50 22 skin
1458 1412 24 21 in
1491 1412 82 27 chests,

1308 1437 55 22 Fine
1374 1437 65 22 white
1453 1445 73 23 sugar,

1308 1465 92 21 Chinese
1410 1472 122 20 preserves,

1308 1491 79 22 Brown
1396 1491 46 22 and
1452 1491 49 28 pale
1510 1491 83 28 sherry,
1602 1494 44 21 16s.
1654 1492 44 23 and
1708 1495 45 20 19s.
1763 1500 39 21 per
1811 1492 49 23 doz.

1257 1522 4 28 \
1336 1522 74 28 Apply
1420 1525 24 19 to

1382 1559 2 4 '
1576 1550 23 22 J.
1616 1551 139 28 Christian,

1658 1583 91 23 Wade's
1760 1585 80 21 Stores.

1256 1612 5 6 '
1308 1609 88 27 August
1406 1610 19 25 1,
1437 1610 63 22 1843.
1800 1630 3 3 ,

1283 1653 91 48 THE
1395 1655 79 20 Nelson
1496 1656 117 19 Examiner
1635 1656 42 20 and
1697 1657 54 19 New
1773 1656 93 20 Zealand

1355 1680 109 22 Chronicle
1480 1682 126 27 (published
1614 1686 24 17 at
1646 1682 102 28 Nelson,)
1764 1683 18 21 is
1800 1690 65 21 regu-

1256 1727 3 7 ,
1280 1706 58 28 larly
1356 1708 139 22 transmitted
1512 1712 22 18 to
1549 1708 143 28 Wellington,
1712 1710 45 21 and
1772 1717 51 20 may
1837 1710 28 21 be

1281 1733 44 22 had
1336 1738 22 18 at
1366 1734 37 22 the
1414 1735 63 22 office
1487 1736 26 21 of
1522 1736 44 21 this
1575 1743 74 19 paper.

1308 1760 48 23 The
1365 1762 78 20 Nelson
1451 1763 116 20 Examiner
1582 1762 44 23 will
1635 1763 28 22 be
1673 1763 68 22 found
1752 1770 28 15 an
1792 1764 73 21 excel-

1280 1788 49 21 lent
1337 1788 96 23 medium
1444 1790 35 21 for
1489 1789 137 23 advertisers.

1308 1815 77 22 Terms
1394 1816 34 21 for
1437 1816 37 22 the
1484 1823 73 21 paper,
1569 1819 37 19 ten
1614 1816 99 27 shillings
1728 1824 39 23 per
1776 1821 89 23 quarter

1279 1842 95 27 payable
1382 1842 23 21 in
1416 1842 107 23 advance.

1308 1868 81 23 Orders
1411 1869 35 22 for
1465 1870 37 21 the
1524 1877 68 21 paper
1614 1870 45 21 and
1680 1870 184 22 advertisements

1280 1895 103 22 received
1392 1899 23 18 at
1424 1896 38 21 the
1472 1896 71 22 Office
1553 1896 25 22 of
1590 1896 43 22 this
1642 1904 75 19 paper.

1449 1946 78 21 Meat
1547 1948 147 25 Company.

1254 1981 15 20 A
1281 1978 92 22 rriHE
1392 1979 234 27 UNDERSIGNED,
1646 1980 84 27 having
1749 1980 55 22 been
1826 1988 37 19 ap-

1289 2002 30 25 JL
1343 2020 5 3 -
1353 2006 91 26 pointed
1459 2006 110 26 Manager
1577 2006 27 20 of
1616 2006 38 21 the
1666 2007 66 21 Meat
1740 2007 121 26 Company,

1280 2030 54 28 begs
1343 2035 23 18 to
1376 2039 117 14 announce
1501 2032 49 21 that
1564 2039 14 14 a
1586 2032 89 26 regular
1683 2033 79 27 supply
1771 2033 26 21 of
1804 2033 57 27 beef,

1280 2061 94 23 mutton,
1394 2058 45 21 and
1456 2058 56 28 pork
1528 2066 51 20 may
1599 2058 81 28 always
1697 2060 29 20 be
1746 2060 117 27 depended

1253 2091 2 5 '
1281 2091 60 21 upon
1351 2087 24 20 at
1384 2084 42 22 this
1437 2085 172 22 establishment.

1309 2112 32 21 As
1364 2111 43 22 this
1430 2112 115 28 Company
1565 2119 104 24 purposes
1688 2112 79 28 selling
1785 2117 24 17 at
1827 2114 35 21 the

1253 2144 2 6 1
1280 2138 77 22 lowest
1365 2138 70 28 prices
1446 2142 23 18 at
1484 2138 71 22 which
1565 2142 18 18 it
1597 2139 17 21 is
1623 2139 73 21 found
1702 2140 38 21 the
1750 2143 59 18 meat
1823 2147 40 15 can

1280 2165 29 21 be
1319 2165 104 27 afforded,
1435 2165 38 22 the
1482 2165 148 32 undersigned
1640 2166 18 21 is
1672 2167 53 26 only
1734 2166 127 22 authorized

1281 2195 23 18 to
1314 2192 49 26 give
1369 2199 54 19 very
1428 2192 87 22 limited
1524 2192 76 26 credit,
1607 2192 46 22 and
1660 2192 38 22 has
1705 2194 57 20 been
1771 2194 92 21 ordered
1872 2193 2 25 |

1281 2221 23 18 to
1320 2223 47 23 stop
1383 2218 29 22 all
1425 2222 104 19 accounts
1545 2219 71 22 which
1630 2226 37 15 are
1682 2224 41 17 not
1737 2220 53 27 paid
1804 2228 58 19 upon
1872 2220 2 21 i

1282 2245 101 22 demand.

1308 2272 47 21 The
1365 2272 100 22 business
1474 2272 25 22 of
1506 2272 38 22 the
1555 2272 112 28 Company
1677 2273 18 21 is
1705 2274 86 21 carried
1802 2282 27 13 on
1840 2275 22 21 in

1281 2298 58 23 their
1353 2306 48 14 new
1416 2299 109 27 building,
1536 2299 87 22 erected
1641 2300 100 21 between
1761 2300 103 23 France's

1282 2325 68 22 Hotel
1369 2326 43 21 and
1431 2326 37 21 the
1487 2326 58 22 head
1562 2326 26 22 of
1602 2326 37 22 the
1654 2327 55 27 Bay,
1728 2327 45 22 and
1788 2328 75 27 nearly

1282 2353 97 27 opposite
1390 2356 22 18 to
1423 2353 44 21 Mr.
1478 2353 83 27 Lyon's
1571 2353 69 22 Store.

1553 2386 35 22 W.
1604 2387 99 27 Flygeu,
1719 2388 117 26 Manager.

1310 2418 127 23 November
1447 2420 33 26 23,
1493 2420 59 21 1842.

1470 2469 85 21 Fresh
1570 2469 103 26 Butter,

1284 2502 160 49 ALWAYS
1460 2510 29 14 on
1504 2503 49 21 Sale
1569 2506 24 18 at
1609 2503 37 22 the
1657 2503 63 23 Meat
1732 2505 133 26 Company's

1361 2529 115 28 premises.

1552 2555 36 23 W.
1605 2557 99 27 Flyger,
1722 2558 115 27 Manager.

1310 2583 158 26 Willis-street,
1480 2583 57 22 Dec.
1547 2585 20 25 2,
1579 2585 60 20 1842.

1521 2630 108 20 Cheese.

1299 2663 18 21 A
1343 2662 118 22 SUPPLY
1470 2662 102 22 reoeived
1579 2662 85 28 weekly
1672 2663 24 21 of
1705 2663 55 22 New
1767 2663 98 22 Zealand

1253 2688 2 10 r
1282 2690 51 20 -£jl
1360 2689 66 22 made
1436 2689 91 28 Cheese,
1535 2689 57 23 from
1603 2689 36 23 the
1647 2691 141 26 Cowpasture
1796 2691 68 26 dairy,

1253 2723 2 12 ;
1282 2716 45 21 and
1337 2716 33 22 for
1379 2717 44 21 sale
1433 2721 25 17 at
1473 2717 37 21 the
1520 2716 105 28 premises
1635 2717 26 21 of
1675 2717 36 21 the
1728 2717 64 22 Meat
1802 2713 64 26 Con'i-

1254 2740 6 12 ''
1282 2750 67 21 pany.
1501 2755 11 11 »•
1527 2761 5 5 ,
1671 2749 2 3 '
1714 2762 4 5 .
1753 2761 7 5 „

1258 2774 1 6 '
1562 2770 36 22 W.
1609 2770 101 27 Flyokr',
1722 2771 117 26 Manager,
1849 2776 2 14 i

1253 2806 2 28 '.
1284 2815 92 22 rriHE
1390 2816 229 23 UNDERSIGNED
1628 2824 38 15 are
1677 2816 53 23 cash
1738 2816 128 33 purchasers

1291 2839 30 25 JL
1359 2842 26 23 of
1402 2842 37 28 oil,
1456 2844 66 26 bone,
1542 2843 44 22 and
1604 2843 52 27 flax,
1677 2858 4 15 f
1682 2844 33 25 for
1738 2844 127 25 immediate

1283 2869 118 28 shipment.

1444 2896 133 27 RIDGWAYS,
1589 2897 105 27 GUYTON,
1706 2905 47 14 AND
1768 2897 71 22 EARP.

1312 2928 54 28 July
1377 2928 32 26 17,
1423 2929 60 21 1843.
1597 2922 3 7 '
1756 2941 3 6 ■

1522 2975 52 21 For
1589 2974 71 25 Sale,

1282 3009 157 50 WHEAT
1461 3009 66 22 AND
1549 3009 119 28 FLOUR,.
1673 3010 38 22 the
1720 3009 107 28 .produce
1846 3013 20 19 oi

1379 3036 37 21 the
1426 3036 66 27 Hutt,
1503 3036 23 22 in
1542 3037 55 26 bags
1609 3037 100 26 (2001b5,,)
1722 3041 25 17 at
1762 3037 35 25 £2
1811 3039 54 25 10a.,

1282 3062 50 23 half
1347 3063 53 26 bags
1419 3063 32 21 £1
1472 3064 32 21 ss.
1515 3074 4 2 ■
1543 3063 101 27 Bags--to
1664 3064 25 20 be
1708 3063 113 27 returned,
1843 3072 24 14 or

1284 3090 95 27 charged
1393 3091 30 19 2s.
1439 3089 36 23 6d.
1505 3090 54 22 Also
1569 3096 14 15 a
1592 3090 64 22 small
1672 3091 101 26 quantity
1784 3091 25 21 of
1814 3092 53 20 seed

1367 3117 46 21 and
1423 3117 80 21 winter
1510 3117 75 22 -wheat
1593 3117 44 22 and
1646 3117 95 22 skinless
1750 3117 83 28 barley.

1256 3152 2 30 ]
1312 3153 73 29 Apply
1395 3156 23 19 to
1434 3153 92 22 Messrs.
1537 3154 95 22 Rhodes
1649 3154 44 22 and
1706 3154 48 26 Co.,
1766 3153 31 23 Te
1813 3154 53 27 Aro,

1272 3180 36 22 ■'of
1317 3183 23 18 to
1349 3180 45 22 Mr.
1409 3180 129 28 Swainson,
1554 3180 148 28 Hawkshead,
1714 3180 71 23 River
1802 3180 65 23 Hutt.

1254 3208 5 22 i
1296 3230 4 7 ,
1310 3211 54 28 July
1373 3213 20 25 4,
1406 3212 63 22 1843.

1254 3234 5 29 ij
1282 3234 31 14 m
1766 3237 3 10 1

1255 3263 3 13 i
1371 3257 85 27 SALE,
1465 3260 23 19 at
1496 3258 38 21 the
1545 3258 73 21 Stores
1627 3257 26 22 of
1660 3257 36 22 the
1707 3257 158 27 undersigned,

1254 3279 5 31 'f
1284 3274 46 33 \J
1360 3291 29 15 ex
1398 3285 101 20 Scotia—
1514 3299 3 3 .
1687 3300 2 4 ,

1254 3314 5 25 '!
1390 3316 76 28 Flour,

1254 3344 5 29 ]
1391 3342 63 28 Rice,

1254 3374 5 23 ;.
1390 3370 78 27 Sugar,
1716 3374 15 15 >r
1740 3374 10 10 <

1389 3396 98 28 Brandy,

1256 3439 2 4 ,
1390 3422 89 24 Bottled
1489 3423 35 22 a^e
1534 3422 43 22 and
1588 3424 82 26 porter,
1682 3422 101 27 Dunbar,

1524 3455 97 22 Thomas
1635 3454 40 22 M.
1686 3454 150 23 Machattie.

1309 3480 63 28 April
1383 3481 19 27 7,
1407 3483 80 24 .1843..

1494 3527 23 22 J.
1545 3526 107 26 BIRD,

1273 3565 238 26 -Cabinet-maker*
1526 3564 186 28 Upholsterer,
1734 3566 22 21 &
1778 3565 88 27 Paper

1515 3592 118 26 Hanger,

1461 3633 34 15 TK
1520 3633 56 15 ARO
1600 3632 82 21 FLAT,

1279 3657 270 49 RESPECTFULLY
1563 3656 83 25 solicits
1662 3664 13 15 a
1689 3656 89 34 portion
1788 3658 26 25 of
1826 3658 39 22 the

1356 3684 89 23 favours
1456 3684 26 22 of
1489 3684 37 22 the
1541 3687 79 24 gentry
1628 3683 47 23 and
1689 3684 139 24 inhabitants
1842 3685 26 22 of

1278 3710 136 34 Wefling^top
1424 3711 25 22 in
1465 3711 38 23 the
1518 3711 70 24 above
1604 3711 118 27 branches,
1734 3711 44 22 and
1789 3716 74 22 trusts,

1256 3745 3 11 i
1276 3735 30 28 by
1322 3736 36 23 his
1377 3738 140 21 economical
1535 3738 92 26 charges
1646 3738 45 22 and
1706 3738 118 28 attention,
1842 3742 23 19 to

1257 3771 3 21 ;
1279 3763 65 22 merit
1352 3771 14 16 a
1375 3764 151 23 continuance
1536 3765 25 21 of
1569 3764 38 21 the
1617 3771 68 16 same.

1254 3793 6 24 }
1274 3790 3 4 '
1305 3790 50 23 Has
1372 3798 16 14 a
1404 3791 78 22 choice
1501 3791 119 22 collection
1637 3792 28 21 of
1684 3791 56 22 New
1764 3791 101 25 Zealand

1256 3825 4 20 j
1277 3817 82 27 broods,
1389 3817 51 22 well
1468 3817 109 25 seasoned
1586 3825 6 20 ;
1618 3824 12 16 a
1654 3818 43 23 few
1712 3816 52 25 low
1787 3818 78 28 priced

1256 3846 3 9 '
1279 3846 133 31 npttresses.

1255 3865 6 37 j
1292 3878 3 5 '
1304 3869 110 28 Families,
1418 3869 85 29 having
1511 3870 60 25 their
1578 3877 49 16 own
1633 3867 120 33 materials.
1755 3878 42 19 can
1807 3871 58 24 have
1869 3872 4 9 '

1279 3899 61 22 tflem
1349 3896 115 29 made'u'p.
1642 3898 4 6 '
1800 3918 3 3 ,
1872 3911 2 3 •

1256 3934 4 17 J
1289 3926 7 24 '!
1303 3930 33 22 Te
1346 3930 47 24 Aro
1403 3929 59 28 Flat,
1472 3930 57 28 May
1539 3932 35 27 12,
1586 3931 61 22 1843.
1809 3926 9 32 ,'

2014 706 65 20 Two
2095 706 120 22 Guineas
2228 707 126 22 Reward.

1894 738 72 48 ON
1980 738 121 23 FRIDAY
2120 740 100 27 morning
2237 740 51 27 last,
2304 748 16 15 a
2338 741 94 22 number
2449 742 28 21 of

1971 765 80 26 Papers
2061 765 45 22 and
2121 766 154 29 Memoranda,
2288 767 81 28 chiefly
2377 768 97 27 relating

1892 793 23 19 to
1925 791 44 22 Mr.
1981 791 91 23 Charles
2079 793 102 22 Brown's
2190 797 97 19 account
2296 795 134 27 concerning
2439 795 36 22 his

1892 817 44 23 late
1947 823 157 22 management
2113 819 27 22 of
2145 819 38 22 the
2194 819 57 23 Lord
2259 820 85 23 Nelson
2355 821 52 26 Inn,
2415 828 57 15 were

1892 845 70 21 stolen
1972 845 55 21 from
2038 852 42 15 one
2091 845 26 22 of
2124 846 36 22 the
2170 853 72 15 rooms
2255 847 26 22 of
2288 847 37 22 the
2336 847 136 28 Wellington

1891 871 87 22 Tavern
1984 879 6 18 ;
2006 878 44 21 any
2059 879 80 19 person
2153 873 49 21 who
2211 880 42 15 can
2267 874 50 27 give
2332 873 54 23 such
2401 874 72 22 infor-

1892 897 83 22 mation
1990 904 24 15 as
2029 898 45 22 will
2088 899 107 27 complete
2210 899 37 22 the
2262 899 106 23 evidence
2381 900 92 28 already

1893 924 109 26 obtained,
2014 931 24 15 or
2047 925 115 22 otherwise
2171 925 50 22 lead
2232 929 23 18 to
2265 925 38 23 the
2313 927 126 22 conviction
2449 927 26 22 of

1893 950 36 22 the
1945 950 103 27 offender,
2064 951 57 22 shall
2136 951 86 23 receive
2242 952 39 22 the
2299 953 71 22 above
2388 954 86 22 reward

1891 977 57 22 from

2081 1004 69 22 Chas.
2166 1005 28 22 E.
2208 1005 51 21 Yon
2276 1006 114 27 Alsdorf,

2257 1031 188 28 Lambton-quay.

1920 1057 88 27 August
2018 1059 19 25 1,
2049 1058 59 21 1843.
2380 1051 14 13 *
2422 1069 3 6 >

2018 1102 84 21 Brick
2115 1103 93 21 House
2223 1103 44 21 for
2281 1104 70 25 Sale,

1894 1135 70 48 AT
1977 1143 13 13 a
2000 1134 99 23 sacrifice
2108 1136 26 21 of
2138 1143 62 15 more
2209 1136 54 22 than
2270 1138 123 22 two-thirds
2402 1138 27 22 of
2434 1138 39 22 the

1972 1165 53 23 cost,
2033 1162 67 28 price,
2112 1162 47 22 that
2169 1162 49 22 well
2227 1163 57 22 built
2296 1164 65 23 brick
2369 1164 69 23 house
2447 1165 25 22 in

1894 1188 115 27 Mulgrave
2016 1191 79 25 -street,
2107 1190 98 26 opposite
2215 1190 40 21 Dr.
2267 1188 148 30 Fitzgerald^}
2427 1191 47 23 and

1892 1222 48 14 now
1951 1215 106 27 occupied
2067 1216 30 27 by
2107 1216 90 26 Messrs.
2209 1216 69 22 Levin
2289 1218 46 21 and
2345 1217 77 27 Heldt,
2434 1218 38 22 the

1894 1241 138 22 well-known
2044 1242 99 22 German
2150 1243 90 27 joiners.
2269 1243 55 22 This
2338 1243 69 23 house
2420 1251 54 15 con-

1894 1268 54 21 tains
1968 1268 42 21 five
2028 1275 79 20 rooms,
2124 1268 62 23 three
2204 1270 24 21 of
2244 1270 73 22 which
2333 1270 56 22 have
2410 1271 62 23 brick

1894 1295 128 26 chimney's,
2034 1294 45 22 and
2087 1302 14 15 a
2111 1296 143 22 comfortable
2266 1296 99 22 kitchen.

1922 1321 73 28 Apply
2005 1324 23 19 to

2056 1348 70 23 Chas.
2141 1349 27 22 E.
2184 1348 50 26 Yon
2249 1350 115 27 Alsdorf,

2257 1376 188 29 Lambton-quay.

1920 1402 89 26 August
2019 1403 18 25 1,
2050 1403 60 21 1843.
2423 1396 11 10 '

1959 1446 123 21 Produce
2099 1447 32 20 of
2141 1448 46 20 the
2201 1447 69 21 Hutt
2284 1448 43 22 for
2341 1449 68 22 Sale.

1895 1480 50 47 A
1960 1479 66 22 FEW
2035 1479 104 24 hundred
2148 1488 75 20 young
2231 1481 55 22 fruit
2295 1485 59 20 trees
2362 1482 69 28 ready
2441 1484 36 21 for

1973 1506 104 28 grafting,

1922 1532 87 22 Several
2023 1532 112 23 thousand
2149 1534 130 28 strawberry
2295 1536 79 27 plants,
2392 1536 84 28 largest

1895 1559 61 27 kind,

1922 1585 89 23 Several
2020 1586 88 23 bushels
2119 1587 26 22 of
2151 1587 93 22 skinless
2256 1588 84 28 bariey,

1922 1612 43 23 Do.
2047 1613 35 22 do.
2152 1614 59 27 Cape
2220 1614 83 28 barley,

1923 1640 41 21 Do.
2047 1640 35 22 do.
2153 1640 121 23 Coriander
2282 1642 59 26 seed,

1923 1666 87 22 Several
2021 1669 51 19 tons
2081 1667 26 22 of
2114 1667 53 22 seed
2176 1670 106 25 potatoes,
2292 1668 24 23 of
2324 1669 101 23 different
2430 1671 45 21 and

1896 1692 76 23 choice
1981 1693 109 27 varieties,

1923 1720 76 21 About
2013 1723 42 18 two
2071 1720 88 23 bushels
2169 1721 26 22 of
2207 1722 39 21 red
2264 1722 45 21 and
2324 1722 64 23 white
2403 1727 74 19 carrot

1897 1746 57 27 seed,
1966 1746 83 27 garden
2060 1747 64 22 seeds
2134 1748 24 21 of
2166 1755 64 21 every
2241 1748 150 29 descriptions.

1924 1773 72 27 Apply
2011 1778 21 16 to

2057 1800 71 23 Chas.
2143 1802 26 21 E.
2186 1801 50 23 Yon
2251 1803 117 27 Alsdorf,

2263 1830 72 22 Lamb
2336 1833 46 20 ton*
2385 1837 65 19 quay.

1923 1854 88 27 August
2021 1855 18 26 1,
2052 1856 60 21 1843.

2115 1901 53 20 For
2182 1901 70 25 Sale,

1895 1933 51 47 A
1965 1932 84 23 FLAX
2069 1933 158 23 DRESSING
2248 1935 158 24 MACHINE.
2435 1937 45 23 For

1973 1959 86 22 further
2068 1960 137 27 particulars,
2216 1961 87 28 inquire
2314 1963 27 22 of

2064 1993 78 23 James
2155 1995 72 27 Reed,
2242 1995 127 28 Carpenter,

2177 2020 71 22 Nairn
2348 2023 32 24 Te
2389 2024 59 22 Aro.

1922 2050 146 28 Wellington,
2080 2052 89 27 August
2179 2053 19 26 1,
2209 2053 61 21 1843.

2028 2101 88 21 Town
2133 2102 31 20 of
2175 2103 168 21 Manewatu.

1896 2134 90 49 THE
2008 2134 214 23 PROPRIETORS
2246 2136 26 21 of
2296 2136 39 23 the
2355 2137 61 22 three
2432 2138 49 22 first

1982 2161 88 22 choices
2086 2164 23 19 at
2118 2162 37 22 the
2173 2162 43 22 last
2230 2162 107 23 selection
2348 2164 25 21 of
2386 2169 95 25 country

1879 2184 2 27 i
1896 2188 67 26 lands,
1978 2187 83 28 having
2079 2188 139 23 determined
2230 2196 63 20 upon
2308 2190 39 22 the
2363 2192 39 21 site
2416 2192 35 22 for
2467 2200 14 14 a

1879 2211 2 38 I
1908 2221 93 22 TOWN
2016 2222 43 22 ON
2074 2222 65 22 THE
2154 2223 188 25 MANEWATU
2357 2225 106 28 RIVER,

1895 2249 55 21 after
1955 2250 78 19 several
2041 2250 60 20 visits
2110 2253 23 18 to
2141 2250 38 22 the
2188 2250 186 33 neighbourhood,
2385 2253 47 21 and
2442 2253 39 22 the

1896 2279 55 17 most
1970 2276 85 22 careful
2074 2276 45 22 and
2136 2277 84 21 minute
2238 2278 150 22 examination
2404 2279 26 22 of
2442 2280 39 21 the

1897 2308 69 16 .entire
1982 2304 93 26 district,
2089 2303 66 22 aided
2171 2304 30 27 by
2210 2303 37 23 the
2263 2305 144 26 professional
2420 2306 59 28 skill,

1895 2329 21 23 '.-..
1927 2329 105 27 owledge,
2053 2330 43 22 and
2107 2330 133 29 .experience
2255 2331 27 21 of
2293 2331 37 22 the
2347 2335 58 19 most
2418 2340 64 15 com-

1897 2360 74 23 petent
1979 2356 88 27 judges,
2083 2364 93 21 propose
2191 2361 23 17 to
2229 2357 55 22 offer
2295 2359 33 21 for
2345 2359 101 28 disposal,
2458 2364 24 18 at

2044 2382 37 23 the
2096 2387 88 24 present
2194 2384 59 27 time,
2265 2385 68 21 about

1896 2415 219 22 TWENTY-FIVE
2150 2415 104 27 ACRES,
2294 2416 34 23 IN
2366 2418 116 23 ALLOT-

1898 2442 111 27 MENTS,
2025 2442 85 23 EACH
2132 2442 39 23 OF
2195 2442 63 23 ONE
2279 2444 148 23 QUARTER
2441 2446 40 22 OF

2112 2470 45 21 AN
2173 2469 90 22 ACRE.

1922 2496 47 21 The
1979 2500 48 24 spot
2037 2496 50 22 thus
2096 2496 98 22 selected
2204 2503 111 21 possesses
2324 2497 38 22 the
2371 2502 59 20 most
2444 2507 38 14 ex-

1880 2521 2 31 j
1896 2523 85 22 tensive
1995 2523 101 27 frontage
2110 2526 24 19 to
2150 2523 56 27 deep
2218 2526 68 19 water
2301 2524 27 21 of
2338 2532 44 20 any
2396 2533 29 15 on
2444 2526 39 22 the

1880 2567 2 6 ,
1897 2551 63 21 river.
1990 2550 20 21 It
2028 2550 19 21 is
2065 2550 97 21 situated
2176 2550 53 25 just,
2235 2553 25 19 at
2275 2550 49 23 that
2344 2552 61 27 point
2423 2553 59 22 from

1958 2576 71 23 which
2040 2584 14 14 a
2061 2576 56 23 road
2128 2575 72 23 would
2209 2576 85 25 branch
2303 2578 35 22 off
2343 2582 23 19 to
2375 2579 38 22 the

1891 2599 5 12 !
1898 2611 92 15 WOODED
2014 2611 46 14 AND
2081 2611 97 14 FERTILE
2199 2611 116 16 DISTRICTS
2337 2613 74 15 ALONG
2435 2614 46 16 THE

1880 2630 2 23 i
2065 2638 56 14 BASE
2135 2638 26 14 OF
2176 2637 45 14 THE
2235 2637 75 21 HILLS,

1880 2654 2 15 1
1898 2658 41 21 and
1952 2658 70 21 above
2033 2656 72 23 which
2115 2656 37 23 the
2167 2657 128 26 navigation
2308 2658 35 23 for
2352 2659 82 22 vessels
2442 2660 41 22 be-

1880 2685 2 18 I
1898 2692 73 15 comes
1981 2685 86 24 tedious,
2076 2685 25 25 if
2105 2686 37 19 not
2151 2685 86 26 difficult
2275 2684 22 22 It
2303 2685 18 22 is
2328 2686 108 23 therefore
2444 2686 37 23 the

1880 2717 3 9 1
2094 2712 63 27 point
2165 2711 72 22 whore
2248 2711 38 22 the

1881 2740 3 26 i
1900 2745 87 21 LAND
2002 2745 68 22 AND
2084 2745 115 23 WATER
2213 2745 162 23 CARRIAGE
2389 2747 95 22 MEET.

1881 2773 3 10 '
1897 2772 46 22 and
1952 2771 73 23 where
2035 2780 13 14 a
2058 2772 69 22 Town
2144 2780 60 15 must
2220 2780 27 14 be
2262 2780 91 16 formed
2370 2773 65 24 when
2445 2775 39 22 the

1900 2799 84 21 district
1999 2799 18 21 is
2027 2799 87 22 settled.
2144 2799 22 22 It
2175 2806 44 15 was
2228 2799 98 23 selected
2341 2801 30 28 by
2380 2801 38 22 the
2432 2802 54 21 Sur-

1900 2826 79 27 veying
1988 2826 59 22 Staff
2059 2833 23 15 as
2093 2826 38 22 the
2140 2826 137 22 rendezvous
2285 2827 36 22 for
2336 2827 57 23 their
2406 2827 61 28 body
2477 2836 6 19 ;

1900 2853 40 21 and
1952 2852 39 22 has
2001 2853 57 21 been
2068 2860 51 14 now
2131 2853 78 27 found,
2218 2853 58 21 after
2286 2854 87 22 several
2387 2855 97 22 months'

1882 2888 2 10 i
1898 2879 103 26 location,
2013 2882 22 18 to
2048 2879 28 21 be
2085 2879 39 21 the
2134 2883 57 19 most
2204 2879 166 28 advantageous
2379 2881 104 28 position,

1882 2903 3 30 j
1900 2906 55 20 from
1971 2906 27 21 its
2013 2905 98 27 peculiar
2131 2906 85 27 facility
2230 2906 28 22 of
2268 2907 113 27 approach
2390 2907 54 23 both
2452 2909 32 27 by

1900 2932 50 22 land
1961 2932 45 22 and
2014 2935 75 19 water.

1927 2959 27 21 In
1965 2958 153 22 confirmation
2128 2959 27 21 of
2159 2959 38 22 the
2207 2959 131 28 superiority
2348 2960 27 22 of
2381 2960 44 22 this
2435 2964 51 25 spot

1899 2993 52 14 over
1960 2992 44 20 any
2014 2985 63 22 other
2084 2989 40 24 yet
2131 2985 90 26 known,
2232 2985 38 22 the
2281 2986 90 22 Messrs.
2379 2987 105 28 Kebbell,

1899 3013 56 21 after
1973 3011 37 22 the
2030 3012 150 22 examination
2197 3012 26 22 of
2237 3012 38 22 the
2295 3013 59 22 river
2368 3013 59 23 from
2446 3015 38 22 the

1900 3039 87 23 Paneiri
1997 3038 47 22 Pah
2054 3042 23 18 to
2086 3039 29 21 its
2124 3038 85 28 mouth,
2220 3039 141 24 determined
2373 3047 29 16 on
2413 3044 72 19 erect-

2135 3066 39 27 ing
2187 3065 57 23 their

1898 3099 66 22 SAW
1979 3098 80 23 MILL
2079 3098 229 24 IMMEDIATELY
2324 3100 160 26 OPPOSITE.

1898 3126 47 22 The
1963 3125 71 23 works
2053 3126 25 21 of
2092 3126 49 21 that
2159 3126 168 23 establishment
2343 3134 39 16 are
2399 3131 25 19 at
2439 3129 44 22 this

1898 3156 100 19 moment
2013 3152 24 22 in
2054 3152 63 28 rapid
2131 3159 106 21 progress,
2255 3154 45 21 and
2317 3154 39 22 the
2373 3156 109 27 proposed

1898 3180 68 22 Town
1976 3179 44 22 will
2028 3177 134 29 necessarily
2166 3175 93 31 partake
2265 3180 26 22 of
2297 3180 43 23 this
2350 3180 131 30 advantage.

1926 3207 48 22 The
1992 3206 92 22 nucleus
2100 3206 26 21 of
2141 3213 13 14 a
2171 3208 68 20 Town
2255 3206 26 28 is,
2291 3208 24 21 in
2329 3208 52 28 fact,
2392 3209 92 28 already

1899 3232 95 26 created,
2003 3233 30 27 by
2042 3232 38 23 the
2091 3233 164 22 concentration
2272 3234 26 22 of
2310 3234 38 23 the
2348 3255 7 8 /
2359 3236 125 27 Surveying

1899 3260 57 22 Staff
1962 3267 29 15 on
2002 3259 48 22 that
2059 3262 55 24 spot,
2126 3267 24 14 as
2159 3260 38 22 the
2203 3263 78 21 .centre
2297 3262 25 21 of
2333 3263 151 21 communica-

1887 3300 4 4 ■
1898 3288 46 24 tiqn
1954 3290 24 20 to
1988 3286 37 22 the
2034 3286 156 28 surrounding.
2192 3286 33 24 dis.
2227 3287 62 27 trict;
2305 3288 38 22 the
2354 3289 95 22 erection
2459 3290 27 21 of

1901 3314 88 22 Messrs.
2000 3312 104 23 Kebbell'
2106 3321 11 14 s
2131 3314 49 21 Saw
2195 3314 65 23 Mills
2275 3315 98 28 opposite
2380 3323 6 19 ;
2401 3316 30 26 by
2445 3316 38 22 the

1898 3343 164 25 arrangements
2075 3340 35 22 for
2125 3347 29 15 an
2171 3341 113 22 extensive
2296 3342 96 22 General
2404 3343 62 21 Store
2474 3351 7 19 ;

1898 3368 45 21 and
1952 3368 30 26 by
1990 3366 37 22 the
2035 3366 45 22 late
2089 3367 134 31 application
2228 3368 35 21 for
2272 3375 13 15 a
2291 3368 107 22 Licensed
2404 3369 78 22 House

1898 3401 28 14 on
1934 3394 38 22 the
1981 3397 49 23 part
2039 3393 26 22 of
2077 3401 29 14 an
2115 3393 122 23 individual
2251 3390 50 27 who
2315 3395 47 27 has,
2373 3395 60 22 since
2444 3396 37 22 the

1898 3421 116 22 formation
2032 3420 26 22 of
2072 3420 38 23 the
2126 3421 92 27 Colony,
2232 3421 96 27 pursued
2344 3429 15 14 a
2375 3420 106 24 lucrative

1898 3448 62 22 trade
1971 3447 52 22 with
2032 3447 38 22 the
2080 3448 93 27 natives,
2184 3447 45 22 and
2239 3448 72 22 whose
2321 3448 129 28 knowledge
2458 3450 26 21 of

1896 3474 38 23 the
1944 3474 137 27 advantages
2089 3474 26 22 of
2122 3474 37 23 the
2169 3474 100 28 position,
2276 3474 116 28 prompted
2401 3474 47 23 him
2457 3479 25 19 at

1897 3508 57 15 once
1963 3505 24 18 to
1994 3502 74 26 prefer
2077 3501 50 22 that
2138 3501 140 28 application.

1923 3528 49 23 The
1982 3528 93 22 Natives
2088 3528 32 28 by
2128 3528 73 22 whom
2216 3526 43 23 this
2268 3527 54 22 land
2333 3535 44 14 was
2386 3527 95 25 claimed

1897 3562 37 15 are
1944 3555 61 28 quite
2015 3554 109 28 prepared
2131 3557 24 19 to
2162 3554 51 27 give
2218 3560 29 20 up
2254 3554 130 28 possession,
2391 3555 46 22 and
2442 3563 38 15 are

1896 3582 146 27 exceedingly
2051 3582 95 21 anxious
2157 3585 23 18 to
2195 3580 55 22 have
2260 3587 14 15 a
2283 3580 117 28 European
2409 3589 72 21 popu-

1895 3608 69 23 lation
1974 3615 82 20 among
2065 3608 68 26 them,
2144 3606 83 28 having
2242 3606 57 23 been
2307 3614 60 21 upon
2377 3608 36 21 the
2422 3613 60 19 most

1895 3635 97 28 friendly
1998 3635 86 27 footing
2094 3634 53 22 with
2155 3634 39 21 the
2204 3633 124 28 Surveying
2338 3634 57 23 Staff
2399 3634 83 28 during

1893 3662 39 22 the
1941 3662 50 22 four
2000 3669 25 14 or
2034 3662 43 21 five
2084 3660 91 23 months
2183 3659 52 27 they
2255 3659 57 22 have
2327 3660 57 23 been
2394 3660 89 25 located

1893 3689 71 23 there.

1922 3716 33 21 As
1965 3715 37 22 the
2011 3714 137 28 Proprietors
2155 3719 93 21 purpose
2257 3716 22 18 to
2289 3712 87 29 dispose
2387 3715 25 22 of
2418 3715 40 23 but
2468 3725 14 14 a

1893 3742 87 22 limited
1994 3741 88 27 portion
2131 3739 42 22 -the
2187 3738 69 23 Town
2272 3743 24 18 at
2311 3744 96 25 present,
2427 3743 55 30 they

1893 3769 80 28 pledge
1983 3767 132 23 themselves
2123 3766 53 26 that,
2188 3769 23 17 at
2220 3772 28 15 no
2267 3766 74 23 future
2350 3768 63 28 sales,
2424 3770 60 26 ghaU

1894 3796 39 22 the
1943 3796 134 22 allotments.
2079 3793 28 22 be
2115 3795 40 25 put
2161 3799 31 20 up
2201 3794 25 19 at
2232 3799 14 16 a
2255 3790 47 25 less
2310 3801 51 16 sum
2369 3794 55 24 than
2432 3804 51 18 new

1895 3822 91 23 offered.

1922 3851 22 21 A
1963 3848 130 26 Prospectus
2112 3845 47 23 and
2176 3845 56 23 Plan
2251 3847 28 22 of
2292 3847 39 24 the
2348 3848 69 24 Town
2436 3850 48 24 will

1894 3876 86 26 shortly
1988 3874 28 22 be
2024 3872 69 28 ready
2102 3871 35 23 for
2145 3872 123 28 inspection
2284 3876 23 21 at
2318 3875 39 23 the
2368 3876 82 24 Offices
2458 3878 28 22 of

1897 3903 89 22 Messrs.
1997 3899 68 22 Waitt
2074 3898 47 23 and
2129 3898 75 28 Tyser,
2215 3899 31 23 Te
2256 3901 54 23 Aro.

1924 3932 144 27 Wellington,
2081 3931 65 27 April
2154 3932 34 27 22,
2200 3932 60 22 1842.
2284 3944 4 5 •
