2529 4020
1898 3871 75 17 Printed
1985 3871 38 17 and
2035 3872 98 20 published
2150 3875 52 16 every
2218 3870 114 21 Wednesday
2347 3868 36 18 and
2392 3867 78 17 Saturday

1917 3892 91 20 morning,
2022 3893 24 20 by
2063 3893 86 16 Samwxi.
2162 3892 87 17 Revams,
2266 3892 19 15 at
2299 3890 32 17 the
2346 3889 53 17 Office
2414 3886 20 18 of
2443 3886 27 15 tne

1919 3913 48 17 NSVT
1980 3913 101 17 ZEAI.AKO
2091 3914 92 16 GAJSMTJS
2193 3916 41 13 AND
2248 3911 133 18 WUKINatOK
2396 3908 36 17 BM
2429 3908 41 24 -S?A.

1917 3938 45 15 *or,
1973 3934 157 19 Manners-ftreet,
2139 3933 114 20 Wellington,
2267 3932 41 17 Port
2321 3929 101 20 Nleholion,
2435 3928 35 15 Ntw

1919 3955 85 18 Zfaland.
2074 3958 4 4 •
2106 3962 3 8 <
2180 3957 3 5 '
2269 3952 2 7 '

721 1108 33 24 To
765 1108 37 24 the
814 1108 86 24 Editor
910 1109 30 30 of
948 1108 39 24 the
997 1108 110 24 Southern
1119 1109 77 24 Cross.

703 1142 54 29 Sir,
766 1154 35 4 —
810 1141 12 24 I
842 1142 58 23 have
920 1150 50 15 now
988 1142 45 23 had
1051 1142 37 23 the
1105 1142 104 31 pleasure
1225 1145 26 23 of

669 1175 109 31 perusing
800 1175 63 23 three
883 1175 108 23 numbers
1012 1175 25 23 of
1056 1183 53 22 your
1131 1175 115 25 Southern

672 1208 76 28 Cross,
771 1208 73 23 which
866 1208 56 23 have
943 1208 57 23 shed
1020 1208 58 24 their
1098 1209 150 32 illuminating

670 1249 52 22 rays
735 1249 51 15 over
798 1241 38 23 the
848 1241 43 23 fair
902 1246 81 18 waters
994 1241 26 23 of
1029 1241 37 24 the
1077 1242 113 29 Waikato,
1204 1244 43 23 and

671 1274 13 23 I
696 1274 82 32 rejoice
790 1278 23 19 to
825 1274 47 23 find
884 1274 48 23 that
943 1274 39 24 the
994 1275 80 31 capital
1086 1276 22 23 of
1119 1276 57 23 New
1189 1278 58 22 Zea-

670 1307 53 23 land
747 1312 22 18 at
791 1307 44 24 last
858 1308 76 23 boasts
957 1316 13 15 a
990 1307 92 32 journal
1102 1309 85 31 worthy
1211 1310 37 23 the

671 1345 95 26 country
788 1340 74 24 whose
882 1342 94 22 interest
996 1342 19 22 it
1037 1342 121 24 advocates.
1195 1343 53 23 You

671 1373 44 23 will
728 1374 115 23 doubtless
862 1375 97 30 imagine
979 1374 50 24 that
1045 1382 41 22 we,
1102 1383 54 23 poor
1178 1377 68 29 souls,

670 1406 80 24 buried
769 1408 25 22 in
816 1407 37 23 the
875 1407 67 29 bush,
963 1408 44 23 and
1027 1408 80 31 having
1123 1417 29 15 no
1171 1417 43 16 one
1225 1414 22 19 to

672 1441 108 22 associate
794 1439 53 23 with
865 1441 41 22 but
916 1441 39 23 the
975 1441 62 23 lords
1049 1442 24 22 of
1082 1442 35 23 the
1129 1443 49 28 soil,
1191 1442 56 24 have

671 1478 64 25 great
757 1473 111 30 difficulty
885 1474 22 22 in
931 1474 112 31 spending
1067 1483 37 15 our
1125 1483 51 15 now
1194 1476 54 31 long

672 1506 106 30 evenings
787 1514 7 20 ;
813 1506 40 23 but
872 1514 40 16 our
922 1507 102 23 firesides
1037 1508 27 22 do
1081 1513 37 18 not
1136 1514 60 17 want
1210 1509 37 24 the

672 1546 74 24 merry
758 1539 44 24 tale
813 1547 6 21 ;
839 1539 43 23 and
895 1540 37 23 the
952 1540 115 23 vivacious
1086 1542 92 28 natives,
1190 1542 57 23 after

671 1572 55 24 theii
740 1577 78 19 return
825 1572 57 24 from
891 1573 36 23 the
935 1581 51 15 now
994 1573 101 32 frequent
1103 1575 63 23 visits
1173 1575 74 24 which

671 1605 53 31 they
742 1613 43 23 pay
797 1610 23 19 to
841 1605 37 24 the
898 1607 81 30 capital
998 1607 53 23 with
1071 1608 124 30 provisions
1212 1608 35 23 for

671 1639 55 28 sale,
738 1638 57 24 have
806 1647 25 15 as
849 1647 68 23 many
927 1640 45 22 and
989 1641 59 30 good
1058 1648 65 23 yarns
1139 1647 21 17 to
1170 1641 41 24 tell
1222 1650 24 15 as

670 1680 58 15 were
741 1680 51 15 ever
802 1680 58 23 spun
872 1673 24 22 in
907 1673 38 23 the
957 1673 56 23 cook
1015 1674 47 30 -pit
1078 1674 24 23 of
1117 1683 13 14 a
1147 1676 99 22 man-of-

671 1713 52 15 war.
761 1705 50 23 The
823 1711 92 25 purport
926 1706 26 23 of
968 1714 38 23 my
1016 1713 89 25 present
1114 1708 67 23 letter
1192 1709 21 22 is
1225 1713 22 19 to

671 1739 87 22 initiate
769 1746 46 23 you
826 1740 47 21 into
884 1747 14 15 a
910 1745 73 17 secret
992 1748 24 15 or
1029 1745 49 24 two,
1089 1741 70 23 which
1167 1741 13 24 I
1190 1742 57 23 have

670 1771 84 31 picked
765 1780 30 22 up
806 1772 58 22 from
884 1780 37 23 my
932 1773 63 23 sable
1012 1774 90 29 friends,
1116 1775 66 23 when
1201 1776 45 23 dis-

672 1805 92 30 cussing
774 1805 59 22 their
851 1805 79 32 doings
951 1807 24 22 in
994 1807 36 23 the
1042 1814 61 24 great
1114 1810 45 29 city
1167 1818 6 19 ;
1194 1818 25 15 as
1230 1811 18 22 it

671 1845 51 24 may
730 1838 28 23 be
770 1838 36 23 the
815 1847 76 15 means
900 1840 24 22 of
932 1841 91 30 putting
1035 1849 55 22 your
1097 1842 150 32 shopkeepers

672 1879 26 15 en
705 1871 57 23 their
769 1871 73 31 guard
848 1872 63 23 when
920 1873 89 31 trading
1017 1875 52 24 with
1079 1875 60 24 these
1146 1876 102 25 innocent

666 1904 98 31 people!
797 1905 27 23 If
832 1913 44 22 you
888 1906 69 23 heard
965 1907 61 23 them
1034 1909 75 31 telling
1121 1909 55 23 each
1184 1911 64 23 other

671 1937 50 23 how
734 1938 53 30 they
831 1938 37 23 did
913 1939 37 22 the
962 1940 67 23 white
1044 1951 58 19 men,
1119 1951 44 21 you
1175 1945 73 23 would

672 1970 65 24 smile
760 1976 22 18 at
805 1971 37 23 the
860 1972 51 23 idea
931 1973 25 22 of
976 1974 38 22 the
1036 1977 107 30 necessity
1161 1977 25 24 of
1201 1978 47 25 that

670 2003 77 30 useful
757 2004 58 22 class
827 2004 156 24 denominated
1001 2008 125 25 Protectors
1143 2008 28 25 of
1186 2009 71 29 AhW.

670 2036 94 30 rigines.
809 2036 52 23 You
884 2042 61 18 must
968 2038 66 25 know
1058 2041 57 30 then,
1139 2043 56 28 that,
1220 2051 28 16 oa

672 2068 153 32 approaching
843 2069 37 24 the
893 2071 81 30 capital
994 2074 52 23 with
1058 2074 53 25 their
1123 2076 58 31 pigs,
1196 2076 51 29 &c,

672 2102 52 30 they
737 2111 37 14 are
785 2102 127 32 frequently
923 2110 47 18 met
982 2107 28 30 by
1022 2115 41 15 one
1072 2116 23 15 or
1107 2115 40 17 two
1157 2109 92 23 tomaite

666 2135 109 31 pahehas,
795 2136 55 24 alias
870 2136 130 27 Parkhurst
1020 2139 120 33 Seedlings,
1149 2136 54 30 'who
1220 2143 28 24 all

672 2174 22 17 at
706 2177 55 15 once
773 2169 54 24 take
838 2178 13 15 a
869 2177 62 23 great
943 2173 94 24 interest
1049 2175 23 23 in
1084 2175 55 24 their
1151 2177 96 30 welfare,

672 2203 43 23 and
727 2207 63 19 enter
802 2204 46 22 into
861 2212 13 14 a
885 2212 54 24 very
950 2206 70 32 lively
1032 2212 151 21 conversation
1195 2212 53 23 with

671 2236 69 28 them,
754 2236 72 23 which
839 2238 18 21 is
876 2236 80 33 highly
968 2240 101 32 edifying
1084 2247 19 19 to
1117 2243 35 24 the
1164 2246 83 28 native,

672 2269 43 23 and
727 2269 58 24 from
797 2270 72 23 which
887 2271 27 23 he
928 2273 88 30 profits
1027 2280 40 18 not
1077 2285 14 14 a
1107 2276 63 30 little,
1183 2278 65 25 while

672 2311 55 21 your
750 2302 157 32 storekeepers
936 2308 87 22 sustain
1053 2316 28 16 no
1105 2311 65 23 small
1193 2312 54 24 loss.

670 2335 68 23 After
761 2336 27 24 he
811 2336 52 23 sells
884 2337 35 24 his
1085 2344 48 28 &c.,
1153 2346 51 28 and,
1225 2351 23 18 to

671 2369 67 22 make
756 2377 39 16 use
814 2369 24 23 of
853 2370 108 33 Seedling
973 2374 153 33 phraseology,
1164 2379 84 30 fingers

672 2402 37 23 the
835 2407 157 28 accompanied
1015 2409 31 29 by
1066 2417 38 16 one
1123 2419 25 16 or
1166 2415 43 20 two
1227 2412 24 24 of

670 2435 37 23 his
735 2436 65 28 tribe,
830 2436 27 23 he
892 2442 76 20 enters
997 2449 14 15 a
1039 2442 55 31 shop
1126 2449 22 18 to
1183 2445 66 24 make

671 2468 123 31 purchases
807 2478 6 19 ;
859 2471 52 28 and,
946 2480 25 16 as
1012 2475 29 22 he
1082 2484 56 24 says,
1172 2476 78 26 whW

672 2509 52 16 ever
746 2502 28 23 he
797 2502 99 31 displays
919 2504 38 24 the
1008 2516 81 24 money
1213 2512 37 24 the

822 2536 49 23 flies
884 2537 68 24 about
962 2540 26 23 in
999 2541 30 22 all
1037 2542 124 31 directions,
1172 2553 77 16 cover-

672 2569 39 29 ing
733 2569 38 23 the
795 2574 92 19 counter
907 2572 55 24 with
985 2575 79 29 goods,
1087 2581 20 19 to
1128 2585 86 22 secure,
1233 2579 19 23 if

671 2602 107 30 possible,
794 2603 37 23 the
842 2607 109 22 treasure.
999 2607 75 26 There
1085 2610 18 23 is
1121 2612 129 31 something

672 2635 55 29 still,
739 2636 109 28 however,
858 2644 28 16 on
900 2638 36 25 the
946 2640 62 24 shelf
1011 2641 30 24 he
1048 2647 58 19 must
1111 2643 58 25 have
1176 2645 72 24 down.

673 2668 50 24 The
735 2669 110 31 shopman
855 2670 20 23 is
888 2671 29 23 all
929 2673 102 33 alacrity.
1074 2676 101 25 Deluded
1187 2687 61 15 mor-

672 2702 31 23 tal
712 2703 5 23 !
720 2715 32 3 —
755 2703 63 22 when
830 2703 35 23 his
877 2704 57 25 back
946 2707 21 23 is
978 2708 89 29 turned,
1080 2718 13 14 a
1103 2718 47 23 cap,
1163 2719 13 15 a
1185 2711 64 30 shirt,

673 2744 13 14 a
698 2737 121 28 waistcoat,
832 2744 24 16 or
869 2745 13 15 a
892 2739 50 30 pair
958 2741 25 22 of
998 2745 108 27 trowsers,
1125 2744 20 23 is
1164 2744 87 32 slipped
1256 2742 2 33 J

672 2769 24 22 in
704 2769 73 23 below
788 2769 39 23 the
837 2770 93 25 blanket
940 2781 61 15 worn
1019 2774 31 31 by
1068 2775 35 24 the
1120 2779 83 28 native,
1224 2786 24 16 or

672 2802 89 23 handed
773 2807 22 19 to
807 2810 29 16 an
848 2805 135 32 accomplice
994 2807 24 23 in
1029 2807 38 24 the
1074 2817 54 21 rear,
1137 2810 44 24 and
1190 2819 61 16 some

674 2835 64 23 other
750 2836 78 23 article
839 2837 19 22 is
870 2838 76 30 pulled
957 2840 97 24 forward
1062 2842 33 22 for
1102 2845 149 24 examination

674 2873 22 19 to
712 2869 82 31 supply
813 2869 38 24 the
867 2871 62 30 place
946 2873 27 23 of
994 2874 38 23 the
1051 2875 68 24 stolen
1136 2882 114 27 property.

674 2902 64 23 Here
750 2903 37 22 the
987 2908 111 31 watching
1113 2911 88 23 outside
1213 2911 37 24 the

673 2936 66 23 effect
750 2936 26 23 of
790 2937 31 23 hs
837 2937 157 32 instructions,
1008 2942 63 30 grins
1090 2943 50 23 with
1154 2944 96 30 delight.

674 2969 70 29 Such,
758 2969 12 24 I
783 2978 37 15 am
832 2978 64 24 sorry
908 2976 21 19 to
943 2981 49 23 say,
1001 2975 21 22 is
1032 2974 38 24 the
1079 2981 82 25 system
1172 2983 79 18 exten-

674 3003 70 30 sively
756 3004 113 30 practised
879 3005 24 23 in
914 3014 58 23 your
983 3008 134 30 metropolis,
1131 3017 41 16 ane
1185 3019 66 22 many

674 3044 37 15 are
719 3036 37 23 the
764 3037 100 31 trophies
873 3038 11 23 I
891 3046 37 17 see
935 3039 55 24 here
999 3041 123 32 exultingly
1128 3043 123 32 displayed:

673 3070 58 22 from
755 3078 13 14 a
788 3070 96 24 blanket
903 3077 21 18 to
947 3081 15 15 a
981 3073 167 26 handkerchief.
1202 3077 49 24 The

842 3103 111 31 however,
966 3106 87 24 seldom
1069 3113 47 26 gets
1136 3110 68 23 much
1219 3111 33 25 for

673 3135 37 23 his
731 3136 89 22 lessons
841 3137 25 23 in
1070 3149 25 15 as
1121 3142 38 24 the
1178 3144 74 24 native

674 3168 73 31 coolly
758 3168 51 23 tells
823 3169 54 29 him,
896 3171 20 22 if
928 3171 30 24 he
977 3177 71 19 wants
1067 3175 113 32 anything,

672 3206 63 18 must
744 3202 56 22 steal
818 3202 35 23 for
1030 3206 39 24 He
1087 3207 84 33 kindly,
1189 3210 63 23 how-

674 3242 59 21 ever,
743 3240 92 18 escorts-
840 3235 37 24 the
888 3238 88 23 natives
986 3242 21 20 to
1020 3238 57 25 their
1095 3240 50 24 huts
1166 3244 24 22 in
1211 3243 38 24 the

674 3268 105 30 suburbs,
806 3269 52 28 and,
887 3270 104 32 sleeping
1016 3273 54 23 with
1101 3274 61 25 them
1190 3276 61 25 there

673 3309 107 23 manages
801 3302 127 32 frequently
944 3309 36 21 .to
1002 3313 53 16 ease
1074 3306 59 25 them
1156 3309 25 23 of
1208 3318 43 23 any

674 3335 144 32 superfluous
828 3344 81 23 money
921 3337 54 31 they,
985 3346 51 23 may
1049 3339 54 25 have
1115 3340 49 25 left.
1202 3343 50 24 The

674 3369 64 22 other
750 3369 45 31 day
803 3376 14 17 a
827 3369 61 24 chief
896 3370 59 25 from
968 3371 45 24 this
1025 3371 85 26 district
1128 3375 86 25 wished
1229 3380 22 20 to

673 3402 69 24 make
754 3410 14 16 a
773 3402 118 31 purchase
907 3404 24 23 of
945 3405 103 29 tobacco,
1067 3411 22 18 to
1091 3409 4 9 1
1107 3407 38 24 the
1161 3411 92 22 aihount

674 3435 25 23 of
714 3435 46 30 £6,
771 3436 42 23 but
822 3436 65 23 could
898 3442 40 19 not
957 3442 40 27 get
1018 3446 45 24 any
1078 3444 22 19 to
1115 3440 36 24 his
1168 3442 82 32 liking.

675 3468 39 24 On
733 3468 40 25 hia
787 3473 78 19 return
886 3470 76 31 home,
980 3472 29 23 he
1029 3476 40 27 got
1088 3474 63 24 eased
1173 3476 27 22 of
1212 3476 36 23 his

674 3501 104 30 burthen,
792 3510 26 15 as
829 3503 13 23 I
853 3503 57 24 have
922 3504 125 25 described.
1082 3505 14 24 I
1105 3513 82 19 cannot
1198 3517 53 15 con-

675 3535 65 25 clude
749 3543 39 23 my
798 3536 74 29 letter,
885 3538 48 23 Mr.
951 3538 90 30 Editor,
1060 3539 90 25 without
1170 3542 83 32 calling

674 3576 62 23 upon
747 3576 52 23 you,
813 3569 43 23 and
875 3577 67 24 every
959 3571 84 24 friend,
1052 3572 43 24 and
1110 3574 51 23 well
1171 3576 81 24 wisher

675 3602 25 23 of
715 3602 39 24 the
764 3602 76 23 native
853 3611 59 21 race,
933 3608 24 20 to
976 3610 145 20 remonstrate
1141 3608 53 24 with
1214 3609 37 24 the

676 3635 79 25 Home.
766 3635 155 25 Government
931 3639 91 29 against
1029 3639 59 23 such
1095 3640 41 23 vile
1143 3641 109 31 importa-

675 3668 60 23 tions
748 3675 24 17 as
785 3668 49 23 that
845 3677 39 22 per
896 3669 37 23 the
947 3670 37 24 St.
999 3667 94 35 George.
1144 3673 24 24 It
1183 3682 45 17 was
1241 3684 12 15 a

674 3709 66 23 gross
750 3701 84 23 breach
845 3701 25 24 of
875 3701 56 25 faith
943 3708 25 18 to
979 3703 38 24 the
1025 3705 118 31 European
1153 3708 97 25 settlers.

676 3734 24 23 It
720 3734 45 23 will
787 3742 69 23 prove
877 3743 13 16 a
907 3736 92 24 baneful
1019 3745 64 16 curse
1101 3743 22 20 to
1132 3740 39 24 the
1182 3742 71 24 motal

675 3767 89 24 welfare
775 3767 25 23 of
815 3767 37 24 the
863 3769 75 24 native
949 3770 139 32 population.

777 3800 13 23 I
808 3802 93 28 remain,
915 3804 39 28 sir,

875 3835 66 25 Your
951 3836 105 25 obedient
1067 3844 94 25 servant,

674 3899 115 30 Waikato,
801 3901 61 31 May-
872 3903 29 23 18
903 3911 11 16 r
945 3910 26 5 •••
1032 3919 5 2 ■

708 3934 147 25 Waterloo
875 3934 112 27 Bridge.
989 3949 33 4 —
1023 3937 24 27 I,t
1065 3939 19 23 is
1100 3940 66 24 much
1185 3945 23 19 to
1226 3941 27 23 be

1307 3353 111 22 Locusts.
1428 3365 28 4 —
1466 3355 95 27 Captain
1584 3355 106 23 Beaufort
1713 3357 81 22 relates
1818 3357 50 23 that

1281 3380 64 22 when
1354 3383 24 19 at
1387 3381 97 27 Smyrna
1493 3382 24 21 in
1528 3383 61 26 1811,
1599 3381 28 23 he
1634 3383 46 21 had
1686 3390 32 15 an
1723 3385 144 29 opportunity

1279 3407 26 23 of
1310 3407 99 26 forming
1418 3414 13 14 a
1440 3407 57 23 rude
1507 3408 101 22 estimate
1620 3409 26 21 of
1651 3416 16 14 a
1674 3409 66 28 flight
1744 3411 26 21 of
1774 3411 91 27 locusts,

1279 3434 55 22 then
1343 3433 92 28 drifting
1443 3434 57 22 from
1510 3435 66 22 south
1585 3438 23 19 to
1624 3435 73 23 north.
1722 3437 36 22 'It
1771 3445 46 14 was
1831 3438 36 23 in-

1279 3461 81 26 ferred,
1370 3460 58 22 from
1436 3461 151 23 observations
1592 3463 67 22 made
1669 3463 50 22 with
1726 3471 14 14 a
1745 3465 120 27 telescope,

1279 3488 49 22 that
1345 3487 39 22 the
1401 3487 78 28 height
1495 3487 27 23 of
1537 3489 38 22 the
1592 3489 93 23 column'
1696 3491 121 22 wasiabout
1825 3494 43 21 300

1279 3514 66 29 yards
1352 3522 6 14 :
1370 3513 38 23 the
1416 3518 47 18 rate
1471 3515 27 21 of
1502 3515 29 21 its
1537 3516 91 27 passing
1635 3520 40 19 not
1679 3517 45 22 less
1733 3517 54 23 than
1798 3525 69 16 seven

1279 3541 65 23 miles
1353 3548 29 14 an
1391 3541 64 22 hour.
1465 3541 4 5 '
1494 3541 55 23 This
1563 3543 121 22 continued
1691 3544 37 22 for
1738 3545 61 22 three
1810 3545 56 28 days

1280 3568 46 22 and
1343 3567 83 28 nights,
1446 3568 94 22 witnout
1554 3569 160 24 intermission.
1752 3572 33 21 As
1803 3572 64 23 these

1279 3596 84 22 insects
1381 3595 124 22 succeeded
1524 3596 56 22 each
1598 3597 66 22 other
1681 3601 23 18 at
1723 3605 29 14 an
1771 3605 96 21 average

1281 3623 99 21 distance
1401 3621 26 22 of
1442 3625 39 18 not
1501 3629 62 15 more
1578 3623 56 22 than
1651 3623 63 23 three
1727 3625 84 27 inches,
1822 3625 45 22 and

1281 3656 57 15 were
1354 3649 69 21 about
1438 3656 43 14 one
1498 3649 47 21 foot
1562 3653 63 24 apart
1642 3651 23 21 in
1677 3658 13 15 a
1698 3651 170 28 perpendicular

1281 3675 120 27 direction;
1416 3675 17 21 it
1450 3683 45 14 was
1515 3677 118 26 computed
1651 3677 49 22 that
1717 3679 58 21 their
1789 3679 77 22 lowest

1280 3703 102 26 number,
1403 3702 22 22 in
1441 3701 44 23 this
1500 3709 118 17 enormous
1632 3710 88 22 swarm,
1735 3708 59 19 must
1810 3705 58 23 have

1281 3728 114 24 exceeded
1405 3730 243 27 168,698,568,200,000.

1307 3764 73 21 Elms.
1382 3774 27 5 —
1411 3763 49 22 One
1470 3763 27 22 of
1506 3762 62 23 these
1577 3766 59 19 trees
1651 3764 42 22 has
1707 3764 57 24 been
1782 3766 82 22 known

1282 3795 21 17 to
1312 3790 99 24 produce
1431 3790 64 27 1,584
1509 3790 97 22 millions
1625 3791 27 21 of
1666 3792 70 22 seeds.
1773 3793 33 22 At
1825 3793 43 22 this

1282 3821 66 23 ratio,
1368 3818 38 21 the
1424 3817 82 22 second
1526 3818 139 26 generation,
1683 3818 21 22 if
1724 3826 67 21 every
1814 3819 53 23 seed

1281 3845 115 26 vegitated
1406 3851 24 15 as
1440 3844 140 28 prolifically,
1593 3844 75 22 would
1682 3850 92 18 amount
1789 3850 23 18 to
1825 3850 43 18 two

1281 3871 96 22 trillions
1385 3872 92 24 510,056
1486 3870 98 23 billions.
1610 3871 48 22 But
1669 3872 36 22 the
1710 3872 60 23 third
1776 3873 92 22 descent

1282 3898 75 22 would
1366 3899 28 21 be
1406 3898 75 27 14,658
1491 3898 153 28 quadrillions,
1661 3899 90 27 727,040
1766 3899 102 23 trillions.

1283 3925 65 21 More
1359 3926 55 23 than
1423 3925 112 23 sufficient
1544 3929 29 17 to.
1576 3925 61 22 stock
1648 3925 36 22 the
1700 3926 85 23 surface
1800 3927 27 21 of
1838 3927 30 22 all

1284 3951 37 22 the
1331 3952 87 27 planeti
1425 3951 75 25 in.the
1510 3951 59 22 solar
1578 3955 96 23 system^
1721 3973 3 4 .
1747 3966 5 10 ,

568 36 96 46 Wiyt
689 35 117 42 Wcto
831 35 206 41 jSialann
1063 34 184 46 <ffia?tttt
1269 35 93 37 an&
1389 32 296 46 ©acuuujtott
1711 30 254 47 Spectator.

696 121 35 22 W.
742 121 26 22 F.
780 121 123 28 Hippisley,
973 119 83 27 Joseph
1065 119 80 27 Fisher,
1176 124 4 5 '

698 148 29 21 H.
739 147 119 27 Redwood,
974 146 97 22 William
1082 146 88 27 Hough,

697 175 31 21 H.
740 174 120 27 Redwood,
869 175 48 27 jun.
974 172 60 22 John
1045 173 22 22 S.
1079 173 113 27 Hawkins,

696 201 84 27 Joseph
789 200 76 27 Ward,
973 199 97 23 Thomas
1082 199 110 27 M'Hugh,

696 226 99 23 Richard
807 227 84 26 Wallis,
973 225 97 23 Thomas
1081 226 111 27 Renwick,

696 254 27 22 E.
733 254 29 21 D.
775 254 77 26 Sweet,
975 252 91 22 Charles
1075 253 89 27 Harley,

696 281 30 21 A.
737 280 130 27 Macshane,
973 278 26 22 T.
1010 279 29 21 N.
1050 279 79 27 Tower,

697 307 79 21 Alfred
786 307 56 26 Fell,
975 304 24 22 F.
1010 305 29 21 A.
1051 306 114 27 Saunders,

696 333 85 22 Robert
791 333 62 26 Ross,
975 331 96 23 William
1082 333 74 28 Sharp,

698 361 88 26 George
796 360 25 22 F.
830 359 66 26 Bush,
973 357 97 23 Thomas
1080 359 124 27 Musgrave,
1223 366 4 7 '

696 387 30 21 D.
738 387 92 26 Cooper,
975 384 27 22 G.
1014 385 36 22 W.
1062 385 109 28 Schroder,

697 413 72 23 Lewis
778 413 99 26 Barnett,
974 411 84 27 Joseph
1069 411 78 28 Hoare,

697 439 61 22 John
766 438 124 27 Anderson,
974 437 25 23 F.
1010 438 110 27 Otterson,

697 465 36 23 W.
744 466 81 26 Henry
835 465 76 27 Kater,
975 464 80 22 Alfred
1065 465 113 27 Saunders,

696 492 99 22 William
806 495 99 24 Murray,
975 491 35 21 W.
1022 491 73 27 Jones,

696 519 132 22 Alexander
837 519 75 26 Perry,
975 517 90 23 Charles
1075 519 98 28 Heaphy,

696 545 23 23 J.
730 546 29 22 D.
769 545 145 26 Macfarlane,
974 544 23 21 J.
1008 545 24 21 C.
1044 545 79 27 Drake,

696 572 36 22 W.
744 573 87 26 Bishop,
974 571 28 21 A.
1013 571 36 22 W.
1060 572 142 27 Mackinnon,

697 599 31 22 H.
740 599 35 22 W.
787 599 62 26 Burt,
976 598 95 22 Edward
1081 599 78 26 Green,

697 627 29 21 D.
740 625 124 26 Sclanders,
975 625 22 21 J.
1008 625 162 28 Cullingworth,

697 653 84 22 Robert
791 653 26 21 B.
830 652 54 26 Gee,
976 652 87 27 George
1074 652 73 27 Binns,

698 680 78 26 Henry
787 680 60 25 Carr,
975 678 77 22 James
1060 678 79 27 Elliott,

697 707 80 26 Henry
790 705 74 28 Wray,
975 705 96 24 Thomas
1082 705 112 28 Marsden,

697 733 24 22 P.
731 732 107 27 Graham,
975 731 22 22 J.
1008 732 36 21 W.
1056 732 121 27 Barnicoat,

697 760 35 21 W.
744 759 120 26 Harkness,
975 759 25 21 T.
1011 758 23 22 J.
1044 758 132 29 Thompson,

697 787 85 21 Robert
791 785 55 28 Tod,
975 785 96 21 William
1085 785 81 28 Cullen,

697 813 61 22 John
769 813 91 26 Kidson,
975 812 71 26 Cyrus
1058 812 94 27 Goulter,

697 841 29 20 A.
738 839 30 22 K.
778 838 130 26 Wether,ell,
975 838 95 22 Edward
1082 839 110 27 Coleman,

697 866 25 21 E.
734 865 127 26 Wetherell,
975 864 25 22 T.
1012 864 29 22 K.
1056 864 137 29 Warburton,

696 892 61 22 John
769 892 127 26 M'Artney,
976 891 97 21 William
1084 892 82 27 Moore,

696 919 60 21 John
767 919 30 21 H.
808 919 91 25 Cooper,
973 918 97 21 Thomas
1079 918 103 27 Fawcett,

696 945 99 22 William
805 944 102 27 Stallard,
974 944 22 21 J.
1007 945 96 21 Swinton
1114 945 106 28 Spooner,

696 972 61 22 John
769 972 81 26 Green,
975 971 80 22 Alfred
1065 972 52 22 Hill.

696 998 61 22 John
770 999 27 21 T.
807 998 124 27 Bramwell,

857 1057 202 23 AUCKLAND.

1397 123 6 6 v
1408 121 49 28 tba|;
1474 120 47 23 this
1534 121 46 22 fine
1597 123 113 20 structure
1728 119 82 24 should

1274 154 96 23 allowed
1378 158 23 19 to
1412 153 39 24 fall
1459 154 49 22 into
1517 153 58 23 such
1581 161 13 15 a
1603 157 59 19 state
1670 153 24 23 of
1702 152 155 31 dilapidation.

1273 186 45 24 We
1336 194 60 16 were
1405 187 68 23 much
1491 185 124 25 concerned
1632 185 39 24 the
1688 185 63 23 other
1763 185 43 31 day
1824 185 36 23 for

1275 219 38 24 the
1323 220 47 23 fate
1382 220 25 23 of
1421 223 44 20 two
1476 220 26 23 of
1517 227 41 16 our
1570 219 117 31 corpulent
1702 218 93 29 friends,
1808 218 52 23 who

1273 260 55 23 very
1347 252 153 31 incautiously
1519 251 77 25 risked
1613 251 59 24 their
1690 251 59 23 lives
1762 258 30 16 on
1812 251 48 23 this

1273 286 81 30 bridge
1367 290 23 19 at
1402 285 37 24 the
1446 293 63 16 same
1521 285 62 29 time,
1592 284 67 23 when
1671 284 53 31 they
1732 288 46 19 met
1789 287 26 20 at
1822 283 38 24 the

1274 323 85 24 centre,
1380 326 32 16 we
1422 317 110 33 expected
1550 317 96 30 nothing
1657 317 45 23 else
1719 316 56 24 than
1786 324 15 16 a
1818 316 43 24 sad

1273 351 48 24 loss
1341 356 24 18 to
1384 350 56 25 both
1462 350 39 24 the
1521 350 44 23 law
1585 349 45 24 and
1651 354 100 19 customs
1774 350 24 23 in
1821 349 39 24 the

1267 393 2 17 !
1274 383 123 25 inevitable
1408 383 140 24 destruction
1559 382 26 24 of
1599 383 65 23 those
1672 383 86 30 worthy
1769 382 91 31 gentle-

1274 425 51 16 men
1335 425 7 21 ;
1370 417 53 30 they
1442 416 112 28 however,
1575 415 162 31 miraculously
1754 415 104 31 escaped.

1275 450 51 24 The
1337 453 82 28 patron
1439 450 61 22 saint
1511 449 26 23 of
1550 448 124 24 Auckland
1688 448 97 24 hovered
1806 456 55 16 over

1274 483 71 29 them,
1357 483 39 23 the
1406 483 79 30 bridge
1497 481 88 32 yielded
1592 486 23 19 to
1627 482 39 23 the
1674 488 53 24 very
1739 481 71 29 earth,
1818 481 43 24 but

1274 516 38 23 did
1330 521 41 19 not
1381 515 80 25 break.
1499 515 43 23 We
1558 514 146 24 recommend
1715 523 41 15 our
1774 514 86 24 friends

1275 556 69 17 never
1356 552 23 20 to
1390 556 62 16 cross
1463 548 49 24 this
1523 548 78 31 bridge
1618 548 112 30 together,
1744 547 43 24 and
1803 556 58 15 even

1275 582 91 31 singly;
1390 589 34 16 we
1436 582 74 23 would
1521 582 76 22 advise
1615 581 62 23 them
1688 585 24 19 to
1732 580 129 24 endeavour

1276 620 22 18 to
1307 615 88 31 prevail
1406 622 29 16 on
1451 615 49 23 Mr.
1514 615 71 30 Ligar
1606 619 23 18 to
1641 621 137 24 accompany
1798 613 63 24 them

1274 648 25 23 in
1309 648 62 23 their
1382 648 99 31 perilous
1492 655 105 24 passage.
1633 647 44 24 We
1696 652 82 19 cannot
1789 647 76 24 afford'

1275 686 23 18 to
1309 681 64 23 loose
1384 681 57 23 such
1451 688 62 16 men.
1549 681 71 23 What
1631 689 13 15 a
1654 681 49 31 pity
1716 680 47 24 Mr.
1777 680 85 24 Short-

1274 714 54 23 land
1337 714 42 23 has
1390 718 40 19 not
1439 718 22 19 to
1474 721 63 16 cross
1548 714 44 23 this
1603 714 87 31 bridge.
1726 714 44 23 We
1779 714 83 23 should

1274 751 40 19 not
1333 747 103 23 however
1457 747 48 23 like
1517 751 23 19 to
1560 755 37 15 see
1618 747 71 23 either
1706 747 48 24 him
1766 754 26 16 or
1811 747 49 23 Mr.

1274 780 73 30 Ligar
1358 779 41 24 fall
1410 780 99 31 through
1518 789 6 20 ;
1548 780 53 31 they
1613 788 38 16 are
1663 780 54 24 both
1728 785 37 18 too
1777 780 85 24 usefull

1274 818 24 18 to
1309 813 40 23 the
1366 814 148 30 community.

1309 853 87 24 Ligar
1420 853 99 23 Canal.
1521 865 34 4 —
1555 853 36 23 As
1608 860 35 16 we
1664 853 114 31 predicted
1798 860 64 18 some

1267 893 2 9 1
1276 886 54 23 time
1350 894 51 23 ago,
1422 886 38 23 the
1479 885 75 24 banks
1575 886 24 23 of
1615 886 46 23 this
1679 886 64 23 canal
1761 894 50 23 way
1832 894 30 16 on

1267 919 2 15 1
1275 919 105 32 Monday
1390 919 73 30 night,
1485 919 25 23 in
1528 925 153 24 consequence
1693 919 26 22 of
1733 919 39 23 the
1788 919 74 32 heavy

1275 952 70 25 rains.
1382 951 94 24 Several
1483 951 83 24 houses
1572 952 25 23 in
1607 951 81 24 Lower
1697 951 166 26 Queen-street

1276 992 59 16 were
1356 993 54 23 very
1420 984 79 31 nearly
1517 984 86 24 carried
1615 992 62 23 away
1695 985 29 30 by
1738 985 37 23 the
1792 985 69 24 flood.

1275 1018 29 24 In
1316 1018 39 23 the
1367 1017 87 32 ground
1465 1018 58 23 floor
1530 1018 26 23 of
1571 1017 48 24 Mr.
1633 1018 138 23 Smithson's
1780 1018 81 29 house,

1276 1052 38 22 the
1331 1057 81 18 waters
1423 1058 52 16 rose
1493 1055 23 19 to
1528 1050 38 24 the
1584 1051 79 31 height
1675 1052 24 22 of
1713 1051 51 23 four
1776 1060 25 14 or
1817 1052 45 23 five

1274 1085 54 23 feet.
1365 1085 24 23 It
1406 1092 95 23 appears
1520 1092 25 15 as
1561 1084 21 23 if
1599 1083 38 24 the
1658 1085 127 30 Surveyors
1803 1092 59 16 were

1275 1118 140 23 determined
1426 1122 22 18 to
1461 1125 86 23 swamp
1559 1117 37 23 the
1610 1117 70 23 whole
1693 1122 58 18 town
1763 1118 30 31 by
1803 1118 59 23 their

1275 1156 93 26 strange
1385 1151 85 23 drains.
1507 1150 40 23 On
1564 1150 94 31 Sunday
1676 1151 63 23 week
1755 1151 39 23 the
1811 1159 52 16 new

1275 1189 73 18 stores
1361 1184 24 23 of
1401 1184 97 23 Messrs.
1513 1184 84 23 Brown
1608 1184 45 22 and
1666 1184 118 31 Campbell
1802 1192 59 16 were

1275 1217 133 23 threatened
1424 1217 55 22 with
1498 1225 14 15 a
1530 1217 86 23 similar
1633 1217 141 24 inundation.
1810 1217 52 24 The

1274 1250 172 31 improvements
1468 1250 24 22 in
1523 1250 123 23 Shortland
1670 1251 108 23 Crescent
1803 1250 59 24 have

1275 1283 100 23 directed
1395 1283 30 23 all
1444 1283 39 23 the
1502 1288 81 18 waters
1602 1283 26 23 of
1651 1284 37 23 the
1707 1292 43 15 one
1771 1284 51 23 half
1839 1285 26 22 of

1274 1316 125 24 Auckland
1414 1316 97 23 towards
1524 1316 44 24 this
1587 1316 63 31 place
1663 1325 23 15 as
1707 1317 38 23 the
1755 1318 65 30 point
1839 1318 26 22 of

1274 1350 79 23 union.
1389 1349 43 24 We
1439 1349 76 24 would
1529 1350 110 29 however,
1647 1351 156 22 reccommend
1811 1350 49 23 Mr.

1275 1382 72 31 Ligar
1356 1388 23 18 to
1386 1382 28 24 do
1422 1382 104 31 nothing.
1563 1383 50 23 The
1620 1383 57 23 lives
1684 1383 44 23 and
1737 1384 126 30 properties

1275 1416 24 23 of
1315 1415 38 24 the
1365 1416 79 23 town's
1456 1415 82 34 people
1550 1424 37 15 are
1597 1416 72 23 worth
1681 1416 96 30 nothing
1788 1417 25 22 in
1824 1417 38 22 the

1276 1457 52 22 eyes
1341 1449 26 23 of
1381 1457 14 15 a
1406 1449 57 31 good
1471 1453 156 26 government,
1640 1450 44 23 and
1693 1457 14 15 a
1713 1454 150 26 government

1274 1482 118 30 Engineer
1414 1490 25 15 or
1462 1481 123 31 Surveyor.
1622 1481 66 32 They
1711 1483 80 23 should
1822 1488 41 18 not

1275 1515 89 24 trouble
1376 1514 137 24 themselves
1524 1515 55 22 with
1590 1515 57 23 such
1658 1520 100 24 matters,
1795 1516 67 26 They

1274 1556 38 15 are
1330 1553 52 19 sent
1393 1547 54 24 here
1465 1553 23 18 to
1500 1549 87 22 receive
1606 1549 100 28 salaries,
1727 1550 61 22 write
1809 1549 55 30 long

1274 1582 87 28 letters,
1374 1582 44 23 and
1429 1581 49 23 ride
1490 1580 79 24 horses
1578 1590 7 20 ;
1604 1581 61 24 what
1676 1590 38 15 are
1735 1581 36 24 the
1780 1582 84 31 people

1274 1620 22 17 to
1308 1615 72 22 them.

1309 1654 52 24 The
1374 1655 157 24 Government
1543 1655 76 24 Fence
1629 1655 41 23 has
1679 1657 67 30 again
1754 1656 59 24 been
1825 1664 37 16 re-

1276 1688 89 23 moved.
1403 1688 59 23 How
1483 1696 70 23 many
1571 1689 66 23 times
1657 1688 38 23 the
1715 1697 62 16 same
1797 1689 67 31 thing

1277 1721 40 23 has
1336 1721 119 32 happened
1473 1721 77 24 before
1562 1731 6 19 ;
1594 1723 18 22 it
1634 1722 73 23 would
1730 1723 28 23 be
1780 1723 84 23 almost

1275 1754 133 31 impossible
1431 1760 22 18 to
1476 1754 48 29 tell,
1550 1763 24 15 so
1598 1755 62 23 often
1688 1755 42 24 has
1758 1756 19 23 it
1804 1756 58 23 been

1276 1787 109 32 changed.
1434 1788 48 23 Mr.
1506 1788 123 24 Shortland
1648 1796 40 16 nas
1707 1789 103 23 however
1828 1789 35 23 hit

1275 1829 61 23 upon
1350 1821 37 23 the
1408 1821 45 23 line
1475 1822 23 22 of
1515 1821 82 31 beauty
1610 1826 24 19 at
1651 1822 51 28 last,
1716 1822 34 23 for
1768 1822 96 23 without

1276 1854 130 31 consulting
1418 1854 72 24 either
1501 1855 49 23 Mr.
1565 1855 100 23 Mathew
1677 1863 24 15 or
1714 1855 47 24 Mr.
1780 1855 82 32 Ligar,

1276 1887 27 23 he
1323 1887 43 23 has
1386 1887 93 31 happily
1497 1888 123 23 succeeded
1638 1888 26 23 in
1683 1888 131 32 combining
1832 1888 32 24 all

1276 1920 48 23 that
1336 1928 45 15 was
1392 1921 111 23 beautiful
1521 1921 23 23 in
1564 1921 37 23 the
1620 1929 79 15 curves
1720 1922 25 22 of
1759 1922 39 23 the
1811 1930 51 20 one,

1276 1954 43 22 and
1339 1954 38 22 the
1396 1953 90 31 oblique
1510 1954 77 30 angles
1611 1954 25 23 of
1664 1954 36 23 the
1721 1954 70 30 other,
1817 1955 45 23 and

1275 1986 88 24 formed
1375 1986 29 30 by
1402 2011 5 11 t
1410 2012 3 3 .
1424 1987 45 28 the,
1481 1988 70 22 union
1570 1995 13 17 a
1601 1995 49 15 new
1670 1988 52 27 line,
1735 1988 33 23 for
1787 1988 75 24 which

1276 2019 88 22 neither
1377 2019 22 22 oi
1416 2019 64 22 these
1493 2018 91 23 learned
1603 2021 127 28 Surveyors
1751 2027 40 14 can
1806 2028 57 14 even

1276 2051 76 23 devise
1366 2059 12 15 a
1389 2059 74 15 name.
1501 2051 77 30 Every
1598 2052 43 30 day
1653 2052 78 31 brings
1744 2058 38 17 out
1822 2061 41 15 our

1277 2084 120 23 Governor
1467 2092 14 15 a
1493 2092 48 15 new
1552 2085 66 30 light.
1655 2085 42 23 We
1717 2085 96 31 thought
1825 2086 39 23 the

1277 2117 91 24 Roman
1390 2118 62 28 road,
1477 2117 100 32 through
1599 2118 124 24 Shortland
1752 2119 112 23 Crescent

1276 2158 46 16 was
1335 2158 29 16 an
1376 2151 171 30 extraordinary
1558 2152 124 28 invention,
1695 2152 41 23 but
1747 2152 64 23 when
1824 2152 39 23 the

1276 2184 72 30 Liga'r
1370 2184 64 23 canal
1455 2192 47 15 was
1526 2184 117 29 executed,
1665 2193 39 15 our
1728 2185 135 23 admiration

1276 2217 47 23 still
1346 2217 124 29 increased,
1495 2217 44 24 and
1561 2226 50 15 now
1634 2218 49 24 that
1706 2218 38 23 the
1772 2219 45 23 line
1842 2219 24 23 of

1276 2250 83 31 beauty
1370 2250 42 24 has
1422 2251 59 24 been
1494 2251 137 29 discovered,
1644 2259 33 15 we
1688 2251 52 24 dare
1753 2257 36 18 not
1805 2257 59 18 tru.st

1277 2283 37 23 the
1326 2283 80 24 fullest
1417 2283 66 32 flight
1495 2284 26 23 of
1535 2285 147 30 imagination
1701 2289 23 19 to
1743 2293 48 23 say,
1804 2285 61 24 what

1276 2325 52 22 may
1341 2325 63 15 come
1416 2322 63 19 next.
1516 2317 123 24 Shortland
1653 2318 19 23 is
1683 2318 37 23 the
1735 2318 64 30 head,
1813 2319 52 23 soul

1277 2351 43 22 and
1339 2350 40 24 life
1398 2350 25 23 of
1444 2358 68 23 every
1531 2350 154 31 department!
1698 2352 7 22 !.
1752 2351 39 24 He
1810 2353 21 22 is
1850 2360 14 15 a

1277 2384 84 22 second
1380 2383 108 24 Crichton
1496 2384 5 23 !
1514 2384 5 23 !
1531 2384 6 24 !
1582 2384 57 24 Men
1658 2384 91 24 wonder
1767 2385 50 23 how
1835 2385 29 24 he

1276 2417 41 23 has
1330 2417 107 31 acquired
1448 2416 58 24 such
1523 2417 54 23 skill
1589 2417 44 24 and
1646 2417 139 32 knowledge,
1799 2419 65 23 when

1278 2450 52 30 they
1354 2457 68 16 never
1444 2457 39 16 see
1504 2450 48 23 him
1574 2450 53 24 read
1646 2459 25 15 or
1688 2452 83 30 study;
1791 2452 40 23 but
1851 2460 13 15 a

1277 2488 65 26 great
1354 2483 62 23 mind
1429 2483 101 31 despises
1542 2483 38 24 the
1592 2484 105 31 ordinary
1708 2492 86 16 means.

1310 2523 23 23 A
1352 2523 109 29 Wharf,
1486 2532 34 15 oh
1537 2524 226 25 Landing-piace.
1764 2538 35 4 —
1800 2526 64 31 Why

1277 2557 20 22 is
1310 2556 63 25 there
1385 2565 30 15 no
1432 2557 65 31 place
1516 2558 22 22 in
1551 2558 130 29 Auckland,
1702 2558 75 25 where
1792 2560 72 30 goods

1277 2598 25 15 or
1314 2598 135 23 passengers
1459 2598 42 16 can
1513 2591 28 23 be
1551 2591 80 24 landed
1639 2592 59 24 from
1706 2593 64 23 boats
1778 2593 10 23 ?
1816 2593 49 23 Not

1277 2623 84 31 surely,
1374 2623 96 24 because
1482 2631 34 16 we
1536 2624 56 24 have
1603 2633 29 16 no
1650 2633 95 23 persons
1756 2626 50 23 .who
1818 2635 45 15 un-

1277 2656 107 24 derstand
1396 2657 38 23 the
1445 2657 139 32 advantages
1596 2659 25 23 of
1635 2667 14 15 a
1660 2659 78 23 wharf.
1774 2659 41 24 An
1827 2660 37 23 old

1277 2690 141 23 Lieutenant
1436 2691 24 23 in
1472 2690 39 24 the
1521 2691 67 31 Navy
1599 2692 48 23 like
1669 2692 46 23 Mr.
1729 2692 133 30 Shortland,

1278 2723 71 31 ought
1361 2728 22 18 to
1396 2723 67 24 know
1483 2724 41 24 the
1537 2732 40 16 use
1589 2725 26 23 of
1632 2734 14 14 a
1667 2725 77 25 wharf.
1780 2726 84 24 Auck-

1277 2756 54 23 land
1343 2756 20 23 is
1375 2764 49 16 now
1436 2758 106 30 upwards
1553 2758 25 23 of
1596 2763 43 19 two
1658 2767 66 23 years
1736 2760 44 23 and
1792 2768 14 16 a
1817 2760 50 24 half

1281 2790 22 22 in
1316 2790 122 29 existence,
1451 2791 54 23 with
1519 2791 80 24 sailors
1610 2797 23 19 at
1645 2792 38 24 the
1695 2800 66 24 crazy
1769 2793 61 24 helm
1842 2794 25 23 of

1279 2823 72 28 State,
1366 2823 45 24 and
1422 2824 54 31 they
1488 2824 58 24 have
1557 2830 41 19 not
1610 2825 69 24 taken
1690 2826 39 23 the
1741 2826 88 24 trouble
1841 2831 24 19 to

1279 2856 99 31 provide,
1400 2864 55 16 even
1467 2865 14 15 a
1493 2858 92 24 wooden
1600 2858 60 31 jetty
1672 2859 34 23 for
1718 2860 38 23 the
1769 2860 96 23 comfort

1279 2897 24 15 or
1336 2890 150 24 convenience
1519 2891 25 24 of
1561 2891 59 24 their
1651 2892 92 24 brother

1280 2922 41 23 We
1335 2923 132 29 remember,
1488 2925 69 23 about
1568 2932 69 16 seven
1657 2934 24 15 or
1692 2927 63 29 eight
1771 2927 94 23 months

1280 2964 50 22 ago,
1344 2956 48 23 that
1404 2957 65 23 when
1489 2958 88 23 several
1594 2958 129 31 gentlemen
1736 2959 81 24 waited
1835 2967 30 16 on

1282 2990 45 22 Ur.
1349 2989 131 30 Shortland,
1500 2991 19 23 it
1529 2998 46 16 was
1592 2991 82 28 stated,
1693 2992 50 23 that
1762 2992 29 23 he
1810 3000 55 23 pro-

1280 3022 70 23 mised
1380 3023 155 31 immediately
1556 3028 23 19 to
1609 3032 129 16 commence
1757 3033 14 15 a
1792 3026 75 23 wharf

1281 3056 57 22 from
1363 3056 179 26 Queen-stree.t.-
1592 3057 72 23 What
1685 3057 54 24 does
1761 3058 30 24 he
1812 3059 55 23 wait

1279 3089 35 23 for
1323 3089 10 23 ?
1369 3088 63 23 Does
1444 3089 30 23 he
1484 3089 75 31 forget
1571 3090 35 23 his
1618 3092 99 29 promise
1728 3092 10 23 ?
1773 3092 51 23 Can
1835 3092 30 23 he

1279 3129 96 24 procure
1403 3122 79 24 labour
1504 3122 112 32 cheaper?
1641 3131 33 16 we
1700 3129 59 19 trust
1786 3133 78 16 never.

1279 3155 86 24 Would
1383 3155 20 23 it
1420 3161 40 18 not
1477 3155 30 24 be
1524 3157 75 23 better
1616 3162 23 18 to
1657 3158 90 32 employ
1758 3158 38 24 the
1808 3159 58 24 emi-

1279 3192 80 27 grants
1369 3192 22 19 at
1403 3197 14 14 a
1425 3188 65 24 work
1512 3190 26 23 of
1552 3190 45 24 this
1617 3190 64 30 kind,
1694 3191 56 25 than
1761 3197 24 18 to
1802 3192 61 31 keep

1280 3221 65 24 them,
1353 3223 102 30 starving
1463 3223 11 23 ?
1521 3223 44 23 We
1584 3224 74 23 would
1673 3232 32 16 we
1716 3225 66 24 could
1800 3226 67 23 teach

1279 3254 95 25 wisdom
1392 3259 23 19 to
1434 3263 42 16 our
1495 3256 82 24 rulers.
1625 3257 66 32 They
1709 3259 46 23 will
1772 3263 41 19 not
1837 3259 30 24 be

1280 3287 89 32 taught.
1406 3288 66 31 They
1482 3296 39 17 are
1532 3294 37 19 too
1580 3290 45 24 old.

58 129 25 23 in
103 136 45 16 our
364 135 7 20 ;
395 133 33 16 we
571 128 77 19 never'

58 161 57 24 used
133 169 45 23 any
188 160 144 34 expressions
344 167 25 15 so
382 164 79 28 strong
472 166 24 15 as
508 158 66 22 those
587 164 54 16 con-

60 194 75 24 tained
147 195 24 22 in
183 193 46 23 this
242 193 120 23 document
371 201 6 20 ;
396 192 44 27 and
453 195 78 26 strong
550 198 26 15 as
588 190 53 30 they

60 235 46 20 are,
119 234 33 16 we
163 226 88 24 confess
265 225 53 31 they
330 233 61 16 seem
404 229 23 19 to
438 231 29 16 us
476 229 41 17 not
528 230 43 16 one
582 222 60 24 word

57 264 37 20 too
107 264 86 26 strong.
230 258 51 24 Our
294 258 87 24 Nelson
393 256 83 25 friends
488 256 27 24 do
528 260 40 19 not
579 263 62 16 seem

58 298 22 18 to
102 293 29 23 be
155 300 72 15 aware
249 291 50 24 that
321 291 48 23 Mr.
392 289 123 26 Tuckett's.
535 288 106 24 evidence

57 325 98 31 actually
168 333 45 15 was
233 326 24 22 in
269 324 39 23 the
319 324 78 23 Police
409 322 148 31 Magistrates
568 321 73 23 hands

56 361 26 21 at
101 358 38 23 the
155 365 56 24 very
223 357 53 24 time
296 357 64 23 when
378 356 29 22 he
425 354 159 31 promulgated
604 354 38 23 the

57 391 86 24 Native
154 395 121 20 statement
287 389 148 24 inconsistent
446 387 54 24 with
514 388 26 23 it.

125 432 29 19 To
166 431 35 20 the
211 430 76 20 Editor
296 428 26 24 of
328 428 36 20 the
373 427 78 21 Nelson
463 427 124 20 Examiner.

86 465 47 26 Sir,
135 476 29 4 —
164 464 48 26 We,
232 463 38 21 the
291 460 150 27 undersigned
463 460 136 22 inhabitants
620 460 24 21 of

60 492 93 25 Nelson,
173 490 118 25 observing
314 488 47 21 that
385 495 12 14 a
418 487 84 22 certain
523 493 119 16 erroneous

56 520 127 23 statement,
194 515 123 23 calculated
332 518 22 18 to
370 521 86 20 convey
466 520 29 15 an
508 514 132 27 impression

54 543 161 23 unfavourable
233 545 21 19 to
274 542 40 21 the
321 547 101 20 memory
432 540 26 22 of
472 547 41 15 our
529 540 113 22 lamented

54 571 73 21 fellow
138 570 102 22 colonists
249 569 51 22 who
312 568 36 22 fell
358 568 23 21 in
392 568 38 21 the
439 567 46 22 late
498 573 111 16 massacre
620 570 22 18 at

54 597 39 21 the
111 597 98 26 Wairau,
220 596 41 22 has
276 596 55 21 been
338 616 3 3 .
348 597 40 25 put
401 594 59 21 forth
475 594 29 27 by
514 593 38 22 the
566 593 75 22 Police

58 625 130 25 Magistrate
200 626 24 18 at
234 622 143 27 Wellington,
387 621 43 22 and
439 628 75 19 never,
522 627 56 15 even
587 620 56 21 after

56 651 106 21 evidence
171 650 25 21 of
202 651 29 21 its
240 657 62 19 gross
311 650 168 24 incorrectness,
487 648 57 21 been
555 650 87 18 contra-

57 677 74 22 dicted
148 677 30 32 by
188 677 52 27 him,
256 683 39 15 are
312 675 97 22 desirous
425 674 24 22 of
462 674 131 28 expressing
603 681 39 14 our

57 708 76 23 strong
148 704 177 27 disapprobation
341 702 26 22 of
381 702 54 21 such
445 700 104 23 omission
564 707 30 14 on
608 700 34 22 his

54 735 58 23 part,
124 731 45 21 and
179 731 27 21 of
218 731 83 27 giving,
313 729 20 22 if
343 728 103 28 possible,
461 728 65 28 equal
535 726 107 28 publicity

56 762 22 17 to
87 758 39 22 the
136 758 45 21 real
192 758 55 21 facts
262 757 26 21 of
300 756 36 21 the
347 763 57 14 case.
434 755 43 22 For
493 754 43 22 this
548 761 94 21 purpose

56 792 33 14 wo
96 785 44 26 beg
150 787 21 19 to
181 784 58 22 avail
249 782 112 22 ourselves
371 782 23 21 of
402 788 56 20 your
467 781 109 22 columns.

87 811 27 21 In
133 811 38 21 the
187 810 118 22 manifesto
321 810 27 20 of
364 808 37 22 the
418 808 73 23 Police
511 808 130 26 Magistrate

58 838 90 22 nlluded
158 841 29 23 to,
197 843 77 16 occurs
282 836 38 22 the
332 835 112 27 following
454 842 91 20 passage
553 850 6 7 .
560 845 28 4 —

110 871 11 21 I
132 869 81 22 should
222 869 38 21 fail
270 869 24 22 in
312 875 37 20 my
358 867 55 26 duty
423 867 37 21 did
471 866 11 22 I
499 869 40 19 not
553 865 88 23 declare

58 905 39 20 my
106 897 132 26 conviction,
246 895 58 21 after
310 894 114 26 obtaining
431 893 105 21 evidence
547 893 57 21 from
613 893 29 21 all

60 928 104 24 quarters,
176 923 49 22 that
240 921 126 26 the-afrray
371 927 47 15 was
434 923 40 18 not
484 919 38 21 the
536 919 70 22 result
620 920 24 21 of

58 959 45 19 any
111 949 157 29 premiditated
284 947 76 27 design
371 954 28 14 on
409 946 37 22 the
456 951 49 22 part
522 946 25 21 of
554 945 37 22 the
601 953 41 14 na-

59 980 63 25 tives,
133 978 40 21 but
184 977 55 26 that,
251 983 28 15 on
291 975 36 21 the
338 977 111 22 contrary,
461 973 52 27 they
523 973 81 28 sought
613 974 29 26 by

57 1013 67 19 every
134 1013 78 14 means
221 1008 23 18 to
254 1006 61 19 avert
324 1003 24 25 it,
359 1001 42 23 and
413 1001 37 21 did
466 1005 40 17 not
520 1000 40 22 fire
569 1008 14 14 a
593 1000 49 22 shot

57 1033 58 22 until
132 1032 43 22 five
191 1032 26 21 of
228 1031 57 22 their
301 1033 63 28 party
373 1029 46 21 had
434 1028 74 26 fallen,
526 1027 116 28 including

58 1060 38 21 the
113 1060 50 21 wife
179 1060 22 21 of
216 1057 160 27 Rangihaeata,
387 1055 50 23 who
453 1057 22 19 at
490 1053 38 23 the
543 1058 99 18 moment

58 1087 53 21 bore
120 1087 41 21 her
171 1094 49 14 own

85 1119 65 26 Now,
166 1126 33 14 we
213 1118 44 22 will
274 1122 40 18 not
326 1120 48 24 stop
385 1121 22 18 to
421 1117 70 27 guard
503 1117 88 27 against
605 1117 37 22 the

58 1145 54 23 false
135 1145 142 27 impressions
296 1144 65 22 made
383 1151 59 21 upon
461 1144 37 21 the
524 1144 73 21 minds
621 1144 24 22 of

59 1180 91 19 persons
169 1172 162 27 unacquainted
351 1172 52 21 with
422 1170 72 22 Maori
519 1173 96 19 customs
616 1183 26 4 —

58 1199 38 22 the
120 1199 143 21 associations
282 1198 121 26 altogether
426 1197 76 22 beside
521 1196 37 22 the
578 1198 64 22 mark

60 1226 88 22 excited
157 1226 30 25 by
197 1226 37 21 the
245 1229 56 18 term
337 1227 35 19 the
382 1226 50 22 wife
442 1224 25 21 of

61 1261 23 14 as
94 1253 88 28 applied
192 1255 22 19 to
225 1259 42 14 one
275 1260 83 19 among
367 1258 68 19 many
443 1250 24 22 of
474 1250 36 22 the
518 1253 124 25 temporary

60 1280 120 22 favourites
191 1279 25 21 of
227 1286 12 14 a
249 1286 79 20 savage
337 1280 61 21 chicf
398 1291 25 4 —
423 1285 33 14 we
465 1278 83 27 merely
555 1279 87 21 remark

61 1307 49 21 that
119 1307 37 21 the
166 1306 51 22 idea
226 1306 25 21 of
262 1306 43 21 this
315 1314 85 14 woman
411 1305 82 27 having
501 1305 59 21 been
575 1305 67 23 killed

61 1337 24 19 at
94 1333 30 22 all
133 1337 55 17 rests
199 1333 63 21 alone
272 1340 28 14 on
311 1333 72 22 Maori
390 1333 101 25 hearsay.
520 1332 82 26 Again,
611 1340 32 14 we

61 1360 46 22 will
120 1363 40 19 not
174 1359 64 23 dwell
254 1367 60 20 upon
329 1359 38 22 the
378 1358 113 26 absurdity
508 1358 26 21 of
545 1358 99 28 denying

61 1387 39 21 the
110 1387 113 21 existence
233 1387 23 20 of
300 1394 43 19 any
357 1384 160 29 premeditated
527 1384 78 28 design
615 1394 27 14 on

60 1413 39 22 the
113 1417 51 24 part
179 1413 27 21 of
221 1413 37 21 the
416 1412 63 22 when
496 1412 18 21 it
530 1412 40 21 has
587 1413 56 21 been

60 1440 83 26 clearly
156 1439 84 28 proved
256 1439 50 21 that
318 1440 135 27 Rauparaha
468 1441 59 19 went
540 1438 65 22 down
621 1443 22 18 to

61 1467 38 22 the
119 1467 91 21 Wairau
229 1466 75 27 amply
320 1467 110 26 provided
522 1473 58 13 arms
599 1467 44 21 and

61 1493 155 23 ammunition.
245 1493 46 21 But
300 1500 32 14 we
343 1493 28 21 do
382 1497 70 18 aassertt
453 1507 5 10 t
466 1492 93 21 without
568 1492 47 22 fear
622 1494 25 21 of

63 1520 165 26 contradiction,
240 1519 54 27 that,
311 1520 25 21 of
347 1520 29 22 all
390 1520 38 22 the
445 1518 109 24 incidents
570 1520 22 20 of
606 1520 37 22 the

61 1547 108 26 shocking
187 1546 67 26 affair,
274 1546 60 22 there
353 1547 19 21 is
391 1554 59 15 none
467 1553 28 13 on
515 1546 72 21 which
594 1563 3 3 .
607 1546 36 22 the

62 1573 106 23 evidence
178 1573 26 21 of
214 1573 37 21 ihe
267 1573 109 22 survivors
386 1574 19 21 is
418 1580 61 15 more
490 1572 94 22 decided
599 1573 43 22 and

59 1601 134 21 tinanimous
207 1600 53 21 than
272 1607 29 14 on
315 1600 37 22 the
367 1601 46 21 fact
426 1600 48 22 that
486 1606 29 14 no
530 1599 76 21 orders
621 1603 22 19 to

59 1628 39 21 fire
109 1627 44 21 had
164 1627 55 21 been
233 1627 66 26 given
310 1627 28 27 by
353 1635 44 19 any
407 1627 27 22 of
446 1627 36 22 the
491 1629 71 24 part}',
579 1626 63 22 when

61 1655 38 21 the
113 1655 117 19 accidental
238 1654 107 26 discharge
354 1654 26 22 of
390 1654 38 22 the
442 1654 47 22 first
498 1653 88 21 musket
600 1660 44 15 was

60 1681 104 22 followed
171 1681 31 27 by
216 1688 28 14 an
260 1681 168 22 instantaneous
442 1680 73 26 volley
531 1679 59 21 from
607 1680 36 22 the

61 1708 104 26 Maories,
180 1708 31 27 by
227 1707 71 23 which
315 1708 85 22 several
420 1709 65 21 white
501 1706 78 27 people
596 1706 46 24 fell.

60 1735 45 21 Mr.
122 1735 113 21 Tuckett's
252 1734 113 27 evidence,
383 1735 23 22 in
423 1733 123 30 particular,
557 1734 18 21 is
591 1742 52 14 con-

61 1761 83 22 clusive
155 1768 28 15 on
193 1761 44 22 this
246 1762 70 26 point.

87 1788 72 22 These
166 1788 55 21 facts
227 1788 38 22 the
272 1789 73 21 Police
352 1789 129 26 Magistrate
488 1796 43 15 was
537 1787 106 28 probably

60 1822 104 15 unaware
174 1815 26 21 of
211 1818 23 18 at
242 1815 38 21 the
291 1817 52 20 time
353 1815 29 22 he
392 1816 73 22 issued
475 1816 34 21 his
518 1814 124 27 manifesto,

57 1842 41 21 but
112 1841 29 22 he
156 1846 61 17 must
232 1841 57 23 have
305 1843 92 21 become
416 1843 117 26 cognizant
546 1841 27 21 of
583 1841 59 23 them

57 1868 153 27 immediately
220 1868 135 23 afterwards.
385 1869 42 22 We
437 1869 108 28 complain
558 1868 48 21 that
615 1868 27 22 he

56 1895 42 22 lias
107 1899 40 17 not
155 1895 67 27 given
233 1899 22 17 to
266 1903 45 20 any
320 1899 49 19 true
380 1899 115 19 statement
504 1897 27 21 of
541 1894 39 24 the
594 1903 49 15 case

58 1922 38 22 the
111 1929 60 15 same
181 1922 108 27 publicity
303 1923 44 21 and
357 1923 99 22 sanction
472 1923 27 21 he
512 1923 46 23 had
572 1923 71 26 previ-

59 1949 64 26 ously
133 1949 66 26 given
209 1952 23 18 to
242 1949 37 22 the
289 1949 63 22 false.

86 1975 64 22 With
159 1979 85 24 respect
254 1979 23 18 to
291 1976 37 22 the
342 1984 92 18 persons
446 1976 141 26 authorizing
600 1976 44 22 and

53 2002 140 26 •conducting
202 2001 37 22 the
248 2002 45 21 late
308 2005 143 19 unfortunate
461 2003 133 26 expedition,
611 2010 33 14 we

59 2028 88 22 daclare
161 2028 19 21 it
198 2031 22 19 to
236 2028 28 22 be
282 2036 39 14 our
340 2029 49 21 firm
406 2029 129 27 conviction,
554 2029 90 22 derived

59 2055 58 22 from
128 2062 29 14 an
166 2055 101 21 intimate
277 2055 130 27 knowledge
419 2056 25 22 of
456 2055 55 23 their
522 2055 120 26 character,

60 2089 24 14 as
108 2081 49 22 well
176 2089 24 13 as
225 2081 55 23 from
301 2082 58 22 their
376 2083 128 21 sentiments
526 2083 118 28 expressed

58 2109 76 21 before
145 2108 132 27 embarking
286 2109 24 21 in
319 2109 24 26 it,
356 2109 48 22 that
414 2109 51 28 they
475 2117 55 14 were
542 2109 100 23 actuated

58 2135 31 27 by
98 2142 29 14 no
142 2135 65 21 other
217 2139 93 18 motives
324 2136 56 22 than
394 2144 13 14 a
423 2136 98 22 humane
534 2136 72 22 desire
622 2137 25 21 of

58 2162 133 27 preventing
209 2162 73 22 future
303 2163 96 27 disputes
418 2163 45 22 and
482 2166 109 24 outrages,
615 2163 29 27 by

59 2189 90 26 dealing
159 2189 120 27 decisively
285 2189 51 22 with
347 2189 38 22 the
394 2189 57 27 first;
468 2190 54 26 that,
529 2190 52 22 both
588 2190 56 22 from

56 2215 84 27 feeling
147 2215 44 21 and
197 2215 115 28 principle,
317 2216 54 27 they
377 2224 57 14 were
440 2217 81 27 utterly
527 2216 117 29 incapable

58 2242 27 22 of
106 2242 113 27 adopting,
244 2242 93 22 without
356 2243 57 27 deep
432 2243 144 23 deliberation
599 2244 45 22 and

60 2269 94 21 anxious
164 2269 150 27 forethought,
324 2277 45 20 any
379 2278 110 14 measures
505 2271 116 27 involving
630 2279 14 14 a

56 2295 126 32 possibility
192 2296 24 21 of
229 2295 37 23 the
277 2296 42 22 loss
329 2297 26 21 of
366 2297 85 22 human
460 2297 38 22 life
505 2306 5 19 ;
533 2298 45 22 and
588 2298 54 28 that,

58 2323 21 21 if
90 2322 53 27 they
153 2323 63 21 erred
226 2323 23 21 in
258 2323 121 27 judgment
387 2327 23 18 at
419 2324 37 26 all,
474 2325 17 21 it
500 2332 45 14 was
555 2325 23 21 in
594 2332 47 19 sup-

57 2349 81 27 posing
155 2349 50 21 that
221 2355 87 22 respect
327 2350 36 22 for
383 2351 37 21 the
439 2351 53 22 laws
511 2358 45 15 was
574 2354 23 18 to
616 2352 27 22 be

59 2375 93 23 exacted
159 2383 23 15 as
188 2376 50 22 well
247 2377 57 21 from
313 2377 35 22 the
359 2377 83 22 Native
450 2385 23 14 as
482 2377 38 22 the
526 2378 118 27 European

58 2403 127 27 population
197 2403 24 21 of
233 2403 44 21 this
288 2403 92 28 Colony,
388 2404 45 22 and
444 2405 46 21 that
500 2404 58 22 their
571 2405 73 22 fellow

58 2433 148 23 countrymen
216 2437 56 14 were
283 2431 93 21 entitled
393 2434 23 18 to
425 2431 130 27 protection,
566 2432 23 21 in
605 2431 38 23 life

60 2456 45 22 and
110 2460 110 23 property,
228 2457 57 21 from
296 2457 47 21 that
350 2457 153 23 Government
514 2459 72 21 which
592 2459 52 27 they

60 2490 37 14 are
107 2483 69 21 taxed
186 2487 23 17 to
220 2487 91 24 support
319 2484 45 22 and
374 2485 124 27 compelled
507 2489 22 17 to
540 2486 62 27 obey.

87 2510 54 22 And
152 2516 31 15 we
197 2510 84 27 hereby
295 2518 88 20 express
397 2519 40 14 our
446 2511 138 28 indignation
599 2513 45 22 and

61 2537 86 26 disgust
169 2540 24 18 at
216 2537 29 22 all
268 2540 110 25 attempts,
401 2538 114 23 wherever
540 2539 46 22 and
615 2541 30 26 by

58 2563 151 22 whomsoever
224 2564 73 27 made,
314 2568 23 18 to
353 2565 59 26 gloss
428 2572 59 21 over,
503 2565 97 28 palliate,
620 2574 24 14 or

58 2590 99 26 conceal,
181 2590 38 22 the
239 2598 80 20 savage
343 2592 111 27 enormity
474 2593 26 21 of
521 2592 38 22 the
578 2593 66 23 crime

57 2617 137 26 committed,
209 2617 58 22 from
283 2625 44 20 any
337 2618 74 22 selfish
425 2619 92 22 motives
531 2619 25 22 of
566 2620 78 27 imagi-

58 2651 57 20 nary
132 2644 112 27 prudence
261 2652 25 14 or
303 2645 172 22 considerations
491 2647 26 21 of
534 2647 110 26 supposed

59 2671 58 26 good
127 2671 80 27 policy.
237 2671 42 21 We
289 2671 156 26 acknowledge
458 2680 29 14 no
496 2673 56 21 such
567 2680 77 21 appre-

60 2698 106 22 hensions
181 2701 23 18 to
219 2698 27 21 be
261 2698 94 27 allayed,
373 2706 33 14 we
421 2699 67 22 know
503 2700 26 21 of
545 2707 29 15 no
590 2701 54 21 such

61 2724 136 27 advantages
208 2728 22 18 to
239 2725 28 21 be
282 2725 112 27 obtained,
410 2733 24 14 as
449 2726 72 22 would
527 2727 80 27 justify
621 2735 25 15 or

61 2758 82 15 excuse
163 2751 55 21 such
234 2759 13 13 a
266 2759 77 14 course
361 2752 26 21 of
403 2753 140 27 proceeding.
572 2753 72 23 Those

61 2781 105 23 attempts
171 2785 32 14 we
209 2778 66 21 know
282 2781 24 19 to
312 2779 27 21 be
345 2786 24 14 as
376 2779 82 22 absurd
467 2780 45 22 and
519 2780 126 23 ineffectual

61 2812 25 14 as
96 2804 53 27 they
159 2812 37 14 are
202 2804 107 22 heartless
318 2805 43 22 and
369 2813 146 18 ungenerous.
543 2807 102 26 Publicly

62 2838 24 15 or
103 2831 117 27 privately,
246 2831 92 28 directly
362 2840 25 14 or
404 2833 122 28 indirectly,
549 2842 33 14 we
601 2835 44 21 will

62 2856 88 24 neither
164 2858 94 22 connive
276 2861 29 24 at,
320 2861 160 25 countenance,
498 2868 42 14 nor
553 2861 92 22 tolerate

61 2885 69 21 them.
159 2885 48 21 The
216 2885 61 22 truth
284 2889 85 18 cannot
378 2886 28 22 be
412 2887 90 26 hidden,
514 2894 40 15 nor
564 2896 37 14 are
615 2896 30 14 we

62 2912 85 26 willing
159 2912 18 21 it
190 2911 80 23 should
284 2913 35 21 be.
348 2913 42 21 We
405 2913 70 22 desire
490 2914 49 22 that
550 2915 38 21 the
602 2917 45 19 real

63 2939 59 21 truth
131 2939 28 21 be
169 2939 82 27 plainly
261 2939 115 28 declared;
392 2948 33 14 we
436 2940 95 24 demand
542 2941 48 22 that
604 2943 42 21 im-

60 2965 80 27 partial
147 2966 80 27 justice
237 2966 28 22 be
275 2966 164 28 unflinchingly
449 2968 114 22 executed.

88 2992 51 27 But,
150 3000 58 14 were
218 2992 17 22 it
244 2993 95 27 possible
347 2997 22 17 to
375 2998 93 22 prevent
473 2995 37 21 the
521 2996 125 27 promulga-

62 3019 45 21 tion
119 3020 24 20 of
155 3019 37 23 the
202 3019 73 22 actual
282 3019 55 23 facts
342 3020 26 22 of
374 3020 38 22 the
419 3029 6 13 c
433 3028 43 19 ase,
488 3028 24 15 or
521 3025 22 18 to
555 3023 90 22 weaken

63 3045 37 22 the
110 3046 130 27 impression
251 3046 61 27 here,
322 3054 25 14 or
364 3047 125 28 elsewhere,
501 3049 72 21 which
588 3054 59 18 must

62 3073 28 21 be
101 3073 116 26 conveyed
225 3073 31 26 by
263 3073 61 21 them
336 3073 25 21 of
371 3073 38 22 the
416 3075 108 22 ferocious
533 3075 113 23 character

63 3099 25 21 of
100 3099 37 21 the
154 3106 97 19 savages,
267 3099 56 27 who,
334 3100 24 21 in
373 3100 50 22 cold
432 3101 73 26 blood,
521 3103 125 22 massacred

60 3132 43 15 our
111 3125 84 22 friends
205 3125 44 23 and
264 3125 56 23 their
330 3133 49 15 own
394 3128 102 27 previous
507 3129 139 22 benefactors

61 3163 28 4 —
90 3159 57 15 were
157 3159 43 24 any
215 3152 135 28 advantages
361 3153 111 23 whatever
485 3158 23 18 to
517 3155 28 21 be
555 3157 91 21 secured

61 3179 31 26 by
102 3178 122 27 disguising
234 3178 93 27 dangers
338 3187 24 15 or
371 3181 96 28 slurring
477 3189 53 14 over
536 3183 110 22 atrocities

60 3217 29 4 —
91 3212 31 14 we
133 3205 158 28 emphatically
301 3206 86 22 declare
397 3207 49 22 that
454 3216 33 14 we
498 3208 73 23 would
578 3216 68 21 spurn

62 3233 39 21 the
110 3232 51 22 idea
171 3231 26 21 of
209 3232 111 27 obtaining
329 3233 61 22 them
399 3238 24 18 at
432 3235 54 22 such
496 3243 14 13 a
519 3238 47 19 cost
574 3243 25 15 as
608 3236 38 22 the

62 3259 76 27 unjust
148 3258 148 27 depreciation
305 3259 25 22 of
341 3259 38 23 the
396 3261 54 22 dear
459 3261 44 23 and
517 3261 129 24 invaluable

61 3285 72 28 spirits
144 3285 48 21 that
201 3292 36 15 are
249 3293 58 20 gone
307 3297 27 4 —
335 3293 24 15 as
370 3287 37 21 the
425 3287 136 24 defamation
571 3289 26 22 of
608 3289 37 22 the

61 3312 126 31 memories^
195 3312 26 21 of
232 3319 59 20 men,
309 3313 24 21 of
343 3320 62 16 some
421 3314 26 22 of
463 3315 73 23 whom
550 3316 24 22 it.
583 3316 22 22 is
618 3324 28 14 no

61 3338 157 27 exaggeration
228 3340 32 21 'to
285 3343 70 18 assert
373 3341 54 27 that,
453 3341 34 23 for
509 3343 137 22 intellectual

59 3373 77 19 range,
149 3365 70 22 moral
230 3365 115 28 elevation,
367 3367 45 22 and
421 3369 80 26 genial,
520 3369 126 23 unaffected

61 3391 205 26 kindheurtedness,
277 3392 52 27 they
339 3393 73 22 would
421 3394 55 23 have
493 3396 55 22 done
559 3396 87 22 honour

61 3423 23 19 to
95 3427 43 20 any
147 3419 80 27 people
237 3419 26 21 of
274 3426 44 20 any
327 3426 49 21 age.

173 3452 102 27 (Signed)
639 3458 8 10 ■'

88 3480 25 21 C.
125 3480 29 21 A.
166 3479 84 27 Dillon,
263 3479 57 27 J.P.,
369 3480 61 22 John
439 3481 103 28 Poynter,

89 3506 29 22 G.
128 3506 88 28 Duppa,
228 3506 58 26 J.P.,
370 3506 90 23 Francis
470 3508 73 26 Jollie,

89 3534 29 21 A.
130 3534 25 21 M
159 3533 105 26 'Donald,
272 3533 15 22 J
369 3533 22 22 J.
402 3534 30 21 C.
438 3534 65 27 Boys,

89 3560 30 22 D.
131 3560 90 26 Monro,
232 3560 58 26 J.P.,
365 3560 30 26 ,F.
407 3560 93 27 Moline,

89 3586 22 22 J.
124 3588 21 20 S.
157 3586 84 28 Tytler,
255 3587 59 27 J.P.,
371 3586 33 23 W.
416 3588 33 25 E.,
456 3588 128 28 Wilkinson,

89 3613 81 22 Alfred
180 3614 99 27 Domett,
370 3614 22 22 J.
402 3614 26 21 T.
439 3614 78 28 Smith,

89 3640 34 21 W.
135 3640 27 21 O.
174 3640 100 28 Cautley,
368 3641 26 22 T.
407 3640 23 23 J.
441 3641 26 22 B.
478 3642 117 28 Sandford,

88 3667 27 22 E.
126 3666 35 23 W.
174 3667 102 27 Stafford,
369 3668 90 22 Samuel
468 3668 130 28 Parkinson,

89 3694 24 21 C.
125 3693 84 27 Elliott,
328 3700 5 6 •
368 3694 62 22 John
440 3694 30 23 N.
481 3695 56 27 Beit,

87 3719 37 22 W.
136 3720 26 21 L.
174 3720 123 27 Shepherd,
369 3721 99 22 William
479 3722 126 29 Dartnall,,-

82 3746 41 25 ,W.
134 3746 28 22 R.
173 3746 160 29 Walkinshaw,
368 3747 77 23 James
455 3748 97 28 Stirling,

87 3772 93 23 Charles
189 3774 106 26 Empson,
368 3775 88 27 George
466 3775 60 27 Earl,

87 3799 93 24 Donald
191 3800 102 27 Sinclair,
315 3819 5 3 .
368 3802 22 21 J.
401 3802 22 21 J.
430 3802 78 27 -Imne,

58 3831 3 5 1
91 3826 87 28 George
189 3827 34 22 M.
234 3827 82 27 Tytler,
323 3842 11 12 .,
343 3845 2 6 ,
369 3828 97 23 Richard
475 3828 76 28 Mills,,
557 3839 3 3 ■

89 3852 92 27 Eugene
190 3853 101 28 Bellairs,
348 3874 3 4 .
368 3855 83 22 Daniel
461 3856 86 26 Moore,

89 3879 61 22 John
369 3882 84 28 Joseph
460 3882 27 22 F.
499 3882 92 28 Wilson,

89 3905 61 22 John
162 3906 82 28 Cooke,
279 3924 3 3 .
370 3908 78 22 Alfred
460 3909 106 29 Barnard,

89 3932 68 28 R.jjß.
169 3933 143 28 Newcorabe,
334 3945 7 4 -
369 3935 89 22 Samuel
468 3936 77 27 Alder,
581 3957 4 2 .

1887 116 221 26 WHOLESALE
2295 115 176 27 CURRENT.

1987 154 134 19 CORRECTED
2135 156 29 14 UP
2178 155 28 15 TO
2220 155 56 14 LAST
2293 153 81 16 NIGHT.

2226 181 17 19 JS
2265 185 15 13 «.
2305 181 19 17 d.
2378 181 17 17 £
2455 184 11 18 4

1889 212 64 22 Alb:
1966 218 41 21 per
2016 210 48 23 hhd
2084 225 18 9 
2228 210 13 22 7
2269 211 14 20 0
2310 211 15 20 0
2342 203 18 28 .^
2379 209 15 23 7
2418 209 13 22 7
2460 213 12 20 0

2064 245 41 19 per
2109 237 99 25 barrel..
2226 237 14 21 5
2268 238 14 19 0
2309 237 15 20 0
2341 249 18 7 ..
2378 237 15 20 6
2420 238 14 20 0
2460 240 13 20 0

2065 263 90 30 perdoz
2229 264 15 21 0
2258 264 26 20 13
2313 263 15 20 0
2344 276 18 6 ..
2381 264 15 19 0
2410 262 26 21 14
2460 266 14 19 0

1889 291 113 22 Arrack:
2018 290 43 23 Per
2069 292 45 24 gal.
2122 292 26 20 in
2157 289 59 23 bond
2230 291 14 20 0
2272 290 12 19 1
2313 290 15 19 9
2344 302 18 7 ..
2380 290 16 20 0
2422 290 14 19 2
2463 295 14 20 o

1889 317 94 22 Bread:
1999 317 43 22 Per
2049 315 46 25 2lb.
2106 316 50 23 loaf
2169 330 46 6 ....
2231 318 15 19 0
2272 318 14 19 0
2314 315 15 21 5
2345 329 19 7 ..
2382 316 14 20 0
2423 316 14 20 0
2462 319 13 18 0

1889 344 74 23 Beep:
1978 343 78 28 Fresh,
2074 349 90 17 carcase
2180 349 39 21 per

2006 370 32 22 lb.
2056 384 6 6 .
2228 370 14 20 0
2269 369 12 20 0
2297 370 28 20 10
2342 381 19 8 ..
2380 370 15 20 0
2422 369 14 20 0
2460 371 13 19 0

1990 396 61 28 .Salt,
2060 403 42 20 per
2114 396 69 22 tierce
2194 409 19 7 ..
2230 397 15 20 0
2271 397 15 20 0
2312 396 14 20 0
2343 408 19 9 
2382 396 15 21 6
2424 396 13 20 0

1890 424 107 22 Butter:
2015 423 66 27 Irish,
2090 422 79 28 perlb.
2194 423 50 20 ..0
2273 423 11 19 1
2312 422 15 20 2
2344 435 18 7 ..
2381 423 15 20 0
2424 423 11 19 1
2462 423 14 20 5

2011 450 124 22 Fresh....
2232 450 16 20 0
2274 450 14 21 2
2315 449 14 20 6
2346 461 18 7 ..
2382 450 15 19 0
2423 449 14 20 3
2463 450 14 20 0

1889 483 112 16 brandy:
2016 476 59 22 First
2081 475 94 29 quality,
2182 482 39 21 per

2039 503 76 27 gallon
2124 502 25 22 in
2159 501 59 24 bond
2230 503 16 20 0
2273 503 13 20 6
2314 503 15 20 0
2345 515 6 7 .
2357 515 6 7 .
2382 503 14 19 0
2423 502 14 20 8
2463 503 14 20 6

1890 530 86 23 Brown
1996 530 74 22 Stout
2077 537 6 14 :
2107 536 40 21 per
2159 527 53 23 hhd.
2227 529 55 21 610
2310 530 14 20 0
2341 542 6 6 .
2354 542 5 6 .
2382 527 55 23 710
2463 530 13 20 0

1891 558 99 21 Cigars:
2002 556 103 28 Manilla,
2113 562 40 22 per
2158 556 59 25 1000,
2231 556 15 21 3
2273 556 90 20 00..
2381 554 14 21 5
2423 555 14 20 0
2464 556 13 20 0

1999 583 97 22 Inferior
2232 583 14 20 0
2273 583 15 20 0
2314 583 49 20 0..
2382 584 14 18 O
2423 582 14 20 0
2463 583 14 19 0

1999 609 137 26 Havannah,
2141 608 77 27 perlb.
2253 614 61 16 none
2345 608 132 21 ..000

1999 636 170 26 Cbinsurahper
2175 635 70 22 10001
2262 636 26 21 10
2315 636 14 20 0
2345 647 19 8 ..
2382 636 15 20 0
2423 635 14 20 0
2464 636 13 20 0

1999 663 157 22 Alexandrian
2169 664 77 19 ....O
2273 663 14 20 0
2314 663 83 20 0..0
2424 661 14 21 0
2464 663 13 19 0

1891 690 100 23 Coffee:
2002 690 65 27 Java,
2077 697 41 20 per
2125 689 24 22 lb
2232 690 14 20 0
2274 690 14 20 0
2314 689 15 20 6
2345 702 19 6 ..
2382 689 15 20 0
2423 688 14 20 0
2464 689 13 19 9

1891 718 103 21 Cheese:
2009 717 108 21 Cheshire
2232 717 14 19 0
2274 716 11 19 1
2314 716 14 20 6
2345 729 19 6 ..
2382 716 15 20 0
2425 714 11 20 1
2464 716 13 19 9

2008 744 56 21 Pine
2074 741 75 30 Apple
2169 756 45 7 ....
2232 743 14 20 0
2274 744 14 19 0
2315 743 14 19 0
2345 755 19 7 ..
2382 743 15 19 0
2425 741 11 19 1
2464 741 13 21 2

2008 770 76 23 Dutch
2233 770 15 21 0
2274 770 14 20 0
2302 769 27 21 10
2345 782 19 7 ..
2383 770 14 20 0
2425 768 11 20 1
2465 769 13 21 0

1892 798 105 22 Candles
2005 804 5 15 :
2018 797 94 27 English
2119 803 56 20 wax,
2182 802 40 21 per

2034 824 24 21 lb
2232 824 14 20 0
2273 824 13 19 3
2314 824 14 20 0
2345 835 18 7 ..
2383 823 14 20 0
2424 821 13 21 3
2465 823 13 19 6

2022 850 81 21 Mould
2230 850 14 20 0
2274 850 10 18 1
2314 850 14 20 0
2345 863 18 5 ..
2382 850 14 19 0
2424 849 14 19 0
2465 850 12 18 0

2024 877 57 26 Dips
2231 877 15 19 0
2273 877 14 19 0
2314 876 14 19 0
2345 887 19 7 ..
2382 877 14 18 O
2424 875 14 20 0
2465 876 13 19 0

1892 904 93 22 Flour:
1995 905 35 20 Ist
2034 903 93 26 quality,
2137 909 41 20 per
2182 905 38 18 ton

2016 929 27 22 of
2052 931 55 20 2000
2116 928 34 22 lbs
2219 929 27 20 22
2261 929 26 20 10
2314 930 15 19 0
2345 927 52 21 ..25
2425 929 13 20 0
2466 930 12 18 0

1990 957 113 21 2ndditto
2220 955 26 20 15
2274 957 13 19 0
2314 956 15 19 0
2345 955 51 21 ..18
2423 955 14 20 0
2465 956 12 20 0

1892 983 76 22 Flax:
1983 983 30 22 N.
2024 983 26 22 Z.
2060 990 41 21 per
2109 986 38 18 ton
2171 982 76 20 ....15
2274 983 14 19 0
2316 983 13 19 0
2347 995 18 7 ..
2382 983 15 19 0
2423 982 14 20 0
2464 984 13 18 0

1918 1011 45 22 Do.
1964 1022 28 4 —
1993 1010 105 21 onboard
2098 1021 28 4 —
2127 1008 115 29 pressedl7
2270 1009 14 20 0
2310 1010 14 20 0
2343 1022 18 6 ..
2378 1009 14 21 0
2420 1009 14 20 0
2453 1009 22 23 .0

1893 1038 61 21 Gin:
1974 1037 53 22 Pale
2044 1038 24 20 in
2079 1036 59 22 bond
2232 1037 14 19 0
2273 1037 13 19 3
2314 1037 14 19 0
2345 1049 17 6 ..
2381 1037 14 19 0
2422 1035 15 20 4
2463 1038 13 17 0

1942 1064 62 26 Case,
2012 1066 15 19 4
2033 1064 37 26 gal
2079 1064 37 21 4-5
2124 1070 25 15 in
2158 1061 60 23 bond
2232 1063 11 19 1
2273 1063 13 21 8
2314 1064 13 20 0
2345 1076 18 6 ..
2383 1063 11 19 1
2411 1062 26 21 10
2465 1064 12 18 0

1893 1091 81 22 Hams:
1989 1090 130 27 Yorkshire,
2135 1089 83 28 perlb.
2232 1091 14 19 0
2276 1091 10 19 1
2315 1091 14 19 0
2345 1103 19 6 ..
2383 1091 14 19 0
2426 1089 11 20 1
2465 1089 12 20 2

1892 1117 128 22 Mustard:
2036 1118 43 21 Per
2087 1117 71 22 dozen
2171 1118 75 19 ....0
2262 1117 25 20 18
2316 1117 82 20 0..0
2425 1116 14 20 0
2465 1117 14 19 0

1892 1144 115 23 Mutton:
2028 1144 94 22 Carcase
2131 1150 41 21 per
2180 1143 21 21 lb
2212 1158 6 6 .
2233 1144 14 20 0
2274 1144 13 20 0
2315 1144 14 19 9
2346 1157 18 5 ..
2383 1144 14 19 0
2425 1143 13 19 0
2453 1143 24 19 11

1892 1171 123 22 Muskets:
2030 1171 94 22 Walnut
2130 1169 92 22 stocked
2234 1171 14 19 0
2275 1171 13 19 0
2316 1170 14 20 0
2347 1183 17 5 ..
2383 1171 14 19 0
2426 1171 13 19 0
2467 1171 13 19 0

1892 1198 78 22 Milk.
1986 1198 100 27 Perpint
2234 1198 14 19 0
2275 1197 13 19 0
2316 1197 13 19 3
2347 1210 17 5 ..
2383 1198 14 19 0
2425 1197 14 19 0
2465 1198 13 19 4

1892 1225 93 22 Maize:
2001 1232 40 20 per
2049 1225 80 22 bushel
2233 1225 14 19 0
2274 1222 14 22 7
2316 1223 13 20 0
2348 1237 18 6 ..
2383 1225 14 19 0
2426 1224 13 19 0
2465 1225 13 19 0

1893 1252 55 21 Oil:
1965 1251 104 26 Linseed,
2080 1258 40 20 per
2128 1250 74 27 gallon
2212 1265 6 5 .
2234 1251 14 19 0
2275 1249 13 21 7
2316 1250 14 20 0
2347 1264 19 6 ..
2385 1250 54 20 010
2466 1251 13 19 0

1966 1278 78 26 Black,
2049 1278 23 21 in
2078 1277 171 26 cask,perton24
2277 1277 13 20 0
2318 1277 14 19 0
2348 1290 18 6 ..
2385 1278 14 18 0
2427 1278 12 18 0
2466 1279 13 18 0

2002 1306 79 24 Sperm
2230 1305 14 19 0
2271 1304 11 18 0
2312 1304 12 18 0
2343 1317 18 6 ..
2380 1305 14 19 0
2423 1304 12 18 0
2464 1304 12 18 0

1893 1332 76 21 Pork:
1985 1331 77 27 Fresh,
2080 1337 88 15 carcase
2184 1336 39 21 per

2009 1358 23 21 lb
2232 1358 14 19 0
2274 1359 12 19 0
2314 1357 14 20 5
2346 1371 18 5 ..
2382 1358 14 20 0
2423 1358 14 20 0
2465 1358 12 20 0

1893 1385 64 21 Pork
1964 1392 5 14 :
1985 1385 67 26 Irish,
2063 1392 40 20 per
2112 1383 74 22 barrel
2197 1397 5 6 .
2209 1397 6 6 .
2234 1385 14 19 4
2276 1385 13 19 0
2317 1385 13 19 0
2347 1398 6 5 .
2360 1398 6 5 .
2383 1383 14 21 5
2425 1384 13 20 5
2467 1386 12 18 0

1893 1412 130 21 Potatoes:
2045 1411 57 22 New
2115 1410 107 27 Zealand,

2069 1445 41 20 per
2119 1442 37 17 ton
2233 1438 15 20 4
2276 1439 12 19 0
2317 1439 13 19 0
2347 1451 6 6 .
2360 1451 6 6 .
2385 1438 14 21 7
2426 1439 13 20 0
2466 1440 13 18 0

1893 1466 94 21 Porter
1996 1473 5 12 :
2033 1465 100 26 Dunbar,
2144 1464 24 21 in
2176 1464 44 21 bot.

2060 1499 40 20 per
2110 1492 41 21 doz
2233 1492 13 19 0
2274 1492 13 20 0
2316 1492 81 20 0..0
2425 1492 13 20 0
2467 1494 12 18 0

2002 1519 85 27 Bryant
2096 1517 45 23 and
2150 1517 68 22 Davis
2233 1519 13 19 0
2276 1520 12 19 0
2316 1520 13 18 0
2347 1531 18 7 ..
2384 1519 14 19 0
2425 1520 14 19 0
2466 1520 13 19 0

1893 1546 97 21 Pickles
2002 1553 5 13 :
2039 1544 116 27 Assoitfed,
2184 1551 39 20 per

2064 1572 58 25 doz.,
2147 1574 74 23 quarts
2236 1572 52 19 11
2317 1572 14 20 0
2349 1585 17 5 ..
2386 1572 11 20 1
2414 1572 26 21 10
2467 1573 11 18 0

1893 1599 73 22 Pitch
1978 1607 6 14 :
2017 1599 138 25 Stockholm,
2184 1604 39 21 per

2042 1625 72 22 barrel
2236 1626 13 20 0
2276 1626 13 20 0
2317 1626 14 20 0
2347 1639 18 5 ..
2387 1626 10 19 1
2426 1625 13 21 5
2467 1628 12 18 6

1893 1653 94 22 Plank:
2016 1653 53 21 Port
2091 1651 131 26 Nicholson,

2042 1687 39 20 per
2090 1681 41 20 100
2140 1679 45 20 feet
2197 1693 18 5 ..
2235 1680 13 19 0
2263 1680 26 19 10
2316 1680 14 19 0
2347 1693 18 6 ..
2384 1680 14 20 0
2412 1680 26 21 12
2465 1682 12 19 0

1892 1706 70 22 Rice:
1975 1707 110 20 Common
2093 1712 41 21 per
2139 1708 49 18 cwt.
2199 1720 17 5 ..
2236 1707 13 19 0
2276 1708 13 19 0
2317 1707 14 20 0
2347 1719 19 7 ..
2385 1708 13 19 0
2413 1707 26 20 10
2465 1709 12 18 0

1975 1733 66 22 Good
2235 1733 11 19 1
2275 1733 14 20 4
2317 1734 14 19 0
2347 1746 18 7 ..
2385 1733 12 20 I
2413 1734 26 20 10
2465 1736 12 17 0

1893 1760 54 21 Rum
1955 1768 6 13 :
1978 1760 24 21 P.
2013 1760 26 21 B.
2051 1760 33 25 P.,
2099 1766 39 20 per
2147 1759 75 26 gallon

2014 1786 23 22 in
2053 1787 61 22 bond
2234 1788 13 18 0
2274 1787 13 20 3
2316 1787 81 20 0..0
2425 1787 12 20 5
2465 1789 12 19 0

1893 1814 88 21 Sugar:
2000 1814 118 21 Mauritius
2128 1820 40 21 per
2175 1816 47 18 cwt.
2237 1815 13 18 0
2277 1815 14 19 0
2319 1815 48 19 0..
2401 1820 56 15 none

2002 1841 81 21 Brown
2097 1840 55 22 ditto
2169 1854 44 6 ....
2233 1841 11 19 1
2273 1841 13 20 2
2314 1842 14 19 0
2345 1854 17 6 ..
2383 1841 11 19 1
2423 1842 13 19 8
2463 1843 13 18 0

2004 1868 94 21 Refined
2114 1866 52 27 loaf,
2184 1873 38 21 per

2028 1894 21 21 Ih
2235 1896 13 19 0
2276 1896 13 18 0
2319 1895 11 20 7
2348 1908 18 5 ..
2385 1897 12 18 0
2426 1896 12 19 0
2465 1896 12 19 8

2004 1921 94 22 Manilla
2117 1927 40 21 per
2170 1924 46 17 cwt.
2234 1922 10 19 1
2274 1923 12 18 0
2315 1924 13 18 0
2346 1934 18 7 ..
2385 1922 9 19 1
2424 1923 12 19 C
2463 1924 12 18 0

1893 1948 59 21 Salt
1961 1956 4 12 :
1983 1948 126 26 Liverpool,
2119 1954 40 19 per
2168 1951 36 16 ton
2213 1949 35 19 .0
2276 1950 12 19 0
2317 1949 13 19 0
2347 1962 6 5 .
2360 1962 6 5 .
2385 1949 14 20 0
2426 1950 13 19 0
2466 1952 11 17 0

1893 1974 59 21 Soap
1962 1982 4 13 :
1994 1974 102 22 Hawes's
2119 1973 102 27 London,

2020 2004 84 22 perton
2182 2000 106 19 *..2O'o
2316 2002 14 17 O
2347 2001 51 18 ..23
2427 2002 12 18 0
2466 2002 10 17 h

2011 2026 119 27 Liverpool
2221 2025 27 21 16
2276 2026 12 19 0
2317 2027 14 19 0
2347 2026 50 20 ..18
2426 2027 11 18 0
2465 2027 12 19 0

1887 2070 2 9 k
1894 2053 103 21 STAitcn:
2014 2052 74 22 Perlb
2236 2053 14 19 0
2277 2053 14 19 0
2319 2053 13 19 9
2349 2065 18 7 ..
2387 2053 12 19 0
2429 2054 8 19 1
2467 2054 11 19 0

1894 2079 143 22 Scantling:
2053 2079 43 21 Per
2103 2080 40 21 100
2152 2078 66 22 feet..
2237 2079 14 20 0
2278 2079 13 20 8
2319 2080 13 19 0
2350 2093 18 5 ..
2387 2080 13 20 0
2415 2079 25 21 12
2467 2082 11 18 0

1895 2107 114 20 Shingles
2018 2114 4 13 :
2039 2106 42 21 Per
2089 2107 60 24 1000,
2159 2105 28 21 N.
2196 2105 25 21 Z.
2236 2106 13 20 0
2277 2106 13 20 Q
2319 2107 13 19 0
2349 2119 5 5 .
2361 2120 6 4 .
2386 2108 13 18 0
2415 2107 25 20 12
2466 2108 11 19 0

2025 2133 70 27 Ditto,
2118 2132 27 22 V.
2156 2132 29 22 D.
2196 2131 26 22 L.
2236 2133 13 19 0
2277 2133 13 19 0
2319 2134 14 19 0
2349 2147 19 5 ..
2387 2134 12 19 0
2415 2134 25 20 10
2466 2135 12 19 6

1894 2160 49 21 Tau
1951 2176 5 5 .
1973 2160 54 22 Coal
2237 2159 11 19 1
2278 2160 11 18 1
2319 2160 49 20 0..
2387 2160 14 20 0
2429 2162 12 19 0
2466 2163 13 18 0

1976 2187 130 22 Stockholm
2239 2186 10 20 I
2279 2187 10 19 1
2319 2187 82 20 0..0
2428 2189 12 18 0
2466 2189 13 18 0

1895 2214 47 21 Tea
1951 2222 5 13 :
1966 2214 81 27 Hyson
2052 2213 56 27 skin,
2114 2220 40 21 per
2164 2213 61 21 chest
2237 2214 13 20 5
2279 2214 13 21 0
2320 2214 13 20 0
2350 2227 18 6 ..
2388 2213 13 21 7
2429 2214 12 21 7
2467 2216 12 18 0

1969 2241 93 26 Congou
2226 2241 25 20 10
2279 2242 13 19 0
2319 2242 14 19 0
2350 2254 18 6 ..
2387 2242 12 19 0
2416 2242 23 19 18
2466 2242 13 19 0

1894 2267 105 22 Tobacco
2008 2275 5 13 :
2027 2266 142 28 Negrohead,
2187 2273 38 20 per

2053 2294 31 21 lb.
2097 2294 24 21 in
2137 2293 59 21 bond
2237 2295 13 19 0
2279 2295 8 19 1
2319 2295 35 20 0.
2362 2308 5 6 .
2387 2296 12 18 0
2429 2295 9 20 1
2466 2296 13 19 6

1895 2321 163 22 Turpentine:
2074 2321 43 22 Per
2121 2320 98 28 gallon..
2238 2322 13 19 0
2278 2322 13 19 8
2319 2322 14 19 0
2350 2334 18 6 ..
2388 2322 13 19 0
2415 2322 26 21 10
2466 2323 13 18 0
2494 2319 2 16 <

1895 2348 161 22 Whalebone:
2073 2348 91 22 Perton
2225 2349 26 21 90
2278 2349 13 20 0
2319 2348 96 21 0..U0
2427 2350 13 19 0
2466 2351 13 18 0

1895 2374 82 22 Wine:
1992 2375 90 27 Sherry,
2092 2381 41 21 per
2140 2374 79 27 pipe..
2224 2376 27 19 28
2278 2376 14 19 0
2320 2376 14 19 0
2350 2376 51 19 ..40
2429 2377 11 19 0
2466 2378 13 17 0

2004 2402 70 26 Ditto,
2090 2409 41 19 per
2144 2401 79 21 dozen.
2239 2402 9 20 1
2277 2402 15 20 4
2319 2402 14 20 0
2350 2416 18 5 ..
2387 2402 13 20 2
2415 2402 25 20 10
2467 2404 12 18 0

2004 2429 61 27 Port,
2075 2436 40 20 per
2125 2427 50 29 pipe
2200 2430 50 20 ..28
2277 2430 14 20 0
2319 2430 14 19 0
2349 2430 51 20 ..60
2427 2430 12 20 0
2465 2430 12 19 0

2070 2457 99 26 perdoz.
2198 2468 18 7 ..
2236 2456 11 21 1
2276 2456 13 21 8
2317 2457 15 20 0
2348 2470 18 5 ..
2384 2456 14 22 2
2425 2457 12 20 8
2463 2457 13 19 0

2003 2482 150 29 Champagne,
2168 2481 54 22 ditto
2235 2483 14 20 2
2276 2483 13 20 5
2317 2484 14 19 0
2347 2496 6 6 .
2360 2496 5 5 .
2383 2483 15 20 4
2413 2484 25 19 10
2464 2484 12 19 0

1895 2509 121 22 Poultry:
2032 2510 79 26 Fowls,
2119 2515 40 21 per
2164 2509 48 27 pair
2218 2524 5 6 .
2239 2511 13 19 0
2279 2510 13 20 8
2321 2511 13 19 0
2350 2522 18 7 ..
2387 2511 14 19 0
2415 2510 25 21 16
2466 2512 13 17 0

2030 2536 84 28 Ducks,
2126 2535 56 22 ditto
2200 2549 18 6 ..
2237 2538 14 19 0
2266 2536 25 21 16
2319 2537 14 19 0
2349 2550 19 5 ..
2387 2538 13 19 0
2428 2538 12 19 0
2465 2537 13 19 0

2032 2564 79 26 Geese,
2122 2562 56 23 each
2199 2576 5 6 .
2211 2576 6 6 .
2237 2564 11 19 1
2277 2564 13 19 0
2318 2564 13 19 0
2349 2576 5 6 .
2361 2576 5 6 .
2385 2564 14 19 0
2427 2565 12 19 0
2465 2564 12 19 0

2029 2590 109 28 Turkeys,
2149 2588 54 22 each
2237 2590 55 21 010
2319 2591 14 20 0
2350 2603 19 6 ..
2387 2590 15 20 0
2429 2592 12 19 0
2466 2591 11 19 0

2031 2617 103 27 Pigeons,
2145 2616 77 27 (wild,)

2056 2651 41 21 per
2106 2642 48 30 pair
2237 2644 14 20 0
2279 2644 10 20 1
2319 2644 82 21 0..0
2426 2645 13 20 2
2465 2644 12 19 0

2031 2671 83 26 Ducks,
2124 2670 35 22 do.
2170 2670 36 21 do.
2214 2684 6 5 .
2239 2672 12 19 0
2278 2671 15 20 4
2319 2671 15 20 0
2350 2684 19 6 ..
2387 2672 14 19 0
2429 2672 12 19 6
2465 2672 12 18 0

1895 2698 73 22 Eggs:
1985 2698 43 22 Per
2039 2698 71 21 dozen
2239 2698 13 20 0
2279 2698 14 20 2
2320 2698 14 20 6
2350 2711 19 6 ..
2387 2698 15 19 0
2428 2699 12 20 3
2465 2698 13 19 0

1895 2726 77 21 Cows:
1986 2726 71 21 Milch
2227 2724 24 21 15
2279 2726 14 19 0
2319 2726 15 19 0
2350 2724 50 21 ..25
2428 2726 12 19 0
2465 2726 12 18 0

1895 2752 96 23 Mares:
2007 2752 75 22 Broud
2223 2752 28 20 50
2277 2752 14 20 0
2319 2753 14 19 0
2349 2753 52 20 ..80
2427 2753 12 19 0
2464 2752 12 19 0

1895 2780 116 21 Working
2029 2780 133 21 Bullocks:
2185 2778 42 21 Per

1921 2807 50 27 pair
2225 2806 28 19 40
2279 2806 14 19 0
2321 2806 14 19 0
2351 2806 51 19 ..60
2429 2806 12 19 0
2465 2805 13 18 0

1896 2833 64 22 Hire
1970 2841 26 14 of
2008 2841 67 14 ditto
2082 2840 6 14 :
2103 2833 44 22 Per
2154 2832 49 27 day,
2212 2839 14 14 a

1922 2863 61 18 team
1992 2860 47 21 and
2045 2860 74 21 driver
2241 2859 9 20 1
2277 2860 17 19 O
2321 2860 14 19 0
2351 2872 19 6 ..
2388 2859 13 20 2
2429 2860 12 19 0
2466 2859 12 19 0

1896 2886 87 23 Sheep:
1999 2886 62 22 Each
2239 2886 10 20 1
2278 2886 14 21 0
2319 2887 14 20 0
2349 2898 20 7 ..
2389 2886 10 20 1
2428 2886 11 20 8
2465 2886 12 19 0

1896 2913 63 22 Boat
1969 2913 75 22 Hire:
2058 2913 44 22 Per
2107 2913 50 29 day,
2162 2911 63 22 with-

2086 2943 40 18 out
2135 2938 70 21 hands
2215 2954 7 5 .
2236 2940 13 19 0
2265 2939 26 20 10
2319 2940 14 19 0
2349 2952 19 7 ..
2389 2940 8 19 1
2429 2940 12 20 0
2466 2939 11 20 0

1895 2966 87 22 Wages
1988 2973 5 14 :
2022 2966 140 26 Mechanics,
2187 2972 39 20 per

2049 2993 63 22 week
2238 2992 14 20 2
2278 2993 15 19 0
2319 2993 14 20 0
2350 3005 19 7 ..
2386 2993 15 20 2
2415 2993 27 21 10
2466 2993 11 20 0

2032 3020 126 22 Labourers
2175 3032 44 7 ....
2239 3020 10 19 1
2277 3019 16 20 4
2319 3020 14 19 0
2350 3032 19 7 ..
2389 3020 10 20 1
2416 3021 26 20 10

2131 3045 120 23 DUTIES.

1896 3074 98 22 British
2006 3074 91 22 Spirits
2309 3074 33 21 4s.
2351 3079 41 21 per
2400 3072 75 28 gallon.

1896 3101 105 22 Foreign
2013 3100 56 23 ditto
2310 3100 32 21 ss.
2352 3107 40 20 per
2399 3100 76 24 gallon.

1896 3128 105 22 Tobacco
2010 3127 177 27 manufactured,
2313 3128 30 21 Is.
2351 3134 40 20 per
2399 3127 30 21 lb.

2009 3154 206 24 Unmanufactured
2310 3153 37 23 sJd.
2357 3161 40 20 per
2403 3153 30 22 lb.

1897 3182 74 22 Snuff
2085 3197 5 13 ,
2310 3182 32 21 2s.
2351 3187 39 21 per
2397 3180 31 21 lb.

1897 3209 86 21 Cigars
2311 3209 33 20 2s.
2353 3214 39 21 per
2400 3206 29 23 lb.

1896 3235 83 23 Wines
2303 3235 26 21 15
2342 3241 39 21 per
2389 3236 53 19 cent.

1896 3262 56 27 Tea,
1966 3263 86 27 Sugar,
2068 3263 94 31 Flour,;
2174 3262 96 27 Wheat,
2277 3263 11 32 ]

1914 3290 47 22 and
1969 3290 65 22 other
2044 3290 87 27 Grain,
2131 3304 4 3 •
2139 3290 18 20 '&'
2163 3296 43 20 per.
2211 3293 59 18 cent,
2282 3285 6 25 I
2314 3302 26 15 „■,
2352 3309 26 8 va
2380 3302 7 10 i
2390 3308 54 9 nvom

1895 3316 41 22 All
1945 3316 63 29 o,ther
2017 3316 255 28 FoßßiGNßttHfoctions
2281 3310 14 40 f
2313 3303 29 21 ad
2352 3303 99 21 valorem,

1910 3342 44 22 and
1959 3344 169 22 manufactures
2135 3344 26 22 10
2166 3349 39 21 per
2211 3347 58 18 cent.
2275 3338 13 32 J

2099 3369 185 24 EXCHANGE.

1898 3450 35 22 On
1942 3451 90 33 Sydney
2316 3452 71 22 Ditto.

1898 3477 87 23 Private
1995 3477 51 23 bills
2293 3477 110 23 Nominal.

1905 3540 5 4 ■
1917 3535 40 17 The
1968 3535 48 16 New
2026 3535 100 17 Zealand
2136 3536 91 16 Gazette
2233 3537 37 16 and
2281 3537 131 16 Wellington
2423 3535 51 16 Spec-

1897 3560 64 17 tatcjr
1966 3556 16 17 is
1988 3556 98 21 published
2091 3560 56 17 every
2153 3557 112 21 Wednesday
2274 3558 37 16 and
2322 3557 90 19 Saturday.
2432 3554 40 17 Sub-

1895 3576 62 22 joined
1963 3581 31 11 are
2001 3577 31 15 the
2039 3578 64 16 terms:
2105 3586 23 4 —

1917 3598 64 16 Price
1987 3601 25 13 o*
2019 3602 41 13 thb
2067 3598 97 17 Pa»eb.—
2164 3598 54 21 Forty
2223 3598 84 21 shillings
2312 3603 33 16 per
2354 3601 72 15 annum,
2430 3601 6 11 >

1897 3618 40 17 able
1942 3618 20 16 in
1969 3618 81 18 advance
2054 3624 5 15 ;
2070 3624 21 12 or
2096 3624 36 12 one
2138 3619 75 22 shilling
2218 3620 29 16 for
2251 3619 59 21 single
2316 3619 90 17 numbers.

1917 3639 157 18 Advertisements
2081 3640 38 18 wall
2124 3641 34 16 not
2163 3644 65 17 appear
2236 3640 22 17 in
2268 3640 31 17 the
2309 3643 78 16 ensuing
2396 3637 71 17 number

1897 3660 16 16 if
1921 3660 83 16 received
2009 3660 48 17 later
2062 3661 47 17 than
2147 3660 73 20 o'clock,
2227 3665 49 15 a.m.,
2281 3664 25 13 on
2312 3661 31 15 the
2349 3658 88 20 mornings
2444 3657 27 15 be-

1896 3681 39 16 fore
1947 3679 120 22 publication.
2088 3682 157 17 Advertisements
2257 3681 39 17 will
2305 3681 23 17 be
2338 3679 94 18 continued
2438 3679 31 15 «na

1897 3702 78 20 charged
1984 3702 51 16 until
2043 3702 166 20 counter-ordered;
2220 3702 46 17 such
2272 3702 52 17 order
2329 3702 50 16 must
2383 3701 22 16 be
2411 3699 39 17 sent
2456 3698 16 14 to

1898 3723 30 16 the
1937 3722 55 16 Office
2004 3724 37 16 two
2059 3723 45 21 days
2122 3723 61 18 before
2192 3723 117 21 publication,
2320 3722 37 16 and
2365 3721 49 17 must
2423 3720 20 15 be
2453 3718 17 15 in

1897 3743 78 20 writing.
1998 3743 158 18 Advertisements
2169 3744 80 16 received
2267 3743 52 22 after
2336 3743 21 16 10
2372 3740 65 18 o'clock
2450 3741 20 13 on
2495 3742 2 5 ■

1898 3764 82 20 Tuesday
1992 3764 37 16 and
2040 3765 66 20 Friday
2116 3765 93 20 mornings
2220 3764 38 16 will
2267 3765 22 15 be
2300 3763 76 20 charged
2387 3761 49 17 twice
2443 3760 27 15 tne

1898 3784 53 17 usual
1955 3785 54 16 rates.

1917 3805 31 16 All
1954 3805 68 19 orders,
2032 3805 158 20 advertisements,
2200 3805 36 16 and
2246 3803 161 18 communications
2417 3804 19 13 to
2444 3801 27 14 tne

1898 3825 69 20 Editor,
1972 3828 31 14 are
2008 3827 99 19 requested
2112 3829 19 14 to
2138 3827 24 15 be
2166 3825 97 17 addressed
2268 3826 19 15 to
2293 3824 38 17 this
2336 3824 61 17 Office.
