2550 4060
1973 1392 96 24 NEWS
2091 1393 101 23 FROM
2211 1394 176 23 ENGLAND.

82 1281 100 26 January,
193 1281 34 24 15,
238 1281 103 21 schooner
354 1282 66 19 Three
426 1282 110 23 Brothers,
548 1282 26 20 32
584 1284 56 21 tons,

54 1308 102 25 Jackson,
166 1309 53 20 from
230 1308 75 21 Queen
315 1309 108 20 Charlotte
434 1309 79 20 Sound.

85 1336 95 27 January
199 1336 34 25 16,
252 1336 79 27 barque
353 1337 86 25 Tyrian,
461 1336 48 25 225,
530 1336 110 22 Clarkson,

56 1364 54 21 from
120 1364 82 26 Cloudy
213 1363 52 26 Bay.

294 1408 117 20 SAILED.

83 1441 95 27 January
188 1441 31 24 16,
228 1441 105 19 schooner
341 1441 73 26 Ocean,
423 1441 26 20 30
460 1443 57 23 tons,
524 1441 116 26 Ferguson,

52 1468 37 21 for
99 1468 72 21 Otaki.

279 1517 33 21 IN
329 1519 86 21 PORT.

80 1552 86 26 Barque
185 1551 132 26 Indemnity,
335 1552 41 20 312
402 1556 57 20 tons,
480 1553 26 20 R.
527 1552 115 26 Sedgwick.

52 1579 93 27 Agents,
156 1579 112 27 Ridgways
279 1580 43 19 and
332 1579 39 20 Co.
399 1580 96 26 Loading
504 1580 33 21 for
544 1580 98 21 London.

81 1608 112 20 Schooner
212 1608 61 24 Ann,
298 1608 27 20 22
345 1610 59 17 tons.
434 1608 53 20 Laid
512 1615 37 19 up.

81 1635 109 21 Schooner
214 1635 65 26 Erin,
306 1636 27 19 25
359 1639 58 17 tons.
446 1635 54 20 Laid
509 1642 37 20 up.

82 1663 108 21 Schooner
195 1663 73 20 Maori
274 1663 74 26 Davis,
357 1664 26 18 15
390 1666 59 18 tons.
479 1663 123 27 Repairing.

49 1694 4 7 '
82 1691 52 26 Brig
153 1691 98 23 Gannett,
261 1690 42 21 322
319 1693 56 22 ton;,
391 1691 100 24 Nicholl..
515 1691 67 21 Waitt
602 1691 40 21 and

55 1719 75 26 Tyser,
139 1717 89 28 Agents.

84 1747 107 19 Schooner
208 1745 61 27 Lady
291 1746 75 25 Leigh,
389 1747 39 19 109
448 1749 57 21 tons,
530 1746 111 21 Cuthbert.

56 1773 69 21 Waitt
134 1774 41 20 and
185 1773 71 26 Tyser,
268 1773 89 26 Agents.

84 1801 107 21 Schooner
197 1801 76 20 Nelson
282 1801 85 25 Packet,
376 1801 26 20 20
409 1802 56 23 tons,
476 1800 58 22 Cole.
563 1801 78 26 Agent,

56 1829 99 26 Captain.

84 1857 108 20 Schooner
202 1856 110 21 Susannah
322 1856 54 25 Ann,
389 1856 34 24 79,
440 1856 83 21 Brown.
552 1857 88 25 Agents,

58 1884 84 21 Samuel
151 1884 41 21 and
201 1883 90 27 Joseph.

49 1914 4 7 '
85 1911 75 22 Cutter
178 1912 105 24 Finnetta,
303 1912 24 20 12
345 1913 55 25 tons,
418 1912 95 20 Watson.
544 1912 97 26 Captain,

55 1940 79 26 Agent.

85 1967 64 26 Sloop
157 1966 66 26 Royal
230 1966 103 24 William,
341 1966 26 20 43
377 1969 56 22 tons,
442 1967 82 20 Lovstt.
553 1968 88 26 Agents,

51 1994 98 22 .Wallace
159 1994 40 21 and
214 1993 40 21 Co.

85 2021 108 22 Schooner
199 2034 4 9 i
207 2021 39 20 Sir
254 2020 58 21 John
328 2022 109 23 Franklin,
447 2023 28 19 52
491 2024 55 22 tons,
566 2022 76 27 Camp-

56 2048 51 23 bell,
137 2048 55 21 Hort
200 2048 42 20 and
253 2048 49 22 Co.,
312 2049 88 25 Agents.

84 2076 76 20 Cutter
168 2076 75 23 Leven,
255 2076 27 19 24
301 2078 56 22 tons,
373 2075 100 27 Hensley.
505 2076 82 20 Samuel
602 2077 41 20 and

56 2103 89 27 Joseph,
157 2100 88 29 Agents.

85 2131 107 21 Schooner
209 2130 67 20 Three
292 2131 108 24 Brothers,
420 2131 26 19 32
465 2133 57 23 tons,
540 2131 102 21 Jackson.

57 2158 99 27 Captain,
166 2159 76 25 Agent.

85 2186 82 26 Barque
186 2186 87 25 Tyrian,
292 2186 41 21 225
344 2188 59 22 tons,.
419 2185 110 21 Clarkson.
559 2187 84 20 Samuel

61 2214 42 20 and
111 2213 86 27 Joseph,
209 2215 87 23 Agents.

227 2274 123 21 CUSTOM
367 2275 108 20 HOUSE.

1275 138 123 31 Tarajiaki,
1409 140 46 24 and
1462 139 95 29 Nelson,
1564 140 63 24 there
1634 148 38 15 are
1677 141 70 23 3499
1752 139 104 25 (children

1275 173 45 22 and
1325 172 109 32 .dividing
1454 172 69 29 them,
1537 180 32 16 we
1590 172 56 24 have
1667 173 71 28 1750,
1744 172 57 24 male
1813 172 43 23 and

1277 207 65 24 1750
1347 206 13 24 '
1360 206 82 24 female
1469 205 117 24 children;'
1616 205 49 25 Not
1673 205 67 31 ;pnly',
1745 204 111 25 therefore

1275 238 20 23 is
1307 238 38 24 the
1356 239 102 24 increase
1473 238 72 30 likely
1557 244 24 18 to
1592 238 28 23 be
1632 238 142 30 enormously
1787 245 69 25 supe-

1274 271 47 24 rior
1331 271 57 24 from
1399 271 38 24 the
1446 270 93 24 relative
1549 271 142 32 proportions
1699 271 25 23 of
1733 271 38 23 the
1780 271 76 23 adults

1274 303 41 25 but
1326 305 24 23 in
1362 305 100 24 addition
1473 304 23 23 to
1516 304 48 23 that
1576 311 33 16 we
1620 304 56 23 have
1688 304 90 30 already
1792 305 64 22 twice

1275 345 25 15 as
1319 345 70 22 many
1409 337 102 23 children
1529 337 26 23 of
1573 336 122 31 European
1717 337 94 23 descent
1831 345 24 15 as

1275 370 77 24 Maori
1362 371 66 23 born.

1309 404 24 23 A
1356 404 77 22 Maori
1463 402 44 30 lad,
1529 402 51 24 who
1599 404 20 22 is
1639 402 68 24 much
1728 402 69 24 about
1815 411 42 15 our

1275 437 72 27 office,
1355 436 74 24 stated
1438 444 15 15 a
1460 436 41 23 few
1511 435 56 31 days
1575 437 69 26 since,
1652 435 50 23 that
1709 435 38 24 the
1756 435 100 24 Maories

1275 470 65 22 could
1361 470 68 30 bring
1439 469 43 23 five
1502 468 103 24 hundred
1623 468 98 31 fighting
1739 475 51 16 men
1808 469 48 22 into

1275 502 38 23 the
1324 503 53 26 field
1389 503 34 23 for
1435 509 67 23 every
1512 502 45 23 five
1568 501 45 24 and
1623 506 82 25 twenty
1716 501 66 24 white
1794 509 60 16 men.

1275 534 58 25 This
1344 537 20 22 is
1376 541 38 18 ten
1426 540 23 18 to
1462 542 50 16 one.
1549 535 34 24 Of
1593 542 78 15 course
1684 535 28 22 he
1724 534 53 30 only
1791 534 66 23 made

1275 569 114 23 reference
1397 573 23 19 to
1428 569 37 22 the
1472 567 143 31 Wellington
1622 567 137 24 settlement.
1781 567 76 26 There

1275 609 39 16 are
1327 603 64 25 1247
1404 602 66 23 white
1483 609 53 16 men
1547 602 24 22 in
1583 601 44 22 this
1642 600 63 31 place
1714 609 7 19 ;
1736 599 42 24 this
1789 608 67 15 num-

1275 634 40 24 ber
1326 634 128 32 multiplied
1470 634 31 31 by
1514 635 31 23 20
1561 633 73 24 would
1645 633 67 24 make
1732 633 39 26 the
1781 633 76 25 Maori

1275 667 61 25 force
1348 670 105 28 24,940;
1467 667 49 24 Mr.
1528 666 104 24 Clarke's
1641 672 78 18 return
1726 667 20 22 is
1757 667 99 28 11,650.

1276 700 51 24 Our
1349 709 99 24 purpose
1465 701 24 23 in
1510 701 87 32 stating
1616 699 46 24 this
1673 700 20 23 is
1704 704 41 18 not
1756 704 22 19 to
1798 700 59 22 raise

1276 742 13 15 a
1300 734 70 25 doubt
1382 736 69 23 about
1462 734 38 23 the
1507 738 141 19 correctness
1657 732 26 23 of
1691 733 49 26 Mr,
1752 732 105 24 Clarke's

1276 771 128 26 statement,
1417 768 41 23 but
1466 767 85 30 merely
1562 771 23 19 to
1593 766 62 24 show
1665 766 47 24 that
1722 766 38 24 the
1771 766 87 24 natives

1276 808 29 23 go
1329 807 39 18 not
1385 806 23 21 to
1430 800 64 24 work
1518 800 95 23 without
1635 799 137 31 calculating
1794 800 64 23 there

1276 842 95 23 powers.
1416 835 24 23 It
1457 835 20 22 is
1497 842 15 15 a
1532 834 89 23 curious
1632 833 47 23 fact
1691 833 49 24 that
1751 842 13 15 a
1775 841 83 23 savage

1276 868 81 23 should
1369 868 57 24 have
1439 867 125 32 attempted
1577 872 22 19 to
1611 866 66 24 make
1696 874 46 23 any
1759 866 99 25 calcula-

1277 902 46 22 tion
1346 901 70 24 about
1443 901 94 23 relative
1566 901 117 27 numbers,
1704 900 95 24 without
1821 900 37 24 his

1276 939 127 27 opponents
1413 934 69 30 being
1493 933 118 24 mustered
1627 933 76 23 bafore
1721 933 56 24 him.
1808 933 50 24 The

1276 967 71 23 whole
1381 966 63 24 adult
1467 966 69 23 white
1562 966 133 30 population
1722 967 24 21 in
1773 966 85 24 Cook's

1277 1000 83 23 Straits
1371 1004 63 18 must
1442 999 28 22 be
1477 999 70 24 about
1555 1000 65 22 3200
1628 1006 6 20 ;
1648 999 96 30 making
1752 999 37 24 the
1797 999 61 23 adult

1277 1033 101 23 Maories
1396 1032 76 24 rather
1491 1031 47 27 less
1556 1031 55 23 than
1623 1032 50 22 four
1691 1035 22 19 to
1731 1039 43 15 one
1793 1033 65 22 times

1275 1073 63 16 more
1347 1073 122 16 numerous
1482 1065 55 23 than
1547 1065 40 22 the
1597 1064 66 23 white
1675 1064 82 25 adults.

1310 1098 51 24 The
1379 1098 124 31 inequality
1520 1098 102 23 between
1641 1098 39 22 the
1700 1105 66 16 sexes
1778 1098 26 23 of
1822 1098 37 23 the

1277 1133 74 23 native
1362 1132 131 32 population
1502 1131 47 23 will
1560 1131 29 23 be
1601 1131 131 23 considered
1743 1131 116 24 remarka-

1275 1166 46 28 ble,
1334 1166 44 24 and
1398 1173 30 16 an
1440 1164 145 32 explanation
1606 1164 19 23 is
1643 1172 129 23 necessary.
1809 1165 50 23 The

1277 1207 67 16 cause
1356 1199 25 24 of
1390 1200 27 28 it,
1430 1206 32 15 we
1474 1206 37 15 are
1523 1198 102 29 assured,
1636 1198 20 23 is
1669 1197 49 24 that
1730 1197 37 24 the
1779 1198 81 23 female

1277 1233 109 28 children,
1400 1234 23 21 in
1441 1232 38 23 the
1491 1231 57 30 days
1560 1230 65 24 when
1637 1239 46 15 war
1694 1239 46 15 was
1752 1232 30 23 all
1795 1232 23 23 in
1830 1232 29 24 all

1277 1267 24 22 in
1313 1267 56 22 New
1382 1265 108 28 Zealand,
1503 1265 56 22 used
1576 1269 23 18 to
1617 1265 27 22 be
1656 1265 119 31 destroyed
1792 1266 68 31 being

1278 1300 132 23 considered
1422 1307 13 15 a
1446 1298 107 23 burthen.
1582 1298 50 23 The
1644 1303 78 18 recent
1732 1306 58 16 wars
1802 1307 58 15 were

1278 1333 69 24 about
1367 1340 95 16 women.
1498 1331 52 23 The
1570 1336 59 18 want
1641 1332 26 22 of
1685 1332 63 23 them
1763 1340 44 15 was
1820 1333 42 23 felt

1279 1367 43 23 and
1335 1366 40 24 has
1388 1364 134 26 occasioned
1535 1365 37 23 the
1585 1364 64 24 death
1663 1365 25 23 of
1702 1366 125 23 thousands
1839 1367 23 23 of

1279 1408 60 16 men.
1375 1399 51 24 The
1437 1398 82 24 female
1533 1398 60 23 child
1611 1406 44 15 was
1674 1398 73 24 killed
1764 1399 96 24 because

1279 1434 92 23 deemed
1380 1442 15 14 a
1404 1434 108 22 nuisance
1519 1436 23 19 to
1551 1432 112 23 warriors.
1694 1432 56 23 And
1756 1432 39 24 the
1803 1433 57 23 male

1279 1475 45 14 was
1345 1467 73 23 killed
1434 1467 24 22 in
1475 1466 110 29 maturity
1596 1465 96 24 because
1703 1473 88 16 women
1803 1474 58 15 were

1279 1507 83 17 scarce.
1400 1499 63 24 Such
1480 1506 80 16 causes
1572 1498 25 24 of
1615 1505 45 17 war
1679 1499 45 23 had
1745 1500 37 22 the
1796 1500 65 23 white

1279 1541 52 16 men
1344 1533 114 24 remained
1475 1540 70 22 away,
1560 1531 72 31 might
1650 1531 57 24 have
1719 1533 57 23 been
1788 1534 73 22 main-

1279 1568 83 27 tained,
1374 1566 45 24 and
1436 1566 78 30 nearly
1526 1566 56 22 total
1594 1566 160 31 depopulation
1766 1567 24 25 in
1802 1566 60 24 New

1280 1601 100 23 Zealand
1393 1599 74 31 might
1477 1599 58 23 have
1554 1599 57 23 been
1623 1599 39 23 the
1674 1607 155 24 consequence
1839 1601 23 22 in

1280 1642 13 15 a
1304 1634 43 23 few
1358 1642 74 22 years.

1314 1667 50 24 The
1376 1668 75 23 native
1463 1667 131 31 population
1614 1667 25 23 of
1654 1667 37 23 the
1710 1667 89 23 Middle
1819 1667 44 23 and

1281 1701 115 23 Southern
1409 1700 79 24 Island
1499 1701 21 22 is
1532 1708 50 16 now
1594 1708 53 23 very
1660 1700 75 23 small.
1778 1701 24 23 A
1820 1700 43 23 few

1280 1742 65 23 years
1358 1735 62 23 since
1430 1734 63 23 there
1506 1742 58 17 were
1578 1735 71 27 1,200
1663 1738 22 19 at
1696 1733 83 32 Otago,
1800 1733 63 24 there

1281 1776 37 16 are
1341 1773 39 18 not
1398 1776 63 15 more
1481 1767 62 23 there
1561 1775 50 15 now
1629 1768 55 22 than
1702 1769 41 26 50,
1764 1768 44 22 and
1827 1768 36 23 the

1281 1802 85 23 natives
1389 1801 116 31 generally
1538 1801 71 31 speak
1639 1800 52 23 with
1720 1801 143 27 remarkable

1280 1835 145 23 indifference
1446 1835 24 23 of
1494 1834 39 23 the
1554 1833 124 26 extinction
1691 1835 26 22 of
1732 1834 58 24 their
1803 1842 59 16 race.

1281 1868 66 31 They
1370 1876 41 22 say
1430 1868 38 23 the
1488 1867 66 24 lands
1573 1876 38 15 are
1625 1868 35 23 for
1672 1867 37 24 the
1722 1867 67 24 white
1802 1876 60 15 men.

1281 1902 42 23 We
1346 1902 54 23 here
1423 1902 93 22 witness
1540 1901 37 23 the
1600 1900 142 24 remarkable
1766 1906 97 19 contrast

1281 1935 100 24 between
1402 1935 38 24 the
1462 1942 82 24 savage
1565 1935 45 22 and
1628 1935 39 23 the
1686 1935 104 23 civilized
1802 1943 61 16 man.

1281 1969 50 23 The
1344 1976 62 16 more
1418 1968 139 31 thoroughly
1578 1976 51 15 man
1650 1969 20 22 is
1691 1976 14 14 a
1726 1976 82 23 savage
1827 1969 36 23 the

1280 2008 98 25 greater,
1390 2003 141 32 apparently,
1543 2003 21 21 is
1576 2001 37 24 his
1623 2002 146 23 indifference
1776 2007 23 18 to
1808 2001 40 24 life
1856 2011 6 19 ;

1281 2035 44 23 and
1339 2036 36 22 the
1387 2043 63 15 more
1461 2035 80 29 highly
1554 2035 28 22 he
1590 2036 19 21 is
1618 2035 101 23 civilized
1730 2034 37 24 the
1776 2041 87 23 greater

1282 2068 34 23 his
1328 2067 48 24 fear
1389 2067 25 23 of
1429 2067 75 24 death.

1315 2106 43 24 We
1371 2107 58 29 hope
1440 2105 37 23 the
1487 2105 81 31 people
1581 2105 23 23 in
1616 2105 36 23 the
1666 2105 65 23 north
1745 2105 44 23 will
1808 2106 57 31 pub-

1282 2140 43 23 lish
1340 2139 85 24 similar
1438 2139 122 22 statistical
1578 2139 79 28 tables,
1679 2147 24 14 as
1717 2138 53 32 they
1782 2139 44 23 will
1839 2140 26 23 be

1282 2173 148 29 exceedingly
1442 2171 103 25 valuable
1559 2173 23 22 in
1594 2180 67 22 many
1673 2178 109 24 respects.

1316 2213 50 24 The
1387 2213 125 23 numerical
1533 2213 136 31 superiority
1692 2213 25 23 of
1746 2213 37 23 the
1804 2213 64 23 adult

1284 2248 75 22 Maori
1373 2246 141 32 population,
1528 2246 117 23 combined
1664 2246 53 23 with
1738 2247 58 23 their
1813 2255 53 22 pre-

1282 2285 52 18 sent
1345 2280 72 23 belief
1427 2280 47 22 that
1486 2279 39 24 the
1538 2279 67 24 white
1623 2288 54 15 man
1695 2280 19 23 is
1732 2279 93 24 inferior
1844 2286 22 17 to

1283 2314 38 23 the
1340 2314 83 28 native,
1444 2313 94 24 renders
1559 2321 13 15 a
1595 2310 154 27 considerable
1768 2314 98 31 military

1282 2347 48 24 fore
1343 2347 109 25 essential
1465 2351 22 19 to
1500 2346 38 24 the
1556 2347 63 31 quiet
1636 2354 107 24 progress
1764 2347 25 23 of
1804 2347 61 24 colo-

1284 2382 106 23 nization.
1435 2380 34 24 At
1487 2380 39 24 the
1541 2388 62 16 same
1616 2381 61 27 time,
1691 2380 38 23 the
1742 2381 125 30 inequality

1283 2415 25 23 in
1320 2415 37 24 the
1369 2414 96 25 number
1477 2413 25 24 of
1517 2413 95 24 females
1632 2413 45 24 and
1696 2414 71 23 males
1784 2422 84 24 among

1284 2448 37 23 the
1333 2448 75 23 native
1419 2447 141 31 population,
1573 2448 21 22 is
1605 2456 14 14 a
1629 2452 124 26 guarantee
1765 2447 50 24 that
1829 2448 38 23 the

1283 2481 60 24 force
1363 2481 46 23 will
1427 2485 40 19 not
1484 2480 30 24 be
1531 2481 104 31 required
1655 2486 22 18 to
1689 2481 28 23 be
1729 2482 139 23 maintained

1284 2515 34 23 for
1329 2523 14 15 a
1354 2514 54 31 long
1426 2514 86 31 period.
1561 2514 47 23 For
1628 2514 18 23 it
1666 2516 20 22 is
1703 2514 107 32 palpable
1829 2515 38 23 the

1284 2550 74 22 native
1379 2547 132 32 population
1532 2555 37 16 are
1594 2548 102 23 destined
1719 2552 23 19 to
1771 2548 96 23 dwindle

1284 2583 72 28 down,
1378 2582 94 23 without
1492 2589 45 23 any
1556 2582 149 30 persecution,
1726 2589 55 15 even
1799 2582 69 23 much

1285 2624 61 15 more
1368 2615 89 31 rapidly
1472 2615 56 23 than
1552 2615 39 23 the
1610 2614 122 31 European
1752 2615 116 24 Colonists

1285 2649 45 23 will
1342 2650 111 22 increase.
1496 2648 86 31 Seeing
1594 2648 37 23 the
1643 2648 69 24 silent
1725 2648 45 24 and
1782 2650 86 22 certain

1285 2690 78 16 course
1376 2682 25 24 of
1417 2688 85 23 events,
1517 2690 31 17 we
1561 2681 72 24 would
1646 2681 86 24 submit
1744 2682 48 24 that
1809 2682 59 23 their

1286 2716 89 24 evident
1385 2716 47 23 fate
1453 2714 82 25 should
1551 2715 30 23 be
1599 2715 108 30 regarded
1731 2724 25 14 as
1775 2715 38 24 the
1832 2716 36 23 in-

1286 2750 116 23 scrutable
1416 2749 87 30 destiny
1517 2749 25 23 of
1557 2749 37 23 the
1606 2757 59 15 race.

1286 2824 92 24 PORT
1407 2823 206 25 NICHOLSON
1645 2824 221 26 AGRICULTU-

1413 2857 71 26 RAL
1496 2856 242 27 ASSOCIATION.

1923 1447 43 24 We
1986 1448 132 24 announced
2136 1449 24 23 in
2182 1456 41 16 our
2243 1449 45 23 last
2307 1449 38 23 the
2357 1449 83 25 arrival
2451 1451 27 23 of

1891 1481 37 23 the
1938 1480 128 32 Himilaya,
2080 1486 22 19 at
2115 1482 58 23 New
2193 1481 133 31 Plymouth,
2338 1482 58 24 from
2410 1483 66 31 Eng-

1890 1514 60 29 land,
1963 1515 55 23 with
2029 1515 63 23 dates
2104 1520 22 18 to
2139 1514 38 24 the
2191 1515 40 25 7th
2244 1515 134 31 September
2389 1524 6 20 ;
2410 1516 63 24 dates

1891 1548 77 30 nearly
1980 1548 63 23 three
2054 1548 77 23 weeks
2142 1548 58 23 later
2213 1548 54 24 than
2278 1548 38 24 the
2329 1554 60 18 most
2400 1555 77 19 recent

1891 1581 101 23 received
2005 1581 30 31 by
2046 1581 39 23 the
2097 1588 48 24 way
2157 1581 26 23 of
2193 1581 102 32 Sydney.
2331 1582 58 24 This
2402 1584 73 23 vessel

1891 1623 32 14 we
1931 1615 56 23 have
1999 1615 58 23 been
2065 1615 119 29 informed,
2195 1616 19 22 is
2223 1616 37 25 the
2267 1616 51 24 first
2327 1616 25 23 of
2361 1625 14 15 a
2384 1617 92 31 regular

1891 1648 45 24 line
1949 1653 22 18 to
1990 1648 63 24 leave
2066 1648 109 31 England
2198 1656 67 25 every
2274 1657 69 17 seven
2354 1649 76 24 weeks
2442 1651 35 23 for

1893 1682 56 23 New
1961 1682 133 30 Plymouth,
2106 1681 97 30 Nelson,
2215 1682 44 26 and
2272 1683 58 24 Port
2340 1683 135 24 Nicholson.

1892 1715 43 23 We
1943 1715 86 23 believe
2037 1715 40 23 she
2088 1716 87 23 arrived
2187 1721 23 18 at
2220 1717 37 22 the
2266 1717 49 23 first
2323 1717 82 23 named
2413 1717 63 32 place

1893 1749 68 23 about
1973 1749 38 23 the
2024 1749 57 23 20th
2094 1749 25 23 of
2128 1749 136 24 December.
2301 1750 25 23 It
2343 1751 20 22 is
2373 1758 50 15 now
2439 1750 38 24 the

1895 1782 56 24 16th
1961 1782 25 23 of
1993 1782 108 31 January,
2108 1790 25 15 or
2142 1783 79 31 nearly
2227 1792 13 14 a
2250 1784 80 23 month
2338 1783 40 23 has
2386 1783 92 32 elapsed

1893 1816 44 23 and
1946 1820 39 26 yet
1998 1815 38 24 the
2050 1816 55 23 New
2118 1816 102 24 Zealand
2230 1817 138 31 Company's
2375 1818 50 23 first
2434 1817 44 24 and

1893 1849 111 32 principal
2016 1849 129 27 settlement
2166 1851 99 23 remains
2278 1850 93 24 without
2383 1858 45 23 any
2441 1852 37 22 in-

1893 1882 121 25 formation
2025 1882 119 25 furnished
2155 1884 30 30 by
2196 1884 44 23 this
2250 1886 154 29 opportunity.
2436 1884 42 24 We

1895 1916 71 24 would
1974 1921 102 26 suggest,
2086 1917 19 23 if
2111 1916 38 24 the
2156 1917 51 23 first
2216 1925 37 15 are
2264 1922 22 18 to
2294 1917 27 24 be
2332 1918 38 22 the
2376 1917 51 30 last,
2434 1918 44 24 and

1895 1950 36 23 the
1943 1950 59 24 head
2015 1951 19 22 is
2047 1955 22 18 to
2081 1950 28 23 be
2121 1950 38 23 the
2173 1950 47 29 tail,
2233 1950 48 24 that
2298 1959 63 15 some
2371 1959 107 23 arrange-

1894 1990 62 17 ment
1966 1983 28 23 be
2006 1983 65 23 made
2083 1984 23 22 in
2119 1983 116 32 England,
2248 1984 35 23 for
2295 1985 106 30 sending,'
2410 1985 21 23 if
2439 1990 40 18 not

1895 2016 28 23 all
1935 2017 38 23 the
1985 2016 66 24 mails
2064 2021 50 19 sent
2125 2017 31 30 by
2168 2017 45 23 this
2225 2018 53 28 line,
2290 2018 59 23 from
2361 2015 118 26 Tarar/aki

1894 2051 64 21 down
1969 2050 31 29 by
2009 2049 53 23 land
2074 2055 23 17 to
2109 2049 45 23 this
2163 2050 72 33 place,
2249 2051 87 23 instead
2347 2051 24 23 of
2380 2051 98 31 sending

1895 2083 61 22 them
1970 2083 57 22 from
2041 2086 50 27 port
2103 2087 22 18 to
2137 2088 55 25 port
2202 2083 51 23 with
2264 2083 38 24 the
2317 2083 71 31 ships,
2400 2084 49 22 that
2464 2092 15 14 a

1895 2116 85 30 special
1987 2116 53 22 mail
2046 2116 29 22 be
2083 2116 64 22 made
2155 2123 32 22 up
2193 2116 33 22 for
2232 2116 49 23 that
2288 2124 104 23 purpose.
2412 2116 66 24 Thus

1896 2150 36 22 the
1944 2149 73 30 bulky
2027 2149 87 30 parcels
2127 2149 44 22 aud
2183 2150 91 29 general
2287 2149 191 31 correspondence

1897 2182 71 30 might
1979 2190 29 23 go
2020 2182 23 22 in
2056 2182 37 23 the
2109 2182 94 29 general
2221 2183 55 30 bags
2288 2192 5 19 ;
2313 2183 41 23 but
2372 2190 29 16 an
2414 2191 64 16 over-

1895 2215 52 24 land
1964 2215 56 24 mail
2031 2215 81 23 should
2125 2216 48 22 also
2186 2216 27 23 be
2226 2216 64 23 made
2302 2224 38 24 up,
2353 2217 127 31 consisting

1896 2250 24 22 of
1933 2249 80 23 letters
2032 2248 72 24 either
2121 2250 24 22 in
2168 2249 111 31 duplicate
2300 2258 26 15 or
2346 2250 131 31 containing

1895 2283 38 23 the
1946 2283 121 22 substance
2087 2283 24 22 of
2127 2283 39 22 the
2187 2283 78 24 letters
2286 2284 24 23 in
2330 2284 38 23 the
2385 2285 93 29 general

1895 2317 51 30 bag.
1984 2316 76 24 Those
2072 2316 49 23 who
2134 2316 74 24 desire
2220 2321 21 19 to
2253 2317 54 23 take
2318 2317 125 30 advantage
2455 2318 26 23 of

1895 2350 17 23 it
1923 2349 74 31 might
2008 2350 26 22 be
2046 2349 106 31 required
2163 2354 24 19 to
2195 2350 126 24 contribute
2333 2350 96 23 towards
2439 2350 38 24 the

1896 2390 98 24 expence
2007 2384 24 22 of
2046 2384 98 30 sending
2156 2383 66 23 down
2232 2392 14 15 a
2257 2392 131 23 messenger
2400 2392 29 15 on
2441 2384 38 24 the

1897 2417 111 24 occasion.
2044 2416 24 23 A
2079 2425 61 15 mere
2154 2417 59 23 trifle
2232 2417 75 24 would
2318 2423 60 18 meet
2389 2417 37 24 the
2439 2425 40 16 ex-

1895 2458 69 24 pence
1974 2459 6 19 ;
2000 2450 34 23 for
2047 2458 55 15 even
2115 2457 52 16 now
2186 2458 33 16 we
2230 2451 57 23 have
2298 2459 14 15 a
2324 2451 90 31 regular
2426 2452 55 24 mail

1895 2484 95 31 passing
2013 2484 68 22 about
2102 2484 174 31 serai-monthly
2298 2485 102 23 between
2424 2484 57 25 Port

1897 2517 125 24 Nicholson
2034 2517 44 23 and
2098 2517 126 29 Taranaki,
2236 2518 43 23 and
2298 2519 18 22 it
2338 2518 74 24 would
2427 2519 54 30 only

1896 2551 27 24 be
1936 2559 28 14 on
1977 2551 56 22 such
2046 2551 117 23 occasions
2175 2559 26 14 as
2213 2551 38 23 the
2262 2552 90 30 regular
2365 2552 56 23 mail
2443 2552 36 23 did

1897 2589 38 19 not
1946 2585 46 22 suit
2001 2584 47 23 that
2060 2592 13 15 a
2084 2585 85 30 special
2179 2592 130 24 messenger
2321 2585 57 23 need
2387 2585 29 23 be
2428 2585 52 24 des-

1896 2617 104 32 patched.
2036 2618 64 23 Such
2111 2626 13 15 a
2136 2618 53 31 bag,
2202 2624 60 17 must
2273 2625 32 17 we
2326 2626 114 23 presume,
2453 2620 27 23 be

1897 2651 97 24 directed
2007 2656 22 19 to
2041 2651 38 23 the
2088 2659 49 15 care
2150 2652 25 22 of
2185 2651 37 23 the
2235 2651 141 25 Postmaster
2387 2657 24 19 at
2423 2653 58 23 New

1898 2685 131 30 Plymouth,
2050 2685 44 23 and
2113 2685 29 23 be
2163 2684 94 24 marked
2342 2693 29 23 go
2391 2686 32 30 by
2442 2686 38 23 the

1897 2718 106 24 overland
2014 2719 53 23 mail
2087 2723 22 19 to
2131 2719 58 23 Port
2201 2718 125 24 Nicholson
2336 2728 6 19 ;
2389 2719 46 23 and
2446 2727 35 16 we

1898 2752 55 24 have
1973 2760 30 15 no
2022 2752 69 23 doubt
2109 2752 37 23 the
2167 2752 141 23 Postmaster
2327 2752 72 23 would
2421 2759 59 18 most

1897 2785 109 31 willingly
2018 2785 56 24 send
2093 2786 17 22 it
2129 2785 96 23 forward
2243 2785 161 32 immediately,
2417 2786 19 23 if
2450 2786 29 24 he

1898 2820 65 23 could
1975 2820 28 23 do
2015 2827 25 16 so
2052 2819 95 24 without
2158 2819 123 24 additional
2290 2827 106 23 expence,
2407 2820 72 24 which

1898 2853 38 23 the
1948 2853 68 23 small
2034 2853 153 23 contribution
2208 2860 31 16 we
2251 2853 58 23 have
2322 2853 74 23 stated
2408 2853 73 25 would

1899 2887 79 23 enable
1989 2887 47 22 him
2050 2892 20 17 to
2093 2886 37 23 do.
2166 2886 45 23 We
2232 2892 95 26 suggest
2338 2892 23 18 to
2373 2886 38 24 the
2424 2886 57 24 New

1898 2919 104 25 Zealand
2011 2919 99 24 Journal
2120 2920 39 23 the
2179 2921 116 31 propriety
2309 2920 24 24 of
2349 2920 84 31 calling
2445 2925 34 19 at-

1899 2955 86 22 tention
1997 2959 23 18 to
2036 2954 45 23 this
2093 2954 98 31 subject,
2204 2961 25 16 as
2246 2954 19 23 it
2283 2956 20 21 is
2323 2954 60 24 alike
2405 2955 24 23 of
2445 2955 36 23 in-

1900 2992 68 20 terest
1979 2987 45 24 and
2034 2988 141 30 importance
2187 2992 23 19 to
2218 2987 64 24 those
2294 2987 123 25 connected
2428 2988 53 24 with

1900 3021 44 23 this
1957 3021 138 23 settlement.

1321 2919 41 25 We
1374 2919 44 25 call
1437 2919 112 24 attention
1570 2925 23 18 to
1610 2919 37 24 the
1660 2919 176 25 advertisement
1846 2921 24 23 in

1286 2953 38 24 the
1343 2954 62 24 front
1425 2961 59 24 page
1506 2954 27 23 of
1559 2953 38 24 the
1622 2952 101 30 Gazette,
1749 2953 83 31 calling
1855 2962 14 15 a

1286 2988 99 31 meeting
1396 2987 26 23 of
1435 2987 114 24 members
1561 2987 26 23 of
1602 2986 36 24 the
1650 2986 159 31 Agricultural
1820 2987 50 25 As-

1286 3021 117 29 sociation,
1425 3028 57 18 this
1503 3028 61 22 dey,
1585 3025 23 19 at
1634 3022 15 22 2
1670 3020 96 30 o'clock,
1788 3022 23 23 in
1833 3021 37 24 the

1286 3054 134 32 Exchange,
1441 3055 35 24 Te
1492 3054 58 24 Aro.
1597 3054 44 23 We
1662 3053 58 32 hope
1742 3055 21 23 it
1781 3054 47 24 will
1843 3055 27 23 be

1286 3088 56 30 fully
1353 3088 114 24 attended.

2034 3086 137 24 SCOTCH
2191 3086 155 24 CHURCH.

206 2336 123 23 Inwards,
347 2335 146 23 Coastwise.

85 2368 28 21 In
123 2374 46 15 the
460 2376 64 14 from
535 2370 106 20 Wanga-

57 2402 51 15 nui.
141 2396 66 20 Waitt
216 2395 19 27 if
247 2396 73 26 Tyser,
329 2397 115 25 Agents.
447 2399 13 18 2
478 2398 62 20 boxes
551 2398 63 25 glass,
632 2399 9 19 1

56 2424 41 26 bag
107 2424 73 24 coffee,
193 2424 12 19 2
215 2425 58 25 catty
287 2424 65 20 boxes
362 2427 40 22 tea,
419 2426 10 18 1
441 2431 49 14 case
506 2425 135 26 champagne,

59 2451 26 24 !
96 2451 64 21 boxes
170 2457 58 20 soap.

87 2479 28 19 In
140 2484 46 15 the
373 2486 64 15 from
458 2481 157 20 Manawatu.

60 2507 69 20 Waitt
139 2506 44 20 and
192 2506 71 25 Tyser,
273 2507 87 25 Agents.
390 2508 11 20 8
416 2510 48 18 tons
475 2509 47 24 flax,
533 2509 40 21 300
589 2509 52 20 bun-

52 2534 51 20 dles
113 2535 44 23 do.,
169 2535 11 19 1
192 2534 48 20 cask
251 2534 53 20 lard.

86 2562 29 20 In
125 2568 47 14 the
466 2570 63 14 from
545 2563 97 21 Cloudy

58 2589 62 21 Bay.
151 2590 84 20 Samuel
253 2589 44 21 and
320 2591 82 25 Joseph,
425 2591 87 25 Agents.
541 2592 26 19 20
595 2596 47 15 tuns

52 2617 68 20 Tilack
132 2617 37 20 oil.

69 2671 3 5 ,
85 2651 30 21 In
125 2658 46 14 the
387 2659 64 15 from
462 2653 178 21 Wanganui.

56 2679 92 25 Master,
160 2679 102 26 Agent.
264 2679 28 21 sb
302 2681 54 25 pigs,
367 2681 12 20 2
390 2683 48 18 cwt.
447 2681 76 21 bacon.

87 2714 28 21 Is
126 2720 46 15 the
209 2714 85 22 Royal
458 2721 63 16 from
531 2717 113 20 Akaroa.

64 2742 92 21 Wallace
171 2742 41 20 and
230 2742 43 24 Co.,
285 2743 94 25 .Agent*.
410 2744 10 19 1
440 2750 44 14 cow
501 2744 40 21 and
560 2745 52 24 calf,
633 2745 12 20 6

53 2770 72 21 .hhds.
135 2770 60 20 black
204 2770 36 21 oil.

88 2805 29 20 In
127 2810 47 14 this
325 2811 65 14 from
398 2805 48 21 Kai
456 2806 104 21 Kora.
565 2808 80 24 Agents

61 2832 85 21 Samuel
151 2832 41 20 and
197 2832 83 26 Joseph.
311 2832 12 21 7
333 2839 58 14 cases
400 2833 66 26 slops,
475 2835 12 19 2
498 2834 50 26 kegs
557 2835 64 24 nails,
633 2836 10 19 1

61 2860 41 26 bag
112 2860 73 23 coffee,
195 2860 11 19 1
217 2859 60 21 chest
286 2862 41 18 tea.

58 2911 2 4 .
71 2912 2 4 .
89 2893 29 21 In
128 2900 47 14 the
272 2893 66 22 John
522 2902 64 14 from
597 2903 48 14 the

61 2921 64 21 East
132 2921 84 21 Coast.
223 2921 81 21 ~Hort
313 2922 43 20 and
366 2923 43 24 Co.,
418 2923 115 25 Agents.
534 2924 13 20 l
547 2924 41 20 374
597 2925 48 19 bas-

61 2949 48 21 kets
126 2949 73 26 maize,
216 2949 26 20 16
258 2949 62 20 casks
336 2950 61 25 pork,
409 2951 10 19 1
437 2951 49 19 cask
496 2951 52 24 lard,
562 2952 12 19 6
592 2951 53 21 sides

60 2977 77 24 bacon,
147 2977 13 19 5
170 2976 65 24 hams,
249 2976 9 20 1
270 2976 51 21 cask
330 2977 52 26 lard,
394 2978 26 19 20
431 2979 54 25 pigs,
500 2979 25 19 13
535 2981 48 17 cwt.
595 2985 50 21 cop-

60 3010 46 21 per,
119 3005 10 19 1
141 3003 61 21 chain
211 3003 42 20 and
261 3003 87 25 anchor,
359 3005 88 26 rigging,
458 3005 42 20 and
507 3006 57 23 sails,
576 3007 11 19 1
595 3007 50 20 cask

61 3032 37 25 oil,
109 3032 13 20 4
134 3033 47 19 cwt.
191 3031 74 23 bacon,
277 3032 27 20 20
320 3031 54 27 pigs.
404 3032 150 27 Passengers
555 3033 89 22 Messrs.

62 3059 63 25 Reid,
138 3059 92 24 Hazlett,
240 3058 142 27 M'Tachney.
392 3060 41 20 and
442 3060 95 26 Darnby.

68 3109 3 4 .
91 3093 28 21 In
129 3100 48 14 the
406 3100 64 15 from
479 3095 139 22 Taranaki.

58 3119 76 23 'Waitt
143 3121 42 21 and
199 3122 70 25 Tyser,
281 3122 86 25 Agents.
395 3123 14 19 8
425 3123 61 20 casks
502 3123 60 21 black
578 3124 37 24 oil,
635 3125 9 19 1

63 3156 48 14 case
120 3155 113 21 preserves,
247 3149 10 20 1
268 3149 37 21 do.
320 3149 80 21 bottled
407 3149 72 24 fruits,
489 3151 14 20 3
513 3151 33 20 do.
565 3152 79 20 cheese.

65 3177 150 25 Passengers
216 3177 90 21 Messrs.
316 3177 68 25 Moss,
392 3177 44 21 and
444 3178 113 21 Ashdown.

1409 3145 336 24 CORRESPONDENCE.

202 3236 140 20 OUTWAXIRS,
366 3238 142 15 COASTWISE*

91 3264 29 21 In
138 3271 47 15 tpb
391 3271 45 15 kor
457 3266 138 21 Hokianga.
625 3267 21 21 J.

66 3293 72 23 Wade,
148 3293 104 25 Agent.
254 3293 26 20 lo
291 3293 63 21 boxes
364 3299 58 20 soap,
435 3294 9 20 1
457 3294 49 20 hhd.
518 3294 37 24 oil,
573 3295 10 19 1
595 3295 52 19 hhd.

58 3315 43 28 'oil,
113 3320 11 20 1
136 3319 35 21 do.
181 3322 77 24 porter,
270 3321 11 19 1
292 3320 35 21 do.
338 3320 47 24 salt,
399 3322 8 19 1
421 3321 35 20 do.
466 3321 107 27 crockery,
587 3323 10 19 1
609 3322 38 25 bag

59 3349 56 24 .rice,
127 3347 14 21 3
148 3348 61 21 casks
218 3347 64 26 glass,
294 3349 11 20 1
316 3354 48 15 case
373 3348 43 25 do.,
435 3349 9 20 1
456 3349 31 20 tin
499 3349 40 21 box
555 3350 92 26 apparel,

64 3375 15 20 3
88 3375 60 20 casks
158 3375 60 24 flour,
228 3376 14 18 3
252 3375 35 20 do.
298 3376 134 27 gunpowder,
444 3377 26 19 10
475 3378 22 22 IB
507 3379 39 22 tea,
558 3378 11 20 1
587 3377 60 21 drum

59 3403 52 26 .figs.
121 3402 105 24 2;b*?kpts
236 3403 111 24 medicine,
359 3404 26 20 10
395 3404 103 26 packages
508 3405 112 24 furniture,
635 3405 12 20 2

59 3430 67 21 *asks
145 3429 92 27 printed,
254 3429 75 22 books.
369 3431 124 27 Passengers
522 3432 59 25 Rev..
595 3432 52 21 Geo.

65 3457 132 24 Smalcsrand
204 3457 85 25 family.

93 3492 29 21 In
146 3497 46 15 the
249 3491 144 23 Katherine
406 3491 3 3 '
606 3501 43 15 fob.

55 3515 284 31 *WAfc6XfrOT.r-Cpitet,
352 3516 104 30 Agent.
458 3523 13 21 2
482 3523 59 20 casks
552 3522 95 25 tobacco,

60 3548 34 20 -10
102 3547 54 26 tags
165 3547 60 23 flour,
237 3546 58 26 l.dtf.
306 3547 47 25 6alt,
363 3549 19 19 4-
387 3549 69 21 chests
463 3550 103 24 sundries,
579 3551 10 19 1
596 3553 51 22 cart,

42 3573 213 25 "'Tfombstone.'lO
265 3573 52 27 bags
321 3574 62 26 flour,
391 3577 12 19 2
414 3577 33 20 do.
455 3577 50 24 rice,
517 3578 10 20 1
536 3577 34 21 do.
580 3584 68 20 sugar,

155 3600 63 26 irails,
230 3602 10 20 1
258 3601 43 21 box
310 3603 90 25 apparel,
419 3605 13 19 2
442 3605 60 20 casks
510 3605 82 21 bottled
610 3606 38 23 ale,

67 3631 12 20 1
94 3630 47 20 bale
150 3629 104 25 blankets,
265 3629 14 20 3
297 3629 51 26 bage
358 3630 47 25 salt,
416 3632 12 19 2
442 3638 61 14 -cases
515 3633 43 26 gin,
569 3633 14 21 3
600 3631 50 28 bags*

61 3659 67 21 'flour,
135 3657 3 5 '
146 3657 13 21 2
177 3662 56 16 cases
250 3657 66 26 Slops,
324 3671 2 4 ,
334 3657 9 19 1
359 3657 97 28 package,
466 3659 94 26 tobacco,
573 3661 10 20 1
594 3669 3 3 -
604 3660 46 21 bale

65 3685 106 24 blankets,
184 3685 9 20 1
204 3690 47 15 case
260 3684 67 27 slops,
342 3685 13 19 6
364 3681 104 30 packageV
482 3684 11 22 1
505 3693 47 14 case
562 3688 10 19 1
591 3688 59 21 chest

65 3713 68 28 slops.
146 3713 11 21 1
164 3712 52 22 cask
225 3718 56 19 rum,
291 3713 13 19 5
315 3711 34 24 dp.
354 3731 7 3 ..
369 3711 98 26 tobacco,'
476 3713 11 20 1
505 3713 66 22 barrel
581 3717 39 22 tar,
639 3716 9 20 I

65 3746 49 15 case
124 3740 90 27 apparel,
226 3740 11 20 1
249 3739 42 21 box
299 3739 45 25 do.,
356 3739 11 21 1
375 3746 34 21 qr.
417 3740 52 21 cask
475 3740 86 27 brandy,
571 3743 14 19 2
592 3749 58 14 cases

66 3768 77 28 cheery
152 3767 113 27 brandy,.2
272 3768 36 20 do.
317 3765 71 22 lemon
397 3773 71 21 syrup,
480 3768 13 20 2
503 3767 33 21 do.
552 3768 98 28 raspbery

67 3795 41 21 do.-
113 3789 4 12 1
132 3794 152 27 Pagers
286 3794 88 22 Messrs.
385 3794 105 27 Moreing,
501 3795 41 20 and
548 3795 89 24 Holder.

62 3826 17 27 ".'
94 3826 31 22 Iri
134 3832 49 20 the.
334 3828 63 26 *p,
403 3827 65 24 Port.
477 3827 173 25 Rikomenti.t

66 3855 91 25 Matter,
166 3848 119 38 jjiyent.~2
296 3856 50 25 bags
353 3861 72 20 sugar,
432 3855 15 23 .1
459 3861 47 14 case
515 3855 107 25 windows,
640 3856 9 20 1

66 3883 38 21 doV
113 3882 85 32 glaai^l
209 3882 73 30 ca^k.2
292 3889 59 15 cases
360 3883 136 26 agricultural
510 3883 140 26 implements,

68 3911 14 21 1
89 3910 53 25 jpak
144 3928 6 7 t
145 3904 118 37 liip)djirar^,
270 3911 21 23 '%
295 3916 65 21 -capei
364 3911 17 20 -I
390 3909 3 20 .'
399 3911 50 20 cask
451 3910 110 24 .sundries,
567 3911 18 20 ;5
602 3910 48 26 bags

62 3932 269 38 'flpur^^ggi;elsrpQyfc,,Jl
341 3939 60 21 chest
407 3941 41 22 t**
461 3939 10 19 1
479 3944 47 16 ewe
533 3938 63 25 bolts,
603 3939 47 23 Sec,

303 3977 36 9 -w.
393 3982 3 7 ,
410 3986 3 3 .
428 3965 17 23 \
465 3981 3 7 ,
546 3965 11 21 ';
608 3964 41 21 ".'<

693 311 77 25 There
790 310 44 24 will
855 310 27 24 be
902 310 70 24 found
990 311 24 23 in
1033 310 101 31 to-day's
1147 317 70 24 paper
1229 318 13 16 a

660 350 59 19 most
743 345 134 29 interesting
900 343 45 24 and
972 344 126 30 important
1127 343 120 24 statistical

661 378 66 28 table,
741 377 92 23 relative
851 381 33 21 .to.
899 377 38 23 the
957 377 108 23 numbers
1084 376 25 23 of
1124 377 87 22 natives
1223 376 24 24 in

662 410 85 25 Cook's
758 410 91 28 Straits,
861 409 60 25 from
933 409 116 24 Taranaki
1062 414 22 18 to
1103 408 64 32 Cape
1185 408 57 24 Pal-

740 451 14 15 a
771 442 100 24 distance
890 443 25 23 of
930 449 62 17 some
1011 446 43 18 two
1077 441 101 24 hundred
1201 442 45 23 and

662 477 49 29 fifty
732 476 74 23 miles.
847 475 53 23 The
923 475 58 23 table
999 474 42 24 has
1060 475 57 23 been
1131 475 110 30 compiled

662 510 53 27 with
737 513 65 26 great
823 515 51 16 care
891 508 31 31 by
943 508 47 23 Mr.
1013 507 93 29 Clarke,
1127 507 65 29 Jun.,
1204 508 46 24 the,

663 542 48 23 Sub
724 541 119 24 Protector
854 540 25 24 of
895 541 95 23 Natives
1002 541 36 23 for
1049 541 39 23 the
1102 539 110 25 District.

696 581 36 30 By
745 581 45 23 this
801 580 59 23 table
872 581 19 22 it
905 587 94 24 appears
1020 579 65 23 there
1105 587 39 15 are
1166 579 80 24 eleven

663 614 113 24 thousand
787 614 35 23 six
832 612 105 25 hundred
952 612 44 23 and
1016 612 51 30 fifty
1084 612 63 23 adult
1166 612 80 30 males,

663 655 24 16 or
710 646 104 31 fighting,
827 654 61 20 men,
907 645 44 24 and
969 646 49 22 that
1024 663 3 6 ,
1038 645 39 23 the
1096 646 54 22 total
1169 645 76 25 Maori

663 680 132 32 population
812 680 20 23 is
850 679 78 23 shown
945 679 29 30 by
993 679 38 22 the
1051 678 101 24 addition
1163 679 25 23 of
1203 686 42 17 one

665 713 61 24 third
738 713 35 23 for
783 720 86 16 women
881 712 46 23 and
947 712 109 23 children.
1101 711 58 24 This
1181 712 65 23 addi-

664 747 48 23 tion
723 746 64 31 gives
798 746 77 23 fifteen
887 745 112 23 thousand
1014 745 45 22 five
1080 745 103 24 hundred
1202 745 43 24 and

665 779 153 31 thirty-three,
839 786 25 16 as
882 778 39 24 the
940 778 54 23 total
1014 778 77 23 native
1114 779 130 30 population

665 813 82 24 within
758 813 39 23 the
807 813 71 22 limits
889 811 70 24 above
971 812 82 23 stated.

700 853 52 24 The
765 852 58 24 table
834 853 24 22 in
877 852 104 31 question
1002 852 20 22 is
1041 851 61 31 truly
1122 851 124 24 extraordi-

665 894 64 23 nary.
774 886 23 24 It
808 886 74 23 shows
893 885 50 24 that
954 884 65 23 while
1029 885 63 23 there
1104 892 38 16 are
1155 887 91 26 11,650

667 927 50 16 men
729 920 64 23 there
804 927 37 15 are
853 919 41 23 but
905 920 73 27 3,883
987 925 86 16 women
1084 918 45 23 and
1137 918 109 24 children.

699 959 45 24 We
755 959 56 24 have
823 967 28 15 no
860 966 80 15 means
952 958 24 23 of
991 957 109 31 knowing
1112 958 61 24 what
1192 966 54 24 pro-

667 993 91 31 portion
769 992 38 23 the
818 999 87 15 women
917 992 52 22 bear
981 996 23 18 to
1015 991 39 22 the
1068 990 100 24 children
1178 1000 6 20 ;
1208 992 39 23 but

667 1033 32 16 we
712 1025 46 23 will
771 1032 88 16 assume
871 1025 19 22 it
902 1030 23 17 to
937 1024 27 23 be
976 1032 42 15 one
1030 1023 56 24 half.
1128 1024 43 23 We
1188 1024 56 23 have

667 1059 53 23 then
736 1059 73 27 1,942
819 1065 96 15 women.
958 1057 25 23 It
1001 1058 20 22 is
1041 1064 13 15 a
1068 1056 114 24 notorious
1194 1058 52 28 fact,

668 1092 48 23 that
727 1100 14 15 a
752 1095 64 27 great
827 1098 69 23 many
907 1089 76 25 Maori
995 1097 88 15 women
1096 1089 89 24 cohabit
1192 1091 55 23 with

668 1126 68 22 white
762 1132 59 20 men,
851 1123 44 24 and
928 1123 88 31 equally
1047 1123 116 23 notorious
1189 1123 59 30 that,

668 1158 53 23 with
733 1158 42 23 few
788 1158 138 30 exceptions,
943 1157 53 30 they
1014 1156 58 23 have
1090 1164 29 15 no
1138 1156 108 25 children.

669 1192 115 29 Allowing
796 1192 33 22 for
841 1190 46 23 this
898 1190 128 28 deduction,
1046 1189 45 23 and
1109 1189 64 24 other
1193 1198 55 15 con-

669 1224 142 29 siderations,
823 1231 33 15 we
868 1223 67 24 think
947 1231 32 15 we
992 1223 82 23 should
1086 1228 40 18 not
1136 1223 28 23 be
1175 1223 71 24 found

668 1259 34 22 far
714 1265 76 23 wrong
804 1258 21 23 in
838 1258 86 30 stating
934 1256 47 23 that
997 1256 63 23 there
1072 1263 38 16 are
1128 1261 41 18 not
1187 1265 61 15 more

670 1291 52 24 than
738 1293 72 27 1,500
821 1298 96 21 women,
930 1294 23 19 at
963 1289 31 25 all
1005 1289 72 31 likely
1089 1294 22 18 to
1124 1290 49 30 give
1185 1290 61 24 birth

670 1329 21 19 to
710 1324 110 25 children.
863 1323 51 24 The
933 1324 142 31 proportions
1095 1322 53 24 then
1160 1331 37 16 are
1210 1323 38 24 be-

669 1363 72 18 tween
754 1357 38 24 the
804 1357 73 23 adults
890 1357 25 23 of
930 1356 53 24 both
993 1364 68 16 sexes
1074 1364 24 15 as
1113 1358 89 27 11,650
1211 1364 37 16 are

670 1397 21 17 to
717 1393 82 27 1,500,
821 1399 25 14 or
867 1390 63 31 eight
950 1397 51 16 men
1025 1394 23 19 to
1066 1397 67 23 every
1153 1397 95 17 woman.

670 1425 42 23 We
736 1424 57 24 need
814 1423 81 31 hardly
917 1428 62 19 enter
1001 1430 61 23 upon
1086 1423 38 23 the
1147 1423 52 23 task
1228 1423 24 24 of

670 1458 105 31 showing
787 1458 36 23 the
835 1456 113 28 mischief,
966 1458 23 21 in
1002 1464 67 23 every
1078 1457 63 30 point
1152 1457 25 23 of
1186 1457 62 29 view,

670 1493 87 29 arising
768 1491 56 23 from
837 1490 57 24 such
905 1498 12 15 a
926 1490 165 31 disproportion
1099 1490 25 23 of
1132 1490 116 24 numbers.

670 1524 117 24 Remarks
808 1531 60 24 upon
896 1523 131 32 population
1056 1524 109 23 statistics
1194 1523 55 24 have

670 1559 57 22 been
738 1562 37 19 too
788 1557 59 24 often
859 1557 67 23 made
937 1562 22 18 to
971 1557 68 23 make
1058 1557 45 23 this
1122 1564 126 24 necessary.

671 1592 23 23 It
712 1592 104 23 becomes
836 1590 91 24 evident
945 1594 23 20 at
987 1598 64 20 once,
1072 1590 49 23 that
1141 1591 48 23 vice
1208 1590 41 24 and

670 1633 12 15 a
694 1625 134 23 diminution
841 1624 25 23 of
881 1623 131 32 population
1024 1629 62 18 must
1098 1624 28 23 be
1138 1623 37 24 the
1195 1632 54 16 con-

670 1665 132 24 sequences.
850 1657 24 24 It
886 1658 19 25 is
917 1657 103 32 palpable
1032 1657 50 24 that
1093 1657 20 23 if
1128 1658 87 23 instead
1228 1658 25 23 of

670 1691 90 30 11,650
774 1699 49 16 men
836 1691 44 24 and
901 1693 72 27 1,500
996 1698 95 21 women,
1112 1691 61 23 there
1195 1698 55 16 were

669 1726 41 23 but
729 1727 75 27 1,500
823 1732 70 21 mer*,.
904 1725 37 22 the
959 1725 102 23 increase
1081 1724 26 23 of
1121 1724 130 31 population

670 1758 74 24 would
755 1759 28 22 be
795 1757 37 24 the
844 1762 97 26 greater.
968 1757 60 24 .The
1039 1757 92 31 highest
1142 1765 75 24 power
1228 1758 25 23 of

669 1792 102 23 increase
792 1795 60 19 must
871 1799 70 15 ensue
959 1792 56 22 from
1039 1790 99 32 equality
1162 1792 26 23 of
1214 1791 35 24 the

670 1825 96 23 number
789 1825 24 23 of
839 1823 37 24 the
899 1832 66 15 sexes
973 1832 7 21 ;
1011 1824 44 23 and
1079 1832 24 14 as
1127 1825 122 30 inequality

670 1859 122 27 increases,
804 1865 24 16 so
841 1857 45 23 will
898 1857 114 31 generally
1030 1857 28 24 be
1077 1857 69 24 found
1167 1866 13 15 a
1199 1866 51 23 pro-

670 1892 125 31 portionate
807 1891 105 23 decrease
923 1891 25 23 of
955 1890 119 32 offspring.
1110 1891 42 23 We
1164 1891 85 24 believe

670 1925 54 23 with
744 1924 37 25 the
800 1924 126 31 inequality
944 1932 49 15 now
1011 1924 77 23 before
1107 1932 35 22 us,
1155 1924 49 24 that
1215 1925 37 23 the

670 1963 103 26 greatest
783 1966 74 23 power
869 1958 25 23 of
903 1958 100 23 increase
1014 1958 147 31 represented
1172 1959 30 30 by
1213 1958 38 24 the

671 1992 76 23 Maori
764 1991 131 32 population
912 1992 25 22 in
957 1991 85 24 Cook's
1061 1992 92 28 Straits,
1172 1992 20 23 is
1212 1997 39 18 not

670 2033 63 15 more
753 2025 54 23 than
824 2024 67 31 equal
913 2029 31 23 to,
966 2024 54 24 with
1041 2025 38 23 the
1098 2026 100 29 existing
1216 2025 34 23 in-

670 2058 100 30 equality
792 2058 22 22 in
834 2057 36 23 the
890 2057 97 23 number
1004 2057 25 23 of
1053 2057 37 23 the
1110 2065 72 21 sexes,
1199 2058 57 26 tli.n,

671 2091 49 24 750
740 2090 97 24 married
849 2098 96 16 women.
1180 2085 76 30 *'"'.':

704 2130 24 23 It
740 2130 46 22 will
795 2129 27 24 be
834 2136 55 18 seeu
907 2129 29 30 by
948 2130 114 23 reference
1081 2134 21 19 to
1113 2130 37 22 the
1164 2131 88 23 various

670 2164 110 25 statistics
790 2163 55 23 colle
848 2170 9 9 r
860 2163 37 22 ted
907 2163 129 30 respecting
1046 2163 123 31 European
1180 2171 69 24 popu-

670 2197 69 23 lation
761 2201 24 18 at
804 2195 148 30 Wellington,
970 2196 138 31 Wanganui,
1128 2197 123 28 Taranaki,

670 2230 44 24 and
738 2230 95 27 Nelson,
854 2229 49 23 that
925 2229 36 23 the
981 2229 97 24 number
1089 2230 25 23 of
1130 2230 38 23 the
1188 2228 64 25 sekes

671 2272 37 15 are
720 2263 80 30 nearly
811 2262 66 32 equal
886 2271 6 19 ;
912 2263 43 23 and
968 2262 48 24 that
1035 2263 39 23 the
1091 2263 56 23 total
1157 2265 96 22 number

671 2297 25 24 of
705 2297 68 23 white
784 2303 86 16 women
889 2297 23 22 in
926 2296 84 23 Cook's
1024 2297 84 23 Straits
1126 2303 100 17 amount.
1229 2302 23 18 to

671 2331 69 23 about
752 2332 73 22 2300.
862 2330 27 23 If
907 2330 37 22 the
952 2338 79 23 jpower
1042 2330 26 23 of
1083 2330 101 24 increase
1197 2337 56 17 were

672 2364 75 32 equal,
766 2363 94 24 without
877 2363 87 24 further
982 2364 163 30 immigration,
1162 2363 39 24 the
1218 2364 35 23 in-

671 2405 77 16 crease
759 2397 25 23 of
792 2396 132 32 population
933 2396 73 24 would
1058 2404 62 16 more
1128 2397 53 23 than
1192 2397 61 23 three

672 2432 67 23 times
752 2435 87 26 greater
858 2437 84 24 among
953 2430 37 23 the
1004 2430 83 23 whites
1105 2430 54 23 than
1172 2438 83 24 among

672 2465 36 23 the
721 2465 95 22 natives.
853 2463 48 23 But
910 2464 20 22 it
940 2464 20 23 is
971 2468 41 18 not
1021 2464 68 30 equal
1100 2464 44 23 and
1155 2464 38 24 the
1206 2465 47 23 ine-

672 2498 87 32 quality
771 2498 19 22 is
802 2498 23 23 in
836 2497 80 22 favour
929 2497 24 22 of
967 2497 44 22 the'
1016 2497 133 30 immigrant
1159 2497 95 32 popula-

673 2533 54 21 tion.
765 2530 50 24 The
833 2530 94 23 relative
948 2530 108 24 numbers
1068 2531 25 23 of
1108 2531 49 25 750
1179 2531 75 24 Maori

672 2572 87 17 women
772 2564 42 25 and
832 2565 67 22 2300
921 2563 123 31 European
1060 2572 86 15 women
1166 2564 87 30 should,

672 2606 33 16 we
717 2598 68 24 think
797 2598 26 23 be
830 2597 146 31 represented
987 2597 29 32 by
1027 2605 29 15 an
1067 2598 100 23 increase
1176 2598 28 23 of
1211 2598 44 24 five

672 2637 23 19 to
707 2639 51 16 one.
795 2631 61 24 That
873 2631 21 22 is
906 2635 23 19 to
941 2638 39 23 say
992 2639 33 15 we
1044 2639 54 26 may
1110 2636 80 26 expect
1208 2632 47 23 that

672 2666 43 23 five
726 2665 99 23 children
835 2664 39 23 the
882 2664 110 31 offspring
999 2664 26 24 of
1030 2664 124 32 European
1162 2670 93 26 parents

672 2699 45 23 will
738 2700 27 22 be
786 2698 56 23 born
862 2698 25 22 in
915 2697 86 24 Cook's
1021 2698 93 29 Straits,
1135 2698 35 24 for
1190 2707 66 23 every

673 2732 77 24 Maori
771 2731 59 24 child
847 2731 65 23 born.
949 2731 47 23 But
1016 2739 25 15 as
1059 2740 34 15 we
1114 2740 50 23 may
1176 2738 80 25 expect

672 2766 155 30 immigration
847 2764 46 23 will
912 2765 29 22 be
959 2765 138 23 maintained
1121 2773 28 15 on
1170 2773 13 16 a
1195 2766 60 31 large

673 2799 68 28 scale,
754 2806 33 16 we
799 2803 98 26 suspect,
909 2799 24 22 in
945 2806 14 15 a
969 2806 54 22 year
1035 2806 25 15 or
1073 2803 51 24 two,
1137 2803 37 19 ten
1188 2799 67 23 white

673 2832 102 24 children
793 2831 45 24 will
856 2831 28 23 be
902 2831 57 23 born
969 2831 36 24 for
1022 2839 68 23 every
1103 2832 74 24 Maori
1196 2833 60 24 child

673 2866 66 23 born.

708 2899 59 24 This
779 2898 58 23 table
858 2905 81 24 proves
961 2898 50 23 that
1021 2898 39 23 the
1074 2898 74 24 Maori
1159 2900 97 30 popula-

675 2933 46 23 tion
733 2936 63 19 must
806 2931 104 25 decrease
922 2932 94 31 rapidly.
1054 2932 31 23 It'
1095 2933 20 22 is
1127 2940 13 16 a
1150 2933 46 23 fact
1209 2933 48 24 that

673 2966 19 23 it
703 2965 42 24 has
754 2966 60 30 long'
824 2965 59 23 been
894 2965 69 31 doing
974 2973 34 21 so,
1020 2965 46 24 and
1077 2966 90 23 various
1179 2967 77 24 modes

674 2999 27 23 of
718 2998 133 31 explaining
875 2998 39 23 the
936 2999 164 23 circumstance
1119 2999 55 24 have
1200 3000 56 24 been

674 3032 102 24 resorted
789 3036 29 19 to.
856 3031 50 24 The
918 3031 111 24 favourite
1047 3032 87 32 theory,
1147 3034 43 23 and
1209 3034 48 24 that

675 3065 73 24 which
771 3065 40 23 has
839 3065 63 24 been'
919 3065 116 32 generally
1058 3066 103 32 adopted,
1175 3067 20 23 is
1217 3067 39 24 the

674 3099 103 23 blanket.
813 3098 24 25 It
847 3099 21 23 is
880 3099 134 31 confidently
1028 3100 103 24 asserted
1150 3100 49 24 that
1219 3100 37 25 the

674 3132 106 32 adoption
794 3132 24 23 of
834 3132 37 24 the
882 3132 96 24 blanket
997 3133 19 23 is
1035 3133 39 23 the
1087 3141 75 17 cause.
1200 3133 57 25 This

674 3166 146 31 explanation
827 3173 46 16 was
885 3173 69 16 never
964 3166 144 32 satisfactory
1117 3172 23 19 to
1150 3175 36 16 us.
1212 3167 45 29 for

674 3207 33 15 we
719 3198 44 24 had
774 3198 84 24 known
877 3199 39 23 the
928 3199 94 25 blanket
1039 3205 23 19 to
1081 3200 28 24 be
1121 3200 96 32 adopted
1228 3201 29 31 by

675 3239 123 16 numerous
818 3232 63 23 other
901 3240 82 24 savage
1001 3234 153 31 populations,
1166 3234 42 23 but
1226 3242 31 17 we

675 3273 70 16 never
756 3265 68 23 heard
833 3266 19 22 it
862 3266 94 24 deemed
966 3274 14 15 a
992 3274 68 17 cause
1073 3267 25 23 of
1106 3267 135 25 diminution
1249 3278 7 19 ;

675 3299 45 23 and
731 3306 34 16 we
784 3298 85 24 believe
889 3299 49 24 that
948 3300 108 24 woollens
1068 3300 58 25 have
1142 3301 115 31 generally

676 3333 57 23 been
747 3331 91 24 deemed
850 3332 121 24 conducive
979 3337 27 23 .to
1021 3334 79 25 health
1111 3335 24 23 in
1147 3334 30 24 all
1188 3342 69 17 coun-

675 3366 65 23 tries.
776 3364 23 24 A
811 3365 114 24 sufficient
936 3374 66 17 cause
1013 3367 22 24 is
1046 3367 117 25 furnished
1175 3368 33 25 in,.
1211 3368 45 24 this

676 3398 143 24 remarkable
829 3398 125 31 inequality
965 3400 26 23 of
999 3400 39 24 the
1049 3400 84 24 adults.

710 3431 45 24 We
766 3431 69 23 heard
854 3440 14 15 a
878 3432 48 24 fact
943 3433 38 23 the
994 3433 64 24 other
1070 3434 43 31 day
1126 3434 134 32 copfirming

676 3465 38 25 the
738 3464 97 32 rapidity
858 3464 54 24 with
936 3466 72 24 which
1032 3466 38 24 the
1093 3467 102 25 Maories
1217 3476 43 22 ,are

677 3498 156 30 diminishing.
876 3497 25 24 A
926 3499 140 32 Missionary
1084 3501 141 31 gentleman.;.-
1231 3509 29 16 on

677 3533 38 23 the
727 3535 65 20 coast
803 3535 69 19 states
884 3531 40 23 the
945 3532 71 24 births
1028 3540 84 25 among
1122 3533 39 25 the
1173 3532 87 27 natives

677 3567 53 33 only
743 3569 24 19 to
787 3565 53 23 bear
851 3563 39 24 the
901 3567 132 29 proportion
1053 3571 24 19 to
1089 3567 38 24 the
1138 3567 88 30 deaths,
1239 3568 24 24 of

677 3601 50 23 3to
746 3600 41 22 21.
822 3598 64 23 That
905 3598 21 23 is
943 3598 35 24 for
999 3603 140 28 twenty-one
1156 3600 50 24 that
1225 3601 35 25 die

677 3633 54 30 only
741 3634 15 22 3
771 3639 37 16 are
821 3631 57 24 born
887 3640 6 19 ;
912 3631 43 24 and
965 3631 45 24 this
1020 3638 62 19 must
1093 3634 28 23 be
1128 3630 133 30 considered

677 3674 14 16 a
710 3666 45 24 fair
776 3669 120 19 statement
915 3664 66 24 when
1001 3666 38 23 the
1060 3666 76 24 adults
1157 3667 26 24 of
1207 3667 55 25 both

679 3707 69 16 sexes
760 3706 39 16 are
809 3698 129 31 compared.
1037 3720 4 3 .
1149 3714 12 7 .

681 3739 4 15 :
712 3732 52 24 The
776 3732 114 30 following
902 3732 22 26 is.
934 3731 37 25 the
982 3737 93 26 present
1084 3733 96 24 relation
1190 3734 24 23 of
1223 3735 39 23 the

677 3767 75 30 rising
760 3765 141 34 population;
913 3763 60 26 'We
982 3765 58 24 have
1051 3765 93 25 allowed
1150 3775 45 19 one
1205 3767 55 30 half,

679 3799 30 23 of
722 3800 39 22 the
774 3806 41 16 one
834 3798 45 24 thir
887 3798 6 23 1
907 3799 25 23 of
934 3798 53 29 /the
1009 3798 102 24 Maories
1122 3794 92 40 allowed,
1227 3801 35 24 for

679 3839 88 16 women
787 3831 43 25 and
842 3831 110 30 children,
965 3837 23 18 to
1009 3833 28 22 be
1058 3833 38 23 the
1107 3833 75 24 latter.
1218 3834 44 25 We

679 3864 57 24 have
748 3865 110 24 therefore
868 3866 66 31 194$
947 3866 74 23 Maori
1029 3866 102 24 children
1142 3867 24 23 in
1176 3867 86 25 Cook's

680 3897 84 24 Straits
775 3908 6 19 ;
804 3899 46 22 and
858 3907 34 15 we
903 3907 53 23 may
968 3899 105 25 consider
1085 3899 64 30 them;
1164 3900 97 33 to.lje.in

679 3930 69 31 equal
757 3932 151 31 proportions,
917 3932 181 24 we-have-thftre3
1097 3928 4 11 t
1100 3941 39 16 ore
1140 3934 5 15 :
1143 3931 52 29 '9'7l
1207 3934 56 32 boys

679 3963 45 25 and
742 3965 48 25 971
804 3965 142 31 .guda.-TAt
960 3965 156 32 'Wellington;-
1124 3966 137 32 Wtonganui,

1375 3203 57 25 have
1444 3202 70 32 lately
1525 3202 59 24 been
1599 3203 111 23 informed
1723 3203 50 24 that
1783 3212 14 15 a
1808 3208 63 27 great

1286 3244 67 24 many
1364 3236 80 24 letters
1455 3236 59 24 have
1534 3236 58 23 been
1610 3236 103 24 received
1724 3236 25 24 in
1761 3236 110 32 England

1287 3270 58 23 from
1356 3270 46 23 this
1415 3269 88 32 colony,
1516 3269 64 24 filled
1600 3269 53 24 with
1672 3270 143 32 complaints,
1828 3271 43 24 and

1288 3302 49 24 that
1347 3303 53 32 they
1406 3304 59 23 have
1475 3303 83 24 tended
1566 3307 23 19 to
1597 3303 133 32 discourage
1738 3305 133 30 emigration

1288 3340 22 20 to
1322 3337 56 23 New
1391 3337 109 23 Zealand.

1321 3377 66 29 Now,
1400 3377 63 24 there
1474 3386 40 15 are
1525 3382 43 20 two
1578 3378 86 23 classes
1675 3379 26 23 of
1716 3378 135 32 complaints
1863 3388 7 20 ;

1288 3410 38 24 the
1338 3419 41 15 one
1385 3410 131 33 justifiable
1526 3412 106 31 perhaps,
1645 3412 44 23 and
1701 3412 39 23 the
1752 3412 64 22 other
1828 3419 44 16 un-

1289 3443 121 31 doubtedly
1422 3448 40 19 not
1482 3452 35 15 so.
1552 3445 78 23 Those
1648 3445 135 31 complaints
1797 3444 75 25 which

1288 3485 52 24 may
1350 3478 28 23 be
1393 3477 135 32 justifiable,
1540 3485 39 15 are
1597 3477 57 23 such
1674 3485 26 16 as
1721 3478 29 22 do
1761 3481 40 19 not
1812 3478 60 23 arise

1288 3511 59 23 from
1358 3516 48 19 acts
1427 3511 132 23 committed
1570 3518 25 15 or
1613 3507 92 26 omitted
1716 3510 32 31 by
1759 3510 38 24 the
1809 3518 62 16 com-

1288 3544 103 31 plaining
1401 3549 74 29 party,
1488 3544 42 23 but
1547 3544 59 23 from
1626 3551 79 16 causes
1724 3551 54 16 over
1799 3543 73 25 which

1289 3577 28 24 lie
1338 3577 40 24 has
1401 3586 30 15 no
1453 3577 103 24 controul
1590 3575 56 25 such
1666 3576 35 24 for
1721 3577 102 23 instance
1846 3585 26 16 as

1289 3611 58 23 arise
1358 3611 60 24 from
1429 3611 38 23 the
1479 3610 97 24 conduct
1588 3610 25 23 of
1627 3617 28 16 an
1668 3609 103 24 imbecile
1782 3609 46 24 and
1839 3611 33 23 ir-

1290 3645 140 31 responsible
1453 3647 157 28 government.
1658 3643 36 23 To
1715 3642 114 32 complain
1850 3645 25 22 of

1290 3677 59 24 what
1359 3685 53 24 may
1423 3683 40 18 not
1474 3677 28 23 be
1521 3675 115 25 remedied
1646 3676 21 23 is
1677 3676 94 28 absurd,
1783 3676 46 24 and
1839 3685 34 16 we

1290 3711 105 31 question
1416 3710 101 24 whether
1535 3709 88 24 instead
1643 3709 26 24 of
1684 3710 153 32 complaining
1853 3712 21 22 it

1290 3744 73 23 would
1372 3748 43 20 not
1425 3744 28 23 be
1465 3744 64 23 wiser
1537 3743 34 23 for
1592 3742 37 24 the
1646 3747 65 27 party
1724 3748 23 19 to
1759 3744 64 30 point
1834 3750 40 18 out

1290 3777 38 23 the
1339 3778 91 30 remedy
1441 3777 35 23 for
1488 3777 39 23 the
1541 3776 52 29 evil,
1606 3775 43 24 and
1660 3775 94 25 become
1766 3778 72 23 active
1850 3779 23 23 in

1290 3810 96 32 seeking
1397 3815 23 19 to
1432 3817 67 17 cause
1507 3810 64 29 it^.to
1592 3810 27 23 be
1630 3809 103 32 applied^
1766 3810 50 24 The
1837 3820 37 16 re-

1290 3849 49 19 sort
1349 3849 22 19 to
1391 3844 154 31 complaining
1565 3850 95 24 appears
1679 3847 23 19 to
1710 3851 30 16 us
1759 3848 23 20 to
1793 3845 28 23 be
1834 3846 39 23 the

1291 3877 66 24 relief
1380 3877 86 31 sought
1482 3877 32 31 by
1531 3876 68 24 weak
1618 3876 75 24 minds
1712 3877 26 23 in
1756 3885 56 24 very
1830 3879 45 23 idle

1290 3910 86 25 bodies.
1413 3911 52 24 The
1476 3909 60 25 class
1556 3909 104 25 addicted
1672 3914 22 20 to
1705 3910 40 24 the
1756 3911 45 24 bad
1811 3912 64 25 habit

1290 3944 130 32 frequently
1441 3944 102 23 occasion
1564 3948 65 26 great
1649 3943 108 25 mischief
1771 3950 40 19 not
1823 3946 52 32 only

1291 3981 23 20 to
1326 3977 85 29 others,
1424 3977 41 24 but
1476 3982 23 18 to
1512 3976 135 25 themselves
1659 3986 6 20 ;
1686 3977 43 24 and
1742 3978 64 25 when
1818 3979 57 24 their

1934 3141 58 24 This
2003 3141 105 32 building
2118 3149 47 16 was
2186 3142 86 31 opened
2284 3142 34 24 for
2331 3142 86 25 Divine
2429 3144 56 25 Ser-

1900 3175 56 29 vice,
1968 3183 29 15 on
2010 3175 102 24 Sabbath
2122 3175 39 24 the
2178 3175 42 26 7th
2232 3175 108 31 January,
2354 3179 10 21 1
2371 3178 57 28 844,
2441 3177 45 24 and

1900 3217 52 22 may
1963 3216 55 23 very
2030 3209 67 31 fairly
2107 3209 29 24 be
2149 3208 132 25 considered
2297 3217 26 16 as
2335 3210 150 31 constituting

1901 3250 13 16 a
1924 3247 51 27 step
1986 3243 25 23 in
2023 3243 37 23 the
2069 3242 128 24 successful
2206 3250 105 23 progress
2321 3243 26 23 of
2355 3243 39 23 the
2406 3243 79 24 settle-

1900 3280 71 20 ment.
2008 3276 85 31 Topics
2102 3276 26 23 of
2137 3275 39 24 the
2189 3276 91 30 deepest
2288 3276 94 23 interest
2392 3283 94 24 present

1901 3309 135 24 themselves
2048 3314 22 18 to
2083 3309 38 23 the
2133 3309 64 23 mind
2208 3309 26 22 of
2240 3316 67 23 every
2318 3308 62 24 lover
2393 3310 27 23 of
2429 3311 56 23 civi-

1900 3342 100 30 lization,
2018 3343 24 22 in
2060 3342 38 23 the
2119 3342 100 31 opening
2232 3342 26 23 of
2275 3350 15 15 a
2299 3342 72 24 house
2389 3343 97 25 devoted

1900 3375 139 31 exclusively
2046 3379 23 19 to
2081 3375 38 23 the
2129 3374 78 31 public
2214 3375 132 24 ordinances
2354 3376 26 24 of
2388 3377 98 31 religion

1894 3410 29 24 ,in
1943 3416 44 20 any
1999 3412 103 26 country,
2113 3408 43 23 but
2173 3408 24 23 in
2215 3416 14 15 a
2249 3413 96 27 country
2355 3409 49 25 like
2425 3410 58 24 New

1900 3441 108 30 Zealand,
2020 3441 54 31 they
2093 3449 94 24 possess
2203 3441 100 32 peculiar
2323 3443 102 25 interest.
2461 3445 25 24 A

1900 3474 85 24 church
2003 3474 174 24 establishment
2197 3476 113 31 naturally
2327 3478 109 30 preceeds
2453 3479 32 23 all

1900 3507 64 24 other
1976 3508 185 24 establishments
2173 3516 26 16 or
2210 3509 141 24 institutions
2359 3511 86 31 having
2450 3512 36 23 for

1900 3540 59 24 their
1979 3541 74 32 object
2073 3542 75 23 man's
2168 3542 124 32 happiness
2311 3544 24 23 in
2347 3553 14 15 a
2382 3544 104 25 civilized

1900 3578 66 26 state,
1978 3574 46 24 and
2034 3582 33 16 we
2078 3583 52 24 may
2140 3584 51 16 now
2203 3582 81 26 expect
2296 3580 22 21 to
2331 3586 38 15 see
2380 3578 106 32 pr-aperly

1901 3608 121 31 organized
2037 3608 100 30 schools,
2147 3609 113 30 libraries,
2274 3611 105 31 colleges,
2392 3613 46 23 and
2454 3612 32 23 all

1901 3641 64 24 those
1977 3643 78 30 proofs
2074 3643 26 23 of
2116 3643 40 23 the
2168 3643 163 25 advancement
2342 3645 26 23 of
2384 3645 100 24 civiliza-

1902 3675 54 29 tion,
1968 3675 36 24 for
2020 3676 73 24 which
2112 3676 110 24 Scotland
2239 3678 72 23 ranks
2330 3679 83 23 second
2424 3683 22 19 to
2458 3687 30 15 no

1902 3714 95 27 country
2008 3717 30 16 on
2050 3709 38 25 the
2095 3709 49 25 face
2156 3711 26 23 of
2192 3710 38 24 the
2241 3711 73 24 earth.
2351 3712 51 24 The
2411 3712 76 23 build-

1900 3742 41 31 ing
1952 3742 47 24 will
2019 3743 170 25 accommodate
2199 3744 59 24 from
2276 3746 51 23 300
2340 3750 21 18 to
2374 3746 50 24 400
2436 3753 51 24 per-

1901 3782 62 23 sons,
1977 3776 44 24 and
2032 3776 110 32 although
2161 3777 64 31 plain
2236 3786 74 16 seems
2323 3779 52 24 well
2393 3786 95 24 propor-

1902 3809 85 29 tioned,
2000 3810 69 31 doing
2085 3810 90 24 infinite
2188 3811 72 24 credit
2279 3817 24 18 to
2316 3812 30 24 all
2364 3812 124 24 concerned

1902 3843 24 23 in
1945 3843 33 23 its
1989 3845 108 22 erection.
2133 3843 53 25 The
2203 3844 123 25 Directors-
2334 3845 26 24 of
2375 3846 39 23 the
2431 3845 58 24 New

1903 3876 110 27 Zealand,
2018 3876 118 32 Company
2149 3883 69 25 must,
2231 3878 45 24 and
2287 3886 33 17 we
2332 3879 44 23 feel
2396 3878 94 26 assured

1902 3910 59 24 their
1980 3910 190 31 Representative
2187 3911 62 30 here,
2262 3911 46 25 will
2319 3912 45 24 feel
2383 3911 105 33 gratified
2501 3933 2 3 .

1903 3948 32 24 at.
1938 3943 39 24 the
1997 3944 101 24 erection
2117 3945 27 23 of
2161 3953 26 15 so
2206 3944 126 24 handsome
2352 3953 29 15 an
2401 3943 102 29 edifice^'

1904 3976 86 33 opened
2003 3976 71 25 under
2081 3977 38 24 the
2131 3978 105 30 auspices
2245 3978 27 23 6f
2279 3978 46 23 the'
2330 3986 63 17 same
2402 3979 87 30 dergy-

550 51 97 47 STiji
671 51 119 41 Wteto
816 50 208 41 Zcaimb
1051 50 192 53 i&&}tttf
1269 51 91 40 ant*
1386 51 302 46 mttUmQton
1711 47 257 51 &pirtator*

658 130 92 69 New
781 130 215 69 Zealand
1027 130 216 69 Gazette

698 200 25 35 AND
723 200 29 35 WELLINGTON
1013 199 191 22 SPECTATOR.

741 245 156 32 WkoNtsbAY.
912 252 113 24 January
1039 253 34 26 17,
1091 252 60 23 1844.

273 1231 141 19 ARRIVED.

113 1171 170 24 SHIPPING
299 1171 276 24 INTELLIGENCE.

1874 131 2 35 I
1885 140 109 23 attention
2006 141 27 22 is.
2038 139 71 25 called
2127 144 24 20 to
2168 140 47 26 this
2226 140 46 24 fact
2283 140 61 32 they,
2347 143 132 31 generally^

1884 172 120 30 indirectly
2228 174 47 28 finji
2286 174 38 23 the
2336 178 128 29 temporary

1884 205 66 23 relief
1964 213 26 15 so
2002 211 63 24 great
2070 203 64 26 'from
2152 207 119 30 indulging
2282 207 25 23 in
2318 206 59 24 their
2387 209 77 24 weak-

1885 245 59 21 ness,
1956 238 50 23 that
2018 238 53 31 they
2082 244 82 18 cannot
2180 240 29 23 be
2219 238 96 25 induced
2328 244 22 19 to
2361 240 103 26 abandon

1874 275 2 18 !
1885 271 37 23 the
1942 271 43 24 bad
2003 272 99 29 practice
2119 271 59 23 from
2199 272 47 24 fear
2264 272 26 24 of
2304 272 38 24 the
2361 274 108 24 mischief

1884 305 19 22 it
1913 311 51 23 may
1977 304 67 30 bring
2055 305 64 22 down
2131 311 57 17 even
2199 312 61 23 upon
2272 305 144 25 themselves.

1917 336 59 24 This
1986 336 45 24 bad
2048 337 64 23 habit
2123 337 66 23 when
2199 337 55 31 long
2264 338 113 31 practised
2393 339 22 23 is
2426 345 39 19 not

1884 371 72 29 easily
1964 370 115 30 conqured
2089 370 65 28 ;.and
2165 370 202 32 finally,generally
2374 372 92 23 renders

1884 403 30 23 its
1930 403 61 23 slave
2004 411 53 21 very
2069 403 179 23 indiscriminate
2265 404 25 22 in
2307 403 37 24 his
2362 411 103 19 censure.

1886 435 42 24 We
1940 435 74 24 would
2033 436 156 23 nevertheless
2208 441 94 25 suggest
2314 442 23 17 to
2355 436 37 24 the
2406 445 60 16 com-

1885 468 104 31 plaining
2001 468 92 29 classes,
2106 473 23 19 to
2147 469 54 23 take
2213 470 38 22 the
2265 469 87 23 trouble
2365 474 22 18 to
2399 470 70 24 select

1886 501 56 24 their
1962 509 91 16 sources
2065 502 26 23 of
2106 502 147 31 complanint,
2265 502 44 23 and
2328 502 67 24 make
2407 503 62 24 them

1886 534 37 24 the
1944 542 62 15 more
2029 534 104 31 palpable
2154 536 31 29 by
2197 535 150 30 occasionally
2365 537 104 30 praising

1886 567 57 24 such
1954 572 100 20 matters,
2059 576 25 15 as
2102 568 54 31 they
2166 576 106 23 approve.
2308 569 66 23 Thus
2385 569 21 23 if
2416 569 53 31 they

1886 607 96 24 approve
1994 600 57 24 New
2070 600 56 24 New
2138 600 101 25 Zealand
2260 601 44 24 and
2316 602 111 23 condemn
2439 603 29 23 its

1887 633 155 23 Government
2048 642 7 21 ;
2068 634 32 24 let
2109 634 62 23 them
2183 634 74 24 blame
2265 635 38 24 the
2310 635 67 24 latter
2387 635 21 23 if
2417 635 54 31 they

1886 666 52 29 will,
1958 666 41 23 but
2010 672 40 18 not
2067 675 24 15 as
2111 667 57 24 New
2190 667 106 29 Zealand,
2310 668 34 23 for
2356 668 70 31 doing
2443 677 26 15 so

1886 704 61 18 must
1959 699 51 24 lead
2018 705 22 18 to
2050 708 61 16 error
2118 709 6 20 ;
2138 701 46 23 and
2195 701 20 23 if
2224 701 52 30 they
2284 701 74 23 desire
2369 706 22 18 to
2404 702 65 23 avoid

1886 733 25 27 it,
1924 733 53 30 they
1987 733 81 24 should
2090 734 53 23 take
2161 741 52 16 care
2234 739 22 18 to
2278 741 96 24 approve
2386 734 26 23 of
2430 734 39 25 the

1886 766 82 23 former
1981 767 65 23 while
2057 767 94 31 venting
2168 767 59 23 their
2246 775 70 23 anger
2329 774 60 25 upon
2401 767 64 24 those

1888 799 48 23 who
1947 805 94 25 prevent
2051 808 28 15 us
2090 800 60 24 from
2168 802 94 30 reaping
2274 800 37 26 the
2329 800 96 25 benefits
2438 809 33 16 we

1887 833 136 31 anticipated
2033 834 25 22 in
2067 835 113 30 resorting
2188 839 22 19 to
2219 834 56 24 New
2286 833 108 25 Zealand.
2420 834 51 24 Too

1888 866 60 23 often
1966 866 38 23 the
2017 875 79 16 source
2116 875 24 16 or
2161 875 92 16 sources
2271 866 92 32 leading
2373 872 23 18 to
2408 875 63 16 com-

1886 900 79 30 plaint,
1978 907 39 16 are
2027 900 137 24 maintained
2185 901 30 30 by
2228 900 37 24 the
2281 900 102 24 reckless
2394 908 42 15 use
2448 900 25 24 of

1887 940 14 15 a
1917 933 43 23 bad
1979 933 71 24 habit.
2087 933 66 23 Thus
2170 933 88 31 people,
2272 933 162 31 employment,
2446 941 26 16 or

1888 966 52 23 cash
1952 974 52 22 may
2013 966 28 23 be
2053 974 84 19 scarce,
2148 966 45 23 and
2205 967 81 22 render
2295 966 40 23 the
2347 966 125 25 individual

1888 999 188 25 uncomfortable.
2112 999 139 31 Thereupon
2269 999 58 24 New
2338 999 101 25 Zealand
2450 1001 20 23 is

1889 1031 93 23 abused.
2029 1032 50 23 The
2106 1039 155 24 consequence
2290 1032 74 24 which
2392 1033 82 25 should

1888 1064 55 23 have
1962 1065 58 22 been
2032 1065 96 28 forseen,
2141 1065 20 23 if
2177 1065 38 23 the
2228 1065 78 24 letters
2324 1073 58 16 were
2399 1066 71 32 likely

1889 1102 21 18 to
1923 1098 101 23 exercise
2043 1106 44 22 any
2099 1098 121 29 influence,
2232 1100 19 22 is
2264 1099 48 23 that
2333 1100 38 22 the
2384 1100 88 31 Colony

1888 1132 19 22 is
1919 1131 103 28 avoided,
2035 1131 44 23 and
2092 1131 37 24 the
2140 1139 56 23 very
2208 1140 92 15 sources
2312 1133 26 22 of
2352 1134 38 23 the
2411 1141 62 16 com-

1889 1164 72 31 plaint
1985 1172 38 15 are
2045 1165 147 29 maintained,
2222 1165 30 30 by
2274 1166 126 32 gratifying
2420 1174 54 24 very

1890 1197 80 24 foolish
1987 1197 45 24 and
2043 1206 54 22 very
2109 1198 66 23 weak
2186 1198 104 32 feelings.
2326 1199 51 24 The
2394 1208 80 16 course

1890 1231 95 30 adopted
2008 1232 23 22 in
2055 1232 46 22 fact
2121 1232 37 22 for
2182 1237 129 26 temporary
2331 1234 67 24 relief
2423 1242 51 23 may

1890 1272 77 15 secure
1980 1264 38 23 the
2027 1265 125 23 individual
2161 1271 134 25 permanent
2307 1267 92 31 misery.
2430 1267 44 24 We

1891 1298 74 23 would
1985 1303 94 27 suggest
2100 1298 50 23 that
2161 1307 14 14 a
2193 1298 57 24 little
2271 1299 97 32 thought
2379 1308 29 19 qn
2429 1301 45 23 this

1893 1331 90 31 subject
1996 1332 74 25 would
2082 1336 40 20 not
2133 1331 40 24 fail
2185 1337 23 18 to
2220 1333 28 22 be
2259 1333 83 26 useful.

66 149 21 17 &
108 146 37 26 1%
218 140 46 32 %9
292 140 110 26 Cpunty
414 153 5 7 r
428 140 92 25 Cpntt'.
571 154 2 5 ,
628 141 5 4 *

89 162 58 48 sJS
179 162 11 21 7
212 171 158 24 SHERIFF'S
385 171 85 23 SALE.

50 206 107 78 Erne
165 204 117 26 matt&of
287 213 28 15 an
326 205 78 29 appeal
421 206 85 27 against
515 212 14 15 a
543 204 89 22 convic-

112 234 44 24 titm
165 234 23 22 in
197 233 80 21 ttimna
283 239 78 15 versus
434 239 60 20 upon
501 239 28 15 an
539 232 92 21 inform-

112 259 56 23 iird
177 260 82 27 byMr:
270 259 94 27 Burgess
373 259 76 28 Sayen

79 285 35 30 By
123 287 72 22 virtue
204 286 26 22 of
234 292 15 16 a
258 284 60 24 Writ
326 285 26 22 of
364 284 124 24 Execution
498 284 86 27 against
593 284 38 22 the

51 312 79 25 Goods
139 313 45 23 and
192 311 95 23 chattels
303 311 26 22 of
341 311 38 23 the
388 311 49 23 said
451 311 94 27 Burgess
555 312 76 25 Sayer,

49 339 41 25 <h
107 338 87 24 Sheriff
204 338 46 22 will
267 344 68 16 cause
354 341 22 19 to
394 338 28 22 be
440 338 49 22 sold
507 338 29 26 by
555 336 77 23 Public

52 365 107 27 Auction,
169 372 29 15 on
207 364 84 28 Friday
299 367 62 24 next,
371 364 37 22 the
418 364 51 22 19th
479 365 56 25 inst.,
547 362 86 28 (unless

51 392 45 22 thia
113 392 116 22 execution
248 390 27 22 be
291 391 129 28 -previously
437 390 86 28 stayed)
543 397 28 15 ou
594 390 41 21 the

51 418 106 25 pnmiae
165 421 24 19 at
197 416 132 30 Pipitea^all
338 418 38 22 the
381 418 98 21 interest
493 418 34 20 of'
531 416 37 22 the
586 415 48 23 said

51 446 97 26 Burgeis
158 445 66 31 Sayer
233 443 26 23 of
270 443 45 23 and
327 444 24 22 in
367 443 44 26 the,
609 442 24 22 in

52 471 35 22 bit
96 472 136 27 occupation,
243 470 101 26 together
354 470 51 22 with
416 471 88 21 various
513 469 68 27 goods
590 468 43 22 and

54 498 100 26 chattels,
164 497 35 22 his
206 501 109 23 property.

331 523 85 22 Henry
432 524 36 21 St.
484 523 68 25 Hill,

520 548 86 23 Sheriff.

81 576 143 27 Wellington,
235 576 101 28 January
347 577 33 26 16,
393 577 60 21 1844.

59 616 24 5 ~
240 621 41 21 To
292 621 152 26 Dairymen.

53 654 189 51 WANTED,.-
255 662 13 15 a
289 661 53 15 man
359 654 128 26 thoroughly
505 652 131 29 acquainted

149 682 51 21 with
209 680 96 28 milking
315 680 44 23 and
369 681 37 21 the
417 681 69 27 dairy,
499 685 21 16 to
534 687 29 19 go
573 684 22 17 to
607 687 28 15 an

54 708 152 23 out-station.-
410 720 4 2 -
439 715 5 5 *

82 735 45 23 For.
133 734 94 23 further-
233 734 139 28 particulars,
386 734 65 27 apply
462 738 24 17 at
503 734 35 21 the
550 734 88 22 Gazette

47 757 94 28 'Office."
211 783 3 4 .
244 756 5 6 '

50 814 4 8 ,
80 793 101 29 Jjanwaty
189 793 109 26 16,1844.
625 809 9 18 >_

53 831 183 49 WANTED,
259 837 17 14 a
295 830 67 22 Cook.
401 831 43 21 For
463 831 85 22 further
567 831 70 27 parti-

150 857 77 27 culars,
239 857 68 28 apply
318 860 21 19 to

324 884 35 22 W.
376 885 31 21 M.
424 885 84 26 Smith,

48 922 11 12 :,
77 930 5 4 .
93 928 13 5 ..
393 912 105 24 Tinakori
509 912 102 26 Cottage.

82 938 101 28 January
192 940 32 24 16,
235 939 63 21 1844.

266 979 163 25 Almanack.

50 1016 80 51 AN
150 1016 179 23 ALMANACK
348 1016 33 22 for
400 1016 133 27 Wellington
552 1016 18 21 is
589 1023 50 17 now

115 1062 3 3 .
125 1043 127 28 publishing
261 1047 25 18 at
295 1042 43 23 this
349 1042 77 23 Office.

47 1083 4 4 '
68 1089 4 4 -
286 1083 75 19 price,
378 1078 28 20 Is.

49 1110 171 23 '-"Gazette"
232 1108 78 28 Office,
322 1109 125 22 December
458 1110 19 27 7,
490 1112 58 21 1843.
