2550 4060
715 1609 14 23 I
739 1609 59 23 have
810 1617 41 15 one
859 1610 61 23 word
933 1618 61 16 more
1005 1610 44 23 and
1060 1610 53 23 then
1127 1610 58 23 shall
1191 1610 70 24 finish

683 1650 37 24 my
896 1642 49 25 Mr.
959 1643 126 24 Wakefield
1096 1650 52 24 says
1160 1643 49 25 that
1219 1643 39 23 the

683 1676 86 24 natives
781 1675 68 23 make
859 1683 42 16 use
911 1676 24 23 of
947 1676 147 30 Christianity
1103 1683 26 17 as
1141 1684 12 15 a
1165 1675 66 25 cloak
1240 1681 23 18 to

683 1709 51 24 hide
746 1708 60 23 what
817 1709 20 22 is
849 1708 50 29 bad,
911 1709 21 23 if
941 1717 14 15 a
965 1717 54 16 man
1030 1709 65 23 takes
1106 1709 31 22 off
1148 1709 38 23 the
1196 1709 65 23 cloak

683 1750 42 23 you
738 1741 45 23 will
794 1749 37 16 see
841 1742 36 22 the
885 1742 58 29 evil;
955 1742 96 31 perhaps
1059 1742 44 23 this
1116 1742 21 22 is
1148 1747 57 23 true,
1219 1742 43 23 and

685 1777 11 22 I
710 1784 39 22 say
762 1780 22 18 to
798 1774 48 25 Mr.
858 1774 131 25 Wakefield
1000 1775 45 23 and
1056 1775 29 23 all
1103 1775 38 22 the
1151 1774 110 32 pakehas,
1272 1778 2 22 \

684 1808 64 25 Take
766 1808 34 24 off
815 1815 58 24 your
891 1807 80 25 cloaks
991 1808 49 24 that
1058 1815 32 16 we
1108 1816 52 23 may
1171 1815 37 16 see
1226 1808 38 23 tie

683 1842 110 32 goodness
803 1842 25 23 of
834 1849 55 23 your
901 1841 77 24 hearts
990 1847 22 17 to
1024 1842 38 22 the
1075 1841 85 23 natives
1162 1852 32 5 —
1195 1841 70 23 Want

683 1875 103 24 affection
797 1875 36 23 for
845 1883 25 14 us
878 1874 6 24 !
920 1875 92 27 Before,
1033 1881 44 23 you
1089 1874 55 24 used
1156 1878 22 19 to
1190 1874 71 31 speak
1272 1869 2 38 j

684 1907 78 31 kindly
779 1912 24 19 to
823 1916 33 21 us,
878 1915 58 21 now,
957 1916 43 23 you
1021 1906 56 24 have
1096 1907 87 23 thrown
1202 1907 61 24 aside

684 1948 54 25 your
750 1940 76 24 cloak.
828 1953 32 5 —
862 1940 62 24 That
935 1942 20 22 is
967 1940 37 28 all,

988 1973 70 24 From
1068 1981 57 22 your
1137 1972 92 29 Friend,

786 2004 110 32 (Sigued)
1041 2005 121 24 William
1178 2006 84 23 Tako.

925 2066 105 26 SMUT.

686 2101 27 19 To
721 2101 35 17 the
768 2101 78 18 Editor
854 2101 27 21 cf
889 2101 37 17 the
956 2101 51 18 New
1017 2101 93 17 Zealand
1120 2101 87 18 Gazette
1220 2101 43 18 and

837 2126 123 24 Wellington

710 2159 47 26 Sir,
759 2169 28 4 —
789 2157 27 22 In
823 2164 85 15 answer
915 2162 22 17 to
949 2165 54 20 your
1011 2157 178 28 correspondent,
1203 2157 9 22 I
1220 2157 43 28 beg

685 2189 21 18 to
716 2185 95 21 forward
825 2192 44 19 you
878 2184 38 22 the
926 2185 114 26 following
1049 2189 96 17 extracts
1156 2185 56 21 from
1222 2192 41 14 un-

685 2211 97 23 doubted
792 2211 127 22 authorities
930 2218 29 14 on
969 2211 37 22 the
1022 2211 84 27 subject
1116 2211 26 21 of
1149 2211 71 22 wheat
1229 2219 31 13 :—
1260 2223 3 5 ■

735 2238 81 21 Wheat
832 2237 18 22 is
869 2237 87 28 subject
974 2241 22 18 to
1014 2245 59 14 more
1092 2238 97 22 diseases
1208 2237 55 23 than

686 2265 62 22 other
755 2265 83 26 grains,
848 2264 44 22 and
900 2265 24 21 in
935 2271 60 15 some
1004 2271 95 19 seasons,
1112 2265 119 27 especially
1239 2265 23 22 in

686 2295 40 22 wet
733 2298 61 20 ones,
801 2291 88 22 heavier
898 2291 68 22 losses
974 2298 37 14 are
1018 2291 113 22 sustained
1138 2292 55 21 from
1200 2291 62 22 those

686 2319 95 21 diseases
791 2318 53 21 than
853 2324 35 15 are
895 2318 40 21 felt
944 2318 24 21 in
978 2318 38 21 the
1023 2317 84 22 culture
1116 2317 25 22 of
1148 2325 45 20 any
1200 2318 62 22 other

687 2344 134 23 culniferous
832 2351 58 20 crop.

735 2371 81 22 Wheat
829 2378 50 19 may
889 2371 67 22 suffer
969 2371 57 21 from
1042 2371 37 22 the
1096 2373 84 20 attacks
1191 2372 25 21 of
1229 2373 21 20 in
1255 2384 7 4 -

686 2400 55 20 sects
750 2402 23 17 at
782 2398 39 22 the
830 2401 47 18 root
883 2406 6 18 ;
907 2398 56 22 from
976 2397 75 26 blight,
1063 2398 72 22 which
1148 2399 114 27 primarily

686 2424 72 23 affects
769 2424 37 22 the
815 2424 46 22 leaf
865 2432 24 14 or
895 2428 71 23 straw,
976 2425 45 21 and
1030 2425 122 27 ultimately
1162 2426 101 27 deprives

686 2452 36 21 the
730 2451 63 26 grain
805 2451 24 21 of
842 2451 111 22 sufficient
966 2451 164 28 nourishment;
1147 2452 57 21 from
1213 2452 51 22 mil-

686 2479 45 21 dew
742 2485 28 15 on
781 2477 37 23 the
827 2484 41 21 ear,
877 2477 72 23 which
956 2482 98 23 operates
1063 2478 93 22 thereon
1166 2479 52 21 with
1227 2479 36 22 the

686 2506 57 21 force
754 2505 25 21 of
793 2512 29 15 an
837 2504 121 28 apopleptic
968 2505 73 21 stroke
1048 2513 5 19 ;
1070 2505 44 22 and
1123 2513 71 20 grows
1208 2513 53 20 gum

685 2533 25 20 of
717 2531 102 22 different
828 2531 86 27 shades,
923 2531 71 22 which
1003 2531 76 27 lodges
1088 2540 28 15 on
1127 2533 37 21 the
1175 2532 62 22 chaff
1240 2540 24 14 or

686 2565 50 20 cups
747 2558 22 22 in
780 2558 71 22 which
862 2558 36 22 the
909 2559 65 26 grain
983 2559 18 21 is
1011 2558 121 28 deposited.

733 2585 33 22 To
783 2588 92 23 prevent
889 2585 38 22 the
943 2588 60 19 smut
1016 2585 23 21 in
1049 2585 72 22 wheat
1135 2585 77 28 liming
1225 2587 38 21 the

686 2610 50 24 seed
745 2611 29 28 by
782 2611 128 23 immersion
917 2612 19 22 is
943 2612 172 22 recommended
1122 2613 28 27 by
1156 2621 14 13 a
1177 2613 86 22 French

685 2638 77 27 writer,
779 2646 24 14 as
823 2639 36 21 the
875 2639 53 28 only
943 2639 129 27 preventive
1092 2639 123 22 warranted
1234 2640 29 28 by

686 2665 85 22 science
780 2665 47 22 and
836 2665 130 25 sanctioned
982 2666 28 27 by
1021 2666 140 27 experience,
1172 2667 44 21 and
1225 2667 38 22 the

686 2691 109 28 following
811 2693 17 23 is.
843 2693 66 26 given
919 2700 24 14 as
959 2692 37 22 the
1006 2691 91 24 method
1110 2693 24 21 in
1144 2693 71 22 which
1226 2693 37 22 the

686 2725 86 21 process
780 2726 21 14 is
811 2719 47 22 best
867 2719 125 27 performed
999 2727 4 14 :
1006 2730 28 4 —

733 2745 33 21 To
775 2746 87 27 destroy
872 2745 38 22 the
924 2753 75 20 germs
1008 2747 25 20 of
1048 2746 36 23 the
1093 2747 73 27 blight
1180 2747 22 21 in
1211 2747 51 24 four

686 2771 41 23 and
742 2778 13 16 a
771 2771 50 23 half
827 2772 94 28 bushels,
939 2780 25 14 or
976 2776 42 19 two
1028 2773 103 23 hundred
1145 2773 44 22 and
1204 2774 59 28 fifty-

686 2799 33 21 six
727 2799 89 26 pounds
825 2799 24 22 of
863 2807 61 20 corn,
935 2800 69 22 about
1018 2801 35 20 six
1062 2807 24 14 or
1100 2808 68 15 seven
1177 2801 86 26 gallons

687 2826 25 21 of
723 2829 67 21 water
806 2830 57 18 must
879 2827 29 21 be
921 2827 62 26 used,
1001 2834 24 15 as
1040 2827 38 22 the
1091 2827 63 27 grain
1171 2834 51 20 may
1237 2828 26 21 be

688 2858 63 16 more,
757 2859 25 15 or
796 2852 44 23 less
849 2853 46 32 dry,
907 2853 47 22 and
961 2854 59 22 from
1030 2853 121 28 thirty-five
1163 2857 23 19 to
1195 2854 69 28 forty-

688 2883 40 18 two
739 2886 82 15 ounces
835 2880 152 27 avoirdupoise
998 2881 25 21 of
1030 2881 66 27 quick
1106 2881 60 27 lime,
1178 2881 58 27 (that
1245 2882 19 21 is

686 2906 51 22 lime
745 2906 100 27 recently
854 2907 108 27 slacked,)
973 2907 120 28 according
1108 2915 23 15 as
1141 2908 19 21 it
1175 2915 51 19 may
1237 2908 26 22 be

686 2939 60 16 more
765 2940 26 14 or
808 2933 42 21 less
865 2934 91 27 caustic,
957 2945 28 5 —
985 2934 45 22 and
1048 2934 120 28 according
1187 2941 23 15 as
1225 2934 38 23 the

686 2958 50 23 seed
746 2966 51 27 may
808 2960 38 26 (be
855 2961 109 27 supposed
975 2962 30 26 to)
1016 2961 57 22 have
1083 2969 61 18 mpre
1153 2969 26 14 or
1187 2961 43 22 less
1241 2962 26 22 of

686 2987 36 22 the
736 2985 80 28 blight.
844 2987 48 21 Boil
906 2992 50 23 part
969 2988 26 22 of
1008 2987 39 22 the
1061 2992 75 24 water,
1150 2988 61 23 slack
1225 2988 38 23 the

686 3013 51 22 lime
753 3012 53 22 with
822 3012 24 27 it,
863 3013 46 22 and
924 3015 55 22 then
996 3014 44 22 add
1058 3016 37 21 the
1109 3019 52 19 rest.
1190 3015 73 22 When

682 3039 86 28 joined,
780 3039 37 22 the
832 3040 52 22 heat
900 3041 26 21 of
940 3041 36 22 the
992 3044 66 19 water
1072 3042 80 22 should
1166 3042 28 22 be
1209 3042 54 22 such

685 3067 46 22 that
740 3066 38 22 the
789 3067 60 21 hand
859 3074 41 15 can
909 3068 53 22 with
972 3068 109 27 difficulty
1086 3068 56 23 bear
1150 3070 25 21 it.
1204 3068 60 23 Pour

686 3093 35 22 the
730 3092 132 23 lime-water
874 3101 61 20 upon
952 3095 37 22 the
998 3102 53 14 corn
1060 3095 79 27 placed
1152 3096 26 22 in
1193 3103 14 14 a
1216 3096 46 26 tub,

684 3119 87 28 stirring
778 3120 19 22 it
813 3121 141 27 incessantly,
964 3122 47 21 first
1020 3121 52 24 with
1079 3129 14 14 a
1102 3122 62 27 stick,
1176 3122 45 22 and
1230 3122 33 22 af-

685 3147 102 22 terwards
797 3147 53 22 with
859 3155 14 14 a
888 3147 85 23 shovel.
1001 3148 49 22 The
1063 3148 70 28 liquid
1149 3148 78 23 should
1241 3153 22 18 at

684 3174 46 22 first
754 3181 67 15 cover
837 3174 37 21 the
892 3174 75 23 wheat
989 3174 63 23 three
1072 3183 24 14 or
1114 3176 50 22 four
1181 3175 82 28 fingers

684 3200 117 28 breadths;
811 3204 19 19 it
836 3201 43 22 will
886 3208 55 15 soon
952 3202 140 25 beabsorded
1101 3202 32 28 by
1139 3202 37 23 the
1181 3203 81 27 grains.

684 3227 27 23 In
729 3227 45 22 this
793 3231 56 18 state
862 3227 31 22 let
907 3228 19 22 it
944 3229 85 22 remain
1045 3229 95 22 covered
1156 3237 54 14 over
1227 3229 35 23 for

683 3257 86 24 twenty-
775 3255 51 22 four
839 3254 73 27 hours,
922 3255 42 22 but
978 3258 51 19 turn
1044 3256 18 21 it
1071 3263 54 14 over
1133 3256 44 22 five
1188 3263 25 14 or
1228 3256 35 23 six

682 3281 64 22 times
755 3280 82 28 during
844 3281 37 22 the
891 3281 51 28 day.
971 3281 58 23 Such
1038 3286 59 24 parts
1107 3282 27 22 of
1145 3282 38 23 the
1192 3282 71 33 liquor

682 3315 24 15 as
715 3307 43 22 will
768 3307 63 22 drain
842 3308 34 22 off
880 3315 50 21 may
941 3309 53 22 then
1010 3309 29 21 be
1049 3309 127 27 separated;
1194 3309 65 22 when

682 3334 36 23 the
732 3342 62 19 corn,
804 3335 57 22 after
876 3335 106 28 standing
994 3342 14 15 a
1024 3335 42 22 few
1072 3335 78 27 hours,
1160 3336 25 22 in
1199 3336 64 22 order

681 3362 47 21 that
736 3361 18 22 it
770 3368 53 21 may
832 3368 40 15 run
882 3361 72 28 freely
964 3365 38 19 out
1009 3362 28 21 of
1046 3362 38 22 the
1093 3362 67 28 hand,
1171 3370 52 20 may
1232 3363 29 22 be

681 3395 66 18 sown-
776 3388 139 28 Experience
924 3389 40 22 has
971 3389 84 27 proved
1063 3389 49 22 that
1120 3389 69 22 limed
1198 3389 64 27 grain

679 3415 134 27 germinates
817 3422 78 14 sooner
900 3414 56 23 than
962 3415 105 27 unlimed;
1079 3415 46 22 and
1129 3423 23 14 as
1157 3416 19 21 it
1182 3416 81 23 carries

673 3441 58 31 .with
740 3441 18 22 it
773 3442 104 21 moisture
888 3440 111 24 sufficient
1015 3446 22 17 to
1047 3442 105 28 develope
1167 3443 38 21 the
1215 3449 47 16 em-

680 3468 61 28 bryo,
752 3467 39 23 the
800 3467 53 23 seed
862 3468 45 22 will
921 3472 41 19 not
973 3468 67 23 suffer
1049 3469 35 22 for
1093 3472 59 19 want
1161 3469 26 22 of
1197 3470 49 21 rain
1253 3477 7 19 ;

680 3495 77 22 insects
768 3495 45 22 will
828 3499 39 18 not
876 3495 75 22 attack
961 3496 25 27 it,
997 3495 37 22 the
1044 3495 62 23 acrid
1116 3499 57 19 taste
1183 3496 26 22 of
1222 3496 38 22 the

678 3521 51 23 lime
746 3521 69 28 being
830 3522 105 22 offensive
952 3526 23 21 tq
991 3522 73 28 them;
1083 3522 52 28 and,
1152 3531 25 14 as
1195 3530 67 20 every

679 3549 61 27 grain
749 3549 140 27 germinates,
900 3556 16 15 a
929 3549 45 22 less
983 3549 103 31 quantity
1095 3550 19 21 is
1128 3549 114 29 requisite.

705 3575 27 22 In
741 3582 14 14 a
763 3575 135 28 subsequent
905 3583 70 21 paper
985 3571 12 28 i
1003 3575 45 24 will
1057 3576 88 23 furnish
1153 3583 46 21 you
1210 3576 52 23 with

679 3609 13 18 a
701 3602 41 22 few
751 3608 62 16 more
824 3605 103 20 extracts.

886 3629 12 22 I
907 3629 86 22 remain
1003 3629 41 27 Sir,

920 3656 63 23 Your
992 3655 104 24 obedient
1107 3659 99 20 servant.

1189 3683 43 20 ,W.

709 3738 167 25 REPTILIA
893 3739 45 24 OF
956 3740 88 24 NEW
1051 3740 173 30 ZEALAND.

679 3794 28 18 To
716 3794 34 18 the
756 3794 81 20 Editor
845 3794 30 25 of
881 3795 37 20 the
954 3796 53 19 New
1020 3795 94 21 Zealand
1120 3796 88 21 Gazette
1216 3796 43 20 and

709 3847 51 30 Sir,
761 3860 36 6 —
797 3849 30 24 In
846 3850 37 24 the
900 3850 100 26 Gazette
1016 3850 26 24 of
1053 3851 66 26 :17th
1136 3851 59 31 May
1204 3850 53 30 last,

676 3879 87 33 (1843)
775 3881 116 31 N0..246,
903 3890 54 24 you,
962 3883 44 24 did-
1018 3891 38 16 me
1074 3884 38 23 the
1131 3883 89 24 honour
1236 3888 21 19 to

676 3914 67 24 insert
763 3922 14 15 a
796 3916 74 23 notice
891 3923 30 16 on
925 3917 11 25 \
942 3924 14 15 a
973 3916 81 31 reptile
1072 3916 84 26 known
1175 3923 24 17 to
1219 3916 39 26 the

1925 136 81 22 Femur
2289 151 7 9 ,
2429 140 14 21 1

1923 162 64 21 Tibia
1997 163 43 21 and
2048 160 70 24 fibula
2341 175 61 10 *....
2431 167 15 20 2

1907 203 3 3 ■
1924 187 76 23 Tarsal
2010 189 68 21 bones
2182 195 5 13 •'
2432 191 14 22 7

1926 215 89 21 Meta—
2016 215 65 21 tars&l
2090 214 68 21 bones
2430 217 15 21 5

2419 254 28 5 —
2444 245 32 22 ja

1923 266 64 28 Toes,
1999 267 106 27 counting
2113 266 59 22 from
2181 266 36 22 the
2227 266 63 24 tibial
2299 274 26 15 or
2339 268 66 23 inner

1897 292 57 22 side.

1924 320 11 20 1
1951 320 116 26 composed
2077 318 26 23 of
2108 318 118 28 phalanges
2429 323 15 19 2

1923 346 14 19 2
2017 345 35 22 do.
2135 345 35 22 do.
2419 359 4 4 -
2429 349 15 20 3

1923 372 14 20 3
2010 372 42 23 .do.
2133 371 35 23 do.
2429 375 16 19 4
2474 386 3 6 -

1924 398 14 19 4
2018 398 34 21 do.
2134 396 34 22 do.
2431 400 14 21 5

1923 424 13 19 5
2017 424 34 21 do.
2134 424 35 21 do.
2430 426 16 21 4

2417 454 56 20 —18

2006 480 101 22 Number
2115 480 25 21 of
2147 480 67 22 bones
2222 481 24 21 in
2257 480 55 23 each
2321 481 36 28 leg
2369 496 46 8 ....
2445 484 29 22 36

1930 515 75 24 Teeth.
2007 528 34 5 —
2041 515 76 24 These
2137 522 37 16 are
2189 523 53 24 very
2261 517 106 30 peculiar,
2386 525 87 17 resem-

1895 547 64 31 bling
1970 553 60 18 most
2041 547 101 30 strongly
2154 548 37 22 the
2202 549 61 23 teeth
2275 549 25 23 of
2316 549 68 24 fishes
2393 559 7 20 ;
2419 551 54 30 they

1897 588 38 15 are
1946 580 31 23 all
1989 588 25 15 so
2025 579 108 33 perfectly
2144 580 65 29 fixed,
2220 589 25 15 as
2257 586 22 19 to
2292 589 81 23 appear
2384 587 38 19 cut
2433 588 41 19 out

1895 613 28 22 of
1931 612 38 23 the
1979 613 70 23 bones
2067 612 74 24 which
2159 617 93 26 support
2273 613 68 29 them,
2358 615 56 23 after
2434 615 39 24 the

1897 645 85 23 fashion
1992 646 26 23 of
2026 654 14 15 a
2050 652 44 17 saw
2103 652 5 16 :
2126 645 38 23 ihe
2174 650 57 18 most
2238 646 141 24 remarkable
2385 647 89 24 feature

1895 678 19 22 is
1936 679 118 29 presented
2076 678 31 30 by
2126 677 37 23 the
2184 680 110 28 posterior
2315 680 59 22 teeth
2392 680 24 23 in
2434 680 39 24 the

1890 718 75 23 dipper
1982 711 52 30 jaw,
2046 709 73 25 which
2130 715 23 18 at
2172 710 48 24 first
2231 711 62 30 sight
2304 719 61 16 seem
2382 712 89 30 double,

1895 742 46 23 like
1953 742 38 24 the
2007 744 142 23 carniverous
2166 742 82 24 molars
2259 753 6 19 ;
2285 751 17 15 w
2305 743 51 24 her.
2359 752 34 22 as,
2406 746 66 23 when

1895 775 38 23 the
1956 775 69 23 bones
2046 784 37 15 are
2107 775 56 30 fully
2184 776 133 26 macerated,
2341 777 38 23 the
2406 779 67 23 inner

1895 807 111 24 tubercles
2018 817 36 15 are
2065 808 69 23 found
2147 813 37 18 cut
2196 814 37 17 out
2245 809 26 22 of
2282 809 38 22 the
2332 809 55 31 edge
2399 810 25 23 of
2433 810 41 24 the

1895 840 97 31 palatine
2001 841 68 30 plates
2079 840 26 24 of
2111 840 38 23 the
2156 842 103 29 superior
2265 842 119 31 maxillary
2392 843 79 28 bones,

1895 873 43 23 and
1949 873 73 23 which
2033 872 36 32 (as
2082 873 12 24 I
2112 873 51 23 first
2181 873 108 32 showed),
2302 875 23 22 in
2337 880 58 18 most
2410 883 63 16 cases

1895 907 86 22 remain
1993 906 90 24 distinct
2094 906 69 22 bones
2178 907 23 22 in
2214 906 78 29 fishes,
2301 907 45 23 and
2358 909 115 31 generally

1896 944 93 25 support
2007 940 60 23 teeth
2067 951 29 5 —
2096 937 43 24 -the
2155 942 48 20 true
2219 939 76 31 palate
2314 940 70 23 bones
2406 948 67 17 never

1895 979 25 16 so
1939 972 34 23 far
1991 979 26 16 as
2028 972 17 24 I
2060 972 58 24 have
2136 971 114 25 observed.
2285 972 51 24 The
2348 973 125 24 celebrated

1897 1005 89 30 George
2007 1005 89 28 Cuvier,
2110 1004 23 23 in
2145 1004 35 24 his
2192 1005 111 24 elaborate
2316 1006 62 23 work
2394 1014 29 15 on
2434 1007 41 23 the

1896 1038 103 23 skeleton
2022 1039 25 22 of
2069 1036 78 30 fishes,
2170 1038 82 23 missed
2280 1038 121 31 observing
2428 1040 45 23 and

1895 1071 94 30 naming
1998 1070 37 24 the
2044 1077 84 22 vomer,
2137 1070 43 23 and
2187 1071 160 31 consequently
2356 1072 118 24 wandered

1895 1103 106 31 fearfully
2012 1104 24 22 iv
2047 1103 93 31 naming
2156 1103 37 24 the
2205 1108 102 26 separate
2319 1104 69 24 bones
2400 1104 25 24 of
2434 1105 45 23 the-

1897 1136 64 23 head.
1998 1136 50 24 The
2066 1137 60 23 inter
2142 1136 118 31 maxillary
2271 1137 69 23 bones
2357 1143 91 25 present
2459 1146 15 16 a

1896 1169 123 31 singularly
2029 1168 85 25 formed
2129 1169 77 24 dentar
2217 1169 71 31 -edge,
2302 1177 24 16 so
2338 1170 79 23 unlike
2427 1179 46 23 any

1896 1201 65 23 think
1981 1202 13 23 I
2013 1202 56 24 have
2085 1201 99 25 hitherto
2203 1202 109 24 observed
2328 1203 25 23 in
2365 1203 37 23 the
2419 1211 54 16 con-

1896 1235 109 23 struction
2025 1236 26 23 of
2068 1235 67 28 teeth,
2153 1243 24 15 as
2196 1240 23 19 to
2238 1235 60 32 defy,
2318 1237 24 22 in
2359 1243 41 16 our
2419 1243 55 25 very

1895 1267 87 24 limited
1994 1268 132 29 knowledge
2139 1268 23 23 of
2171 1268 36 24 the
2215 1268 108 28 Tuatara,
2329 1277 44 23 any
2378 1270 96 22 surmise

1896 1308 55 15 even
1963 1303 126 29 respecting
2100 1300 39 23 the
2149 1301 101 24 function
2267 1301 24 24 of
2308 1301 64 24 these
2380 1311 4 11 >
2387 1302 86 23 substi-

1897 1338 58 19 tutes
1975 1334 35 23 for
2031 1335 67 23 teeth.
2135 1334 40 23 All
2186 1334 36 23 the
2234 1334 62 24 teeth
2307 1342 82 24 appear
2403 1339 22 19 to
2436 1343 37 15 me

1895 1367 110 30 precisely
2017 1371 22 19 to
2057 1367 116 28 resemble,
2186 1367 41 24 and
2250 1371 24 19 to
2289 1367 37 30 be,
2345 1368 23 23 in
2386 1368 52 29 fact,
2451 1368 26 23 of

1896 1398 37 24 the
1944 1407 62 16 same
2019 1404 88 20 texture
2118 1407 25 16 as
2157 1400 37 23 the
2210 1400 59 30 jaws
2289 1400 25 23 of
2329 1400 77 24 which'
2420 1401 54 30 they

1895 1431 58 24 form
1965 1440 13 15 a
1989 1438 51 25 part
2049 1442 5 20 ;
2074 1433 53 29 they
2139 1440 80 24 appear
2231 1441 14 15 a
2262 1433 58 30 good
2337 1433 50 24 deal
2404 1441 69 21 worn,

1895 1465 43 24 and
1950 1465 46 24 this
2008 1466 19 23 is
2039 1473 53 24 very
2110 1466 120 31 strikingly
2241 1466 129 24 observable
2391 1467 24 23 in
2434 1466 40 24 the

1895 1499 101 23 cranium
2015 1499 25 23 of
2054 1499 41 23 the.
2111 1497 62 25 older
2194 1499 122 31 specimen,
2339 1499 94 30 making
2453 1501 20 22 it

1892 1531 50 31 just
1952 1532 100 30 possible
2072 1532 49 23 that
2138 1531 38 24 the
2194 1532 72 23 whole
2285 1533 69 23 series
2372 1540 52 23 may
2434 1537 40 27 get

1895 1572 61 15 worn
1968 1565 72 29 down,
2053 1564 75 24 whilst
2139 1564 38 24 the
2188 1564 100 24 Tuatara
2299 1565 20 23 is
2339 1569 38 27 yet
2387 1573 85 24 young,

1895 1597 45 22 and
1951 1597 48 23 that
2011 1597 38 24 the
2063 1598 58 31 jaws
2139 1598 24 22 in
2175 1597 36 24 the
2231 1597 58 31 aged
2308 1605 25 16 or
2346 1606 54 15 even
2412 1598 62 24 adult

1895 1630 83 23 animal
1986 1638 52 23 may
2046 1635 91 27 present
2147 1638 14 15 a
2168 1630 87 24 smooth
2265 1631 124 23 horizontal
2397 1631 75 31 plane.

1895 1663 50 23 The
1956 1663 106 29 formula
2079 1663 26 24 of
2121 1663 37 23 the
2177 1663 77 24 dentar
2274 1668 85 26 system
2375 1664 21 23 is
2419 1664 52 24 thus

1893 1695 106 24 rendered
2012 1696 95 24 difficult
2118 1701 22 17 to
2151 1697 57 30 give,
2221 1696 41 24 but
2279 1697 23 23 in
2314 1704 14 16 a
2339 1696 71 31 rough
2422 1705 49 24 way

1896 1736 51 23 may
1958 1729 28 23 be
1998 1729 72 24 stated
2082 1729 53 24 thus
2136 1741 33 5 —

1925 1764 86 22 Dentar
2021 1765 71 28 edges,
2102 1771 71 21 upper
2179 1765 43 27 jaw
2339 1767 136 24 20+20=40

1924 1791 100 22 Palatine
2034 1793 65 26 plate,
2110 1798 69 21 upper
2187 1792 45 27 jaw
2355 1795 38 23 8+
2408 1795 68 20 B=l6

2445 1821 29 20 56

1924 1844 84 22 Dentar
2019 1845 60 28 edge,
2086 1845 68 22 lower
2161 1846 44 27 jaw
2340 1847 136 25 20+20=40

2082 1876 103 23 Number
2193 1877 24 21 of
2223 1876 110 25 tubercles
2447 1878 27 22 76

1928 1905 35 23 To
1972 1905 100 24 describe
2081 1905 38 24 the
2128 1910 157 26 arrangement
2292 1906 43 23 and
2344 1906 132 30 apparently

1895 1938 124 30 capricious
2034 1939 69 23 union
2122 1938 25 22 of
2164 1938 36 24 the
2220 1938 70 26 bones
2310 1940 103 29 entering
2424 1939 47 23 into

1895 1971 37 22 the
1944 1972 144 30 composition
2111 1971 24 22 of
2150 1971 37 23 the
2206 1972 109 28 cranium,
2328 1972 73 23 would
2420 1972 52 30 spin

1897 2007 38 19 out
1952 2004 46 22 this
2016 2005 72 22 notice
2109 2003 33 23 far
2161 2003 87 34 beyond
2267 2004 38 22 the
2326 2012 67 23 scope
2416 2005 24 23 of
2460 2012 14 15 a

1896 2042 136 24 newspaper.
2068 2036 14 23 I
2101 2043 53 22 may
2171 2036 49 30 just
2239 2037 101 22 mention
2363 2037 50 22 that
2436 2037 40 23 the

1896 2069 187 30 inter-maxillary
2106 2068 69 23 bones
2197 2070 86 22 remain
2305 2073 110 27 separate,
2434 2074 45 19 not

1897 2101 51 31 only
1959 2101 58 23 from
2029 2102 36 23 the
2076 2101 119 31 maxillary
2206 2101 77 30 bones,
2296 2101 41 24 but
2348 2101 59 25 from
2418 2102 56 24 each

1897 2134 70 29 other,
1987 2134 43 24 and
2050 2134 47 25 that
2118 2134 38 23 the
2165 2134 56 23 rami
2233 2134 26 23 of
2276 2134 38 24 the
2333 2134 68 25 lower
2419 2135 55 31 jaw,

1896 2167 107 30 although
2013 2168 54 23 each
2080 2167 119 30 composed
2210 2167 25 23 of
2244 2167 63 23 three
2323 2167 77 30 bones,
2413 2176 25 16 as
2450 2169 26 23 in

1895 2199 77 30 fishes,
1982 2202 86 22 remain
2080 2204 101 26 separate
2192 2204 22 19 at
2225 2200 40 23 the
2275 2200 80 24 mesial
2365 2202 72 23 union
2449 2209 27 16 or

1899 2233 138 32 symphysis.

1932 2266 50 23 The
1991 2267 109 24 vertebrce
2111 2266 24 23 of
2145 2266 37 24 the
2191 2266 40 24 tail
2242 2274 39 16 are
2298 2274 55 24 very
2368 2267 108 31 peculiar.

1900 2299 22 23 It
1933 2300 19 22 is
1965 2308 13 14 a
1995 2300 50 23 well
2062 2299 82 25 known
2161 2300 52 29 fact,
2233 2299 50 25 that
2299 2299 38 24 the
2354 2300 40 24 tail
2412 2308 66 25 sepa-

1898 2337 58 18 rates
1969 2341 25 15 or
2005 2340 73 17 comes
2090 2332 36 24 off
2133 2333 52 23 with
2196 2337 64 27 great
2276 2333 86 31 facility
2373 2334 23 23 in
2409 2341 69 24 many

1900 2365 103 25 Lizards.
2039 2366 56 24 This
2118 2366 20 22 is
2161 2364 46 25 also
2230 2366 38 23 the
2288 2373 51 16 case
2359 2366 54 24 with
2436 2367 40 23 the

1897 2398 105 29 Tuatara,
2014 2399 44 24 and
2071 2400 38 23 the
2120 2399 50 23 first
2181 2400 121 30 specimen,
2322 2399 71 24 which
2407 2399 12 24 I
2431 2400 42 23 de-

1896 2432 85 23 scribed
2001 2433 23 22 in
2043 2433 36 23 the
2100 2430 94 24 Gazette
2213 2432 25 23 of
2257 2432 66 30 May,
2343 2434 73 27 1843,
2428 2433 46 23 had

1898 2465 95 23 suffered
2015 2465 57 24 from
2096 2464 45 23 this
2164 2469 46 19 sort
2231 2465 27 23 of
2277 2465 137 24 mutilation.
2450 2466 25 24 It

1897 2498 71 22 would
1989 2507 89 22 appear,
2089 2497 60 24 from
2166 2498 38 23 the
2225 2499 72 22 entire
2321 2500 113 29 specimen
2457 2499 15 24 I

1897 2531 54 23 have
1967 2531 49 31 just
2034 2532 56 23 been
2101 2530 134 32 describing,
2248 2531 51 24 that
2318 2531 37 24 the
2371 2532 45 23 last
2432 2533 42 27 27,

1896 2564 44 24 and
1951 2564 48 23 half
2008 2564 25 23 of
2043 2565 36 23 the
2097 2563 59 25 28th
2166 2564 119 28 vertebrce,
2305 2564 45 23 had
2370 2564 58 24 been
2438 2566 37 22 in-

1897 2597 77 24 cluded
1985 2598 24 23 in
2021 2598 37 23 the
2068 2597 89 32 portion
2168 2597 103 23 removed
2274 2609 32 4 —
2307 2597 37 23 the
2351 2599 122 29 extremity

1898 2638 45 15 was
1963 2630 102 31 abruptly
2086 2629 99 32 pointed,
2205 2630 37 23 the
2261 2630 147 31 terminating
2429 2630 52 24 half

1899 2663 110 24 vertebrce
2020 2663 67 31 being
2098 2662 83 32 simply
2188 2662 125 31 elongated,
2321 2668 22 18 to
2354 2663 37 23 the
2401 2669 78 18 extent

1897 2696 24 24 of
1933 2694 29 33 1|
1973 2696 85 30 inches,
2069 2698 31 29 by
2112 2703 77 16 means
2199 2696 26 23 of
2234 2704 12 15 a
2259 2696 45 23 soft
2314 2696 114 31 cartilage.

1930 2729 49 24 The
1998 2730 150 30 integuments
2165 2730 105 31 covering
2286 2729 38 23 the
2338 2729 39 24 tail
2390 2729 25 24 of
2429 2730 40 24 the

1898 2762 101 24 Tuatara
2010 2766 110 28 presents,
2133 2769 29 16 on
2169 2763 29 22 its
2206 2762 75 24 dorsal
2288 2762 87 31 profile,
2384 2771 14 15 a
2405 2764 70 23 series

1897 2796 24 23 of
1930 2801 78 25 strong
2016 2796 83 31 spines,
2110 2795 43 23 and
2161 2795 99 24 between
2268 2795 56 23 each
2331 2796 64 31 spine
2402 2804 14 14 a
2422 2795 52 25 well

1897 2828 92 25 marked
2001 2829 52 28 line,
2066 2828 123 30 encircling
2200 2828 37 23 the
2246 2828 40 24 tail
2295 2837 7 20 ;
2320 2832 18 20 it
2349 2829 20 23 is
2378 2834 23 19 at
2408 2829 65 24 these

1896 2862 57 23 lines
1966 2862 52 31 only
2030 2862 48 24 that
2089 2860 38 26 the
2139 2865 105 19 textures-
2249 2862 53 30 give
2318 2869 55 23 way,
2386 2861 63 25 when
2462 2870 14 15 a

1896 2895 90 31 portion
1998 2895 26 24 of
2031 2895 38 24 the
2080 2893 40 26 tail
2132 2894 20 23 is
2163 2894 94 32 forcibly
2269 2900 51 18 torn
2332 2894 36 29 off,
2381 2894 43 25 and
2436 2894 39 25 the

1897 2928 87 24 remark
1997 2926 82 33 (which
2099 2926 14 24 I
2133 2926 186 33 thinboriginal)
2330 2928 27 29 is,
2371 2928 49 23 that
2437 2928 39 24 the

1897 2961 48 24 said
1955 2961 95 24 circular
2070 2962 68 23 lines,
2146 2961 27 23 do
2186 2965 46 18 .not
2252 2961 135 31 correspond
2398 2965 23 18 to
2433 2961 38 24 the

1897 2994 140 24 articulation
2050 2994 24 24 of
2084 2993 38 25 the
2133 2994 106 22 vertebrae
2260 2998 23 19 to
2304 2994 54 22 each
2372 2994 64 23 other
2447 3001 26 16 as

1897 3035 41 16 one
1949 3027 74 24 would
2034 3026 114 31 naturally
2160 3034 103 24 suppose,
2274 3027 40 23 but
2324 3031 22 18 to
2356 3035 13 14 a
2380 3027 95 24 division

1896 3060 85 31 readily
1992 3059 108 25 observed
2108 3060 29 22 -in
2148 3060 38 22 the
2198 3060 82 23 middle
2292 3060 25 22 of
2332 3059 38 24 the
2381 3060 59 31 body
2452 3060 27 23 of

1897 3093 55 24 each
1964 3093 108 24 vertebras
2083 3095 5 22 !
2125 3092 57 23 This
2194 3097 112 19 structure
2314 3093 21 22 is
2346 3100 29 16 an
2382 3093 94 29 entirely

1895 3134 50 16 new
1956 3126 86 24 feature
2053 3127 25 23 in
2093 3125 40 23 the
2151 3126 94 29 original
2264 3125 137 31 elementary
2413 3133 61 16 com-

1894 3160 97 30 position
2013 3159 25 23 of
2056 3168 13 15 a
2086 3158 110 29 vertebra,
2204 3158 61 29 <and,
2278 3157 12 24 I
2312 3158 44 24 feel
2373 3158 101 29 assured,

1892 3197 64 19 must
1968 3200 62 16 come
2043 3197 22 19 to
2077 3193 58 22 form
2148 3199 28 16 an
2195 3192 123 30 important
2335 3191 53 29 fact,
2401 3192 23 23 in
2435 3192 41 23 de-

1896 3225 123 31 termining
2032 3225 37 24 the
2082 3230 51 19 true
2144 3223 113 25 character
2269 3224 24 24 of
2301 3223 65 25 fossil
2377 3225 98 23 remains

1895 3270 33 5 —
1929 3267 13 15 a
1954 3258 96 32 subject,
2062 3256 110 30 destined,
2186 3265 27 16 no
2225 3257 77 28 doubt,
2314 3262 25 18 at
2347 3265 30 16 no
2389 3257 86 24 distant

1895 3291 84 32 period,
1992 3296 23 19 to
2028 3292 91 23 become
2132 3298 41 16 one
2186 3290 24 24 of
2225 3291 39 23 the
2276 3290 92 31 deepest
2378 3291 96 23 interest

1895 3326 24 23 in
1928 3324 38 24 the
1975 3324 86 32 history
2070 3325 24 23 of
2103 3323 58 24 New
2167 3323 106 24 Zealand.
2309 3323 52 24 The
2369 3324 105 30 question

1896 3357 100 25 whether
2015 3357 38 24 the
2072 3356 47 29 tail,
2139 3356 63 24 when
2221 3356 83 31 wholly
2323 3364 26 16 or-
2369 3356 105 32 partially

1895 3396 51 19 torn
1968 3390 37 29 off,
2029 3391 43 24 will
2093 3389 30 24 be
2146 3389 137 32 reproduced
2302 3390 56 23 -with
2387 3389 30 24 all
2441 3390 32 24 its

1896 3424 136 30 elementary
2052 3428 62 27 parts
2115 3435 33 5 —
2149 3423 53 24 hard
2224 3423 45 23 and
2297 3423 45 23 soft
2366 3423 107 29 muscles,

1895 3457 128 31 ligaments,
2053 3455 65 26 blood
2146 3456 92 29 vessels,
2268 3463 79 16 nerves
2348 3469 33 4 —
2381 3456 20 23 is
2429 3463 43 17 one

1896 3490 72 24 which
1974 3490 46 24 will
2027 3491 89 31 require
2124 3497 62 16 some
2192 3489 96 32 positive
2295 3489 44 23 and
2346 3489 129 25 undoubted

1892 3524 60 23 facts
1964 3529 22 18 to
1998 3531 74 23 prove.
2110 3522 12 23 I
2141 3522 87 24 confess
2246 3523 13 23 I
2279 3529 68 16 never
2367 3522 37 23 did
2421 3523 52 31 give

1897 3557 106 25 credence
2021 3562 22 18 to
2061 3557 38 23 the
2108 3570 4 4 ■
2120 3559 126 25 statement,
2265 3555 58 23 until
2340 3555 38 23 the
2375 3556 2 7 1
2394 3555 47 24 fact
2458 3554 16 25 I

1896 3591 55 23 have
1968 3590 51 32 juat
2036 3588 72 25 stated
2125 3588 40 25 fell
2184 3588 68 25 under
2273 3596 39 22 my
2323 3589 73 22 notice
2405 3597 8 20 ;
2431 3586 42 26 but

1896 3630 55 18 even
1963 3623 53 25 with
2028 3623 48 23 that
2084 3623 20 23 it
2108 3622 107 31 -requires
2232 3629 14 15 a
2265 3626 65 26 great
2347 3620 84 24 stretch
2450 3621 26 23 of

1895 3657 38 24 the
1956 3655 146 31 imagination
2126 3655 26 22 of
2170 3662 29 16 an
2218 3655 122 23 anatomist
2361 3654 48 24 who
2432 3654 42 24 has

1895 3689 89 26 studied
1996 3687 150 33 comparative
2165 3691 105 26 anatomy
2281 3694 26 16 as
2318 3695 14 15 a
2342 3688 95 28 science,
2448 3691 26 19 to

1895 3723 85 24 believe
1999 3721 50 23 that
2066 3721 39 24 the
2125 3719 71 24 entire
2215 3720 158 32 reproduction
2395 3720 24 27 pf
2440 3720 33 25 27

1895 3754 108 27 vertebrae
2006 3766 30 5 —
2036 3754 87 25 neither
2144 3760 62 17 more
2228 3761 25 16 or
2281 3753 46 24 less
2328 3765 28 5 —
2356 3752 59 24 rwith
2442 3752 32 25 all

1895 3789 58 23 their
1972 3787 149 31 appendages,
2140 3785 74 28 would
2232 3785 55 27 take
2307 3785 63 31 place
2378 3786 6 24 !
2403 3806 3 6 ,
2420 3785 54 25 Still

1885 3822 47 22 ■the
1952 3824 127 19 transverse
2097 3818 97 24 division
2213 3818 26 31 qf
2253 3819 39 24 the
2311 3818 58 32 body
2390 3818 27 25 of
2435 3819 41 24 the

1893 3853 113 24 vertebrce
2028 3854 20 22 is
2069 3856 61 21 most
2151 3851 116 31 assuredly
2285 3851 61 31 quite
2365 3852 110 31 peculiar,

1893 3886 45 24 and
1962 3885 53 29 will,
2038 3885 47 24 like
2107 3884 31 24 all
2159 3889 89 19 natures
2273 3883 83 31 works,
2365 3891 5 5 *
2380 3884 57 31 haye

1893 3918 85 32 special
1990 3926 104 24 purpose,
2173 3916 30 25 F.
2222 3917 22 24 J.
2264 3916 89 30 Knox^
2370 3910 97 39 MJDj^'

115 2296 43 21 We
170 2296 43 21 call
225 2296 106 21 attention
343 2298 21 19 to
376 2302 14 16 a
400 2296 141 22 remarkable
549 2302 101 15 commu-

81 2327 97 24 nication
190 2327 24 23 in
225 2327 97 30 to-day's
337 2334 77 24 paper.
458 2327 24 28 \%
498 2327 19 23 is
529 2327 37 23 the
576 2333 74 18 trans-

79 2360 69 24 lation
160 2360 25 23 of
200 2367 14 16 a
223 2360 64 26 letter
298 2359 57 24 from
371 2360 38 23 the
430 2360 70 24 Chief
519 2360 35 23 W.
575 2360 75 28 Tako,

80 2394 22 22 in
125 2393 64 31 reply
212 2397 22 19 to
251 2401 14 15 a
284 2393 64 23 letter
368 2401 31 15 we
415 2393 100 23 inserted
532 2393 43 23 last
587 2393 62 24 week

79 2426 88 23 written
179 2426 30 28 by
220 2426 45 26 Mr.
279 2425 30 24 E.
322 2426 23 23 J.
358 2426 138 24 Wakefield.

297 2486 142 23 NATIVES.

109 2538 106 21 Estimate
230 2538 23 21 of
265 2538 37 21 the
318 2538 93 20 number
421 2538 26 20 of
460 2538 90 21 Natives
566 2538 90 26 capable

133 2563 26 21 of
174 2563 88 27 bearing
279 2570 58 15 arms
350 2563 126 27 inhabiting
492 2564 37 21 the
544 2564 75 21 shores
634 2564 23 21 of

132 2590 81 21 Cook's
230 2590 82 26 Straits,
331 2590 54 22 New
404 2590 106 27 Zealand,
530 2590 127 22 December

131 2618 35 22 22,
177 2618 60 21 1843.

307 3329 113 14 REMARKS.

103 3346 55 22 This
167 3350 75 19 return
250 3350 117 26 comprises
376 3352 52 28 only
438 3354 77 23 males.
547 3356 53 23 Add
609 3364 44 15 one

81 3374 56 21 third
146 3374 34 21 for
190 3381 84 16 women
284 3375 43 22 and
336 3376 108 26 children.

79 3433 104 24 Letter
194 3441 69 17 from
274 3442 51 16 the
337 3443 76 18 chief
425 3439 123 26 William
566 3442 85 31 Tako,

110 3474 26 15 IK
149 3474 83 17 REPLY
244 3475 30 16 TO
285 3475 17 16 A
314 3476 98 17 LETTER
424 3478 70 18 FROM
506 3474 53 24 Mr.
572 3475 30 25 E.
624 3477 25 24 J.

108 3499 168 32 Wakefield,
288 3509 88 17 which
388 3510 136 20 appeared
542 3515 27 16 in
589 3517 62 16 last

110 3539 92 18 PAPER.

80 3569 27 21 To
134 3570 36 20 the
195 3571 74 21 Editor
291 3572 29 25 of
342 3573 36 19 the
398 3573 128 27 Newspaper
548 3577 26 26 of
596 3579 54 21 Port

303 3600 120 22 JSicholson.

370 3636 102 32 January
485 3639 40 28 13,
539 3640 75 24 1844.

108 3670 57 25 This
176 3673 20 23 is
208 3681 38 24 ray
254 3674 80 28 kopero
347 3680 22 20 to
380 3684 52 24 yon,
451 3677 24 24 in
496 3685 153 26 consequence

77 3703 25 23 of
115 3703 39 25 the
162 3710 129 21 statements
309 3709 23 23 of
358 3709 48 25 Mr.
427 3710 129 26 Wakefield
576 3712 73 26 which

77 3735 54 26 have
141 3737 58 26 been
210 3741 85 30 printed
307 3742 23 26 in
341 3742 50 24 that
401 3751 140 25 newspaper,
551 3746 97 33 perhaps

77 3776 43 23 you
130 3771 45 24 will
191 3772 29 24 he
229 3773 54 24 kind
293 3775 90 31 enough
394 3780 22 20 to
428 3778 63 31 print
510 3786 38 24 my
568 3778 80 26 korero

77 3801 52 30 also,
141 3804 44 24 and
196 3805 32 24 let
237 3806 30 24 all
278 3806 37 24 the
327 3807 107 26 Pakehas
446 3810 54 25 hear
511 3812 27 26 it.

110 3835 47 25 Mr.
177 3837 126 26 Wakefield
322 3840 42 24 has
381 3843 73 24 stated
473 3843 50 26 that
541 3845 107 25 Moturoa

76 3867 41 24 and
129 3869 13 23 I
152 3870 66 25 made
228 3879 166 25 arrangements
405 3880 24 19 to
441 3877 78 25 attack
540 3878 37 24 the
595 3879 47 25 Pa-

76 3898 67 27 kehas
162 3904 23 23 of
209 3905 42 24 this
269 3905 71 33 place,
364 3908 21 23 if
405 3909 39 24 the
463 3911 148 31 punishment
623 3913 26 24 of

1288 135 127 30 aborigines
1426 135 71 23 under
1516 135 44 23 the-
1574 142 64 16 name
1651 136 24 22 of
1685 136 38 24 the
1735 135 99 24 Tuatara
1838 142 30 16 •»*•

1288 167 22 22 a'
1319 174 67 17 name
1404 167 111 31 evidently
1531 167 90 24 -derived
1643 168 56 23 from
1721 173 43 18 two
1782 168 86 25 Native

1285 199 76 23 •words
1382 203 52 24 ¥«ff,
1453 207 30 15 an
1498 200 158 22 abbreviation
1681 200 34 24 for
1738 201 70 27 Atua,
1831 201 37 23 the

1290 231 110 31 Supreme
1411 231 86 31 Being;
1502 236 5 8 1
1517 231 43 24 and
1568 231 74 30 Tara,
1655 233 82 30 rough.
1776 244 9 5 -

1305 274 4 4 -
1324 264 67 23 Since
1411 264 100 31 drawing
1526 272 31 23 up
1575 264 51 23 that
1636 273 4 3 -
1646 266 83 27 notice,
1751 273 13 15 a
1784 266 86 22 second

1282 297 122 30 'specimen
1415 296 40 25 has
1476 297 55 23 been
1544 297 115 30 captured,
1670 297 48 24 also
1731 306 28 14 on
1779 297 90 24 Somes'

1290 328 87 24 Island;
1411 328 61 24 Both
1491 330 125 29 specimens
1627 329 64 24 'have
1709 330 59 23 been
1789 330 23 23 in
1831 338 38 22 my

1288 360 129 31 possession*
1433 361 36 23 for
1489 361 57 23 from
1564 362 17 22 4
1599 365 23 19 to
1643 363 15 22 5
1676 361 98 28 months,
1795 363 43 22 and
1856 363 12 23 I

1290 398 75 26 regret
1375 398 22 17 to
1408 400 39 27 say
1458 394 56 23 both
1526 394 54 23 have
1592 393 59 29 died,
1667 394 203 31 notwithstanding

1289 430 67 26 'every
1368 426 50 22 dare
1428 433 29 15 on
1469 434 38 22 my
1518 431 51 26 part
1579 430 22 18 to
1610 433 104 23 preserve
1723 427 64 23 them
1801 427 66 23 alive.

1284 454 57 28 'The
1349 458 92 23 .^second
1458 459 113 29 specimen
1590 459 117 29 appeared,
1726 459 59 23 until
1803 468 13 14 a
1826 460 42 23 few

1292 490 57 31 days
1359 497 59 24 >ago,
1438 498 55 23 very
1511 490 111 31 sprightly
1630 499 6 16 :
1661 493 90 22 various
1759 497 69 18 -sorts
1846 492 24 23 of

1289 522 53 24 food
1352 530 57 16 were
1420 523 84 23 offered
1515 528 22 18 to
1557 523 25 28 it,
1594 523 41 23 but
1647 525 18 22 it
1676 524 109 31 appeared
1799 529 21 18 to
1832 532 36 16 me

1290 560 22 18 to
1324 555 70 32 reject
1411 563 68 23 every
1490 556 65 30 thing
1572 555 72 24 which
1659 565 44 15 was
1723 556 55 25 dead
1780 569 32 4 —
1813 564 54 16 con-

1288 588 74 31 fining
1382 588 63 22 itself
1465 588 136 31 exclusively
1625 593 23 19 to
1670 589 58 28 flies,
1752 589 73 23 which
1849 591 20 22 it

1290 620 113 31 captured,
1423 620 28 31 by
1474 621 89 30 darting
1585 626 39 17 out
1648 622 31 23 its
1708 622 62 30 large
1795 622 73 31 fleshy

1290 656 90 27 tongue,
1402 653 42 23 and
1463 654 72 22 which
1554 654 17 22 it
1592 654 66 23 could
1678 655 85 32 project
1783 659 22 18 to
1829 654 39 24 the

1290 690 78 18 extent
1378 685 25 23 of
1411 692 28 16 an
1450 686 53 23 inch
1516 686 42 26 and
1571 685 49 23 half
1627 692 24 17 at
1661 687 57 23 least
1725 695 6 16 :
1744 687 18 22 it
1773 687 37 23 did
1820 692 47 24 not,

1290 717 108 28 however,
1410 719 104 24 continue
1522 723 22 19 to
1552 718 174 31 feed,..although
1737 720 130 23 abundance

1290 750 24 23 of
1323 751 50 23 flies
1384 758 55 16 were
1450 751 116 30 provided.
1603 751 24 23 It
1638 752 114 30 evidently
1763 752 104 23 shunned

1290 782 37 24 the
1339 783 63 24 sun's
1413 791 59 23 rays,
1484 784 125 30 remaining
1625 784 23 23 in
1666 793 14 15 a
1694 784 103 24 dormant
1809 789 58 19 state

1290 815 82 32 during
1382 816 38 23 the
1430 815 72 27 whole
1519 817 23 23 of
1559 815 37 24 the
1614 816 53 31 day;
1678 817 48 29 but,
1738 825 25 15 as
1775 818 37 22 the
1824 826 43 15 sun

1290 847 107 29 declined,
1408 849 28 22 he
1446 849 93 25 became
1549 849 76 30 lively,
1634 850 68 30 using
1713 850 154 24 considerable

1290 881 76 23 efforts
1378 885 21 19 to
1411 888 79 24 escape
1500 882 57 23 from
1570 882 37 22 the
1619 883 79 29 glazed
1708 883 45 23 box
1761 883 25 24 in
1793 883 74 23 which

1290 913 28 23 he
1342 921 45 16 was
1410 915 101 22 confined
1524 924 6 19 ;
1565 914 13 23 I
1601 913 57 25 have
1677 915 54 24 thus
1751 920 40 19 not
1810 916 57 23 been

1290 946 94 24 enabled
1396 951 21 18 to
1429 946 123 24 determine
1563 954 29 16 on
1601 947 38 23 the
1651 949 46 23 real
1706 953 79 19 nature
1795 948 25 23 of
1829 948 38 24 the

1290 979 52 24 food
1354 979 26 24 of
1387 979 43 23 this
1442 981 88 29 reptile.
1564 980 14 25 I
1590 988 52 24 may
1653 981 99 28 lemark,
1769 981 49 23 that
1829 981 38 24 the

1290 1012 50 23 flies
1350 1017 41 26 put
1410 1013 46 22 into
1476 1013 38 23 the
1531 1014 45 24 box
1594 1014 114 31 generally
1719 1014 75 24 rested
1806 1021 60 24 upon

1292 1045 36 23 the
1347 1045 77 30 glazed
1444 1045 68 30 front,
1524 1046 42 23 and
1585 1047 39 22 the
1642 1047 79 31 reptile
1738 1047 129 31 repeatedly

1290 1078 67 23 failed
1379 1077 24 24 in
1424 1078 107 31 touching
1553 1079 36 26 his
1616 1080 84 29 victim,
1724 1080 35 23 his
1782 1084 85 27 tongue

1291 1111 89 30 coming
1390 1110 23 24 in
1425 1115 88 20 contact
1531 1111 53 26 with
1604 1111 36 23 the
1658 1113 69 30 glass,
1745 1112 68 24 about
1825 1120 43 16 one

1290 1143 53 23 inch
1364 1143 79 24 behind
1464 1144 38 23 the
1521 1145 31 30 fly
1561 1153 6 19 ;
1587 1144 45 23 this
1651 1152 44 16 was
1716 1145 108 31 probably
1843 1146 24 22 in

1291 1183 150 24 consequence
1453 1177 25 23 of
1487 1185 62 15 some
1559 1176 82 32 optical
1656 1177 115 32 deception
1784 1178 84 23 caused

1291 1209 30 29 by
1332 1209 39 24 the
1382 1216 105 25 presence
1500 1210 24 23 of
1533 1210 37 23 the
1580 1210 71 30 glass.

1323 1242 37 24 As
1371 1249 28 16 an
1411 1242 76 24 article
1500 1243 24 23 of
1538 1243 53 23 food
1601 1242 34 24 for
1647 1251 60 21 man,
1719 1243 14 24 I
1746 1243 70 23 doubt
1828 1248 39 18 not

1292 1275 49 23 that
1351 1275 38 23 the
1401 1274 99 25 Tuatara
1519 1275 73 24 would
1610 1276 29 23 be
1657 1281 59 19 most
1736 1277 113 22 excellent
1859 1285 6 19 ;

1291 1308 129 30 combining
1429 1309 132 30 apparently
1572 1308 38 23 the
1621 1310 90 23 various
1726 1309 105 30 qualities
1845 1310 23 22 of

1291 1341 37 23 the
1347 1340 53 24 fowl
1415 1341 44 23 and
1478 1341 50 29 fish,
1541 1341 37 24 the
1597 1341 47 29 tail,
1658 1350 60 15 more
1737 1342 130 31 especially,

1291 1372 56 32 (and
1363 1377 22 20 to
1403 1374 73 23 which
1497 1374 13 24 I
1531 1374 57 24 shall
1606 1375 160 32 subsequently
1778 1374 89 31 allude)

1291 1412 61 18 must
1363 1406 27 23 be
1401 1408 122 30 extremely
1531 1407 101 30 delicate,
1644 1409 131 30 possessing
1787 1416 14 15 a
1812 1416 55 15 con-

1291 1438 110 25 siderable
1411 1442 102 29 quantity
1524 1441 25 23 of
1563 1448 13 15 a
1586 1440 45 24 fine
1643 1441 38 23 oil.

1324 1473 51 23 The
1394 1473 99 24 external
1512 1474 134 28 characters,
1653 1475 49 31 jand
1722 1482 62 16 more
1801 1482 65 24 espe-

1292 1506 67 31 cially
1370 1504 36 25 the
1417 1511 176 20 measurements
1611 1506 73 24 which
1696 1507 13 24 I
1723 1515 57 23 gave
1792 1508 24 23 in
1827 1516 39 22 my

1291 1539 83 26 former
1385 1539 71 23 notice
1468 1539 25 24 of
1502 1540 61 31 May.
1572 1540 38 27 17,
1627 1541 70 28 1843,
1709 1541 85 30 having
1809 1541 58 23 been

1292 1572 69 23 taken
1371 1571 56 24 from
1437 1580 14 15 a
1463 1574 112 30 specimen
1595 1572 37 25 the
1645 1574 40 23 tail
1696 1574 23 23 of
1736 1574 72 23 which
1820 1581 46 16 was

1292 1604 112 31 evidently
1415 1606 125 29 truncated,
1558 1605 92 25 renders
1668 1607 18 23 it
1703 1614 120 23 necessary
1843 1611 22 19 to

1291 1644 78 26 repeat
1379 1638 36 24 the
1426 1644 175 19 measurements
1612 1638 59 27 from
1683 1647 27 17 an
1723 1640 72 23 entire
1815 1647 50 21 one,

1291 1671 44 23 and
1348 1671 36 23 the
1404 1671 81 26 se.cond
1504 1673 111 30 specimen
1634 1671 137 32 fortunately
1782 1672 83 24 affords

1291 1712 35 15 me
1340 1704 45 23 this
1396 1706 151 30 opportunity.

1325 1738 179 24 Measurements
1516 1737 63 24 made
1592 1738 29 31 by
1633 1745 104 24 compass
1747 1746 7 15 :—:
1756 1750 33 5 —

1321 1768 88 27 Weight
1417 1768 41 23 ]lb.
1785 1769 30 22 in.
1820 1769 46 22 line

1319 1796 70 21 Snout
1399 1798 21 18 to
1430 1795 47 23 first
1486 1795 80 23 nuchal
1576 1795 61 28 spine
1800 1798 10 20 1
1827 1798 27 20 10

1319 1821 87 28 Length
1411 1823 112 28 -occupied
1531 1824 30 26 by
1567 1822 83 22 nuchal
1660 1823 80 27 spines.
1748 1828 5 15 :
1761 1837 5 6 .
1775 1838 5 5 .
1801 1825 9 19 1
1839 1825 14 20 6

1319 1849 37 22 Dit
1361 1852 21 18 to
1395 1849 39 22 'of
1444 1849 121 28 interspace
1801 1852 9 20 1
1840 1852 14 20 6

1319 1875 63 24 Ditto
1392 1876 104 27 occupied
1507 1877 28 26 by
1547 1875 73 22 dorsal
1631 1877 73 26 spines
1799 1878 13 21 3
1840 1878 13 20 9

1305 1909 4 3 ■
1320 1903 62 21 Ditto
1391 1902 24 21 of
1422 1903 122 27 interspace
1799 1905 13 20 0
1827 1905 39 24 10§

1319 1929 63 21 Ditto
1391 1927 27 23 of
1427 1929 61 22 tail.;
1697 1946 5 8 ,
1789 1931 22 21 11
1841 1932 14 20 6

1361 2002 5 3 .
1411 1982 93 29 -iLength
1513 1983 24 22 of
1549 1982 72 22 dorsal
1629 1983 76 27 profile
1786 1985 27 20 20
1828 1985 25 20 11
1855 1986 12 24 J

1321 2015 70 23 Snout
1396 2013 112 27 ltgrbreasfc
1512 2014 82 23 bone..
1801 2016 12 19 3
1841 2017 14 20 0

1307 2058 3 3 .
1320 2040 140 22 Breastbone
1469 2044 23 17 to
1498 2040 73 21 cloaca
1801 2042 13 20 6
1841 2043 14 19 9

1321 2062 80 28 Cloaca
1410 2070 24 18 t«i
1439 2065 68 29 ti>of
1520 2066 37 22 tail
1615 2065 5 21 i.'.'...i
1629 2065 60 22 .'.'...
1787 2063 24 26 il
1840 2069 27 24 2J

1322 2122 5 4 '
1363 2117 6 4 '
1393 2115 4 35 |
1401 2119 85 27 Length
1497 2120 25 21 of
1533 2119 74 23 dorsal
1617 2120 75 27 profile
1787 2122 28 20 20
1829 2122 22 20 11
1856 2122 12 24 J

1318 2151 71 22 Snout
1398 2156 21 20 tQ
1429 2155 76 20 penlre
1515 2152 26 20 of
1552 2151 58 27 pupil
1801 2154 10 20 1
1841 2155 13 20 3

1317 2178 64 22 Ditto
1401 2181 21 18 to
1430 2176 77 24 fissure
1517 2178 26 22 of
1554 2177 76 23 mouth
1803 2181 9 20 1
1830 2181 26 21 10

1318 2204 120 23 Thickness
1448 2205 26 21 of
1486 2205 57 27 body
1800 2208 10 20 1
1838 2208 28 24 4J

1317 2232 84 21 Ditto.
1446 2235 26 19 at
1479 2232 80 26 setting
1566 2239 27 14 on
1605 2232 26 21 of
1638 2232 38 22 tail
1800 2235 8 19 1
1839 2235 14 20 0

1319 2258 63 22 Ditto
1448 2258 28 21 of
1485 2258 59 22 head
1552 2263 52 17 next
1614 2259 87 27 occiput
1802 2261 14 20 2
1842 2262 14 20 0

1318 2285 63 21 Ditto
1447 2292 73 14 across
1531 2292 51 20 eyes
1802 2288 9 20 1
1843 2289 24 24 1J

1326 2314 51 23 The
1388 2317 103 28 anatomy
1504 2314 23 23 of
1538 2313 36 24 the
1583 2313 100 24 Tuatara
1693 2316 20 22 is
1724 2315 143 31 interesting,

1293 2346 40 24 but
1352 2347 12 23 I
1384 2352 59 19 must
1460 2352 92 18 content
1569 2347 85 31 myself
1668 2348 53 23 with
1737 2349 132 31 requesting

1293 2380 37 23 the
1347 2380 106 23 insertion
1476 2381 24 22 of
1515 2388 14 15 a
1547 2380 42 24 few
1608 2380 152 24 observations
1780 2389 30 15 on
1830 2382 38 23 the

1291 2413 115 28 skeleton,',
1412 2414 22 21 in
1447 2413 73 24 which
1531 2413 14 24 I
1553 2420 44 17 was
1609 2419 40 18 not
1659 2422 13 15 a
1684 2414 56 23 little
1751 2415 114 30 surprised

1292 2451 23 18 to
1333 2446 49 23 find
1401 2454 61 17 more
1481 2446 54 24 than
1553 2454 41 15 one
1612 2446 46 24 fact
1676 2447 94 31 entirely
1780 2454 48 16 new
1841 2453 23 18 to

1293 2487 44 16 me.
1373 2479 49 23 The
1433 2480 153 23 enumeration
1599 2479 25 23 of
1633 2480 38 23 the
1683 2480 69 23 bones
1763 2487 105 25 compos-

1291 2512 41 31 ing
1344 2512 37 24 the
1392 2512 111 30 skeleton,
1516 2520 50 23 may
1577 2513 66 23 stand
1657 2513 50 24 thus
1718 2522 31 15 :—
1749 2525 11 8 ?•
1845 2520 6 8 *

1292 2545 156 24 Vertebiue.

1319 2576 103 28 Cephalic
1855 2580 14 20 4

1319 2603 98 23 Cervical
1801 2607 12 20 8

1319 2630 79 22 Dorsal
1789 2632 25 22 17

1320 2656 72 23 Sacral
1801 2660 14 20 2

1317 2684 121 27 Coceygeal
1789 2686 26 21 37

1398 2711 64 22 Total
1472 2712 68 27 spinal
1786 2722 28 5 —
1842 2714 28 20 64

1399 2742 65 22 Total
1474 2743 92 24 number
1576 2743 26 21 of
1611 2743 109 22 vertebrce
1841 2745 28 21 68

1293 2772 171 23 Sternebbce.

1328 2807 22 21 1.
1370 2803 111 32 Cephalic,
1494 2813 24 15 or
1530 2805 66 31 hyoid
1608 2809 129 26 apparatus,
1749 2806 120 30 composed

1292 2839 25 22 of
1331 2844 120 17 numerous
1464 2838 118 31 cartilages
1591 2837 84 31 having
1685 2846 13 15 a
1709 2839 60 22 close
1781 2846 88 16 resem-

1291 2871 79 24 blance
1382 2875 21 18 to
1415 2870 36 23 the
1463 2871 53 30 gills
1528 2871 26 23 of
1566 2871 77 27 fishes,

1325 2907 23 21 2.
1373 2902 124 26 Sternebrce
1525 2912 89 24 proper,
1635 2903 121 33 composed
1776 2905 25 23 of
1823 2912 43 17 one

1291 2936 104 25 flattened
1406 2936 43 25 and
1460 2945 55 23 very
1524 2938 110 30 irregular
1645 2938 115 30 cartilage,
1770 2945 99 16 connec-

1291 2971 37 24 ted
1346 2969 52 25 with
1415 2970 38 23 the
1470 2971 25 28 9,
1509 2973 40 27 10,
1561 2971 43 23 and
1624 2971 57 24 11th
1700 2971 118 28 vertebrce,
1838 2971 30 31 by

1293 3002 157 26 sterno-costal
1461 3004 128 31 cartilages.

1324 3039 24 22 3.
1377 3035 134 25 Abdominal
1530 3036 127 30 sternebra,
1681 3037 77 25 eleven
1784 3045 85 23 square

1291 3069 84 33 shaped
1386 3069 117 31 cartilages
1522 3071 117 23 terminate
1658 3078 28 16 on
1706 3070 55 24 each
1780 3071 48 23 side
1839 3079 29 16 an

1291 3103 65 32 equal
1367 3102 92 24 number
1470 3103 27 23 of
1511 3103 54 29 ribs,
1577 3103 43 24 and
1633 3103 72 23 which
1716 3108 59 18 meet
1787 3111 30 16 on
1830 3103 39 24 the

1291 3135 125 25 abdominal
1427 3136 54 28 line,
1493 3136 40 23 but
1552 3143 38 16 are
1608 3141 41 19 not
1667 3136 134 25 articulated
1813 3136 54 24 with

1291 3169 59 25 each.
1359 3168 70 25 otKer.

1326 3201 138 25 Locomotive
1475 3209 89 24 organs,
1577 3202 86 24 consist
1674 3202 24 23 of
1707 3207 44 19 two
1762 3202 57 32 pair.

1325 3237 24 26 \.
1368 3234 49 25 The
1425 3236 98 23 anterior
1535 3243 24 17 or
1569 3235 100 32 pectoral
1681 3236 85 24 consist
1777 3236 56 23 each
1845 3235 25 24 of

1290 3274 43 19 two
1352 3268 66 24 broad
1435 3269 107 24 flattened
1560 3269 78 29 bones,
1649 3269 140 31 marginated
1809 3269 55 24 with

1290 3302 62 31 large
1364 3300 159 32 cartilaginous
1540 3302 120 31 epiphyses
1669 3311 6 20 ;
1689 3302 44 24 and
1744 3302 90 32 uniting
1841 3307 23 19 to

1289 3335 58 24 form
1368 3333 37 24 the
1423 3335 74 31 cavity
1515 3335 34 24 for
1568 3335 38 23 the
1617 3335 142 24 articulation
1780 3335 26 24 of
1829 3335 39 24 the

1290 3368 116 24 humerus.
1825 3371 16 21 2

1291 3399 113 23 Humerus
1827 3401 11 21 1

1291 3427 84 21 Radius
1389 3425 43 22 and
1446 3425 53 23 ulna
1828 3428 13 20 2

1291 3451 80 29 Carpal
1384 3451 67 23 bones
1828 3455 13 20 8

1291 3479 101 23 Metra—
1392 3478 72 29 carpal
1474 3479 70 22 bones
1826 3481 13 21 5

1813 3509 54 20 —18

1321 3535 97 29 Fingers
1429 3535 110 31 counting
1550 3535 65 24 .from
1632 3535 40 24 the
1686 3535 72 24 radial
1776 3543 25 16 or

1289 3569 67 23 inner
1368 3567 54 24 side.

1316 3601 11 22 1
1337 3598 116 28 composed
1464 3599 27 22 of
1502 3599 122 28 phalanges
1800 3601 13 21 3

1316 3625 15 24 2
1451 3625 57 23 ditto
1801 3628 12 20 5

1313 3654 15 21 3
1450 3651 57 23 ditto
1799 3655 14 21 4

1313 3681 17 20 4
1451 3679 57 22 ditto
1800 3682 14 20 3

1314 3707 14 20 5
1451 3705 58 23 ditto
1801 3708 14 21 2

1358 3740 6 6 '
1395 3731 103 24 Number
1507 3732 26 22 of
1543 3732 133 29 pbalangeal
1685 3733 94 23 bones..
1784 3744 29 6 —
1829 3734 39 23 *17

1394 3784 103 22 Number
1510 3786 26 22 of
1545 3785 70 23 bone
1619 3785 34 23 3in
1666 3787 54 21 each
1737 3793 99 16 arm....
1840 3789 26 21 35

1319 3818 52 26 The
1387 3819 112 29 posterior
1517 3827 25 16 or
1561 3819 73 31 pelvic
1647 3821 145 25 .extremities
1810 3821 56 23 have

1285 3852 40 24 the
1341 3851 72 32 girdle
1431 3852 120 30 composed
1562 3853 25 22 of
1602 3851 63 25 three
1676 3853 69 26 bones,
1765 3861 29 15 on
1811 3853 55 24 each

1287 3884 57 29 side,
1357 3884 89 30 uniting
1457 3885 104 31 mesially
1576 3884 55 26 and.
1636 3885 56 25 with
1702 3886 39 23 the
1751 3886 66 24 26th.
1821 3888 44 26 and

1288 3917 58 27 27th
1358 3917 108 25 vertebrce
1476 3925 11 20 f
1502 3917 52 25 inde
1823 3921 14 21 3
1872 3922 2 25 j

582 47 99 47 Wfyt
703 47 119 40 K*to
836 40 219 48 Meaiait*
1079 47 192 46 <&a}tttt
1295 47 91 40 auto
1406 47 300 47 Wiminqton
1732 45 250 51 Spectator.

85 143 53 16 man
157 135 50 24 who
225 135 157 31 accompanied
399 135 40 24 the
449 135 51 23 first
517 134 141 32 Emigrants,

84 169 25 23 in
126 168 39 23 the
174 168 51 23 first
240 168 51 30 ship
303 167 71 24 which
386 167 72 24 sailed
472 167 58 23 from
541 167 117 29 Scotland,

84 200 36 24 for
131 200 57 24 New
201 200 97 24 Zealand
308 201 23 23 in
343 201 131 23 connection
486 200 55 23 with
550 200 38 22 the
600 200 58 23 New

85 233 127 31 Company.
245 233 51 23 The
312 233 43 23 site
366 233 26 23 of
409 233 38 23 the
463 231 103 31 building
583 233 19 22 is
620 232 38 23 the

84 270 63 18 most
167 265 84 24 central
270 264 45 24 and
334 264 161 31 consequently
512 264 37 23 the
566 264 49 24 best
634 265 25 22 in

83 297 149 31 Wellington.
267 297 50 24 The
328 297 59 23 Rev.
399 297 61 23 John
472 296 134 24 M'Farlane
616 296 41 24 the

85 330 84 24 Pastor
178 330 33 23 of-
222 330 37 23 the
271 330 168 30 Congregation
458 329 143 24 commenced
620 329 39 23 the

84 363 99 23 services
195 363 25 23 of
233 362 37 24 the
281 361 43 31 day
332 370 7 19 ;
360 361 86 32 having
461 361 96 23 selected
568 361 34 24 for
621 361 38 23 the

84 394 89 32 subject
185 394 25 24 of
224 394 34 23 his
276 394 120 27 discourse,
408 401 15 16 a
437 401 96 24 passage
543 394 57 23 from
621 393 39 24 the

84 427 79 24 Psalm
180 429 40 26 54,
230 434 64 16 verse
308 429 22 26 1,
368 426 62 24 How
446 426 95 23 amiable
561 434 38 15 are
616 428 41 29 thy

82 460 140 23 tabernacles
234 460 21 23 O
268 459 61 24 Lord
341 459 25 22 of
508 459 25 23 A
544 459 79 23 review
635 460 27 22 of

83 492 40 24 the
145 492 169 23 establishment
324 492 26 23 of
366 491 83 24 houses
468 490 93 25 devoted
578 497 23 18 to
621 492 39 23 the

83 525 86 24 service
181 524 26 24 of
222 524 58 29 God,
293 524 135 24 constituted
446 523 38 24 the
495 524 61 24 chief
573 524 86 24 feature

82 557 27 24 of
117 565 14 16 a
143 561 60 19 most
213 557 102 31 eloquent
334 556 101 28 address,
447 556 45 23 and
510 565 33 15 we
554 556 40 24 felt
604 556 54 23 dur-

82 591 40 29 ing
134 589 38 24 the
184 590 83 23 service
278 588 49 24 that
338 589 37 23 the
385 589 73 23 words
468 589 25 23 of
502 589 38 24 the
550 589 110 31 preacher

83 629 59 16 were
160 622 78 23 indeed
247 622 100 29 verified,
359 622 44 23 and
423 622 51 23 that
509 630 14 15 a
539 621 68 24 house
619 622 40 23 de-

82 655 68 23 voted
162 661 23 17 to
197 655 37 23 the
243 655 98 23 services
353 655 25 23 of
525 661 42 16 was
579 654 80 24 indeed

82 687 76 31 firmly
169 688 43 23 and
230 687 153 32 permanently
392 686 137 25 established
546 687 23 22 in
590 686 69 24 Wel-

82 720 97 31 lington.

115 760 40 22 An
167 760 113 23 afternoon
290 759 43 23 and
344 760 97 29 evening
449 760 86 22 service
544 759 46 23 also
602 758 57 24 took

82 791 73 32 place,
167 792 65 23 when
249 792 38 23 the
305 792 158 30 congregation
476 799 47 16 was
538 791 122 24 addressed

64 839 3 6 >
83 825 31 30 by
125 824 39 24 the
175 824 60 25 Rev.
247 824 48 24 Mr.
310 824 110 30 Ironside,
432 824 45 24 and
488 824 38 24 the
538 824 58 24 Rev.
609 824 49 23 Mr.

67 868 4 7 '
83 857 108 25 Duncan.
227 857 48 25 The
284 857 129 24 collections
422 857 66 24 made
497 862 24 18 at
528 857 36 23 the
574 857 86 23 several

83 890 98 23 services
200 897 63 23 were,
282 898 33 15 we
326 898 38 15 are
381 890 75 31 happy
474 895 22 18 to
515 889 144 29 understand,

82 923 80 23 liberal
165 941 4 5 .
171 936 35 3 —
207 921 210 33 [Communicated.']

157 988 208 23 MECHANICS'
384 988 196 23 INSTITUTE.

687 134 142 25 Haerewabo
844 134 45 23 had
896 134 69 24 >been,
969 139 72 26 great,
1053 134 44 24 and
1109 135 48 23 that
1168 142 33 16 we
1212 134 50 31 (the

686 166 97 31 natives)
792 171 51 18 sent
851 171 180 27 messengersito
1037 167 37 23 \Te
1083 167 144 31 Rauparaha,
1229 180 34 5 —

687 200 47 22 that
744 198 37 24 Te
797 198 137 31 Rauparaha
945 200 54 22 .told
1018 199 47 23 him
1084 200 54 22 this.
1156 206 3 4 '
1184 200 13 23 I
1218 201 44 23 ask

686 231 47 25 Mr.
746 231 128 23 Wakefield
886 235 99 19 to'name
995 239 45 23 any
1050 233 25 22 of
1085 232 63 23 these
1159 231 107 25 messed-

686 271 58 24 gers,
745 275 33 5 —
778 263 34 24 let
830 271 35 16 me
883 263 63 28 hear,
947 276 33 4 —
981 264 20 22 if
1015 264 29 24 he
1056 269 90 19 'cannot
1165 265 39 23 tell
1215 272 3 6 •
1224 266 38 23 the

687 303 83 20 names,
783 297 18 22 it
812 296 20 23 is
844 295 95 24 without
957 296 129 24 foundation
1096 306 7 20 ;
1126 297 38 24 the
1175 298 88 23 natives

687 328 24 25 of
724 327 59 24 Port
794 328 123 24 Nicholson
929 335 68 16 never
1013 328 69 25 heard
1100 330 46 23 thiß
1157 335 86 25 'report
1254 340 6 19 ;

687 361 42 24 this
742 361 20 22 is
773 368 43 16 one
825 360 24 23 of
858 360 38 22 the
907 360 130 24 unfounded
1048 367 133 19 statements
1192 363 70 24 about

688 394 38 23 the
738 393 109 23 Maories.
1261 405 5 12 ;

720 425 65 23 Here
796 426 53 22 also,
854 426 20 22 is
883 425 94 23 another
987 433 120 19 erroneous
1125 432 121 20 statement
1253 438 7 19 ;

688 459 48 23 that
747 462 43 19 two
802 457 134 31 Europeans
950 458 56 23 have
1018 458 56 24 been
1086 459 71 26 killed
1176 461 30 30 by
1224 461 38 24 the

688 491 94 27 natives,
783 503 33 4 —
819 490 47 23 that
877 497 42 16 one
932 497 45 16 was
988 490 72 25 killed
1072 500 28 18 on
1112 493 38 24 the
1163 493 52 23 hills
1227 492 35 32 (at

688 524 36 23 the
736 523 64 23 back*
808 523 26 23 of
848 522 36 24 the
895 521 71 33 town)
987 523 29 30 by
1037 523 37 25 the
1095 533 50 16 man
1156 525 48 24 who
1216 534 46 16 was

688 555 68 24 killed
778 560 24 19 at
818 555 36 24 the
873 555 103 29 Pakuao,
1001 555 49 24 that
1073 558 37 23 the
1131 567 43 15 axe
1196 556 66 33 (with

688 588 71 24 which
772 588 39 23 the
822 588 122 30 European
962 596 45 16 was
1026 589 81 32 killed)
1128 592 21 22 is
1171 598 47 16 now
1237 592 24 22 in

688 622 35 23 the
743 621 130 30 possession
893 621 25 22 of
943 621 35 22 his
996 621 81 29 father,
1098 624 44 23 and
1161 624 47 23 that
1224 624 38 23 the

688 653 63 24 other
762 661 47 15 was
818 652 70 24 killed
900 657 22 19 at
933 654 39 22 the
983 653 83 32 Valley
1077 656 25 23 of
1117 657 38 23 the
1168 655 82 25 Hutt—
1250 669 13 5 -

688 687 12 23 I
718 686 74 23 would
816 685 49 28 ask,
888 685 61 24 what
970 694 38 15 are
1027 687 37 22 the
1079 696 79 16 names
1177 689 25 22 of
1224 689 37 24 the

689 718 106 24 Pakehas
806 718 49 23 who
867 725 57 16 were
935 718 71 24 killed
1013 719 10 23 ?
1059 720 51 24 Tell
1123 730 33 20 us,
1169 722 48 22 that
1225 729 37 16 me

688 751 43 24 and
743 751 39 23 the
794 751 135 30 Europeans
940 751 47 24 also
999 759 52 23 may
1061 753 75 25 know.
1176 754 25 23 If
1209 754 53 32 they

688 783 43 25 had
751 784 59 23 been
832 782 77 30 killed,
926 784 66 24 could
1011 784 37 24 the
1068 787 44 23 fact
1130 787 57 23 have
1205 788 58 22 been

689 815 118 25 concealed
819 816 57 23 from
885 816 38 24 the
935 816 108 25 Pakehas
1050 819 10 23 ?
1104 820 48 23 Did
1168 828 43 22 you
1223 826 40 17 not

688 849 41 24 ask
739 849 35 24 Te
785 849 137 31 Rauparaha
933 848 50 32 (the
993 857 76 17 names
1076 853 26 23 of
1111 853 36 23 the
1155 852 107 31 parties)?

688 882 59 29 Why
771 882 39 23 did
832 889 44 22 you
898 887 40 18 not
960 883 39 23 tell
1029 883 38 24 the
1093 886 148 30 Magistrates
1251 886 11 23 ?

689 915 73 24 There
773 915 21 22 is
806 922 29 15 no
847 913 72 24 father
931 914 38 32 (or
980 915 77 33 uncle)
1077 918 26 24 of
1117 918 84 24 Parata
1212 916 50 32 (the

687 948 74 23 native
780 946 120 24 murdered
919 952 24 18 at
958 948 107 33 Pakuao)
1084 951 57 23 alive
1142 963 33 5 —
1175 951 28 23 he
1221 950 41 24 has

689 988 28 16 no
728 980 94 23 relative
834 980 101 30 opposite
952 981 79 24 Mana.

721 1012 12 23 I
745 1021 38 15 am
795 1013 142 31 considering
950 1014 45 29 Sir,
1007 1015 98 25 whether
1117 1017 63 23 these
1192 1021 70 19 state-

688 1050 72 20 ments
772 1054 39 15 are
823 1050 84 18 correct
919 1054 25 15 or
955 1047 63 29 false,
1032 1048 37 24 did
1088 1049 28 23 he
1126 1049 63 24 learn
1202 1049 59 24 them

687 1080 57 23 from
764 1078 35 24 Te
818 1078 144 31 Rauparaha,
976 1088 24 16 or
1020 1089 37 16 are
1075 1082 51 31 they
1138 1082 35 24 his
1192 1090 49 15 own
1252 1083 10 23 ?

688 1113 12 23 I
712 1117 83 18 cannot
813 1112 97 29 imagine
929 1112 49 24 that
997 1114 35 23 Te
1044 1115 136 31 Rauparaha
1199 1115 64 24 made

688 1146 58 22 them
760 1149 22 18 to
791 1145 54 22 him.
881 1143 12 24 I
905 1144 73 30 know,
990 1146 47 25 Mr.
1048 1148 125 24 Wakefield
1186 1148 77 24 knows

689 1184 42 21 too,
755 1177 51 23 that
828 1176 33 24 Te
884 1177 138 32 Rauparaha
1039 1181 73 23 would
1135 1186 38 18 not
1192 1181 71 30 speak

687 1209 85 34 quietly
783 1214 23 19 to
823 1209 54 29 him,
891 1210 96 25 because
1004 1213 29 23 he
1051 1214 40 23 has
1103 1218 40 21 not
1159 1218 38 31 yet
1207 1214 56 23 been

686 1243 125 25 reconciled
831 1246 22 20 to
874 1242 57 24 him.
968 1245 50 24 The
1036 1252 48 18 root
1102 1247 26 23 of
1145 1247 44 23 this
1207 1247 56 23 evil-

686 1275 111 34 speaking
815 1276 90 30 against
922 1277 110 26 Moturoa
1050 1280 44 23 and
1111 1279 90 31 myself,
1222 1287 41 23 ap-

686 1317 62 24 pears
760 1313 23 19 to
795 1317 36 15 me
843 1313 22 19 to
877 1309 28 23 be
916 1310 55 24 this.
975 1324 32 5 —
1011 1311 42 24 We
1064 1313 46 23 told
1128 1313 48 23 Mr.
1189 1313 74 30 Spain

686 1344 36 23 the
733 1342 77 23 unfair
829 1347 105 25 payment
945 1343 35 25 for
997 1345 37 24 the
1046 1345 53 24 land
1108 1353 6 20 ;
1133 1346 39 23 the
1183 1353 80 16 reason

686 1376 48 29 why
747 1374 62 24 Puni
821 1375 20 23 is
851 1383 25 15 so
886 1376 61 29 good
957 1377 21 23 is
989 1378 55 29 this,
1055 1378 28 23 he
1092 1386 57 23 gave
1162 1378 38 24 the
1210 1378 53 25 land

684 1415 22 18 to
715 1408 37 24 the
763 1407 96 31 pakeha.
896 1408 14 23 I
921 1410 43 24 ask
976 1419 44 23 you
1032 1412 107 30 pakehas,
1152 1411 59 23 what
1222 1411 39 27 did

685 1444 36 22 the
734 1442 83 26 Queen
837 1443 39 25 tell
894 1451 46 23 you
950 1444 9 24 ?
1000 1444 48 24 Did
1066 1444 39 24 she
1117 1452 42 23 say
1170 1449 22 19 to
1208 1452 53 23 you,

710 1475 36 24 Go
758 1480 23 19 to
793 1477 56 23 New
867 1477 102 24 Zealand
987 1478 43 23 and
1042 1477 152 31 fraudulently
1206 1477 52 24 take

684 1517 60 22 away
754 1509 38 23 the
802 1510 53 23 land
867 1510 25 23 of
907 1511 37 23 the
956 1511 85 23 natives
1051 1511 9 24 ?
1095 1510 52 24 You
1159 1518 40 22 say
1211 1510 48 30 No,

685 1544 51 23 then
746 1542 50 30 why
808 1543 29 23 do
855 1550 46 23 you
919 1543 109 24 encroach
1046 1551 59 23 upon
1126 1543 64 24 lands
1208 1543 51 24 that

684 1577 56 23 have
751 1580 42 18 not
804 1576 56 23 been
871 1576 68 31 fairly
951 1576 125 31 purchased
1086 1577 10 23 ?

115 1043 23 23 A
149 1044 97 30 meeting
258 1043 26 23 of
298 1043 37 23 the
348 1043 136 24 Committee
495 1043 25 23 of
535 1043 43 23 this
599 1043 60 30 body

82 1076 53 25 took
147 1076 64 30 place
229 1084 28 15 on
277 1075 101 31 Monday
392 1076 74 30 night,
478 1076 64 23 when
562 1084 13 15 a
597 1076 62 23 Sub-

83 1109 137 23 Committee
232 1117 42 15 was
292 1109 86 23 formed
398 1109 55 23 with
465 1108 37 24 the
513 1110 110 22 intention
635 1109 24 23 of

82 1142 120 30 collecting
213 1142 117 28 materials,
343 1143 52 27 &c,
409 1142 35 22 for
456 1141 37 23 the
505 1142 96 22 erection
611 1142 25 23 of
646 1150 13 14 a

82 1182 48 16 new
142 1174 108 31 building,
259 1176 24 22 in
294 1181 153 23 consequence
458 1174 25 22 of
493 1174 71 23 notice
574 1174 85 31 having

82 1209 56 22 been
162 1208 67 30 given
250 1212 23 19 to
293 1207 84 23 unroof,
392 1207 38 23 the
452 1205 71 25 house
535 1210 22 20 at
567 1211 92 26 present

82 1240 116 31 occupied.

115 1278 51 23 The
177 1278 84 31 objects
272 1277 43 24 and
334 1278 124 23 intentions
476 1278 25 23 of
516 1277 140 24 Mechanics'

82 1311 120 24 Institutes
213 1319 34 15 are
260 1317 36 17 too
308 1311 50 23 well
369 1311 85 23 known
462 1315 23 19 to
494 1311 87 31 require
594 1315 22 19 to
628 1311 28 23 be

81 1344 168 31 particularised
265 1351 57 21 now,
334 1344 46 23 but'
387 1351 33 16 we
441 1343 46 24 will
506 1351 39 23 say
557 1343 49 24 that
616 1344 40 23 the

82 1381 87 27 gentry,
182 1377 87 31 equally
278 1376 52 24 with
343 1377 37 23 the
387 1377 87 23 artizan
481 1376 45 24 and
532 1377 123 28 mechanic,

82 1410 75 23 derive
178 1410 83 23 certain
272 1409 95 24 benefits
387 1410 58 23 from
463 1410 63 23 them
544 1410 63 23 when
628 1411 24 22 in

82 1442 40 25 full
135 1444 79 29 vigour
234 1442 42 24 and
296 1444 122 28 operation,
439 1443 44 23 and
501 1450 33 16 we
545 1443 111 23 therefore

82 1480 58 19 trust
151 1476 49 23 that
212 1476 49 28 this,
275 1476 37 23 the
331 1475 59 24 third
411 1480 95 27 attempt
517 1480 23 19 at
551 1477 105 29 carrying

82 1513 38 19 out
131 1509 24 22 in
167 1508 46 24 this
223 1509 127 23 settlement
361 1517 25 15 so
397 1508 75 24 useful
491 1509 44 23 and
547 1508 108 24 desirable

82 1550 14 15 a
105 1541 95 32 project,
213 1542 43 23 will
267 1546 58 19 meet
333 1541 59 24 alike
402 1542 54 23 with
468 1541 39 24 the
518 1541 137 31 sympathies

82 1576 24 22 of
121 1574 31 24 all
164 1574 89 30 classes,
266 1574 70 24 either
348 1575 23 22 in
383 1574 163 24 contributions
558 1575 24 22 of
597 1574 56 24 cash

82 1616 24 15 or
114 1607 113 24 materials
239 1612 21 19 to
281 1615 126 16 commence
428 1607 61 24 with.
526 1607 23 24 It
568 1607 86 31 merely

82 1642 100 29 requires
194 1649 14 15 a
225 1640 68 32 slight
311 1640 110 31 fostering
432 1648 53 16 care
496 1640 35 23 for
543 1649 12 14 a
566 1648 52 22 year
630 1649 26 15 or

82 1679 50 24 two,
164 1678 22 19 to
214 1674 33 30 lay
271 1674 39 23 the
331 1673 131 24 foundation
483 1673 24 23 of
533 1682 27 15 an
581 1673 74 23 Insti-

81 1712 55 23 tute,
148 1706 59 24 from
225 1707 71 23 which
315 1706 109 24 offshoots
446 1706 45 23 will
501 1708 77 30 spring
590 1714 30 24 up
632 1708 24 21 in

82 1748 66 23 every
159 1745 52 26 part
221 1741 23 22 of
253 1741 37 22 the
301 1739 93 24 islands.
419 1739 51 24 The
481 1740 102 30 working
595 1740 57 23 class

82 1774 55 23 have
148 1772 63 24 been'
224 1772 138 32 stigmatised
383 1781 25 15 as
420 1773 68 30 being
499 1772 117 24 backward
628 1773 25 22 in

82 1807 43 23 this
136 1806 59 31 good
210 1814 72 20 cause,
294 1805 40 24 bnt
354 1805 64 24 when
436 1805 39 25 the
495 1805 123 32 dispersion
631 1806 25 23 of

82 1839 58 23 their
158 1839 59 31 body
238 1840 19 22 is
277 1838 160 29 remembered,
454 1838 46 24 end
524 1839 55 23 their
601 1846 54 16 con-

82 1876 93 27 sequent
195 1872 109 28 isolation,
316 1879 32 15 we
368 1872 67 23 think
453 1879 62 16 some
535 1872 118 23 allowance

82 1905 81 24 should
173 1905 29 23 be
221 1906 63 23 made
296 1913 28 15 on
341 1905 49 24 that
408 1904 67 24 head.
510 1905 120 29 However,
643 1913 13 15 a

82 1939 70 23 better
165 1938 142 31 opportunity
319 1937 54 24 than
384 1938 37 23 the
434 1943 98 26 present,
543 1938 34 23 for
589 1938 66 23 mak-

82 1972 38 28 ing
131 1979 14 15 a
162 1972 58 29 good
239 1972 128 30 beginning,
380 1971 65 23 could
465 1976 40 17 not
524 1971 27 22 be
572 1971 83 22 wished

80 2004 48 27 for;
149 2004 42 21 and
206 2011 29 14 we
252 2008 58 17 trust
328 2003 37 22 the
385 2004 135 21 Committee
536 2003 119 30 appointed

82 2035 42 22 will
128 2030 36 27 'do
176 2035 58 23 their
245 2039 92 24 utmost,
343 2033 50 24 -and
402 2034 59 22 'that
479 2034 39 23 the
536 2034 76 31 public
632 2039 23 18 at

82 2068 59 29 large
154 2067 46 22 will
210 2066 110 31 zealously
329 2076 5 6 ••
341 2071 129 27 co-operate
483 2066 53 23 with
554 2066 62 24 them
627 2074 26 16 as

82 2100 33 23 far
125 2108 25 15 as
162 2100 39 23 the
218 2107 75 16 means
312 2099 24 24 of
351 2099 37 23 the
406 2100 89 23 several
514 2100 82 31 parties
608 2099 46 24 will

82 2133 70 23 allow.
189 2133 52 24 And
251 2138 38 18 not
301 2132 85 32 merely
402 2133 29 30 by
442 2133 64 30 gifts,
518 2133 40 23 but
569 2133 29 30 by
610 2141 43 16 en-

81 2166 81 30 rolling
172 2166 133 24 themselves
317 2173 23 15 as
356 2166 121 27 members,
489 2174 25 15 so
528 2174 23 15 as
562 2171 23 20 to
597 2170 58 20 start

82 2199 50 23 with
143 2199 100 24 renewed
252 2199 46 27 life,
312 2199 42 22 and
371 2199 120 30 labouring
501 2207 51 15 men
567 2200 23 22 in
602 2206 52 24 par-

81 2232 78 23 ticular
171 2240 33 15 we
216 2232 77 23 should
305 2232 45 22 like
362 2236 23 19 to
396 2239 38 16 see
448 2231 27 24 do
488 2232 53 23 this.

133 2744 59 17 Tribe.

293 2744 85 17 District..

435 2745 89 21 Principal
531 2746 64 17 Chiefs.

621 2666 11 8 0)

617 2825 17 28 113I
639 2820 16 21 13

88 2971 83 20 fgatiawa
181 2972 37 17 and
227 2967 6 33 j

93 3012 125 21 NgaUruanui.
228 3019 5 11 i

252 2869 86 20 Aropawa

251 2888 69 21 Tatapu

251 2909 96 18 Waikanae

250 2930 67 17 Ohariu

250 2951 41 17 Port
308 2952 96 17 Nicholson

250 2972 97 17 Waitotara

249 2992 87 18 Piiaunui

250 3013 54 17 Patea

250 3034 89 18 Taranaki

251 3055 89 21 Ngamotu

249 3075 78 17 Waitara

249 3096 108 18 Puketerata

249 3117 131 21 Ngaruwatune
385 3130 17 5 ...

248 3137 73 17 Porirua
367 3139 36 17 and

260 3158 74 22 -Cloudy
366 3160 38 21 Bay

247 3179 54 17 Otaki

248 3200 101 17 Manawatu

248 3220 99 21 Wanganui

248 3241 100 21 Wairarapa

414 2870 26 17 Te
478 2870 56 17 Hawe
574 2871 35 16 and

414 2891 77 16 Tohewa

414 2911 194 22 RereUwangawanga.

403 2959 1 9 i
413 2953 25 17 Te
447 2953 47 17 Puni

507 2996 13 9 »

508 3039 11 8 »

508 3059 11 8 '■

628 2873 31 17 740

627 2894 32 17 400

627 2915 31 17 600

628 2935 30 19 140

627 2956 31 18 340

626 2977 32 18 400

626 2998 32 17 200

626 3019 32 17 340

625 3040 33 17 400

625 3061 33 17 200

625 3082 32 16 200

616 3102 41 18 1300

616 3123 42 17 1000

88 3146 74 21 Jgatitoa
228 3139 16 22 f

88 3187 132 20 igatiraukawa.
228 3181 11 35 {

88 3217 16 17 fe
111 3217 129 20 Patitokotoko.

88 3238 152 19 tgatikahuhanu.

506 3099 13 10 «

506 3121 12 9 »

411 3139 26 17 Te
450 3139 107 22 Rauparaha
571 3142 30 22 &\

411 3160 114 22 Rangihatta
588 3160 13 22 /

410 3181 27 17 Te
464 3181 84 19 Watanui
571 3184 35 16 and

410 3201 81 18 Kiharoa

410 3221 60 19 Turoa
480 3224 37 17 and
524 3225 81 18 othexi...

623 3154 33 18 450

624 3185 32 17 800

615 3206 41 16 1000

614 3228 41 15 3000

624 3248 31 16 140

407 3284 53 18 Total
602 3289 7 15 i

612 3290 43 16 1650
