3540 4570
3126 169 118 24 DEATH

2949 238 87 23 Papps.
3038 251 32 4 —
3071 236 128 32 TJouglas,
3276 242 90 24 young*
3375 233 81 24 stand

2914 280 102 25 beloved
3044 280 65 24 child
3133 279 28 25 of
3197 274 68 29 Mice
3288 277 55 25 and.
3363 276 88 31 Henry

2914 324 90 32 Papps,
3022 323 61 32 aged
3096 325 13 22 6
3122 322 110 25 months.
3267 321 111 24 Funeral
3400 320 52 24 will

2913 367 68 25 leave
2992 368 101 30 parents
3105 366 133 29 residence,
3263 364 65 24 East
3346 363 103 28 Oxford,

2914 412 13 23 1
2940 412 33 23 30
2983 417 61 25 p.m.
3070 409 103 31 Sunday
3196 408 55 25 Oct.
3266 407 69 25 lOih.
3352 406 39 25 for
3405 406 43 25 the

2914 453 94 25 Oxford
3025 452 138 31 Cemetery.

2924 646 76 20 The
3025 646 151 20 Oxford
3201 646 226 20 Obserber.

2924 666 266 51 PUBLISHED
3220 666 207 51 WEEKLY.

2945 720 163 23 SATURDAY
3136 720 107 21 October
3266 720 52 19 9th,
3345 717 61 22 1897.

2929 858 174 31 OXFORD
3128 856 120 32 ROAD
3269 854 155 31 BOARD.

2941 932 120 31 Ordinary
3076 932 111 30 meeting
3198 930 58 24 held
3269 937 34 16 on
3323 928 120 23 Wednes-

2907 975 48 32 day
2976 977 13 22 6
2993 975 28 25 tli
3041 975 61 24 inst.
3136 974 113 28 Present,
3274 972 42 23 Mr
3334 970 110 25 William

2914 1018 109 28 Bassett,
3037 1018 147 27 Chairman,
3204 1015 51 26 and
3265 1015 94 24 Messrs
3372 1012 77 25 Harle

2908 1061 94 26 Stubbs
3015 1061 48 24 and
3076 1060 82 25 Cross.

2940 1104 54 25 The
3015 1103 97 25 Clerk's
3131 1103 84 30 reporb
3234 1101 38 25 for
3293 1100 44 25 the
3357 1099 88 25 month

2907 1146 95 32 ending
3018 1145 63 26 30th
3100 1145 69 33 Sept.
3190 1153 51 17 was
3253 1142 60 26 read
3333 1141 47 26 and
3402 1148 42 24 ap-

2906 1191 100 32 proved.

2938 1236 26 23 It
2976 1243 52 16 was
3039 1234 112 25 resolved
3169 1235 27 23 to
3217 1231 99 32 shingle
3337 1229 43 25 the
3397 1228 47 25 fol-

2906 1280 91 30 lowing
3016 1279 82 24 roads.
3133 1275 126 33 Mayficld,
3284 1272 159 29 Woodstock,

2907 1322 181 25 McPhedran's
3100 1320 50 25 and
3169 1319 129 31 Washpen
3318 1316 50 25 and
3378 1315 66 24 Race

2905 1374 95 18 coarse.

2940 1409 52 24 The
3015 1407 73 25 Clerk
3099 1414 51 17 was
3171 1404 103 26 ordered
3284 1407 26 21 to
3334 1402 65 24 draw
3412 1409 32 23 up

2907 1451 182 32 specifications
3110 1449 51 26 and
3173 1449 47 24 call
3241 1448 38 25 for
3291 1446 99 26 tenders
3410 1444 37 25 for

2907 1495 94 32 repairs
3012 1497 26 23 to
3050 1493 95 27 culvert
3156 1493 26 24 at
3195 1490 95 32 Woody
3308 1488 77 33 Gully
3396 1487 50 25 and

2907 1547 15 17 a
2933 1546 56 18 new
2999 1538 87 31 bridge
3096 1538 28 24 at
3131 1534 95 26 Konini
3243 1533 87 26 Creek.

2941 1581 53 26 The
3006 1581 135 26 Chairman
3151 1578 116 33 reported
3277 1585 28 17 re
3316 1577 41 25 the
3368 1576 78 25 meet-

2907 1626 43 32 ing
2969 1625 62 25 held
3048 1625 28 24 m
3097 1623 123 25 reference
3241 1624 26 23 to
3290 1621 43 25 the
3355 1620 91 31 Ashley

2907 1670 77 24 River
2995 1669 54 24 Bed
3060 1667 118 28 Domain,
3202 1666 44 25 the
3258 1665 62 25 facts
3332 1664 75 31 being
3418 1672 26 16 as

2907 1713 93 25 follows
3011 1720 5 16 :

2942 1780 26 26 A
2978 1778 112 32 meeting
3102 1777 26 26 of
3136 1775 206 33 representatives
3351 1773 28 26 of
3382 1774 66 25 local

2907 1822 87 26 bodies
3004 1820 136 27 interested
3162 1820 28 25 m
3210 1819 43 25 the
3276 1818 136 26 formation
3422 1817 28 26 of

2907 1866 97 26 Boards
3014 1869 27 22 to
3064 1865 97 25 control
3183 1864 44 24 the
3245 1862 94 32 Ashley
3362 1862 84 24 River-

2909 1908 45 26 bed
2973 1907 101 26 domain
3094 1915 51 18 was
3156 1905 61 26 held
3229 1907 26 23 at
3274 1905 42 25 tho
3327 1903 119 32 Borough

2908 1952 104 27 Council
3024 1952 132 28 Chamber,
3169 1950 135 32 Eangiora,
3317 1947 129 33 yesterday

2907 1996 137 26 afternoon.
3080 1994 54 26 The
3145 1994 67 26 local
3222 1993 85 25 bodies
3319 1999 127 25 represen-

2908 2040 42 25 ted
2961 2048 64 18 were
3036 2039 44 26 the
3091 2037 152 27 Mandeville
3255 2037 50 26 and
3316 2036 129 32 Eangiora,

2907 2085 103 33 Ashley,
3029 2084 72 30 Cust,
3115 2083 93 26 Oxford
3218 2082 51 25 and
3280 2081 88 27 Kowai
3377 2080 69 25 Eoad

2907 2130 104 28 Boards,
3041 2128 49 25 and
3112 2127 44 25 the
3181 2127 126 31 Eangiora
3329 2124 119 32 Borough

2910 2173 113 27 Council.
3057 2173 96 25 Messrs
3175 2171 32 25 B.
3228 2170 93 29 Moore,
3339 2168 107 26 M.H.B.

2909 2217 91 25 andE.
3022 2215 125 26 Meredith
3170 2214 115 29 M.H.E.,
3310 2221 61 17 were
3394 2212 52 25 also

2907 2262 109 31 present.
3051 2260 41 25 Mr
3104 2258 32 26 G.
3149 2258 112 26 Wallace
3285 2255 161 35 (Mandeville

2908 2304 50 26 and
2969 2304 138 31 Eangiora)
3119 2311 51 17 was
3182 2301 75 26 voted
3267 2302 27 24 to
3313 2300 44 25 the
3368 2299 77 26 chair.

2908 2347 41 25 He
2960 2345 82 27 stated
3053 2346 54 24 that
3115 2344 44 26 the
3170 2343 84 26 Board
3262 2342 50 25 had
3321 2340 127 27 convened
3493 2366 7 2 _

2908 2390 44 25 the
2964 2389 109 32 meeting
3084 2390 27 23 to
3123 2388 54 32 give
3189 2396 33 16 an
3234 2385 158 33 opportunity
3411 2384 36 26 for

2909 2433 166 31 ascertaining
3095 2431 113 25 whether
3227 2431 43 24 the
3289 2429 64 25 local
3365 2428 81 25 bodies

2908 2486 61 17 were
2980 2476 117 33 prepared
3120 2477 26 23 to
3169 2474 58 26 take
3245 2482 34 24 up
3290 2473 43 26 the
3356 2474 92 23 matter

2909 2521 27 25 of
2944 2521 108 31 forming
3063 2528 15 17 a
3090 2519 110 25 Domain
3212 2518 83 26 Board
3307 2519 25 23 to
3352 2517 96 25 control

2909 2566 41 24 the
2973 2565 99 31 Ashley
3091 2562 136 27 Eiver-bed
3250 2561 111 26 domain.
3407 2560 41 26 He

2909 2610 75 24 asked
3013 2609 41 24 Mr
3078 2608 123 24 Meredith
3224 2609 26 23 to
3285 2606 102 32 explain
3405 2605 43 25 the

2908 2653 117 32 position.

2942 2697 42 24 Mr
2996 2695 125 26 Meredith
3133 2694 81 26 stated
3225 2695 61 29 thai,
3311 2702 33 17 on
3365 2693 84 25 advice

2909 2741 118 26 tendered
3037 2740 32 32 by
3076 2740 64 28 him,
3153 2740 43 24 the
3205 2739 116 24 Minister
3330 2738 27 25 of
3363 2738 86 24 Lands

2909 2784 51 24 had
2971 2783 114 25 reserved
3095 2783 43 23 the
3150 2782 93 30 Ashley
3255 2780 133 25 river-bed
3399 2788 27 17 as
3434 2788 14 15 a

2909 2827 111 29 domain,
3038 2826 62 26 with
3120 2826 44 25 the
3185 2825 57 25 idea
3267 2824 28 25 of
3316 2824 107 31 forming
3434 2831 14 16 a

2909 2871 85 26 Board
3022 2870 138 30 consisting
3187 2869 28 25 of
3246 2870 50 23 two
3324 2867 124 25 members

2910 2914 94 26 elected
3024 2914 64 25 from
3107 2913 44 26 the
3168 2912 89 25 Kowai
3276 2911 72 26 Eoad
3368 2911 80 25 Board

2911 2960 48 24 two
2971 2958 33 32 by
3016 2958 43 25 the
3078 2956 152 26 Mandeville
3250 2955 51 25 and
3323 2954 125 33 Eangiora

2912 3002 89 29 Board,
3036 3001 51 25 and
3115 3009 52 20 one/
3190 3000 31 31 by
3251 3000 44 25 the
3323 2998 127 32 Eangiora

2911 3044 119 32 Borough
3041 3043 115 30 Council,
3173 3044 28 24 to
3212 3041 97 27 control
3328 3041 56 26 that
3395 3048 54 26 por-

2911 3088 56 25 tion
2977 3087 114 26 between
3112 3087 46 25 the
3169 3094 43 17 sea
3224 3086 52 25 and
3297 3085 45 25 the
3353 3085 96 31 railway

2912 3132 92 32 Bridge
3014 3139 6 22 ;
3039 3131 51 25 and
3101 3139 16 17 a
3140 3130 90 26 second
3250 3130 108 25 Domain
3369 3128 81 26 Board

2911 3177 27 24 to
2950 3175 94 25 control
3073 3175 55 24 that
3152 3174 101 32 portion
3276 3174 112 25 between
3408 3173 42 24 the

2912 3219 100 31 railway
3024 3218 92 32 Bridge
3128 3217 51 26 and
3190 3217 44 25 the
3246 3217 93 32 Gorge,
3355 3219 27 22 to
3393 3222 56 19 con-

2914 3262 45 25 sist
2971 3261 28 25 of
3008 3262 68 24 three
3087 3261 126 25 members
3224 3261 65 25 from
3301 3260 44 25 the
3358 3259 92 31 Ashley

2913 3306 71 24 Eoad
2995 3305 91 29 Board,
3097 3313 47 16 one
3155 3304 61 25 each
3224 3304 65 24 from
3298 3304 43 24 the
3351 3302 99 28 Oxford,

2914 3349 61 25 Oust
2988 3348 51 25 and
3050 3347 149 26 Mandeville
3210 3347 105 29 Boards,
3344 3347 50 25 and
3405 3354 46 17 one

2914 3393 63 24 from
2989 3392 43 25 the
3043 3392 128 32 Eangiora
3194 3391 119 33 Borough
3336 3390 114 27 Council.

2914 3436 80 25 There
3005 3432 48 28 will
3067 3439 28 21 be
3118 3442 34 17 no
3177 3442 108 25 expense
3296 3436 27 23 m
3346 3435 106 31 electing

2914 3479 44 25 the
2975 3478 106 29 Boards,
3102 3478 50 25 and
3175 3478 60 30 they
3257 3478 54 25 will
3332 3478 66 24 have
3419 3485 32 16 no

2913 3521 107 32 liability
3031 3521 96 32 beyond
3138 3521 43 25 the
3203 3521 129 25 collection
3345 3521 51 25 and
3407 3528 45 17 ex-

2914 3565 129 33 penditure
3055 3565 28 25 of
3091 3565 44 25 the
3158 3566 70 24 rents
3239 3565 65 25 from
3315 3565 44 25 the
3378 3572 75 17 reser-

2914 3617 52 18 ves.
3002 3608 53 25 The
3074 3616 107 18 revenue
3200 3615 50 19 was
3269 3609 27 24 to
3318 3607 31 26 be
3373 3609 80 30 spent,

2914 3652 65 30 first,
2996 3652 29 24 m
3036 3651 151 32 eradicating
3198 3659 81 24 gorse,
3308 3651 51 25 and
3379 3651 73 25 after-

2915 3696 78 25 wards
3004 3695 39 27 for:
3053 3695 66 26 river
3130 3695 181 25 conservation.
3330 3695 32 25 In
3373 3695 80 25 round

2915 3739 118 25 numbers
3044 3740 42 23 the
3106 3739 103 24 domain
3220 3739 139 31 comprised
3379 3739 76 24 about

2917 3783 92 29 15,000
3032 3789 74 22 acres,
3124 3781 51 26 and
3186 3781 45 26 the
3250 3789 106 18 revenue
3376 3784 26 22 at
3413 3782 42 24 the
3483 3781 17 8 *

2915 3828 99 31 present
3032 3826 59 26 time
3111 3834 51 18 was
3192 3826 113 26 between
3336 3828 51 24 £60
3405 3826 50 25 and

2916 3871 61 29 £70,
2995 3869 46 27 but
3062 3878 27 18 as
3101 3870 43 26 the
3154 3869 125 27 river-bed
3295 3878 52 18 was
3359 3869 97 26 cleared

2914 3913 67 24 from
2994 3921 79 24 gorse,
3091 3913 44 24 the
3153 3912 145 32 grass-land
3315 3913 84 24 would
3417 3912 38 24 m-
3473 3935 3 2 .
3497 3926 3 4 ■

2917 3963 92 21 crease,
3027 3955 58 26 and.
3104 3963 27 18 as
3144 3963 15 18 a
3170 3957 94 24 matter
3275 3955 27 26 of
3311 3964 95 22 course,
3416 3956 41 25 the

2917 4007 113 17 revenue.

2952 4042 40 24 Mr
3003 4043 102 25 Millton
3126 4042 105 33 (Ashley
3242 4042 96 33 Board)
3351 4043 108 32 thought

2919 4086 57 25 that
2996 4086 43 25 the
3051 4087 109 31 meeting
3182 4093 49 18 was
3241 4087 42 24 for
3300 4086 44 25 the
3355 4093 104 26 purpose

2920 4130 25 25 of
2957 4129 105 33 gaining
3072 4130 171 30 information,
3272 4129 50 26 and
3344 4130 45 25 the
3405 4137 54 25 rep-

2922 4174 162 25 sesentatives
3105 4173 84 25 would
3210 4173 75 25 have,
3298 4175 27 23 to
3337 4174 58 24 take
3420 4174 41 23 the

2922 4217 103 30 opinion
3036 4216 28 26 of
3072 4217 66 25 their
3149 4216 97 26 Boards
3268 4216 84 26 before
3363 4217 98 29 coming

2922 4262 26 24 to
2960 4268 50 24 any
3022 4260 118 26 decision.
3174 4260 43 25 He
3239 4260 147 26 considered
3406 4260 57 25 that

2923 4303 45 26 the
2979 4311 107 18 revenue
3105 4303 85 26 would
3200 4304 46 25 not
3257 4303 31 26 be
3300 4303 122 32 adequate
3433 4304 26 23 to

2923 4347 56 26 deal
2990 4347 60 27 with
3062 4347 43 26 the
3125 4355 73 26 gorse
3218 4347 126 32 nuisance,
3369 4347 43 26 the
3425 4348 40 27 15,

2914 4390 61 29 '000
2994 4400 68 18 acres
3076 4391 85 33 'being
3174 4396 3 11 ;
3184 4391 146 33 practically
3358 4391 104 27 covered

2924 4437 61 25 with
2996 4437 30 25 it.
3069 4436 74 25 Then
3164 4436 72 25 there
3258 4437 84 25 would
3363 4437 31 24 be
3402 4451 3 3 ■
3419 4437 43 24 the

2925 4485 108 28 expense
3044 4480 28 26 of
3076 4479 135 34 collecting
3221 4482 57 24 rent
3295 4480 52 26 and
3366 4480 102 33 looking

1250 33 184 35 OXFORD.
1456 35 230 33 OBSERVER
1731 33 241 36 SATURDAY,
2016 32 199 32 OCTOBER
2259 34 18 29 9
2323 30 78 30 1897

2407 166 106 46 MR
2554 166 275 57 MAYSON,

2531 257 165 26 TEACHER

2367 343 2 1 .
2380 335 2 1 ■
2417 334 12 14 -.
2599 332 30 18 OF
2642 335 82 11 .....•■
2839 347 2 1 .

2396 386 103 26 PIANO
2521 388 71 26 AND
2615 390 146 26 SINGING
2785 391 47 24 etc.

2588 456 46 25 has

2531 522 160 31 vacancies

2592 596 40 23 for

2434 659 83 31 pupils
2534 660 28 24 m
2579 661 77 25 above
2673 662 115 30 subjects.

2571 725 88 26 Terms
2671 733 31 18 on
2714 726 165 32 Application.

2363 772 498 67 PIANO~TUNING

2342 880 94 25 Pianos
2446 880 77 25 tuned
2539 881 32 31 by
2592 881 44 25 the
2655 890 58 23 year
2731 882 39 26 for
2789 884 46 24 25s
2855 884 24 24 of

2524 914 71 25 three
2620 915 78 24 visits.

2477 970 268 47 NOTICE.

2340 1066 24 58 I
2381 1066 54 32 Beg
2452 1067 26 24 to
2499 1066 91 27 inform
2611 1068 44 25 the
2681 1068 156 26 inhabitants
2853 1069 26 25 of

2377 1099 95 25 Oxford
2481 1100 49 24 and
2542 1100 42 26 the
2595 1101 84 31 public
2685 1101 125 32 generally
2822 1102 57 25 that

2340 1132 14 25 I
2366 1132 61 25 have
2438 1132 74 25 taken
2531 1139 60 19 over
2601 1133 44 25 the
2668 1134 117 25 Business
2798 1134 80 30 lately

2341 1164 95 25 carried
2454 1172 33 17 on
2509 1164 33 33 by
2567 1165 58 30 MB,
2646 1166 28 26 C.
2695 1167 31 25 A.
2751 1166 125 29 TYLER,

2342 1196 106 26 General
2471 1197 103 31 Carrier,
2592 1199 51 24 and
2664 1201 66 24 trust
2752 1200 31 32 by
2806 1200 72 25 strict

2341 1230 125 26 attention
2478 1232 26 24 to
2516 1230 115 27 business
2648 1235 26 23 to
2686 1233 73 25 merit
2778 1242 15 16 a
2805 1233 73 25 share

2340 1263 28 26 of
2375 1263 85 32 public
2470 1267 109 29 support.

2340 1329 109 26 Covered
2461 1329 69 26 Vans
2541 1330 49 26 will
2602 1339 48 16 run
2661 1331 65 25 from
2738 1331 140 26 OXFORD

2450 1388 26 24 to
2493 1387 274 26 CHRISTCHURCH

2339 1446 94 29 every
2462 1435 189 40 MONDAY,
2679 1437 199 32 WEDNES-

2401 1513 89 32 DAY
2513 1514 87 31 AND
2636 1515 177 32 FRIDAY.

2537 1578 143 33 Returning

2340 1649 211 38 TUESDAY,
2578 1649 237 33 THURSDAY
2851 1651 28 30 &

2489 1730 243 32 SATURDAY.

2339 1804 133 25 Furniture
2484 1804 51 25 and
2554 1804 77 32 goods
2643 1804 28 26 of
2688 1812 73 25 every
2773 1805 105 32 descrip-

2339 1837 53 25 tion
2403 1837 96 32 packed
2522 1839 49 24 and
2590 1837 117 26 removed
2724 1841 27 22 at
2771 1838 108 25 shortest

2563 1871 91 25 notice.

2439 1912 136 33 Receiving
2586 1912 78 26 Order
2687 1913 55 26 Box
2753 1914 27 24 at

2340 1945 41 24 Mv
2396 1945 141 25 Earnshaw
2688 1947 71 25 West
2776 1946 101 25 Oxford.

2340 1978 25 26 J.
2377 1978 26 25 J.
2416 1978 103 26 Weeber
2693 1980 66 24 East
2776 1980 102 24 Oxford.

2339 2011 36 24 H.
2392 2011 130 25 Davidson
2604 2012 124 27 Bennetts
2748 2013 130 25 Junction.

2340 2044 29 26 C.
2387 2045 31 25 A.
2437 2045 74 32 Tyler
2743 2046 134 33 Rapgiora.

2341 2079 31 24 R.
2391 2078 35 25 H.
2443 2079 121 31 Hodgson
2808 2079 70 26 Cust.

2358 2132 54 25 The
2424 2133 76 25 above
2511 2141 102 23 waggon
2629 2141 49 17 run
2697 2134 27 24 m
2744 2134 118 32 conjunc-

2407 2166 54 26 tion
2472 2166 62 26 with
2552 2166 145 28 TYLER'S
2709 2175 104 24 waggon

2385 2199 84 25 which
2480 2199 83 26 leaves
2585 2200 180 25 RANGIORA
2784 2200 51 25 and

2342 2232 273 26 CHRISTCHURCH
2627 2241 72 24 every
2716 2234 55 30 day,
2796 2234 83 24 orders

2341 2265 46 25 left
2399 2266 26 24 at
2442 2265 42 25 the
2495 2265 126 33 following
2631 2267 83 31 places
2734 2267 27 24 m
2782 2266 96 26 Christ-

2342 2298 94 25 church
2449 2298 53 25 will
2521 2299 96 25 receive
2634 2303 99 28 prompt
2753 2300 126 25 attention

2342 2346 31 25 E.
2387 2346 79 26 Recce
2479 2348 19 23 &
2511 2347 61 26 Son.
2707 2348 120 26 Colombo
2840 2348 38 27 St.

2341 2378 154 26 Rotherfield
2512 2379 79 26 Hotel
2674 2380 91 26 Cashel
2785 2380 93 26 Street.

2341 2412 25 25 J.
2384 2412 31 25 B.
2434 2412 106 25 Watson
2625 2413 136 26 Cathedral
2773 2415 104 31 Square.

2342 2446 47 24 130
2407 2445 111 26 Kilmore
2537 2447 90 25 Street.
2658 2447 143 32 Telephone
2829 2448 47 26 727

2397 2514 49 46 J.
2477 2514 276 57 CARTER,

2551 2599 194 31 FEBNHILL,

2547 2660 104 33 EAST
2676 2662 186 31 OXFORD.

2363 3116 291 51 WILLIAM
2681 3118 176 47 FREE.

2341 3224 67 33 Begs
2420 3225 28 25 to
2458 3225 92 25 inform
2557 3224 45 26 the
2612 3224 86 26 Public
2706 3224 27 25 of
2742 3223 137 28 OXFOKD

2342 3267 58 26 that
2418 3268 32 25 he
2474 3268 47 25 hats
2542 3267 95 26 started
2655 3267 116 26 business
2789 3267 28 25 m
2839 3267 40 25 the

2344 3311 71 25 Main
2434 3311 90 29 Street,
2543 3311 100 26 WEST
2661 3311 149 29 OXFORD,
2828 3318 28 17 as
2868 3318 11 17 a

2342 3354 161 32 Bootmaker,
2537 3354 50 25 and
2613 3354 78 32 hopes
2713 3353 33 33 by
2768 3354 111 25 constant

2343 3398 154 26 attendance,
2501 3399 27 24 to
2545 3397 116 26 business
2679 3397 28 25 m
2719 3396 44 26 the
2780 3396 99 26 interest

2343 3441 28 25 of
2387 3441 39 25 his
2443 3442 137 24 customers
2602 3441 27 25 to
2648 3441 75 25 merit
2740 3447 16 18 a
2774 3439 74 26 share
2859 3440 20 24 of

2343 3483 68 25 their
2422 3484 142 25 confidence
2576 3483 51 25 and
2639 3484 112 30 support.

2377 3526 41 26 All
2431 3526 74 26 kinds
2516 3527 28 25 of
2561 3526 77 25 Boots
2651 3526 49 25 and
2726 3525 73 26 shoes
2810 3526 69 24 made

2345 3568 28 25 to
2389 3566 80 27 order.

2378 3621 105 32 Repairs
2509 3622 84 31 neatly
2621 3620 50 25 and
2693 3620 125 32 promptly
2843 3627 36 18 ex-

2345 3664 97 26 ecuted.

2559 3815 28 32 (a
2603 3813 71 34 card)

2345 3875 167 31 MESSRS
2550 3875 233 31 JOHNSTON
2798 3875 81 29 AND

2547 3947 137 32 MILLS.
2737 3976 3 5 ,

2510 4016 212 26 SOLICITORS.

2347 4080 284 31 CHRISTCHURCH,
2660 4080 178 27 RANGIORA
2871 4082 8 24 &

2543 4143 148 25 OXFORD.

2382 4207 41 25 Mr
2434 4207 127 27 Johnston
2581 4207 51 26 will
2650 4208 87 25 attend
2749 4208 96 26 Oxford
2855 4216 24 18 or

2350 4240 78 25 Court
2453 4241 62 30 days
2537 4241 51 26 and
2606 4240 59 26 Sale
2685 4241 61 31 days
2758 4241 51 25 and
2831 4248 48 25 maj

2349 4271 31 26 be
2392 4273 131 25 consulted
2546 4278 27 20 at
2583 4272 42 26 Mr
2641 4273 76 26 Lee's
2733 4281 58 19 new
2809 4273 70 28 Store

2322 4330 4 5 ,
2351 4305 71 25 Main
2432 4306 84 27 Street
2528 4306 103 26 Oxford.
2737 4330 6 2 .
2780 4313 11 18 ;

2384 4360 167 30 Christchurch
2561 4360 110 33 Office—-
2672 4359 120 35 Opposite
2805 4360 74 28 Unior

2349 4393 81 29 Bank,
2444 4393 124 26 Hereford
2580 4393 92 27 Street.

2386 4449 127 30 Rangiora
2531 4449 176 33 Office-^lSext
2728 4451 28 25 to
2768 4450 43 26 Mr
2822 4451 41 26 -A.
2876 4451 3 25 ]

2352 4480 118 27 Tutton's
2486 4481 108 27 Auction
2613 4483 91 25 Room.
2718 4502 3 3 .
2731 4503 3 2 .
2782 4502 34 4 ...
2851 4491 3 15 :

1815 168 54 37 R.
1910 169 52 39 H.
2006 169 265 38 PARISH

1926 250 73 21 JUST
2014 251 37 20 TO
2065 251 89 21 HAND

1809 315 216 33 BARGAINS
2041 317 48 31 for
2106 317 63 31 this
2185 317 108 31 month

1776 391 162 40 Another
1954 391 113 52 Large
2082 392 178 39 Purchase
2280 391 37 40 of

1810 474 241 39 SANATORY
2074 473 209 40 PLAOTEL

1773 561 37 39 to
1824 561 41 39 be
1881 561 75 39 sold
1969 561 114 39 below
2096 561 128 39 landed
2238 562 74 38 cost

1773 644 16 30 I
1803 644 79 32 bave
1896 645 68 30 sold
1989 645 146 40 upwards
2149 645 34 31 of
2197 655 18 20 a
2230 646 80 29 1000

1771 726 94 39 yards
1880 726 34 30 of
1928 725 62 31 this
2004 727 61 29 line
2079 729 34 28 to
2116 729 58 43 my
2189 726 122 31 Oxford

1999 808 118 30 clients.

1783 892 176 25 COLONIAL
1978 892 128 23 TWEED
2124 892 187 25 TROUSERS

1936 935 36 22 6s.
1996 935 69 23 ALL
2091 935 106 25 WOOL.

1909 1002 127 22 DOUBLE
2058 1003 112 22 WIDTH

1822 1077 433 44 CHEVIOT

1783 1159 197 46 DRESS
2036 1160 257 46 TWEEDS

1947 1232 80 38 (half
2043 1232 96 39 price)

1781 1280 121 29 Melton
1920 1279 113 31 Tweed
2049 1279 52 31 6d.
2118 1280 102 30 worth
2236 1280 60 41 10J

1768 1326 117 31 Melton
1902 1327 113 32 Tweed
2030 1328 46 31 Is.
2091 1327 102 32 worth
2208 1329 45 30 Is.
2267 1329 40 30 6d

1757 1396 2 22 i
1780 1380 102 30 better
1907 1379 91 31 value
2023 1379 77 31 than
2124 1380 171 39 travelling

1757 1436 2 27 !
1844 1434 127 40 drapers
1985 1434 66 31 will
2065 1434 72 40 give
2151 1444 71 31 you.

1832 1519 54 36 R.
1913 1518 58 37 H«
2005 1517 182 38 PARIS
2206 1517 40 38 H

1911 1570 85 31 East
2018 1571 142 31 Oxford.

1798 1644 102 26 MORE
1911 1645 184 25 BARGAINS
2105 1645 71 25 FOR
2188 1644 85 26 THIS

1967 1685 136 25 MONTH.

1982 1728 2 2 '
2028 1728 28 19 ♦

1767 1755 62 26 500
1852 1756 99 25 Yards
1975 1757 33 24 of
2028 1755 145 32 Winceys
2202 1754 104 27 reduced

1940 1789 66 25 from
2019 1789 32 24 9d
2062 1791 26 23 to
2101 1790 32 23 6d

1768 1822 112 26 Cotton
1896 1822 115 26 Tweed
2030 1821 106 26 reduced
2155 1821 64 26 from
2230 1821 30 26 Is
2280 1822 27 24 to

2019 1856 40 24 9d.

1768 1902 134 67 THIS
1915 1902 94 25 Season
2032 1902 110 31 Figured
2161 1902 70 24 dress
2243 1902 62 24 mat-

1858 1935 71 25 erials
1940 1935 106 25 reduced
2058 1935 64 25 from
2135 1936 37 24 3s.
2185 1934 42 26 6d.
2240 1938 25 21 to
2277 1935 30 24 2s

1767 1969 22 23 A
1811 1968 97 25 further
1937 1968 203 25 REDUCTION
2172 1975 33 17 on
2230 1967 77 25 Dress

1768 2000 108 32 Tweeds,
1896 2009 44 25 my
1952 2003 28 24 Is
1998 2001 34 25 4d
2043 2001 50 25 line
2113 2009 55 17 now
2180 1999 88 33 selling
2281 2001 27 24 at

1769 2035 35 25 Is.

1767 2068 57 25 Art
1840 2068 131 25 Muslins
1990 2067 40 25 3d.
2050 2075 45 25 per
2106 2067 68 32 yard-

1830 2134 133 26 rtKAND
1976 2134 140 26 WINTEE
2136 2133 110 26 SHOW.

1886 2273 179 25 COLONIAL
2084 2273 120 25 VALUE

1985 2341 53 25 also
2056 2342 27 24 m

1785 2415 120 25 WHITE
1918 2415 159 26 ENGLISH
2095 2416 196 26 BLANKETS.

2150 2490 141 33 Large-size

1768 2521 85 32 Single
1865 2522 61 25 Bed.
1945 2523 99 24 Double
2055 2523 62 25 Bed.
2136 2523 98 26 Double
2245 2524 62 25 Bed.

1799 2554 87 59 7/6.
1976 2555 118 58 10/6.
2161 2556 117 59 12/6.

1785 2646 94 33 Special
1888 2646 73 26 Note.
1962 2662 34 4 —
1997 2647 66 25 Gash
2081 2647 123 26 Discount
2217 2649 28 25 Is
2257 2648 37 26 off

1976 2693 73 25 every
2067 2687 26 24 £.

1910 2752 33 24 B.
1961 2754 35 23 H.
2017 2754 144 24 PARISH.

1770 2829 32 5 —
1802 2829 30 5 —
1832 2829 2 4 .
1882 2829 2 4 .

1787 2891 29 32 A
1837 2893 172 33 RECENT
2034 2894 252 32 DISCOVERY.

1769 2977 148 78 imost
1945 2976 182 39 efficacious,
2165 2977 143 41 pleasing

1830 3018 61 28 a»d
1907 3018 158 39 palatable

1853 3073 139 42 COUGH
2014 3074 211 42 MIXTURE

1804 3178 465 56 MASOOTTE

1886 3294 22 24 A
1928 3295 95 24 certain
2041 3297 99 31 remedy
2157 3296 39 25 for

1771 3352 109 32 SORE
1902 3353 205 40 THROATS,

1832 3434 238 32 WHOOPING
2091 3434 159 39 COUGH,

2042 3514 269 34 BRONCHITIS

1770 3593 74 29 And
1859 3594 41 28 all
1916 3593 161 31 affections
2091 3594 36 30 of
2136 3595 54 30 the
2204 3595 108 30 throat

1771 3634 63 30 and
1848 3634 102 40 lungs.

1896 3707 71 25 Price
1985 3709 36 23 Is.
2039 3716 44 23 per
2099 3708 88 26 bottle.

1937 3789 97 17 OXFORD
2051 3789 89 18 AGENT.

1836 3848 146 46 R.H.
1997 3848 248 47 PARISH

1771 3928 143 27 Wholesale
1931 3930 96 33 Agents
2048 3931 175 26 McINTYRE
2236 3932 20 25 &
2268 3930 43 28 Co.

1900 4006 16 24 9
1934 4004 135 27 Cathedral
2082 4006 102 33 Square.

1924 4149 44 25 TO
1985 4149 179 27 FARMERS.

1772 4227 46 58 IF
1834 4235 49 23 you
1902 4229 66 23 want
1987 4229 26 23 to
2042 4228 47 24 sell
2117 4237 63 22 your
2198 4229 116 31 produce,

1812 4259 123 27 advertise
1945 4260 30 25 m
1985 4260 45 26 the
2299 4271 15 17 a

1772 4300 57 18 sure
1853 4292 52 26 sale
1921 4293 49 25 will
1987 4293 31 25 be
2035 4293 44 25 the
2095 4293 85 27 result.
2204 4314 12 5 ..
2274 4297 21 23 '..;

1776 4354 8 6 *
1805 4357 164 29 TERMS.—
1968 4358 38 27 2s.
2030 4366 44 23 per
2101 4358 62 28 mch
2171 4362 11 9 '~
2192 4360 39 27 for
2258 4360 58 28 first

1770 4392 137 27 insertion;
1962 4391 81 21 '-'
2102 4404 29 13 '.•:
2207 4414 4 6 ,
2270 4402 19 17 v

1805 4432 43 25 All
1860 4433 80 25 imall
1956 4433 209 26 advertisements
2182 4435 27 25 to
2221 4435 27 24 be
2257 4435 59 31 paid

1772 4475 29 27 m
1818 4472 120 28 »dT«noc.
2003 4480 33 14 ■■*■-.:
2042 4474 54 22 -.••.■,•;
2116 4482 12 15 *
2153 4483 37 15 ■„—
2190 4492 3 4 .
2281 4476 22 25 h
2316 4496 1 5 ,

1207 176 117 46 1897
1346 171 248 52 SPRX&&
1619 175 130 48 1897:

1228 301 73 39 Xv*
1326 301 74 39 H«
1427 301 297 40 F^LjevZSH

1323 369 107 31 EAST
1468 369 174 31 OXFORD

1324 443 134 22 INTENDS
1472 444 38 21 TO
1526 444 73 21 SELL

1204 498 177 29 seasonable
1392 498 96 38 goods
1498 503 32 24 at
1535 498 102 40 prices
1646 498 99 30 below

1203 548 70 30 that
1293 548 33 30 of
1340 558 62 30 any
1426 548 225 32 Christchurch
1674 550 69 29 firm

1245 600 74 30 Just
1355 600 140 31 received
1529 600 98 32 direct
1663 600 81 31 from

1206 651 130 31 London
1347 676 4 9 :
1365 663 18 19 a
1412 652 86 39 large
1528 652 215 39 consignment

1203 701 34 31 of
1246 701 135 31 General
1391 702 143 40 Drapery
1534 720 41 4 —
1575 713 41 19 no
1626 701 117 31 middle

1203 755 94 28 men's
1307 754 120 39 profits,
1444 764 19 19 a
1477 753 100 40 single
1587 753 78 40 yard
1681 753 61 30 and

1228 805 105 39 single
1371 805 111 30 article
1512 810 33 25 at
1575 805 165 31 wholesale

1203 856 100 40 prices
1305 873 42 4 —

1291 917 112 26 Another
1411 917 66 31 large
1489 917 119 31 purchase
1616 917 26 26 of

1284 992 354 40 PLAOTELLTTES.

1322 1082 47 24 AT
1384 1081 98 25 HALF
1496 1082 119 24 PRICE.

1217 1190 105 50 Qfift
1338 1189 142 31 YAEX)S
1496 1190 32 30 of
1550 1189 191 31 Flannellett

1218 1220 30 49 if
1251 1230 35 40 11
1291 1239 38 31 IT
1334 1230 134 31 reduced
1483 1230 15 30 *
1498 1242 64 19 rom
1639 1235 34 27 *°
1684 1232 53 32 /^-

1273 1607 65 29 --255.
1355 1606 89 30 cloak
1458 1606 50 29 for
1524 1606 63 37 12s.
1608 1606 48 31 6d.

1237 1856 124 40 greatly
1381 1855 136 31 reduced
1547 1855 32 29 m
1602 1855 94 40 price,

1323 2032 62 51 84
1399 2044 73 49 pr
1490 2032 121 61 ya«J.

1216 2144 162 52 UUn'
1410 2145 166 61 Stylisi
1596 2146 121 50 Mac-

1386 2244 166 50 intosh

1283 2339 91 50 &©$
1388 2340 68 48 for
1484 2338 80 51 0*
1581 2338 70 49 WL

1236 2434 236 51 IJm&rsHas
1491 2440 43 43 at
1555 2447 25 36 a
1599 2446 106 49 ntj

1294 2520 176 50 reduced
1508 2521 129 59 pin.

1239 2626 52 31 All
1311 2626 87 31 these
1420 2626 97 40 goods
1540 2636 52 21 are
1607 2625 132 41 cheaper

1196 2676 78 30 than
1296 2686 58 20 can
1375 2675 39 30 be
1436 2674 175 40 purchased
1627 2678 32 27 at
1674 2684 63 32 any

1198 2723 225 33 Christchurch
1455 2723 120 40 Selling
1606 2723 44 31 off
1677 2723 61 32 Es-

1197 2770 203 31 tablishment
1421 2779 36 20 or
1478 2770 81 29 from
1587 2770 152 29 itinerant

1198 2811 141 40 drapers.

1451 2898 30 20 ♦

1302 2944 132 22 SPECIAL
1455 2944 58 22 JOB
1544 2944 76 22 LINE

1199 3005 541 56 KAIAPOI|ROSLTN

1225 3088 155 33 TWEED
1398 3088 118 33 SUITS
1532 3088 74 41 21/6
1629 3087 75 41 21/6

1314 3152 81 26 worth
1413 3154 54 24 80s.
1484 3160 45 24 per
1545 3152 61 25 suit.

1200 3216 154 31 TWEED
1371 3215 120 31 SUITS
1507 3214 68 41 25/-
1587 3215 102 31 worth
1699 3216 39 29 35

1456 3278 33 19 ♦

1245 3316 169 33 ALL
1455 3314 242 34 WOOL

1200 3369 199 50 €«fottial
1439 3368 177 49 fhnml
1665 3367 75 50 H.

1202 3445 132 40 cheaper
1347 3445 78 29 than
1440 3454 58 20 can
1517 3445 38 29 be
1567 3444 173 41 purchased

1201 3500 34 26 at
1263 3496 126 31 auction
1417 3506 36 19 or
1470 3496 84 30 from
1590 3495 152 30 itinerant

1386 3544 138 40 drapers:

1249 3638 82 33 1897
1376 3634 181 35 WINTER
1599 3636 94 34 1897.

1202 3707 246 47 KAIAPOI
1489 3706 252 47 TWEEBS.

1202 3786 84 22 SUITS
1296 3786 87 21 MADE
1393 3785 38 21 TO
1441 3785 145 21 MEASURE
1599 3785 80 22 FKOM
1696 3786 46 21 50s.

1202 3829 122 79 FULL
1339 3828 144 32 RANGE
1495 3829 35 31 of
1536 3828 64 32 this
1614 3827 126 33 Season'

1281 3871 146 30 Patterns
1446 3874 35 26 to
1509 3871 94 30 hand.

1458 3923 27 23 at

1306 3965 38 33 R,
1368 3964 43 31 .H
1432 3964 198 32 PARISH'S

1343 4088 78 45 TO
1453 4088 141 46 LET.

1207 4189 32 78 2
1263 4186 179 33 ROOMED
1458 4186 147 32 HOUSE
1627 4188 62 29 and
1703 4188 42 39 4J

1263 4239 85 20 acres
1377 4229 34 30 of
1438 4228 83 38 land;
1545 4229 136 30 situated
1710 4229 33 29 m

1206 4269 84 40 High
1306 4269 114 36 Street,
1434 4268 76 31 East
1522 4268 131 38 Oxford,
1668 4280 77 20 near

1204 4309 52 31 the
1279 4309 120 31 School.

1278 4370 24 21 i
1335 4360 82 34 Apply
1434 4356 33 32 t0'
1470 4382 24 9 ....
1519 4384 3 2 .
1537 4355 61 36 .'.,„..
1612 4353 104 40 '..,„,'.*■■.„

1469 4405 34 26 D.
1521 4389 130 43 BTJRKE^

1425 4470 65 28 East
1508 4471 102 26 Oxford.

148 167 174 39 TOWN
357 167 165 37 HALL
851 171 84 60 j&
973 176 34 24 \

73 242 192 37 EAST
286 242 318 33 OXFORD-

90 310 74 24 Third
177 308 26 26 of
213 317 15 16 a
239 308 76 25 series
326 308 26 25 of
359 307 102 31 Sunday
471 307 106 31 evening
794 300 14 24 t
834 305 22 19 ihr
878 301 43 21 ..nT
933 306 9 14 r
973 300 61 28 |jjV,
1048 308 1 12 '

108 352 126 32 limelight
242 352 101 24 lantern
352 352 209 24 entertainments
669 336 43 25 T0
731 335 138 27 TRAVEL
887 337 82 26 THIS
999 337 133 26 SEASON
1134 357 6 11 >

549 429 55 36 10
670 407 182 37 oxford,
881 408 259 31 courtenay

64 448 36 29 JS
107 448 32 27 U
148 448 42 29 IH
200 448 131 27 UAX
371 448 82 27 KJKj
463 448 29 26 X
501 464 11 10 .
550 448 23 24 ±
578 448 26 24 V
718 460 88 30 AND
827 460 262 31 QREENDALE

277 519 114 31 subject:
780 511 233 31 DISTRICTS.

59 585 122 26 ENOCH
199 585 130 30 ARDEN,
347 585 71 25 AND
430 584 116 26 VIUWS
558 585 44 24 OF
663 594 73 24 TEE
756 594 247 25 WELL-KNOWN
1025 594 122 25 HORSE

198 629 70 25 OLD
292 628 178 26 ENGLAND.
902 647 22 27 T

197 683 123 25 Coloured
348 684 121 24 Pictures.
766 654 116 37 MA
895 654 22 36 J
937 654 41 38 (J
992 654 47 37 X

166 748 148 30 Admission,
334 748 80 25 Silver
432 748 70 25 Coin.
634 736 130 26 MAJOR
775 736 22 25 is
809 744 15 17 a
835 736 126 25 beautifur
975 736 61 26 dark
1047 736 125 31 chestnut,

636 769 41 26 ItJL
689 769 117 32 standing
818 770 30 24 16
858 769 82 25 hands
952 769 70 33 high,
1041 770 61 25 with
1116 778 57 24 very

96 796 118 26 Children
227 796 174 31 accompanied
420 795 33 32 by
548 804 55 23 par-
634 811 28 17 SU
663 811 16 24 p
681 812 11 15 e
693 803 50 24 rior
755 804 90 27 action,
864 811 15 16 a
891 803 63 31 good
966 805 103 29 temper,
1090 804 50 24 and
1152 804 21 24 is

61 833 59 22 ents
131 829 120 26 admitted
262 829 60 25 free.
632 845 16 16 a
660 835 113 33 splendid
786 835 100 25 worker.

195 882 68 24 Door
275 889 63 21 open
361 882 27 23 at
401 882 13 23 7
428 881 40 24 30.
846 882 15 6 ~

289 900 15 13 r
838 902 97 25 Terms.
952 917 5 3 -

665 942 58 24 Full
735 942 151 25 Guarantee.
888 955 29 5 —
922 943 44 23 £3.
986 943 103 30 payable
1102 941 69 32 Sept.

632 976 76 24 1898.

355 1002 246 38 SPORTS
665 1007 64 25 Hftlf
746 1007 184 25 Guarantee—
931 1008 34 24 £1
978 1006 104 32 payable
1100 1006 71 32 Sept-

64 1030 117 19 \J^A.
199 1030 131 19 \JA.\I±S
355 1030 63 18 KJJ.
434 1030 167 18 V/XiXU
631 1041 85 24 ember
728 1041 31 23 18
761 1042 14 23 g
778 1042 16 23 ?
820 1041 34 23 £1
868 1041 45 23 IQg
926 1039 72 25 when
1009 1047 162 23 mareproveg

629 1074 27 24 m
668 1072 59 26 foal.
763 1072 95 26 Season
870 1074 35 22 £2
917 1072 105 31 payable
1035 1072 137 25 December

63 1104 42 56 A
123 1103 126 25 PUBLIC
266 1102 164 24 MEETING
441 1101 49 25 will
502 1100 31 26 be
543 1100 59 25 held
635 1107 73 25 1397.

122 1136 28 24 m
161 1135 44 25 the
227 1135 153 24 LIBRARY
400 1140 34 19 on
454 1133 147 25 MONDAY
692 1160 5 4 .
929 1158 240 13 rn^irAmi.v.a

61 1169 107 25 October
181 1168 61 24 11th
255 1169 64 23 1807
331 1169 26 23 at
370 1168 15 23 8
397 1175 58 23 p.m.
491 1166 35 24 To
538 1165 63 25 elect
646 1159 81 33 Major
738 1159 49 24 will
795 1158 30 24 be
836 1159 27 23 at
875 1159 46 23 Mb
929 1158 241 25 LOFFHAGEN'S

62 1210 15 16 a
98 1201 141 25 committee
259 1201 50 24 and
328 1200 74 24 make
425 1200 176 30 arrangement
630 1192 76 26 Farm
719 1199 69 24 every
801 1190 162 26 TUESDAY
975 1191 83 31 night,

63 1236 38 24 for
113 1235 42 24 the
167 1234 143 24 ANNUAL
323 1232 137 26 SPORTS.
847 1257 42 14 Tp
891 1258 11 2 .
907 1257 61 14 TI7T
970 1258 10 2 .
985 1258 34 13 Ta
1048 1258 15 1 _

715 1257 47 31 W.
787 1258 31 30 J.
841 1257 179 31 JENKINS
1042 1258 91 30 Junr.

262 1293 32 25 G.
314 1293 118 25 SMITH.

902 1331 222 40 Waddington.

173 1416 323 47 TENDERS.

735 1474 36 24 To
788 1473 78 25 travel
891 1473 52 25 this
961 1479 95 23 season,

60 1514 174 26 mENDERS
256 1523 42 15 are
320 1512 94 26 invited
437 1512 38 25 for
499 1511 98 26 STUB-
645 1517 149 28 OXFORD,
815 1516 244 29 SPRINGFIELD,
1077 1515 72 25 AND

65 1539 23 34 1
103 1548 88 25 BING
205 1547 112 25 GORSE
331 1554 30 17 on
372 1547 89 24 Mount
470 1545 127 25 Pleasant.
704 1559 178 26 RANGIORA
899 1558 192 27 DISTRICTS,

62 1582 111 26 Tenders
193 1582 26 24 to
237 1580 30 26 be
286 1582 55 23 sent
361 1587 27 17 m
407 1587 34 17 on
464 1587 29 17 or
515 1578 84 26 beiore

61 1615 44 25 the
114 1615 62 25 16th
184 1615 59 24 inst.
254 1613 131 25 addressed
394 1615 26 22 to
428 1612 34 25 H.
470 1612 128 25 FFITCH
709 1624 22 26 p
785 1623 68 26 Bred
865 1623 147 30 Clydesdale
1024 1623 57 25 Colt

62 1648 54 25 The
127 1648 85 32 Lodge
224 1647 62 25 East
298 1646 101 25 Oxford.
895 1641 12 16 J

94 1682 53 24 The
159 1683 83 23 lowest
254 1688 28 17 or
293 1688 48 23 any
359 1679 86 26 tender
456 1681 44 22 not
512 1686 85 17 neces-
1046 1689 24 24 T

60 1715 74 31 sarily
148 1714 124 31 accepted.
702 1703 86 34 ±>U
797 1703 29 32 1
833 1703 53 32 ±1
897 1703 46 31 VV
955 1703 141 32 JIiJU-U.

227 1779 122 26 HENRY
367 1778 136 26 FFITCH.
660 1782 22 25 P,
683 1790 17 24 y
727 1781 44 25 the
795 1780 75 26 Duke
893 1780 27 26 of
950 1780 125 31 Argyle—
1076 1778 90 26 Gentle

627 1815 90 28 Annie,
740 1814 50 25 and
801 1813 57 25 bred
867 1813 33 32 by
912 1813 40 24 Mr
964 1812 78 32 Hugh
1055 1812 110 26 McClel-

521 1862 3 3 ■
627 1848 66 30 land,
708 1848 149 29 Courtenay.
893 1846 40 25 He
950 1846 21 24 is
982 1846 79 31 rising
1069 1846 15 23 4
1096 1853 71 24 years

627 1881 49 28 old,
689 1880 87 25 stands
787 1887 59 17 over
869 1880 31 22 16
912 1879 90 26 hands,
1025 1878 23 24 is
1061 1886 16 16 a
1093 1879 73 23 beau-

173 1918 299 26 rFTni\JT\l?'PCl
627 1912 57 26 tiful
700 1911 54 27 rich
776 1911 55 33 bay,
850 1910 60 27 with
934 1912 70 31 great
1027 1911 64 25 bone
1116 1909 51 26 and

178 1938 29 27 X
216 1934 82 31 JhlS
308 1934 178 30 JIJ-TjUO.
626 1947 142 25 substance.

61 2018 213 34 PI^ENDERS
303 2025 40 18 are
371 2017 96 25 invited
494 2016 39 25 for
554 2015 43 26 the
625 2012 125 26 Bothweli
772 2011 52 25 will
835 2010 79 26 travel
936 2010 44 25 the
992 2010 115 26 Malvern
1118 2010 49 24 and

81 2053 38 32 J_
160 2051 68 33 right
239 2053 26 24 to
277 2053 41 24 cut
329 2058 69 25 grass
409 2051 28 24 m
449 2050 44 25 the
504 2049 93 26 Oxford
625 2045 169 32 suirounding
805 2044 118 29 districts,
937 2044 100 32 serving
1046 2051 15 18 a
1069 2044 96 25 limited

59 2084 130 33 Cemetery
200 2085 39 24 for
250 2085 37 24 six
299 2084 108 25 months.
432 2083 164 24 TENDERS
625 2079 105 25 number
741 2079 27 24 of
779 2085 90 17 mares,

58 2120 26 24 to
96 2118 30 25 be
138 2120 55 23 sent
202 2121 26 22 to
239 2118 43 24 the
292 2118 135 24 Chairman
436 2125 32 17 on
477 2124 27 18 or
514 2116 82 25 before
659 2113 88 25 Terms
761 2120 5 16 :
781 2111 94 25 Season
945 2129 28 6 ...
1046 2111 38 24 £2

58 2151 195 26 NOVEMBER
270 2152 47 24 Ist.
771 2144 144 26 Guarantee
941 2162 28 6 ...
1051 2144 35 24 £3

75 2227 4 4 •
328 2226 71 3 —
789 2222 41 24 W.
849 2220 155 28 DORMAN,

130 2272 53 32 TO
207 2269 206 34 TOURISTS
434 2271 89 31 AND
938 2286 159 33 Springfield.

233 2339 180 32 OTHERS.
924 2342 68 3 —

98 2431 23 23 A
142 2431 74 29 newly
234 2430 145 23 constructed
390 2436 150 23 conveyance,
559 2436 35 16 es-
749 2422 155 43 ffimHii^rafrt
917 2447 62 18 nmW

52 2465 107 31 peciallg
169 2464 104 31 adapted
285 2467 22 20 to
315 2471 84 22 convey
408 2463 81 30 picnic
502 2463 94 32 parties

58 2501 22 20 to
105 2498 37 24 the
170 2498 67 24 West
263 2497 77 28 Coast,
366 2496 58 24 with
447 2504 32 15 an
503 2497 92 30 expert-
736 2518 4 14 |
749 2513 39 5 —
792 2504 36 31 j~
841 2488 30 30 ft
929 2488 179 43 Tirinirj^^,

190 2576 53 24 For
261 2579 70 20 terms
659 2579 43 26 TO
720 2579 140 26 TRA.VEL
886 2579 83 25 THIS
998 2578 135 26 SEASON

274 2642 22 24 A
295 2642 62 31 PPty
374 2646 22 20 t0
703 2652 73 24 THE
795 2650 293 26 THORGUGHBRED

161 2709 38 26 W.
216 2709 25 25 /.
260 2707 167 30 JENKINS,
449 2716 35 21 or,
811 2694 169 26 STALLION

256 2754 24 23 ,
299 2752 230 28 ABMSTBONG,
651 2771 232 44 pLETJR
914 2772 92 43 jjjj
1039 2771 97 45 jjg

399 2819 171 29 Waddington.

627 2862 120 24 FLEUB
759 2862 49 24 DE
819 2861 60 26 LIS
886 2862 22 24 is
917 2861 32 31 by
960 2860 126 26 Traducer
1095 2860 72 32 (imp)

77 2886 169 26 Christchurch
258 2887 85 30 Agent,
364 2886 30 24 G.
416 2886 38 24 W.
472 2886 109 30 Drat/ton
699 2903 12 14 f
734 2904 21 3 _
902 2904 13 6 ..
1096 2884 8 9 %
1124 2904 7 3 .
1157 2884 9 10 '

279 2903 15 16 v
524 2903 14 13 a
628 2906 44 22 out
684 2903 27 26 cf
734 2904 140 32 Fleurange
898 2904 73 33 (imp)
984 2904 32 33 by
1029 2904 105 32 [Consul
1135 2918 33 5 —

339 2947 6 10 '
380 2972 8 7 ,
433 2972 16 7 n
628 2947 74 25 Mdle.
715 2947 30 25 de
757 2947 152 32 Fontenroy,
924 2947 31 32 by
966 2947 64 26 Heir
1042 2947 28 26 of
1079 2947 90 32 Lynne

331 2973 85 25 Cashel
428 2973 86 24 Street.

639 3012 118 24 FLEUR
783 3012 47 24 DE
842 3012 60 25 LIS
920 3013 91 24 WILL
1023 3013 138 24 TRAVEL

886 3053 72 24 THE

126 3094 43 24 TO
183 3093 140 23 TBAVEL
334 3090 197 29 BANGIORA,
629 3083 148 31 OXFORD,
786 3083 97 31 OUST,
892 3085 70 25 AND
971 3084 195 27 SURROUND-

60 3137 150 28 OXFORD,
245 3137 75 24 AND
340 3134 261 27 SURROUNDING
766 3128 63 26 ING
848 3128 191 27 DISTRICTS.

226 3179 197 26 DISTRICTS.
661 3184 122 24 FLEUB
801 3184 51 24 DE
869 3184 59 25 LIS
949 3191 47 17 ran
1016 3184 60 33 only
1098 3191 29 17 as
1154 3191 15 17 a

70 3223 73 25 THE
157 3223 292 25 THOROUGHBRED
468 3222 122 25 HORSE
630 3217 150 31 Three-year
792 3217 48 29 old,
859 3217 108 31 starting
984 3218 39 24 six
1034 3218 74 24 times
1121 3218 48 24 and

629 3250 112 31 winning
760 3249 56 25 lour
835 3257 68 17 races
924 3250 58 30 viz.,
1001 3250 43 25 the
1067 3250 103 25 Maiden

129 3292 42 26 T?
186 3290 267 28 ATPr<ITTT
470 3290 48 28 Tl
630 3282 130 32 Handicap
771 3284 28 24 at
818 3283 44 25 the
882 3282 88 27 C.J.C.
994 3283 177 32 Metropolitan

129 3312 30 23 _T
174 3309 357 26 i\.±JXVyXIXU.LF.
631 3316 117 32 Meeting,
777 3316 45 25 the
863 3316 91 32 Flying
982 3316 134 32 Handicap
1144 3318 26 24 at

630 3349 152 29 Heathcote,
800 3349 51 25 and
862 3349 44 25 the
917 3349 83 26 North
1017 3349 154 32 Canterbury

65 3382 37 58 A
116 3381 68 24 BAY
205 3381 125 27 HORSE,
631 3382 54 33 Cup
705 3382 50 25 and
775 3382 140 26 Publican's
940 3383 79 25 Purse
1039 3382 133 33 Handicap

121 3416 116 29 standing
249 3417 31 23 16
294 3415 82 24 hands
389 3415 51 23 lin.
453 3414 62 25 with
531 3421 71 18 more
630 3419 26 22 at
669 3417 135 30 Rangiora.
1098 3426 2 12 ;

60 3447 61 25 bone
133 3447 49 24 and
195 3448 132 24 substance
336 3447 61 24 than
407 3455 48 23 any
465 3446 137 32 thorough-
630 3454 118 25 FLEUR
766 3454 47 24 DE
832 3454 57 25 LIS
907 3454 58 25 took
987 3454 55 26 first
1065 3454 68 32 prize
1145 3455 27 25 at

60 3480 60 25 bred
148 3481 73 25 horse
250 3480 117 31 standing
394 3481 28 23 m
446 3480 43 25 the
520 3480 81 26 South
630 3487 44 25 the
688 3488 64 23 1894
773 3487 126 31 Rangiora
912 3487 76 26 Show
1008 3488 37 24 for
1056 3489 42 24 the
1117 3488 55 24 best

60 3513 93 28 Island,
173 3513 49 24 and
234 3522 15 15 a
261 3513 112 31 pedigree
385 3513 27 24 of
430 3513 171 31 undoubtedly
631 3520 196 31 Thoroughbred
842 3520 108 25 Stallion
962 3528 32 17 on
1004 3520 44 25 the
1065 3520 106 32 ground,

61 3546 42 25 the
118 3546 54 25 best-
184 3546 27 26 of
220 3546 111 33 running
343 3546 82 25 blood.
630 3562 40 17 an(
670 3555 9 24 j
703 3562 15 17 a
719 3555 7 23 i
729 3562 27 17 so
776 3553 12 25 f
787 3562 27 16 or
836 3553 44 26 the
903 3553 54 26 best
978 3553 195 33 Thoroughbred

61 3591 198 24 FAIRCHILD
271 3590 55 24 first
352 3589 66 32 prize
438 3590 83 25 North
539 3590 62 25 Can-
631 3588 133 31 travelling
782 3587 43 25 the
842 3587 112 25 District.
984 3588 41 24 He
1036 3588 22 24 is
1070 3588 44 24 the
1126 3587 47 25 sire

62 3622 99 32 terbury
176 3623 77 24 Show
266 3624 72 23 1885.
631 3621 27 24 of
684 3628 77 24 many
789 3622 102 23 trotters
909 3620 52 25 and
989 3621 184 31 cross-country

289 3664 88 24 Terms.
631 3654 93 25 horses.

96 3695 38 25 £2
147 3704 42 23 per
211 3704 76 21 mare,
307 3696 102 32 payable
430 3705 33 17 on
475 3705 28 17 or
522 3696 81 26 before
665 3708 117 24 TERMS
809 3716 41 16 :—
852 3708 95 26 Season
975 3708 34 24 £1
1068 3706 105 31 payable

61 3729 113 31 January
188 3731 46 26 Ist,
250 3730 64 24 1898
631 3741 138 25 December
788 3742 56 23 31st
863 3741 74 24 1897.

97 3762 139 30 Groomage
260 3762 48 24 Fee
330 3763 36 28 ss,
385 3762 106 30 payable
510 3763 25 25 at
546 3763 56 25 first
670 3784 15 4 _
773 3784 4 8 ,
932 3783 7 9 
1006 3783 7 5 .

63 3794 97 25 service.
666 3784 144 25 Guarantee
822 3785 35 24 £2
867 3783 105 33 payable
983 3783 77 26 when
1072 3790 68 18 mare

797 3824 89 25 proves
903 3817 27 25 m
947 3817 58 25 foal.

141 3862 51 23 For
196 3861 100 31 further
305 3863 146 30 particulars
462 3864 74 32 apply
548 3868 21 19 to
632 3850 141 33 Groomage
792 3851 38 25 fee
851 3853 36 27 ss,
899 3850 39 26 for
958 3851 135 31 guarantee
1105 3849 68 32 only.

264 3921 88 25 John
373 3923 196 28 McCarthy,
833 3911 25 23 h
861 3929 6 6 -
886 3909 210 27 zweibruck

449 3983 7 5 .
955 3963 65 26 East
1037 3963 101 25 Oxford.

443 3985 94 22 Annat.

200 4116 270 47 NOTICE.
721 4084 136 45 FOB
903 4083 195 48 SALE.:

69 4205 195 58 PERSONS
275 4206 79 25 found
371 4207 154 31 trespassing
545 4207 61 25 with
635 4229 26 2 _
681 4228 4 3 .
700 4227 62 4 __._
829 4228 10 8 ,
874 4228 7 3 .
994 4228 15 10 
1022 4229 5 5 .
1154 4228 7 10 ,

145 4238 49 30 dog
205 4245 27 17 or
244 4245 50 24 gun
312 4247 33 17 on
362 4242 42 22 the
425 4240 179 25 WORLING-
635 4229 33 30 1)
672 4227 90 25 AGON
790 4228 55 23 and
874 4228 81 29 hams,
990 4228 52 24 this
1062 4228 111 26 season's

67 4270 78 25 HAM
157 4270 132 26 ESTATE
300 4272 101 25 without
411 4272 57 25 first
476 4271 131 33 obtaining
625 4266 45 21 '•"
694 4268 58 18 cure
755 4278 6 12 »
796 4260 52 25 lard
851 4278 6 11 '
881 4260 54 25 axle
953 4268 86 24 grease
1050 4268 16 18 a
1082 4259 89 33 special

66 4304 149 30 permission
227 4306 26 23 to
265 4305 31 25 do
312 4313 35 22 so,
369 4305 52 25 will
441 4304 30 26 be
490 4313 115 24 prosecu-
634 4302 29 22 Q9
663 4301 26 17 m
690 4301 32 25 po
723 4301 43 17 unc
766 4295 16 23 k
1095 4316 3 13 ,

68 4336 51 24 ted.
527 4339 3 7 '
779 4351 5 4 •
805 4341 7 3 ~
848 4343 233 23 ■..'■■'.:•
1112 4348 38 11 '•■'•

201 4404 30 24 p.
250 4404 35 24 h.
304 4403 162 30 johnson.
512 4375 17 49 /•
693 4367 42 47 J.
802 4366 310 48 PAELAJSTE

301 4469 184 32 Worlingham.
842 4468 80 31 Eaist
944 4467 129 32 Oxford.
