3540 4570
76 204 60 24 aiter
147 202 41 24 the
198 197 69 27 land.

108 246 40 24 Mr
160 244 85 24 Moore
258 240 53 26 said
334 239 32 24 he
385 244 50 19 was
455 233 105 33 entirely
584 233 27 24 m

76 293 39 22 the
127 288 60 25 dark
211 284 65 26 until
296 283 43 24 the
362 278 162 34 explanation
546 277 66 24 from

76 334 40 25 Mr
150 329 131 27 Meredith.
340 326 22 24 A
390 322 111 27 Domain
529 320 92 25 Board.

76 377 78 25 would
173 375 64 24 have
258 380 15 17 a
299 369 96 26 limited
417 375 91 24 power,
525 366 46 23 but
599 374 13 14 a

77 428 76 25 River
165 425 82 26 Board
268 421 83 27 would
372 420 32 24 be
423 418 122 25 different.
593 416 21 24 A

77 472 108 26 Domain
203 467 83 27 Board
306 465 74 26 could
402 463 58 32 only
485 461 78 33 spend
580 460 34 24 its

77 524 90 23 money
180 515 26 23 m
217 512 109 29 clearing
338 516 71 25 gorse
421 507 50 24 and
493 504 121 31 beautify-

77 561 43 30 ing
133 559 43 24 tho
188 557 66 28 land,
273 554 49 25 and
333 555 45 23 not
389 553 27 23 m
428 551 65 24 river
513 555 99 19 conser-

78 604 85 23 vation
176 601 73 24 work.
285 598 41 24 He
338 604 51 17 was
400 594 80 25 afraid
491 593 33 24 its
533 599 82 24 power

78 645 82 26 would
171 646 30 23 be
213 651 28 17 so
252 639 129 28 restricted
398 646 27 17 as
440 639 25 24 to
477 636 31 25 be
520 635 26 25 of
556 642 58 25 very

79 691 65 24 little
157 696 52 17 use.
244 686 32 24 In
287 683 147 27 connection
445 681 60 25 with
515 688 14 16 a
541 679 74 24 River

78 733 92 29 Board,
190 731 69 25 there
277 728 81 26 would
378 728 29 23 be
426 726 44 24 the
493 723 121 31 difficulty

78 777 26 24 of
114 776 108 29 forming
234 773 104 25 another
347 771 83 30 rating
438 768 73 31 body,
523 764 91 30 which,

78 827 32 15 no
124 820 85 26 doubt,
228 816 43 23 the
283 816 142 28 ratepayers
437 810 81 26 would
535 808 81 32 object

79 867 34 19 to.

114 905 51 24 The
195 902 135 26 Chairman
353 896 142 28 considered
517 896 56 23 that
602 902 14 15 a

80 949 72 24 River
164 946 83 25 Board
258 952 51 18 was
320 945 45 24 not
376 943 27 25 to
414 942 29 25 be
463 939 108 31 thought
584 938 32 24 of.

80 993 42 23 He
133 1000 50 16 was
195 991 27 25 of
231 990 100 32 opinion
343 987 56 26 that
409 985 22 25 if
453 984 42 25 the
507 981 109 27 Domain

81 1036 84 25 Board
177 1036 72 30 spent
261 1034 32 24 its
305 1031 75 25 funds
391 1030 28 25 m
431 1030 61 23 river
504 1033 111 18 conserv-

82 1079 76 29 ation,
195 1077 42 25 the
266 1078 106 23 streams
401 1073 74 30 being
503 1069 115 27 confined

80 1122 82 24 would
175 1123 65 22 clear
250 1121 42 22 out
304 1119 44 23 the
360 1124 80 24 gorse.

114 1166 41 23 Mr
167 1166 25 23 J.
205 1163 101 25 Dobson
318 1159 108 32 thought
449 1159 21 23 it
489 1156 90 26 absurd
592 1157 24 23 to

80 1209 72 24 make
164 1209 40 24 the
229 1204 124 27 river-bed
364 1212 15 16 a
388 1230 3 2 .
402 1202 118 26 Domain.
563 1199 54 24 The

80 1258 117 25 expenses
210 1248 131 26 connected
352 1246 62 26 with,
425 1246 20 24 it
466 1244 80 25 would
558 1243 57 23 ulti-

80 1295 94 31 mately
199 1293 31 24 be
259 1291 89 25 shifted
376 1296 33 18 on
433 1291 26 21 to
483 1288 42 23 the
552 1284 64 26 local

78 1338 93 26 bodies.

112 1383 41 25 Mr
165 1383 31 24 E.
209 1382 31 24 R.
254 1380 71 26 Good
343 1378 143 27 considered
506 1377 56 26 that
574 1377 43 24 the

79 1427 136 26 formation
239 1425 26 25 of
284 1425 42 24 the
350 1423 81 26 Board
454 1422 82 25 would
559 1421 30 24 be
602 1429 15 15 a

80 1474 54 28 step
146 1471 24 23 m
183 1470 43 24 the
235 1469 67 31 right
310 1467 127 25 direction.
451 1466 53 24 The
513 1464 104 26 Board's

79 1522 95 23 powers
186 1512 81 25 would
280 1512 28 23 be
331 1510 99 25 limited
452 1511 26 23 to
501 1509 65 24 their
577 1509 38 22 in-

80 1565 78 20 come,
177 1556 49 25 and
238 1556 70 24 there
321 1553 81 25 would
414 1552 30 25 be
455 1559 34 18 no
499 1558 117 24 expenses

81 1604 25 20 to
120 1602 66 22 meet
197 1599 27 23 m
236 1596 190 31 administering
442 1595 43 24 the
498 1594 83 25 affairs
593 1592 26 25 of

82 1644 42 25 the
137 1642 91 25 Board.

115 1687 39 24 Mr
167 1686 100 24 Million
277 1683 116 31 expected
402 1682 111 32 that^the
525 1681 91 28 Board,

81 1738 32 16 on
125 1730 34 24 its
172 1727 139 27 formation,
331 1724 80 26 would
434 1723 91 25 receive
536 1723 82 24 notice

81 1776 26 22 to
121 1775 61 23 have
196 1773 41 23 the
248 1771 77 24 rabits
338 1767 139 32 destroyed.

115 1818 40 24 M?
168 1815 123 26 Meredith
317 1813 102 33 pointed
430 1813 45 25 out
498 1811 55 25 that
575 1810 43 25 the

82 1861 94 25 rabbits
188 1859 80 26 would
281 1858 30 25 be
324 1858 58 31 kept
393 1857 70 24 down
482 1855 33 32 by
527 1855 90 31 sports-

83 1914 54 16 men
151 1904 113 30 shooting
277 1910 56 18 over
345 1901 43 25 the
401 1899 116 26 Domain.

117 1949 40 24 Mr
169 1947 100 26 Dobson
282 1954 50 16 was
344 1944 79 26 afraid
430 1944 55 24 that
496 1943 22 24 is
528 1944 89 29 sports-

84 2001 55 17 men
153 2000 60 17 were
237 1990 103 25 allowed
361 1991 25 23 to
407 1988 72 25 shoot
495 1994 57 18 over
575 1985 43 25 the

82 2045 109 15 reserves
211 2037 66 21 there
289 2033 78 24 wodld
381 2032 30 25 be
423 2031 71 25 small
506 2033 112 27 prospect

83 2080 26 25 of
118 2080 90 30 letting
221 2079 42 24 the
274 2078 69 24 land.
370 2076 70 24 After
447 2082 69 17 some
524 2072 95 26 further

82 2123 137 25 discussion
232 2121 41 24 Mr
284 2121 101 24 Bassett
406 2117 112 34 (Oxford)
532 2116 86 25 moved

84 2168 120 23 'That
233 2166 43 23 the
304 2164 111 31 meeting
435 2162 31 25 be
484 2161 135 31 adjourned

84 2211 64 25 until
166 2210 51 25 this
235 2210 47 31 day
299 2209 54 23 four
371 2207 88 27 weeks,
477 2206 43 25 the
538 2212 81 24 repre-

84 2255 133 25 santitives
242 2254 26 23 m
287 2253 43 24 the
353 2251 133 25 meantime
506 2251 26 23 to
548 2249 71 31 place

85 2299 42 24 the
146 2299 91 23 matter
255 2297 80 24 before
353 2295 64 24 their

118 2344 53 24 The
199 2342 95 24 motion
312 2347 48 18 was
379 2337 120 27 seconded
531 2337 31 31 by
580 2336 40 25 Mr

84 2387 107 26 MilJton,
211 2386 48 24 and
277 2393 47 16 was
341 2383 103 25 carried.

118 2431 20 23 A
151 2433 53 20 vote
222 2429 27 23 of
263 2427 90 25 thanks
373 2434 50 16 was
443 2426 59 22 then
523 2423 95 29 moved,

85 2474 48 24 and
146 2473 42 24 the
202 2471 104 31 meeting
318 2467 156 28 terminated.

118 2539 54 25 The
186 2537 81 26 Board
279 2535 100 26 decided
389 2540 25 20 to
426 2533 56 27 take
495 2540 32 18 no
539 2532 81 25 action

85 2585 25 23 m
123 2584 42 23 the
176 2584 99 23 matter.

119 2627 39 25 Mr
172 2626 126 24 ivlehrtens
310 2623 86 25 waited
419 2630 32 17 on
475 2622 44 24 the
539 2619 82 26 Board

86 2671 48 24 and
154 2668 130 33 requested
301 2669 54 23 that
374 2666 43 25 the
428 2665 61 25 road
505 2664 62 24 from
581 2663 40 24 Me

86 2714 104 25 Jarrahs
203 2712 58 24 roal
273 2711 111 24 between
395 2709 40 25 his
447 2709 115 31 property
572 2706 49 24 and

84 2758 41 24 Mr
136 2756 107 24 Fosters
261 2754 30 25 be
302 2752 104 33 opened.

118 2800 39 24 Mr
174 2800 88 24 Foster
274 2800 26 23 to
311 2797 31 25 be
353 2797 98 25 written
475 2798 26 22 to
520 2802 34 21 pn
579 2794 42 24 the

86 2844 100 31 subject.

118 2885 215 33 Correspondence
350 2892 51 17 was
425 2883 59 24 read
510 2883 50 23 and
585 2882 34 24 2

84 2930 111 26 received
211 2938 26 16 re
254 2928 167 25 transference
438 2926 28 25 of
480 2926 106 25 License
595 2925 26 24 of

85 2974 139 26 Harewood
241 2972 76 25 Hotel
336 2977 25 19 to
378 2972 41 24 Mr
436 2970 92 25 Hoare.

118 3019 21 23 A
167 3018 73 24 letter
265 3024 48 16 was
338 3015 110 25 received
473 3014 65 25 from
579 3013 41 25 Mr

84 3061 123 26 Meredith
228 3060 124 31 objecting
369 3062 26 21 to
422 3058 40 25 Mr
485 3057 133 25 Mitchison

84 3107 109 29 ei-ecting
204 3112 15 16 a
231 3106 56 29 gate
305 3111 31 16 on
357 3102 130 25 Perham's
505 3101 80 25 Road.

116 3149 76 24 From
204 3149 43 23 the
259 3146 117 32 Hospital
398 3144 83 26 Board
498 3144 121 31 claiming

84 3192 101 25 Board's
213 3191 168 25 contribution
409 3191 24 23 to
463 3188 54 26 Oct.
554 3189 62 25 94.

85 3235 99 30 Cheque
197 3237 24 22 to
242 3235 30 24 be
296 3233 135 26 forwarded
448 3233 38 24 for
506 3232 52 25 half
577 3232 42 25 the

85 3280 108 23 amount.

121 3322 18 24 A.
156 3321 73 25 letter
245 3328 52 16 was
314 3318 60 26 read
390 3318 64 26 from
471 3318 32 25 R.
522 3318 94 28 Moore,

84 3365 61 31 Esq.
164 3365 104 24 M.H.R.
287 3363 124 31 enclosing
425 3363 44 25 the
491 3363 127 25 Hawker's

85 3409 46 24 Act
142 3407 37 25 for
191 3407 42 25 the
245 3407 103 25 Board's
360 3407 108 31 opinion.
487 3405 130 26 Received.

118 3452 24 22 A
155 3450 102 32 petition
275 3457 50 17 was
344 3449 110 24 received
473 3449 64 24 from
553 3448 65 25 Mes-

85 3502 35 16 srs
139 3494 116 27 Pearson,
273 3492 56 32 Day
348 3492 49 24 and
421 3492 90 24 Brown
532 3491 87 32 asking

85 3537 37 23 for
147 3545 14 15 a
189 3536 95 24 branch
303 3543 55 17 race
392 3536 65 24 from
485 3536 43 24 the
553 3535 66 30 TSyre

85 3582 91 28 system
188 3581 26 22 to
230 3581 74 22 water
320 3578 65 25 their
400 3579 124 30 property.
543 3577 75 26 Clerk

85 3623 27 24 to
129 3624 90 29 report.

118 3664 53 25 The
190 3664 65 26 View
276 3664 53 25 Hill
348 3664 50 25 and
418 3664 92 26 Oxford
530 3664 88 26 Pound

87 3710 93 29 reports
192 3716 63 16 were
266 3708 119 24 received.

120 3751 52 25 The
199 3751 127 32 following
361 3751 98 25 tenders
487 3758 63 18 were
578 3758 39 18 ac-

86 3795 93 31 cepted.

118 3838 81 25 Fence
211 3839 25 23 at
248 3837 91 31 Ashley
352 3836 90 31 Gorge.
456 3837 30 30 A.
501 3837 116 26 Burrows

88 3882 36 24 5
143 3882 52 24 10s.

118 3924 66 24 Ford
195 3926 26 23 at
242 3923 136 33 McKays's.
393 3923 78 26 Road.
507 3923 109 27 Tenders

86 3968 126 25 excessive.

118 4009 101 31 Repairs
231 4009 130 26 Perham's
383 4009 78 30 Road,
496 4009 29 26 A.
539 4009 76 25 Bunn

85 4052 58 24 10.

117 4095 38 25 No
172 4097 56 24 708.
263 4096 24 25 J.
306 4096 103 32 Gundry
428 4096 37 24 3
484 4097 53 25 17s.
556 4096 41 24 Od.

117 4134 122 25 Accounts
257 4139 23 20 to
303 4134 43 26 the
369 4136 102 24 amount
494 4134 28 25 of
543 4134 71 26 236

84 4176 43 24 19a
145 4177 48 24 lOd
209 4185 63 17 were
287 4178 90 31 passed
388 4177 38 25 for
437 4179 118 30 payment
564 4177 49 25 and

83 4221 42 23 the
141 4222 106 30 meeting
264 4221 152 26 terminated.

113 4310 106 27 Herbert
248 4313 116 31 Spencer,
390 4311 64 26 after
482 4309 131 33 thirty-six

81 4360 67 25 years
159 4355 27 25 of
193 4355 87 26 labour
281 4370 6 16 *
305 4356 47 25 has
371 4355 115 25 finished,
494 4354 39 25 his
545 4353 66 26 work

81 4405 31 15 on
125 4398 41 23 the
179 4398 166 31 '.'Philosophy
354 4398 27 24 of
529 4396 81 25 which

78 4439 20 24 is
108 4441 156 30 pronounced
275 4441 42 24 the
328 4442 107 31 greatest
453 4438 156 27 intellectual

78 4481 66 26 effort
155 4483 42 26 the
207 4483 75 26 world
293 4483 44 26 has
348 4485 42 31 yet
405 4490 67 19 seen.
619 4487 1 16 <

709 180 410 27 WAIMAKARIRI-ASHLEY

693 223 126 25 WATER
837 224 147 25 SUPPLY
998 227 121 23 BOARD.

675 306 54 24 The
758 306 126 32 following
913 307 118 32 telegram
1053 308 45 26 has
1120 308 61 25 been

640 350 112 25 reeelved
764 350 30 31 by
807 351 40 24 Mr
860 350 161 27 O'Halloran.

676 394 36 24 To
724 393 25 25 J.
764 394 163 29 O'Hailoran,

811 437 113 30 Glentui,

842 481 131 31 Bennetts,

676 526 73 24 Have
762 526 122 31 arranged
896 527 38 25 for
945 527 41 24 Mr
999 527 104 30 Barron,
1117 528 64 25 Gov-

643 570 114 24 ernment
788 569 132 32 Surveyor,
950 572 26 23 to
997 571 73 24 reach
1091 571 90 24 Oxford

643 612 93 32 Friday
754 620 27 17 or
803 613 123 32 Saturday
948 615 69 27 next,
1054 616 25 23 to
1108 615 74 24 assist

642 656 86 32 laying
740 655 37 25 off
786 663 78 18 races.

779 733 30 26 R.
828 733 198 25 MEREDITH.

695 860 140 26 ASHLEY
857 859 118 27 GORGE
997 858 135 27 DOMAIN

849 904 127 24 BOARD.

677 979 22 25 A
725 979 112 32 meeting
859 978 27 25 of
912 979 43 25 the
978 978 94 32 Ashley
1101 978 82 31 Gorge

644 1024 105 24 Domain
762 1022 82 24 Board
856 1030 50 17 was
919 1022 56 25 held
996 1030 33 17 on
1075 1023 26 23 tli
1122 1022 61 24 inst;

645 1068 40 23 Mr
709 1067 88 28 Harle,
815 1089 3 2 .
827 1066 144 29 Chairman,
1019 1066 50 24 and
1091 1066 91 24 Messrs

647 1109 92 27 Stubbs
752 1109 50 25 and
814 1109 72 25 Cross
897 1116 62 17 were
976 1110 106 30 present.

679 1153 109 25 Minutes
809 1152 24 24 of
852 1151 49 25 last
913 1152 112 31 meeting
1042 1160 60 16 were
1124 1152 58 24 read

645 1197 50 25 and
706 1196 143 26 confirmed.
960 1221 2 2 .

679 1242 20 22 A
719 1241 74 23 letter
806 1248 48 15 was
866 1241 56 21 read
942 1239 64 24 from
1027 1239 85 23 Lauds
1133 1239 50 23 De-

644 1284 127 32 partment
780 1283 24 23 m
812 1283 68 31 reply
889 1283 26 24 to
924 1291 47 15 one
983 1282 65 24 from
1057 1283 43 22 the
1110 1282 74 23 Clerk

645 1328 27 24 of
682 1327 42 25 the
736 1327 84 24 Board
832 1326 88 31 asking
939 1326 37 24 for
999 1333 32 16 an
1055 1324 127 25 extension

645 1371 27 25 of
692 1371 44 24 the
764 1377 97 17 reserve
884 1369 134 30 boundary,
1048 1368 136 31 informing

645 1415 43 26 the
708 1413 84 26 Board
812 1413 56 24 that
889 1413 43 24 the
944 1420 130 23 necessary
1095 1419 88 23 survey

644 1458 83 26 would
750 1457 29 24 be
803 1457 81 28 made,
912 1459 26 22 to
959 1458 64 23 meet
1044 1456 43 25 the
1110 1457 73 24 views

645 1502 126 31 expressed
798 1500 116 32 provided
934 1502 54 22 that
1010 1500 43 24 the
1073 1500 110 24 Domain

645 1545 82 25 Board
739 1544 60 24 bear
818 1544 45 24 the
883 1550 117 24 expenses
1020 1544 26 22 of
1062 1544 43 24 the
1124 1543 58 25 Sur-

645 1596 54 24 vey.

679 1633 26 24 It
717 1639 49 18 was
779 1631 110 26 resolved
901 1632 26 24 to
939 1631 68 24 write
1020 1632 25 23 to
1064 1631 42 24 the
1119 1630 64 25 Min-

645 1677 61 24 ister
731 1677 27 23 of
783 1675 85 24 Lands
886 1683 33 15 on
948 1675 43 23 the
1014 1674 97 31 subject
1134 1674 51 24 and

646 1720 64 24 state
722 1720 57 24 that
792 1719 41 24 the
852 1718 82 25 Board
947 1718 46 22 had
1012 1725 33 16 no
1064 1717 75 23 funds
1160 1717 23 22 m

646 1762 74 24 hand.
757 1761 25 24 It
794 1768 50 17 was
853 1761 113 24 resolved
978 1762 26 23 to
1021 1760 75 31 apply
1105 1762 26 23 to
1141 1759 44 25 the

646 1805 70 26 Read
724 1804 81 27 Board
816 1804 38 25 for
864 1813 15 16 a
893 1804 73 25 small
975 1804 96 32 cutting
1079 1804 54 25 into
1142 1803 43 26 the

646 1858 103 18 reserve.

813 1995 196 24 POLITICAL.

680 2062 41 25 Mr
736 2062 91 25 Fraser
837 2061 114 25 resumed
964 2061 42 25 the
1019 2061 95 28 debate,
1136 2061 49 22 and

648 2103 54 25 said
714 2102 55 25 that
776 2102 32 25 he
820 2102 93 25 wished
924 2103 26 22 to
962 2101 62 24 refer
1037 2102 25 23 to
1074 2099 43 26 the
1133 2100 53 24 sale

647 2144 27 26 of
683 2143 87 32 Bushy
783 2142 66 25 Park
869 2142 33 32 by
924 2142 42 25 the
987 2142 87 25 Assets
1093 2141 91 25 Board.

647 2183 25 24 It
684 2189 49 18 was
747 2181 52 26 said
809 2181 56 24 that
877 2181 52 24 this
942 2181 79 24 estate
1032 2187 52 17 was
1096 2179 54 25 sold
1159 2181 26 22 to

646 2220 115 25 relatives
780 2219 28 24 of
817 2219 40 24 the
878 2218 114 25 Minister
1011 2217 25 25 of
1056 2217 85 25 Lands
1160 2219 26 23 at

647 2269 15 16 a
672 2262 49 24 low
731 2260 66 31 price
809 2269 6 21 ;
844 2259 126 30 secondly,
983 2259 57 24 that
1052 2259 43 23 the
1108 2259 78 24 estate

647 2307 50 18 was
710 2299 54 24 sold
777 2298 27 24 iv
817 2298 59 24 snch
890 2305 14 17 a
917 2304 53 25 way
982 2305 28 16 as
1024 2299 24 23 to
1058 2297 44 31 put
1114 2296 73 25 other

648 2337 121 26 would-be
778 2335 147 32 purchasers
937 2337 27 23 at
975 2343 15 17 a
999 2334 186 31 disadvantage,

648 2376 57 29 and,
719 2375 100 32 thirdly,
832 2375 57 24 that
900 2375 20 23 it
933 2374 91 24 should
1036 2375 43 23 not
1089 2373 32 25 be
1133 2373 54 25 sold

648 2418 24 23 m
684 2424 47 17 one
743 2416 69 24 blocl'
833 2415 44 25 but
897 2415 43 25 cut
959 2422 34 23 up
1006 2422 27 16 so
1054 2421 28 17 as
1093 2414 27 24 to
1130 2421 55 23 pro-

648 2455 67 23 mote
727 2452 74 25 small
813 2452 165 24 settlements.
1004 2450 41 25 He
1057 2452 66 23 went
1135 2451 52 24 into

649 2492 96 31 figures,
764 2492 26 23 to
811 2490 68 25 show
891 2490 56 25 that
960 2490 43 23 the
1015 2489 72 32 profit
1099 2490 25 23 of
1138 2489 49 24 this

649 2532 78 25 estate
749 2532 40 24 for
811 2530 49 26 five
884 2538 70 24 years
974 2537 51 18 was
1055 2530 69 25 405
1145 2537 42 23 per

649 2577 102 22 annum,
769 2570 91 28 which,
874 2571 26 23 at
909 2569 49 25 five
969 2577 44 23 per
1025 2570 66 30 cent,
1105 2569 82 25 would

648 2611 45 24 not
705 2610 72 30 bring
788 2610 25 23 m
825 2610 36 23 4
873 2617 44 23 per
928 2617 64 20 acre,
1006 2609 50 24 and
1076 2610 41 29 yet
1142 2608 45 24 the

649 2652 78 23 assets
739 2649 84 25 Board
834 2649 52 24 had
897 2649 114 31 disposed
1020 2649 26 24 of
1055 2649 21 24 ifc
1084 2650 27 22 at
1119 2650 15 23 8
1146 2656 41 23 per

649 2696 64 21 acre,
766 2687 49 29 He,
844 2687 73 26 while
930 2687 139 25 Chairman
1093 2687 26 24 of
1142 2687 42 24 the

649 2728 91 28 Board,
758 2728 52 24 had
822 2736 62 23 gone
896 2735 56 18 over
969 2727 44 24 the
1033 2729 115 29 property
1159 2728 28 23 m

649 2767 74 29 1896,
742 2765 50 26 and
812 2766 33 24 lie
865 2774 49 16 was
926 2765 75 25 much
1020 2765 116 25 horrified
1162 2767 25 24 to

648 2813 41 18 sec
700 2806 43 24 the
756 2807 64 24 state
830 2806 45 24 the
884 2807 116 29 property
1007 2812 50 19 was
1068 2806 35 24 m.
1123 2805 64 25 Over

648 2854 15 17 a
674 2848 68 29 groat
753 2847 145 30 proportion
918 2846 27 24 of
954 2847 19 23 it
992 2847 42 23 the
1056 2853 68 23 grass
1137 2846 50 24 had

647 2891 49 19 run
708 2886 52 27 out,
773 2884 50 24 and
834 2884 21 25 it
863 2891 51 18 was
922 2883 104 26 covered
1037 2883 61 25 with
1107 2884 79 25 couch

647 2932 79 25 grass.
763 2924 40 26 He
825 2924 51 25 had
901 2923 126 26 remarked
1038 2925 25 23 to
1085 2923 41 26 his
1138 2924 47 26 col-

648 2965 88 30 league
747 2963 57 25 that
816 2963 69 25 stock
897 2963 74 25 could
990 2964 46 24 not
1047 2963 48 26 live
1112 2972 33 16 on
1157 2964 28 30 it,

648 3004 50 25 and
709 3004 30 24 he
751 3004 132 24 estimated
895 3003 43 25 the
949 3003 72 25 value
1032 3004 28 24 of
1074 3004 42 24 the
1128 3004 59 24 land

647 3045 27 22 at
686 3042 37 25 7
737 3044 26 23 to
776 3042 38 25 7
827 3042 45 25 10s
884 3049 44 24 per
940 3049 64 18 acre.
1039 3043 56 24 The
1105 3044 80 24 result

646 3082 28 26 of
683 3083 40 24 his
731 3082 167 25 examination
910 3090 51 17 was
973 3082 55 24 that
1037 3082 30 25 he
1079 3083 106 30 thought

646 3124 21 24 it
690 3130 48 16 was
763 3130 60 20 very
850 3122 154 32 improbable
1032 3122 44 26 the
1105 3123 80 25 Board

647 3162 79 25 would
738 3170 60 18 even
810 3164 43 30 get
864 3162 43 26 the
916 3170 97 18 reserve
1022 3163 64 31 price
1095 3162 37 25 for
1144 3164 41 24 the

645 3202 68 26 land.
748 3202 113 26 Another
870 3203 134 32 allegation
1013 3211 50 17 was
1074 3203 56 25 that
1141 3204 44 25 the

647 3242 83 24 Board
742 3243 54 24 sold
808 3243 42 23 the
867 3245 117 28 property
1003 3244 38 23 for
1060 3245 49 23 loss
1122 3244 62 25 than

645 3281 33 25 its
690 3279 79 31 value,
782 3279 44 26 but
837 3289 16 15 a
863 3289 87 22 graver
961 3280 90 32 charge
1064 3290 50 16 was
1127 3282 57 24 that

646 3320 42 25 the
698 3319 84 25 Board
799 3327 60 24 gave
871 3319 43 25 the
925 3328 57 16 sons
1006 3320 24 24 of
1042 3321 42 24 the
1097 3320 87 26 Minis-

646 3361 38 24 ter
705 3358 26 25 of
751 3358 87 26 Lands
865 3358 152 33 advantages
1039 3359 56 26 that
1114 3360 71 25 other

645 3398 88 32 people
753 3397 41 24 did
817 3399 45 23 not
884 3399 53 31 get.
971 3397 42 26 He
1029 3398 101 31 pointed
1141 3401 44 23 out

647 3437 56 24 that
714 3436 43 24 the
769 3435 82 25 Board
872 3437 43 23 did
926 3438 45 23 not
983 3437 87 24 obtain
1089 3438 96 25 control

646 3475 27 25 of
684 3475 44 25 the
739 3476 116 31 property
867 3476 65 24 until
940 3475 83 32 *!April,
1042 3477 74 29 1897,
1134 3477 51 24 and

646 3522 46 16 one
703 3513 27 25 of
741 3513 44 25 the
803 3514 52 25 first
874 3514 85 31 things
978 3513 44 26 the
1040 3513 83 26 Board
1143 3515 42 25 did

646 3559 51 16 was
709 3553 26 22 to
747 3553 78 22 insert
836 3560 31 15 an
879 3553 194 23 advertisement
1095 3553 91 30 asking

646 3590 37 22 for
695 3589 72 25 offers
779 3589 39 24 for
829 3590 43 23 the
884 3591 125 29 property.
1028 3590 25 24 It
1065 3590 51 24 had
1123 3592 61 22 been

646 3627 54 25 said
713 3627 55 25 that
780 3627 51 24 this
843 3627 194 25 advertisement
1057 3627 52 25 had
1120 3628 64 25 been

645 3665 107 26 inserted
764 3665 26 25 m
802 3665 103 26 obscure
917 3673 94 25 papers,
1025 3666 43 25 but
1079 3666 42 25 the
1133 3666 51 26 fact

646 3712 50 17 was
708 3703 56 26 that
775 3704 21 25 it
808 3712 50 17 was
869 3706 47 29 put
923 3704 55 25 into
990 3712 155 23 newspapers
1157 3706 27 23 m

646 3750 73 24 every
730 3742 69 32 large
811 3744 68 24 town
903 3743 28 24 m
943 3742 44 25 the
1007 3741 90 32 colony
1119 3743 65 26 from

646 3782 70 31 April
728 3783 50 24 2nd
790 3785 26 22 to
828 3782 69 32 April
921 3781 70 26 25th,
1027 3782 54 25 The
1101 3783 83 25 Board

644 3820 111 25 received
778 3828 51 23 any
848 3819 108 25 number
966 3819 28 25 of
1014 3820 119 32 inquiries
1145 3821 39 26 for

645 3858 43 25 the
698 3860 125 30 property,
841 3858 45 24 but
897 3859 46 23 not
955 3866 15 16 a
982 3858 78 32 single
1068 3859 116 32 sixpence

644 3906 43 24 per
698 3906 56 18 acre
766 3906 51 18 was
828 3898 93 26 offered
933 3898 38 25 for
982 3898 29 26 it.
1048 3899 29 24 W
1083 3900 46 24 lieu
1142 3899 41 25 Mr

644 3938 138 26 McKenzie
804 3946 68 18 came
901 3939 25 24 m
949 3940 30 24 he
1008 3939 52 33 (Mr
1083 3940 98 34 Fraser)

644 3978 81 28 called
736 3986 15 18 a
769 3979 111 31 meeting
890 3979 94 25 forthe
996 3981 57 24 next
1065 3980 54 31 day,
1133 3981 49 25 and

643 4020 33 23 he
808 4019 19 23 it
839 4017 68 32 right
929 4018 26 24 to
967 4018 96 24 consult
1083 4018 41 24 the
1137 4018 43 24 Di-

643 4061 92 20 rectors
747 4056 28 25 of
783 4056 44 25 the
839 4055 73 24 Bank
931 4055 28 24 of
976 4055 61 25 New
1061 4056 118 28 Zealand,

643 4097 55 26 who
709 4097 134 32 appointed
854 4096 54 25 him
919 4097 26 24 to
957 4095 44 26 the
1012 4096 92 24 Board.
1126 4096 54 25 The

643 4138 127 26 Directors
792 4138 33 25 he
847 4136 132 26 consulted
1002 4145 62 16 were
1087 4136 93 25 Messrs

642 4177 82 24 Booth
736 4176 50 25 and
799 4176 95 25 Walter
914 4174 136 30 Johnston,
1077 4175 51 24 and
1147 4174 33 25 he

642 4217 52 24 told
705 4216 70 25 them
786 4216 42 24 his
846 4215 104 32 opinion
960 4214 27 26 of
996 4214 44 26 the
1057 4216 75 24 value
1154 4214 28 26 of

641 4258 42 24 the
693 4258 124 31 property.
855 4256 41 24 He
918 4255 53 33 (Mr
994 4255 101 33 Fraser)
1119 4254 59 26 took
1186 4259 2 23 I

639 4297 47 25 full
698 4297 183 32 responsibility
900 4296 38 24 for
958 4295 43 24 the
1013 4296 54 24 sale
1090 4295 27 24 of
1136 4294 43 25 the

637 4338 117 29 property
764 4336 7 24 1
783 4337 45 23 not
840 4334 56 26 that
903 4334 34 25 he
945 4334 70 25 owed
1026 4334 41 24 the
1077 4336 101 30 present

639 4375 172 26 Government
823 4374 131 32 anything,
965 4374 46 25 but
1023 4375 32 24 oh
1066 4374 45 25 the
1118 4380 59 18 con-

637 4416 70 28 trary
719 4414 65 23 what
796 4414 31 22 be
838 4413 53 23 did-
903 4420 53 20 o,we
956 4429 4 10 :
973 4414 69 21 them
1055 4420 50 15 was
1119 4412 58 23 that

636 4453 27 23 at
676 4451 41 25 the
728 4451 49 25 last
787 4450 106 25 election
912 4449 127 25 Ministers
1050 4455 62 26 gave
1123 4449 54 24 him

636 4500 14 17 a
662 4493 70 30 great
743 4489 56 26 deal
811 4489 27 26 of
859 4488 106 30 trouble,
985 4488 51 26 and
1050 4489 54 25 cost
1121 4487 55 27 him

1209 191 15 17 a
1236 191 15 17 a
1263 183 68 31 large
1343 183 103 24 amount
1458 181 27 26 of
1501 189 96 25 money.
1644 180 62 25 Was
1727 180 21 23 it

1209 223 83 31 likely,
1311 222 133 29 therefore,
1461 222 57 25 that
1529 222 31 24 he
1572 221 84 26 would
1671 221 32 24 do
1714 227 34 17 an

1210 264 41 24 act
1262 263 56 24 that
1330 262 82 26 would
1431 261 68 25 blast
1521 261 41 24 his
1582 261 128 24 character
1720 259 28 25 m

1209 302 71 24 order
1291 303 27 23 to
1329 300 92 25 benefit
1433 301 44 23 the
1489 307 59 17 sons
1569 299 28 24 of
1606 299 43 25 the
1661 299 85 23 Minis-

1210 343 38 24 ter
1259 342 27 24 of
1294 340 85 25 Lands
1393 341 12 23 ?
1423 339 54 25 The
1498 338 107 26 General
1627 338 121 31 Manager

1210 382 114 31 reported
1335 382 55 23 that
1404 381 37 23 8
1465 387 43 24 per
1519 386 53 17 acre
1584 386 51 17 was
1656 378 93 24 offered

1210 420 37 25 for
1270 419 88 32 Bushy
1381 418 73 30 Park,
1473 417 51 25 and
1547 417 41 24 Mr
1607 416 109 28 Seddon,
1734 423 14 15 a

1211 459 108 26 member
1330 459 27 25 of
1365 460 42 24 the
1424 458 88 29 Board,
1533 457 53 25 said
1598 457 56 25 that
1674 456 21 24 if
1705 455 43 25 the

1210 498 81 25 Board
1303 497 123 32 approved
1446 496 27 26 of
1482 497 44 24 the
1546 494 109 26 General
1675 494 73 24 Man-

1210 540 81 29 ager's
1303 539 82 30 report
1395 537 31 23 he
1438 535 82 26 would
1531 536 45 23 not
1588 533 82 32 object
1682 535 25 22 to
1719 532 28 28 it,

1211 578 40 25 He
1263 578 50 32 (Mr
1329 576 95 33 Fraser)
1438 574 129 32 expressed
1592 574 43 25 the
1647 572 101 32 opinion

1211 618 54 25 that
1277 619 34 23 .8
1333 625 44 23 per
1388 623 54 17 acre
1459 614 91 26 should
1574 614 31 23 be
1623 612 124 31 accepted,

1211 658 50 25 and
1271 658 21 24 it
1311 666 16 16 v,
1334 665 28 17 as
1381 655 89 32 agreed
1494 658 33 26 to,
1558 654 44 25 the
1622 652 127 25 condition

1211 698 71 29 being
1294 696 89 24 1000
1405 693 60 25 cash
1488 692 50 25 and
1561 691 44 26 the
1628 690 70 26 stock
1719 691 26 24 to

1209 734 32 25 be
1253 734 75 25 taken
1340 734 27 24 at
1379 741 14 16 a
1404 732 137 26 valuation.
1576 730 52 24 The
1640 729 110 24 Premier

1210 776 50 24 had
1268 782 75 18 never
1355 781 59 18 seen
1426 774 44 24 the
1487 771 141 26 conditions
1640 769 26 24 of
1672 769 76 29 lease,

1211 824 27 16 as
1258 815 33 24 he
1304 822 48 17 was
1365 815 43 24 not
1428 813 70 24 there
1510 811 71 25 wher.
1595 811 43 23 the
1658 811 92 22 matter

1211 861 50 18 was
1274 852 97 28 settled,
1390 852 48 25 and
1455 851 33 25 he
1512 851 51 31 (Mr
1585 848 99 32 Fraser)
1710 854 38 17 ac-

1210 892 88 31 cepted
1309 891 47 25 full
1367 889 193 32 responsibility.
1589 887 73 25 Some
1672 885 78 32 might

1209 940 43 22 say
1263 930 57 25 that
1332 930 42 23 the
1385 927 139 27 conditions
1548 933 61 19 were
1621 927 41 23 too
1673 931 59 24 easy
1742 931 6 22 ;

1210 972 46 25 but
1268 979 27 18 as
1308 971 30 24 he
1350 970 70 25 knew
1431 969 44 25 the
1487 966 84 27 Board
1587 965 85 27 would
1685 964 65 25 have

1211 1018 26 19 to
1249 1012 77 32 spend
1338 1020 15 16 a
1371 1011 70 31 great
1459 1009 58 24 deal
1527 1008 28 25 of
1571 1014 93 25 money
1676 1013 32 16 on
1719 1005 29 28 it,

1211 1054 29 23 he
1249 1060 50 17 was
1316 1051 119 33 prepared
1447 1053 26 22 to
1490 1049 62 26 offer
1571 1044 179 34 exceptionally

1211 1101 57 23 easy
1280 1094 75 23 terms
1369 1093 23 22 to
1404 1091 98 30 dispose
1525 1089 25 24 oi
1561 1089 43 24 the
1623 1087 125 31 property.

1212 1131 75 25 Some
1299 1131 59 22 hard
1372 1129 86 30 things
1467 1127 50 24 had
1529 1127 58 23 been
1600 1124 54 26 said
1674 1123 27 25 of
1710 1124 40 24 his

1211 1171 84 24 action
1306 1169 38 24 for
1362 1168 104 25 months
1484 1167 57 31 past
1552 1173 59 17 over
1629 1164 52 24 this
1692 1171 56 24 pro-

1211 1213 79 29 perty,
1309 1209 49 25 and
1368 1209 21 25 it
1401 1215 50 18 was
1474 1207 44 25 the
1530 1206 100 31 gravest
1650 1202 100 26 slander

1211 1251 99 31 against
1322 1257 49 23 any
1393 1247 85 32 public
1501 1246 64 31 body
1583 1246 24 22 to
1632 1252 45 22 say
1694 1243 56 24 that

1211 1296 50 23 any
1272 1286 144 31 corruption
1435 1284 51 24 had
1506 1284 75 23 taken
1602 1282 71 31 place
1693 1288 58 18 over

1211 1328 42 22 the
1264 1324 164 26 transaction.
1463 1322 42 25 He
1527 1320 94 26 wished
1640 1322 27 23 to
1687 1319 63 24 state

1211 1364 57 24 that
1280 1363 42 25 the
1347 1361 109 26 General
1478 1360 120 30 Manager
1618 1358 52 24 had
1696 1357 54 31 just

1211 1404 61 25 been
1285 1411 57 17 over
1353 1402 44 25 the
1419 1401 125 32 property,
1564 1399 50 25 and
1637 1396 116 34 reported

1212 1446 54 24 that
1278 1444 43 26 the
1341 1442 100 26 tenants
1462 1441 145 33 (McKcnzie

1212 1493 63 17 were
1287 1483 99 31 looking
1406 1481 64 26 after
1481 1481 43 24 the
1548 1481 115 30 property
1685 1478 68 28 well,'

1212 1526 48 23 and
1274 1524 43 25 ihe
1329 1526 64 26 rent,
1407 1521 83 26 which
1501 1528 51 17 was
1564 1520 48 23 due
1624 1518 56 25 that
1694 1518 56 30 day,

1214 1562 49 25 had
1285 1562 63 24 been
1367 1559 123 33 promptly
1508 1557 66 33 paid.
1618 1555 41 25 He
1679 1555 72 32 again

1212 1601 91 24 denied
1313 1600 58 24 that
1383 1599 43 24 the
1437 1597 116 33 property
1576 1602 48 18 was
1637 1592 115 33 disposed

1212 1643 26 24 of
1249 1643 26 23 to
1295 1640 44 25 the
1358 1638 133 25 M'Kenzie
1510 1637 113 24 brothers
1647 1636 105 22 because

1212 1681 61 30 they
1282 1687 63 17 were
1353 1686 58 15 sons
1419 1677 27 24 of
1451 1677 43 24 the
1503 1675 117 25 Minister
1630 1674 27 24 of
1663 1672 86 26 Lands

1214 1721 39 22 He
1264 1719 75 23 could
1351 1719 63 22 have
1438 1715 110 25 afforded
1576 1714 111 29 treating
1709 1712 43 23 the

1212 1757 168 27 insinuations
1398 1755 107 25 levelled
1527 1756 26 22 at
1578 1752 105 25 himself
1702 1752 51 31 (Mr

1213 1799 99 32 Fraser)
1325 1797 64 26 with
1410 1803 81 23 scorn,
1510 1794 46 26 but
1579 1794 33 24 he
1631 1792 46 26 felt
1699 1792 54 25 that

1213 1848 47 17 one
1272 1839 26 26 of
1308 1839 40 24 his
1360 1838 138 31 colleagues
1511 1844 32 17 on
1555 1835 43 25 the
1608 1832 84 27 Board
1703 1832 50 25 had

1213 1882 44 21 not
1269 1879 42 24 the
1324 1885 67 17 same
1403 1874 159 33 opportunity
1574 1873 28 25 of
1618 1872 135 31 defending

1213 1915 103 26 himself
1326 1924 28 16 as
1365 1915 33 25 he
1409 1914 61 25 had.

1288 2047 403 36 CORRESPONDENCE.

1217 2136 67 21 While
1293 2141 38 15 our
1340 2135 90 19 columns
1444 2138 36 14 are
1496 2136 51 20 open
1560 2132 20 18 to
1590 2129 80 23 dtt,ioe
1681 2129 25 19 do
1719 2129 36 18 not

1242 2173 91 26 identify
1352 2171 101 21 ourselves
1470 2170 52 19 with
1540 2168 94 26 opinions
1650 2165 105 27 expressed

1242 2211 87 21 therein.

1268 2259 34 23 To
1315 2258 37 23 the
1364 2257 89 24 Editor
1471 2255 32 32 of
1519 2254 38 24 the
1582 2252 121 25 Observer.

1216 2333 103 25 Madam

1249 2377 68 24 Your
1329 2372 198 32 Correspondent
1535 2373 57 24 Non
1604 2371 75 25 Credo
1688 2368 22 26 is
1722 2375 33 18 no

1216 2420 77 25 doubt
1309 2426 58 23 very
1384 2415 101 27 learned
1503 2424 31 16 on
1552 2415 43 24 the
1616 2413 97 31 subject
1724 2411 31 25 he

1215 2463 84 25 writes
1312 2462 82 26 about,
1415 2460 43 23 but
1469 2458 14 24 I
1494 2458 73 32 begin
1586 2458 26 23 to
1625 2455 78 25 doubt
1715 2455 40 24 his

1216 2506 83 31 sanity
1312 2505 70 32 (poor
1393 2503 42 25 old
1443 2501 91 32 fellow)
1543 2500 73 26 when
1625 2500 28 23 m
1660 2505 95 18 answer

1217 2552 24 23 to
1254 2554 42 28 my
1308 2556 75 25 query
1396 2555 28 16 as
1443 2547 27 24 to
1482 2545 44 26 the
1545 2544 78 25 books
1643 2542 26 26 of
1681 2542 74 31 Spur-

1216 2601 64 26 geon
1291 2594 28 24 m
1330 2592 84 26 which
1426 2592 41 25 the
1480 2589 136 26 statement
1639 2587 73 25 made
1722 2585 33 33 by

1217 2640 41 22 Mr
1270 2637 96 25 Collins
1386 2643 27 17 as
1426 2634 74 31 being
1512 2632 90 32 quoted
1623 2631 31 32 by
1680 2630 75 32 Spur-

1216 2688 64 25 geou
1292 2687 51 17 was
1354 2681 27 23 to
1392 2678 31 24 be
1434 2676 78 26 found
1520 2678 56 23 Non
1590 2676 76 24 Credo
1679 2674 76 24 states

1218 2725 42 24 the
1277 2721 151 26 Tabernacle
1457 2719 75 26 smelt
1555 2719 27 25 of
1602 2718 152 24 Brimstone.

1217 2768 61 24 Now
1290 2766 100 25 madam
1402 2765 13 24 I
1433 2765 64 24 have
1514 2763 43 24 the
1576 2761 135 31 testimony
1730 2761 25 23 of

1217 2810 86 32 people
1314 2810 57 24 who
1393 2809 64 23 have
1477 2807 63 24 been
1563 2806 71 23 there
1657 2805 57 23 that
1737 2804 18 23 it

1216 2855 59 23 does
1286 2854 53 26 not,
1349 2851 46 25 but
1407 2851 55 23 that
1473 2850 22 24 is
1507 2847 159 27 immaterial.
1702 2846 53 25 Can

1215 2898 57 25 Non
1286 2895 75 26 Credo
1382 2893 87 32 supply
1489 2892 45 26 the
1556 2898 86 18 names
1665 2890 28 24 of
1713 2889 42 25 the

1216 2940 82 26 Books
1309 2938 28 25 m
1348 2937 81 27 which
1440 2937 42 25 the
1494 2936 137 25 statement
1642 2941 112 25 appears.

1215 2985 26 25 If
1249 2987 54 26 not,
1322 2983 13 24 I
1347 2982 65 24 shall
1430 2981 73 24 think
1523 2980 57 25 that
1598 2979 44 25 the
1654 2985 58 18 race
1732 2985 23 26 of

1215 3027 111 26 Ananias
1338 3026 22 24 is
1372 3026 45 24 not
1428 3026 41 30 yet
1481 3024 111 25 defunct.

1351 3086 13 24 I
1383 3093 41 18 am
1442 3086 42 24 &c.
1503 3085 91 27 Yours,

1492 3146 60 31 (NO
1568 3144 119 31 NAME)

1400 3298 150 31 BOOKS.

1214 3383 121 26 Written
1345 3389 130 17 specially
1486 3388 45 17 for
1547 3388 49 16 the
1609 3382 143 22 'Observer

1378 3423 31 16 by
1425 3416 70 24 Lady
1514 3414 74 24 Cook.

1205 3503 1 37 f
1246 3514 64 25 This
1330 3514 21 24 is
1364 3521 32 18 an
1409 3521 45 24 age
1475 3513 28 25 of
1523 3511 85 26 books.
1656 3510 41 25 All
1711 3510 43 25 the

1214 3552 77 24 world
1310 3552 73 23 reads
1418 3561 28 15 or
1468 3551 92 24 writes.
1612 3549 53 24 But
1692 3549 20 24 it
1731 3548 23 26 is

1205 3582 1 14 1
1214 3590 122 29 doubtful,
1350 3589 21 25 if
1380 3597 36 18 we
1428 3590 87 29 except
1539 3587 121 26 scientific
1683 3594 68 23 men,

1213 3630 120 28 whether,
1352 3629 28 24 m
1400 3629 64 32 spite
1475 3628 26 25 of
1525 3627 104 26 modern
1647 3626 104 26 advant-

1214 3675 66 25 ages,
1299 3675 36 17 \re
1355 3668 63 23 have
1438 3670 98 29 greater
1556 3665 112 25 thinkers
1690 3665 62 25 than

1213 3706 123 31 formerly.
1367 3705 54 24 The
1432 3705 76 26 wider
1519 3704 118 25 diffusion
1649 3703 27 26 of
1682 3704 68 24 liter-

1213 3749 71 23 ature
1296 3753 80 18 seems
1389 3747 25 23 to
1426 3745 64 25 have
1513 3743 131 26 weakened
1667 3743 33 26 ics
1712 3743 39 25 in-

1213 3787 100 30 tensity.
1355 3785 78 24 There
1451 3784 21 25 is
1498 3785 97 24 neither
1621 3792 28 17 so
1672 3783 78 25 much

1212 3827 75 31 depth
1298 3834 48 17 nor
1357 3833 28 18 so
1397 3823 76 26 much
1485 3824 144 32 originality
1636 3832 27 17 as
1676 3823 73 26 when

1212 3865 77 25 books
1315 3872 61 17 were
1404 3870 77 21 rarer,
1511 3862 51 24 and
1589 3862 72 24 when
1690 3869 60 17 men

1212 3902 108 32 thought
1331 3902 37 24 for
1379 3901 150 25 themselves
1533 3918 7 6 .
1569 3900 54 24 The
1634 3899 115 25 facilities

1211 3942 27 25 of
1247 3949 46 17 our
1305 3948 44 24 age
1360 3940 64 24 have
1433 3947 16 17 a
1460 3938 123 31 tendenoy
1595 3940 26 22 to
1634 3940 115 22 enervate

1212 3980 42 25 the
1266 3979 68 24 mind
1348 3985 28 17 as
1388 3978 56 24 well
1467 3985 28 16 as
1518 3977 44 24 the
1582 3976 74 28 body.
1702 3976 47 23 We

1211 4016 52 25 ride
1274 4016 71 25 when
1372 4023 37 17 we
1435 4014 91 26 should
1543 4014 63 25 walk
1617 4014 48 24 and
1688 4014 60 24 read

1211 4056 70 25 when
1293 4063 37 17 we
1348 4055 89 25 should
1457 4053 81 31 think,
1562 4054 105 25 because
1679 4061 69 18 some

1209 4094 113 25 material
1338 4101 29 17 or
1377 4091 152 27 intellectual
1540 4091 94 26 vehicle
1651 4091 23 25 is
1692 4100 56 16 ever

1209 4136 28 24 at
1249 4133 68 26 hand
1329 4136 26 23 to
1367 4135 80 30 tempt
1458 4141 40 17 us.
1533 4132 48 25 Yet
1593 4132 32 25 all
1638 4132 51 25 this
1700 4132 47 25 has

1208 4173 33 24 its
1253 4171 187 33 compensating
1451 4172 160 30 advantages.
1654 4170 26 25 If
1701 4178 46 18 our

1208 4210 95 26 mental
1313 4210 83 32 giants
1408 4216 41 19 are
1461 4209 80 30 fewer,
1560 4215 47 18 our
1618 4208 127 26 mediocri-

1207 4251 48 25 ties
1277 4250 64 26 have
1369 4249 77 27 much
1473 4248 136 26 increased.
1655 4248 27 25 If
1701 4257 46 17 our

1207 4287 119 26 Paladins
1346 4288 28 25 of
1390 4288 116 31 learning
1524 4295 42 17 are
1577 4281 103 34 extinct,
1700 4294 46 18 our

1206 4328 92 33 h'ghtly
1308 4328 124 33 equipped
1443 4328 186 31 sharpshooters
1651 4335 43 17 are
1706 4326 39 25 far

1206 4377 69 17 more
1286 4376 145 18 numerous.
1449 4368 91 26 Where
1548 4368 197 31 one-intelligent

1205 4415 91 22 person
1325 4407 96 24 existed
1444 4407 70 24 three
1541 4406 124 26 centuries
1688 4413 55 23 ago,

1206 4446 71 26 there
1299 4454 41 17 are
1362 4455 16 16 a
1395 4444 115 27 hundred
1531 4444 143 32 noF>i';&rid
1694 4444 50 30 jthe

1207 4486 126 32 pleasures
1344 4486 27 25 of
1383 4485 152 32 knowledge,
1548 4484 80 26 which
1640 4484 103 26 thrilled

1776 179 59 33 only
1847 179 43 25 the
1901 179 96 26 breasts
2009 180 27 25 of
2045 189 15 16 a
2066 181 47 26 few
2125 190 80 24 sages,
2217 184 98 30 pulsate

1775 221 27 23 m
1814 221 42 24 the
1865 220 73 25 heart
1950 222 27 23 of
1986 221 43 26 the
2039 230 102 18 masses.
2178 223 54 25 The-

1859 260 92 32 Spring
1961 261 70 26 flows
2044 263 37 24 for
2092 263 34 24 all
2135 270 5 17 :
2176 263 35 25 As
2223 271 15 18 a
2254 264 61 32 deep

1776 301 71 28 river,
1866 309 16 15 a
1905 300 119 32 babbling
2047 302 84 30 brook,
2150 311 27 15 or
2199 312 14 14 a
2235 304 79 24 feeble

1776 339 92 30 runlet,
1904 339 50 25 and
1982 341 141 24 whosoever
2152 341 57 29 will,
2255 350 60 24 may

1776 379 82 23 drink.

1809 416 105 25 Blessed
1927 418 28 23 be
1973 417 43 25 the
2027 425 60 17 man
2099 418 56 24 who
2172 419 117 25 invented
2301 428 15 16 a

1777 454 64 25 book
1851 456 5 22 !
1877 455 119 25 Whether
2018 455 31 24 he
2072 458 76 23 wrote
2159 457 21 24 it
2199 465 34 17 on
2246 458 68 25 brick

1777 501 28 16 or
1816 494 78 30 brass,
1914 496 71 23 stone
1997 502 27 16 or
2047 502 96 24 copper,
2167 495 149 26 beech-bark

1777 543 28 17 or
1825 535 129 31 Egyptian
1973 535 66 29 reed,
2070 535 56 25 skin
2149 544 28 16 or
2197 536 69 25 cloth
2289 545 28 17 or

1777 572 171 25 comminuted
1970 580 53 23 rag,
2059 574 112 25 whoever
2199 574 31 24 he
2258 582 56 22 was,

1777 611 50 24 and
1999 610 33 24 he
2044 614 83 25 wrote,
2152 619 55 23 may
2235 614 30 22 he
2287 612 28 25 be

1778 651 92 31 doubly
1879 651 50 24 and
1937 652 64 23 eterc
2006 650 51 32 ally
2064 650 96 25 blessed
2172 652 5 23 !
2190 651 50 25 For
2249 652 68 25 what

1777 691 79 24 would
1885 691 121 24 mankind
2034 691 65 25 have
2127 692 61 24 been
2211 692 106 25 without

1778 729 76 24 books
1865 730 11 22 ?
1894 729 26 24 If
1940 729 133 31 ignorance
2095 729 50 24 and
2156 729 60 31 folly
2228 738 42 16 are
2289 738 28 16 so

1778 768 52 30 rife,
1848 769 225 31 notwithstanding
2085 776 34 17 we
2130 777 98 23 possess
2247 769 70 26 these

1776 808 172 31 illuminating
1957 810 131 27 treasures,
2101 809 67 24 what
2180 818 14 15 a
2204 810 113 30 seething

1778 854 68 16 mass
1855 848 27 23 of
1891 848 160 32 superstition
2063 849 51 23 and
2122 849 96 31 cruelty
2227 850 90 23 should

1777 893 37 16 we
1825 884 64 25 have
1901 884 61 26 been
1971 886 108 25 without
2090 886 79 24 them.
2204 887 21 23 A
2240 887 77 25 world

1777 924 26 23 m
1815 923 119 25 darkness
1946 924 76 31 doing
2034 924 43 25 the
2100 924 74 24 deeds
2197 924 27 25 of
2245 924 72 25 dark-

1778 969 64 17 ness.
1888 962 114 32 History,
2031 962 159 32 philosophy,
2220 964 96 31 poetry,

1778 1003 48 24 and
1837 1003 103 29 science,
1959 1002 104 29 unborn,
2073 1011 28 16 or
2112 1002 138 33 dependent
2258 1004 59 31 only

1778 1048 68 24 upon
1868 1041 101 31 garbled
1985 1041 141 25 traditions.
2178 1042 139 25 Falsehood

1778 1081 128 31 presented
1919 1084 26 21 to
1957 1089 29 16 us
1999 1089 27 16 as
2039 1082 78 29 truth,
2136 1082 51 24 and
2208 1083 71 24 truth
2290 1091 27 16 as

1778 1119 135 24 falsehood.
1939 1119 54 24 The
2006 1121 75 23 sweet
2092 1120 51 24 and
2154 1120 165 32 humanising

1779 1159 75 28 links,
1873 1159 56 24 that
1941 1160 106 24 connect
2070 1159 44 25 the
2135 1162 102 28 present
2258 1160 61 25 with

1778 1198 44 25 the
1833 1200 65 30 past,
1917 1199 92 32 jwould
2031 1207 74 18 never
2127 1199 65 26 have
2214 1200 103 31 existed,

1778 1245 47 16 nor
1836 1237 74 25 could
1938 1237 85 26 minds
2035 1246 133 17 commune
2192 1239 57 24 with
2274 1240 39 23 do-
2321 1252 2 15 \

1779 1274 85 32 parted
1884 1273 90 26 minds.

1813 1314 52 25 But
1876 1314 111 32 through
2009 1314 86 31 books,
2124 1323 75 25 many
2222 1315 27 26 of
2275 1316 43 25 the

1778 1354 100 26 noblest
1890 1362 60 17 ones
1962 1355 28 25 of
2009 1355 43 25 the
2072 1357 57 30 past
2152 1363 42 17 are
2217 1359 102 28 present

1781 1394 60 26 with
1862 1402 37 23 us,
1919 1396 78 24 better
2017 1395 50 25 and
2086 1403 69 18 more
2176 1396 143 32 intimately

1780 1434 99 31 known,
1896 1435 22 23 it
1930 1442 55 25 may
1997 1434 38 31 be,
2056 1435 63 24 than
2142 1435 58 32 they
2212 1443 64 17 were
2293 1438 26 22 to

1780 1475 66 24 their
1858 1478 24 21 to
1906 1475 67 25 their
1995 1475 100 25 dearest
2117 1476 102 24 friends.
2255 1476 64 24 Like

1780 1513 120 31 heavenly
1928 1513 165 25 lunminaries
2121 1514 84 24 whose
2234 1514 85 24 beams

1780 1557 70 18 come
1862 1551 66 24 from
1948 1551 62 27 afar,
2030 1552 101 31 shining
2154 1552 111 31 through
2277 1553 44 23 the

1780 1587 84 31 gloom
1876 1588 25 25 of
1914 1595 66 24 ages,
1994 1588 69 25 these
2082 1589 80 29 cheer,
2171 1590 87 25 soothe
2270 1590 51 25 and

1781 1628 138 30 enlighten,
1981 1628 69 32 lamp
2063 1631 61 23 unto
2142 1638 45 16 our
2198 1630 48 25 feet
2270 1632 51 24 and

1781 1674 15 17 a
1808 1666 64 32 light
1895 1668 62 23 unto
1981 1675 46 17 our
2171 1668 82 26 Those
2268 1671 53 24 who

1781 1705 55 24 love
1849 1704 69 25 them
1941 1705 51 24 feel
2012 1712 28 17 as
2063 1705 101 25 Nicolas
2192 1707 128 29 Heinsius,

1781 1742 58 30 poet
1858 1740 50 25 and
1929 1740 76 29 critic,
2028 1741 46 25 felt
2095 1743 73 24 when
2180 1742 60 26 shut
2249 1751 34 24 up
2294 1743 27 25 m

1781 1780 44 25 the
1837 1780 95 33 library
1945 1782 28 24 c.f
1990 1781 103 32 Leyden
2105 1782 64 25 from
2181 1785 81 30 year's
2274 1784 48 24 end

1782 1822 26 23 to
1820 1822 79 29 year's
1911 1820 55 25 end.
2002 1820 40 25 He
2055 1821 52 25 said
2120 1830 6 15 :
2188 1830 34 16 no
2234 1830 89 17 sooner

1782 1866 69 17 come
1862 1859 55 25 into
1929 1859 44 25 the
1983 1858 101 33 library,
2103 1861 46 24 but
2171 1860 14 25 I
2205 1860 51 26 bolt
2280 1862 42 24 the

1782 1896 205 33 door,excluding
1997 1897 70 31 Lust,
2087 1898 136 30 Ambition,
2245 1900 77 24 Avar-

1782 1938 42 27 ice,
1843 1938 50 23 and
1905 1938 35 24 all
1954 1938 62 24 such
2027 1939 74 27 vices,
2121 1939 79 25 whose
2211 1947 77 17 nnrse
2300 1941 22 23 is

1782 1976 117 28 idleness,
1918 1977 41 24 the
1969 1976 99 25 mother
2080 1976 27 26 of
2122 1977 140 32 Ignorance
2274 1978 49 25 and

1784 2015 163 31 Melancholy.
1983 2015 31 24 In
2027 2015 42 25 the
2081 2023 59 24 very
2161 2016 42 32 lap
2215 2018 26 23 of
2261 2019 61 23 eter-

1784 2053 59 28 nity,
1862 2055 117 28 amongst
2000 2062 27 15 so
2047 2062 77 22 many
2147 2055 82 24 divine
2249 2056 73 27 souls,

1784 2092 14 24 I
1809 2093 56 24 take
1876 2100 42 23 my
1940 2095 53 22 seat
2013 2093 60 24 with
2093 2102 27 16 so
2133 2093 60 32 lofty
2216 2102 15 17 a
2242 2095 80 30 spirit,

1783 2132 51 24 and
1850 2135 74 22 sweet
1936 2136 110 26 content,
2065 2134 57 25 that
2133 2134 14 24 I
2157 2135 54 31 pity
2224 2135 33 24 all
2274 2143 49 20 pur

1783 2175 70 29 great
1864 2182 60 16 ones
1937 2174 50 24 and
1998 2174 53 24 rich
2063 2182 58 17 men
2131 2174 56 25 that
2196 2175 72 25 know
2281 2178 43 22 not

1784 2211 53 25 this

1818 2250 54 24 The
1895 2252 109 30 greatest
2027 2250 96 33 delight
2143 2251 28 25 of
2190 2251 91 26 leisure
2292 2252 30 30 is,

1784 2290 57 25 that
1865 2291 21 24 it
1908 2291 103 31 permits
2034 2299 30 17 us
2088 2293 26 23 to
2134 2300 117 17 converse
2262 2293 61 24 with

1785 2328 86 31 books,
1884 2330 27 24 to
1922 2329 96 25 refresh
2029 2338 46 16 our
2087 2330 68 25 souls
2168 2331 62 25 with
2241 2331 83 31 spirit-

1783 2370 43 24 ual
1846 2370 167 29 communion,
2032 2370 50 24 and
2094 2372 26 23 to
2140 2371 101 32 enlarge
2253 2371 69 25 them

1785 2407 31 31 by
1828 2408 131 31 explorirg
1971 2408 155 31 throughout
2149 2417 55 17 new
2215 2410 71 24 fields
2298 2410 28 24 of

1784 2447 152 32 knowledge.
1972 2448 22 22 A
2005 2448 65 23 book
2081 2450 22 22 is
2116 2449 43 23 the
2182 2451 80 21 truest
2274 2450 49 23 and

1783 2484 69 25 most
1875 2484 207 32 companionable
2093 2486 26 24 of
2145 2486 92 25 friends
2298 2487 26 25 It

1783 2532 74 17 never
1877 2524 103 26 wearies
2004 2525 28 25 of
2052 2533 46 18 our
2121 2527 100 31 society,
2248 2535 76 17 never

1783 2566 96 23 resents
1900 2564 107 32 neglect,
2027 2565 50 24 and
2099 2565 22 24 is
2133 2573 57 18 ever
2201 2566 76 32 ready
2296 2568 26 23 to

1785 2611 86 18 amuse
1883 2604 50 25 and
1945 2605 107 25 instruct
2065 2613 37 17 us.
2121 2607 201 31 Acquaintances

1784 2650 70 18 come
1866 2644 49 23 and
1927 2651 31 23 go
1970 2644 48 24 and
2027 2651 39 17 are
2078 2644 124 32 forgotten
2211 2655 7 19 ;
2231 2646 91 25 friends

1783 2681 46 24 fall
1841 2688 43 18 out
1895 2690 29 16 or
1935 2690 67 22 grow
2014 2682 143 25 lukewarm.
2176 2683 52 26 But
2235 2692 15 17 a
2259 2684 64 32 good

1785 2719 62 25 book
1874 2720 78 24 sticks
1974 2720 86 25 firmer
2082 2721 61 25 than
2169 2730 16 17 a
2213 2722 109 27 brother.

1778 2754 2 30 I
1785 2759 134 26 Whatever
1931 2768 45 17 our
1987 2768 54 24 age,
2060 2762 82 29 mood,
2166 2763 51 24 and
2229 2763 94 26 culture

1778 2790 62 39 [may
1851 2798 39 27 be,
1909 2806 37 16 we
1969 2807 46 15 can
2037 2799 54 24 find
2102 2808 13 15 a
2126 2800 106 32 [book
2234 2810 28 15 or
2274 2810 48 23 any

1784 2838 77 25 books
1895 2841 26 22 to
1932 2839 31 24 fit
1975 2839 79 24 them.

1818 2877 68 24 Most
1897 2878 86 30 people
2006 2878 34 24 do
2049 2880 46 23 not
2112 2879 60 24 read
2196 2887 27 18 so
2245 2880 79 25 much,

1784 2917 39 24 for
1851 2917 116 31 learning
1994 2926 28 17 as
2044 2918 39 25 for
2105 2919 123 31 pleasure.
2272 2921 50 24 But

1785 2957 71 24 when
1868 2956 88 31 genius
1968 2964 98 17 amuses
2077 2957 21 25 it
2119 2957 52 26 also
2191 2959 130 27 instructs.

1785 2997 54 24 The
1849 2996 66 34 folly.
1921 2996 27 25 of
1957 2996 63 26 fools
2030 2997 30 28 is.
2065 2999 24 26 to
2089 3009 2 10 >
2103 2998 56 25 that
2171 2999 26 25 of
2209 3000 43 25 the
2263 3001 59 25 wise

1784 3042 28 18 as
1824 3035 57 24 lead
1893 3035 19 25 is
1927 3037 25 23 to
1962 3035 66 32 gold.
2065 3037 52 24 The
2139 3037 116 26 diamond
2273 3040 48 23 and

1785 3084 15 16 a
1811 3075 69 32 lump
1900 3076 28 25 of
1945 3076 115 25 charcoal
2082 3085 42 17 are
2147 3076 61 27 both
2220 3079 101 31 carbon;

1785 3115 45 25 but
1842 3123 46 18 one
1899 3116 23 25 is
1935 3115 71 26 black
2015 3117 49 24 and
2075 3118 102 30 rayless,
2190 3119 76 24 while
2277 3120 45 24 the

1783 3155 73 26 other
1883 3155 93 26 flashes
2004 3156 51 25 and
2084 3157 147 26 scintillates
2260 3159 62 25 with

1783 3194 110 33 glowing
1903 3195 189 24 corruscations.
2128 3196 61 24 And
2211 3197 21 24 it
2251 3200 23 22 is
2293 3206 29 17 as

1784 3240 66 25 easy,
1869 3233 68 25 when
1950 3241 36 17 we
1997 3241 42 17 are
2051 3234 130 33 acquiring
2192 3235 44 25 the
2251 3236 71 26 habit

1783 3271 28 24 of
1820 3272 111 31 reading,
1950 3274 27 21 to
1999 3272 92 23 forma
2109 3274 65 22 taste
2196 3273 39 24 for
2257 3275 65 30 good

1784 3307 75 26 books
1872 3317 27 16 as
1919 3308 38 25 for
1968 3308 128 25 worthless
2119 3318 66 17 ones,
2209 3313 27 23 to
2253 3311 68 26 learn

1783 3348 28 26 to.
1821 3347 144 32 appreciate
1976 3347 91 32 genius
2086 3352 64 24 as.to
2169 3348 32 26 be
2220 3351 101 31 pleased

1785 3387 57 26 with
1856 3388 156 32 mediocrityt
2057 3389 83 25 Those
2152 3390 85 26 whose
2256 3395 65 21 taste

1782 3426 21 25 is
1816 3426 171 25 discriminate
2011 3427 52 25 will
2085 3435 76 18 never
2183 3429 104 26 tolerate
2305 3439 16 17 a

1783 3465 86 31 trashy
1881 3464 76 29 work,
1976 3464 46 25 but
2042 3465 72 25 those
2126 3466 52 25 who
2199 3467 64 25 have
2274 3470 47 23 not

1783 3505 61 24 been
1856 3505 94 31 rightly
1961 3504 97 25 trained
2081 3507 27 23 to
2132 3505 43 26 the
2199 3506 73 27 habit
2295 3508 27 25 of

1781 3543 105 32 reading
1906 3543 48 25 will
1965 3543 54 25 find
2036 3544 114 31 pleasure
2161 3545 28 24 m
2202 3554 49 23 any
2263 3547 55 24 lite-

1780 3588 58 23 rary
1849 3580 108 32 garbage
1966 3588 6 16 :
1991 3581 49 25 and
2053 3581 60 25 thus
2124 3582 28 24 of
2162 3582 44 25 the
2217 3583 103 31 making

1780 3621 28 24 of
1817 3621 52 24 this
1881 3621 62 24 stuff
1952 3621 68 24 there
2032 3622 22 23 is
2065 3629 34 16 no
2111 3622 55 23 end.

1815 3661 76 26 Some
1919 3662 81 24 clever
2027 3669 105 24 persons
2160 3663 66 25 have
2255 3662 62 26 been

1780 3701 80 31 hardy
1871 3702 102 31 enough
1984 3705 25 22 to
2022 3703 107 31 attempt
2141 3705 26 23 to
2188 3703 129 32 catalogus

1769 3754 2 23 I
1779 3742 44 24 the
1835 3742 47 24 best
1893 3741 116 25 hundred
2021 3742 87 24 books.
2142 3742 26 26 It
2192 3743 83 25 would
2288 3743 29 25 be

1778 3782 80 24 easier
1880 3782 51 24 and
1953 3783 80 27 wiser,
2052 3783 123 28 however,
2194 3785 26 23 to
2243 3791 74 17 name

1778 3822 49 22 two
1839 3820 116 24 hundred
1973 3829 46 23 goo
2028 3822 8 20 I
2060 3820 85 24 books.
2189 3821 47 25 For
2260 3823 57 23 who

1778 3867 45 17 can
1836 3858 135 26 determine
1983 3857 138 32 absolutely
2138 3858 51 25 and
2208 3861 108 30 superla-

1777 3896 74 32 tively
1862 3904 27 16 as
1901 3898 26 23 to
1939 3895 44 26 the.
1995 3897 55 24 true
2062 3896 65 25 ratio
2138 3897 28 24 of
2175 3897 141 32 excellency

1776 3942 92 24 among
1879 3942 28 17 so
1930 3942 76 23 many
2015 3935 12 23 ?
2046 3933 45 26 We
2114 3935 48 25 call
2185 3935 56 25 that
2265 3936 51 26 best

1778 3973 76 23 which
1867 3980 36 16 we
1914 3971 51 24 likA
1977 3972 62 27 best,
2058 3972 50 24 and
2120 3981 46 15 our
2182 3973 134 31 judgment

1776 4012 51 24 and
1838 4011 130 25 affections
1985 4018 43 18 are
2039 4012 68 24 often
2119 4013 26 24 at
2157 4012 73 27 fault*
2265 4014 47 25 Be-

1776 4049 73 30 sides,
1861 4056 34 17 no
1907 4051 48 23 two
1964 4049 75 25 think
2050 4058 28 17 or
2089 4049 48 26 feel
2149 4051 72 25 alike.
2234 4051 81 25 There

1775 4089 43 18 are
1828 4083 99 24 readers
1938 4083 56 24 who
2006 4083 115 25 consider
2132 4083 114 26 Chaucer
2253 4084 61 29 dull,

1774 4120 56 25 who
1842 4122 92 23 cannot
1946 4120 93 25 endure
2052 4121 58 25 Don
2122 4121 117 30 Quixote,
2263 4121 51 26 and

1774 4160 84 25 whom
1878 4160 168 32 Montaigne's
2058 4161 94 31 Essays
2173 4161 82 24 would
2266 4161 47 25 fat-

1773 4199 66 33 igue.
1874 4200 81 26 There
1966 4208 43 17 are
2020 4200 84 25 others
2124 4199 56 26 who
2199 4201 116 24 consider

1774 4239 155 33 Longfellow,
1939 4248 16 17 a
1967 4239 112 33 superior
2101 4241 58 31 poet
2173 4241 26 24 to
2220 4241 92 31 Bynn,

1773 4278 49 25 and
1834 4286 76 24 mauy
1921 4286 86 24 grown
2016 4286 59 17 men
2082 4278 28 25 of
2119 4277 132 26 education
2262 4279 52 25 and

1772 4317 108 30 position
1891 4316 96 33 delight
2009 4316 61 32 only
2091 4316 28 25 m
2142 4316 68 32 boys'
2239 4317 71 24 tales.

1772 4349 105 33 Kipling
1888 4349 50 25 and
1950 4349 82 25 Ouida
2042 4349 65 26 have
2119 4349 61 25 been
2190 4349 123 26 banished

1772 4395 27 17 or
1809 4387 61 26 shut
1881 4390 45 21 out
1938 4387 64 24 from
2015 4387 95 25 several
2121 4387 85 31 public
2226 4387 86 25 librar-

1771 4427 45 30 ies,
1834 4427 49 23 and
1904 4434 38 16 we
1953 4428 103 34 cannpt^
2068 4427 49 30 buy
2129 4435 16 15 a
2168 4427 65 24 book
2256 4429 27 22 at
2296 4436 15 14 a

1772 4465 112 31 Railway
1897 4465 100 26 Station
2010 4468 25 22 to
2047 4465 91 26 relieve
2159 4464 44 26 the
2215 4465 99 25 tedium

2344 184 27 24 of
2380 184 139 33 ajournoy,
2537 184 95 30 unless,
2650 184 119 29 forsooth,
2793 184 21 24 it
2835 183 47 26 has

2343 223 58 24 first
2413 223 108 25 received
2533 223 42 24 the
2587 216 121 32 censorial
2728 222 118 32 approval
2857 221 26 26 of

2345 270 15 17 a
2371 261 157 32 bookselling
2550 264 144 30 monopoly,
2712 262 81 25 which
2826 270 54 24 par-

2345 299 47 25 don
2405 300 27 28 it,
2452 299 77 25 shade
2541 301 27 23 of
2579 306 70 24 great
2661 300 89 24 Milton
2758 302 6 23 !
2799 299 80 29 could,

2343 339 22 24 if
2374 339 21 25 it
2407 339 96 30 choose,
2522 339 103 25 exclude

2344 378 65 23 from
2420 378 34 24 its
2467 378 78 23 stalls.
2583 378 75 24 Smnn
2672 379 95 30 Cvique,
2778 378 104 25 authors

2345 416 47 24 and
2406 418 99 23 readers
2515 417 123 24 included.

2380 454 47 24 We
2438 463 39 16 are
2491 455 50 25 told
2564 455 57 25 that
2644 455 183 25 Melancthon's
2836 455 45 25 lib-

2345 501 57 24 rary
2430 494 132 24 contained
2590 493 55 25 four
2673 494 103 24 authors
2808 494 55 31 only
2874 502 5 16 :

2345 533 82 32 Pliny,
2446 533 128 31 Plutarch,
2599 534 73 24 Plato
2695 534 50 24 and
2762 534 119 24 Claudius

2344 571 122 32 Ptolmey.
2484 571 24 25 It
2520 571 21 24 is
2554 571 106 29 evident,
2678 572 131 28 therefore,
2823 571 56 25 that

2345 610 43 24 the
2400 611 50 23 size
2462 607 32 28 of'
2498 619 15 16 a
2524 611 128 24 collection
2663 611 21 23 is
2696 613 43 22 not
2748 618 28 17 so
2787 611 92 31 impor-

2346 650 54 22 tant
2411 656 27 16 as
2450 647 150 25 carefulness
2611 648 28 24 m
2650 649 32 23 its
2695 649 123 24 selection.
2854 650 25 22 A

2345 687 80 32 single
2445 689 63 24 book
2531 697 58 24 may
2612 689 30 24 be
2665 690 81 23 worth
2764 698 15 16 a
2801 689 79 25 whole

2344 727 92 30 library
2447 728 27 24 of
2489 729 99 24 inferior
2599 729 168 31 productions.
2802 729 77 24 Louis

2344 765 121 30 Kossuth,
2495 766 73 26 while
2596 767 158 31 imprisoned,
2798 768 83 24 learnt

2345 806 167 31 Englishand
2519 806 99 25 became
2627 814 15 16 a
2652 807 110 25 brilliant
2771 807 109 32 English

2345 846 92 24 orator,
2455 844 50 22 and
2516 852 37 15 we
2564 845 64 23 have
2639 844 40 24 his
2703 846 125 29 authority
2840 846 39 22 for

2345 883 19 23 it
2376 882 57 24 that
2455 881 39 25 his
2507 881 50 25 sole
2582 882 100 24 teacher
2693 891 50 16 was
2768 882 111 26 William

2347 920 177 32 Shakespeare.
2587 921 78 32 Many
2693 921 64 24 have
2785 922 96 24 formed

2345 960 162 32 magnificent
2517 960 113 26 libraries
2641 962 77 32 solely
2726 962 64 24 from
2799 964 78 24 osfceu-

2345 1001 89 25 tation.
2470 1001 70 25 More
2552 1001 62 25 than
2626 1002 49 25 two
2686 1003 122 24 centuries
2826 1011 53 23 ago,

2345 1039 38 24 La
2395 1039 122 33 Bruyrere
2529 1040 54 25 said
2594 1040 28 25 of
2639 1048 15 17 a
2665 1040 52 25 rich
2731 1040 44 26 but
2794 1041 85 25 illiter-

2347 1081 40 22 ate
2398 1078 116 25 collector
2525 1079 26 24 of
2560 1079 140 32 splendidly
2709 1079 85 26 bound
2806 1080 76 25 books

2347 1118 56 25 who
2425 1118 50 24 had
2495 1119 95 24 invited
2609 1119 39 24 his
2667 1120 153 30 inspection:

2347 1157 77 25 thank
2435 1158 52 24 him
2498 1159 38 24 for
2547 1158 141 32 politeness,
2707 1159 49 27 and
2769 1167 27 17 as
2816 1159 66 25 little

2347 1205 27 18 as
2387 1197 103 26 himself
2499 1206 56 17 care
2575 1200 26 24 to
2613 1199 57 26 yisifc
2688 1199 43 25 the
2743 1200 44 24 tan
2804 1199 78 26 house

2348 1235 79 25 which
2440 1236 32 25 he
2484 1236 60 25 calls
2556 1237 37 24 his
2750 1237 57 24 And
2818 1238 64 24 Luc-

2345 1275 42 24 ian
2409 1275 53 25 said
2485 1277 26 23 to
2529 1275 63 25 such
2611 1276 105 25 another
2738 1277 84 24 fifteen
2834 1277 48 24 and

2347 1320 14 17 a
2373 1313 55 24 half
2437 1315 123 23 centuries
2581 1315 81 24 before
2682 1315 38 24 La
2740 1315 141 31 Bruyenne,

2446 1352 31 24 do
2489 1360 50 23 you
2562 1352 50 32 buy
2632 1361 28 16 so
2683 1361 76 24 many
2787 1352 73 25 books
2871 1354 11 22 ?

2347 1392 55 24 You
2416 1393 63 23 have
2502 1399 34 17 no
2547 1392 64 30 hair,
2630 1392 51 24 and
2702 1401 48 23 you
2762 1394 121 30 purchase

2347 1441 15 16 a
2374 1431 72 26 comb
2460 1441 5 21 ;
2484 1440 50 24 you
2546 1440 41 17 are
2599 1432 73 29 blidd,
2691 1432 49 25 and
2762 1441 48 24 you
2832 1434 51 24 will

2347 1474 63 22 have
2423 1481 15 15 a
2450 1472 81 33 grand
2554 1474 90 23 mirror
2656 1481 5 21 ;
2679 1481 50 24 you
2753 1481 42 17 are
2818 1474 64 29 deaf,

2347 1513 51 23 and
2409 1520 49 24 you
2469 1513 74 24 insist
2556 1521 30 15 on
2598 1513 51 24 fine
2661 1513 106 25 musical
2790 1513 92 25 instru-

2382 1590 58 24 Fire
2451 1589 50 24 and
2512 1597 57 23 war,
2586 1588 114 33 patriotic
2723 1588 88 26 malice
2835 1589 50 24 and

2349 1627 114 31 religious
2493 1627 151 29 fanaticism,
2662 1627 62 25 have
2755 1627 60 24 been
2841 1627 43 24 the

2349 1665 67 26 chief
2426 1666 108 24 enemies
2547 1665 26 25 of
2583 1665 74 24 books
2703 1665 53 25 The
2768 1665 118 25 Persians

2350 1706 130 31 destroyed
2492 1706 72 23 those
2576 1707 27 22 of
2615 1706 43 23 the
2677 1706 141 30 Egyptians
2838 1707 48 22 and

2352 1743 162 25 Phoenicians
2526 1751 5 21 ;
2551 1744 41 24 the
2604 1744 113 25 Romans
2729 1745 77 24 burnt
2818 1746 69 25 those

2350 1783 28 25 of
2387 1784 43 24 the
2443 1784 74 29 Jews,
2537 1783 139 26 Christians
2700 1785 50 23 and
2773 1785 115 25 Philoso-

2352 1823 75 32 phers
2439 1833 6 20 ;
2464 1822 75 26 while
2551 1823 42 25 the
2616 1823 68 25 Jews
2705 1822 75 26 burnt
2792 1823 95 26 Christ-

2350 1864 43 24 ian
2405 1863 48 25 and
2466 1863 87 32 Pagan
2564 1863 87 30 works,
2670 1863 51 25 and
2732 1864 45 24 the
2794 1864 94 25 Christ-

2352 1904 56 25 ians
2419 1904 27 24 m
2458 1904 66 25 their
2535 1907 67 27 turn,
2620 1905 87 31 Pagan
2719 1905 48 24 and
2785 1904 103 25 Jewish.

2354 1944 54 25 The
2419 1945 121 24 orthodox
2558 1945 64 23 have
2645 1946 91 30 always
2761 1945 129 30 destroyed

2352 1983 44 25 the
2419 1982 77 26 books
2508 1982 28 26 of
2556 1983 43 25 the
2620 1982 130 26 heterdox.
2785 1983 31 25 In
2839 1983 51 25 this

2352 2030 52 24 way
2416 2022 44 24 the
2472 2022 109 31 glorious
2604 2021 113 25 libraries
2740 2022 27 24 of
2784 2022 106 24 Alexan-

2354 2062 54 23 dria
2419 2062 50 23 and
2481 2062 208 30 Constantinople
2701 2062 122 30 perished,
2841 2062 50 24 and

2352 2109 74 24 many
2439 2103 84 23 others
2547 2101 82 25 before
2652 2101 49 25 and
2724 2101 74 25 since.
2845 2101 45 25 Dr.

2352 2140 80 24 Adam
2446 2140 90 24 Clarke
2556 2140 107 25 testified
2688 2140 56 25 that
2756 2141 42 24 the-

2354 2179 89 24 barous
2622 2178 27 25 of
2659 2178 43 26 the
2714 2179 63 25 13th
2789 2180 103 31 century

2351 2225 65 18 were
2439 2225 68 17 more
2534 2217 152 25 'lestructive
2716 2220 26 22 to
2765 2218 127 24 literature

2352 2257 49 24 and
2414 2256 76 25 works
2503 2255 27 25 of
2540 2258 37 23 art
2591 2256 61 24 than
2672 2263 63 18 were
2755 2256 44 25 the
2810 2256 81 25 Turks

2352 2297 158 24 themselves.
2540 2297 53 24 Tbe
2606 2297 103 24 Church
2722 2305 46 16 was
2780 2297 61 31 long
2850 2297 42 24 the

2352 2337 88 31 deadly
2453 2344 90 24 enemy
2566 2336 25 25 oi
2611 2336 35 25 all
2669 2336 114 32 learning
2805 2340 87 28 except

2353 2376 34 25 its
2405 2384 62 20 own,
2486 2375 47 25 and
2547 2376 43 26 her
2602 2375 91 24 monks
2705 2374 93 25 effaced
2818 2375 73 25 thou-

2351 2414 74 24 sands
2437 2414 27 25 of
2484 2413 112 31 precious
2620 2413 146 31 parchment
2790 2421 100 16 manus-

2352 2455 75 30 cripts
2461 2453 80 24 works
2568 2453 27 24 of
2739 2456 26 20 to
2787 2461 103 22 prepere

2352 2493 70 25 them
2435 2493 36 26 for
2485 2493 51 28 the;
2540 2492 135 25 ridiculous
2686 2492 105 31 legends
2812 2493 27 23 of
2851 2493 40 23 the

2352 2531 43 25 the
2418 2531 87 25 saints.
2542 2531 100 25 Roman
2666 2530 127 25 Catholics
2816 2530 75 24 burnt

2351 2570 43 26 the
2411 2571 113 32 writings
2547 2570 27 25 of
2594 2570 43 25 the
2660 2570 157 24 Protestants
2840 2570 50 24 and

2351 2610 144 24 sometimes
2507 2609 43 25 the
2563 2610 102 28 writers,
2676 2609 50 24 and
2735 2608 154 26 Protestants

2350 2651 46 23 not
2418 2649 60 31 only
2498 2648 136 33 retaliated,
2651 2649 46 25 but
2719 2648 169 31 occasionally

2351 2690 95 25 treated
2457 2690 63 24 their
2531 2697 96 17 noncon
2631 2689 107 31 forming
2762 2688 124 28 brethren,

2350 2731 62 26 with
2431 2731 65 25 their
2516 2730 84 31 books,
2618 2730 28 24 m
2663 2738 16 16 a
2700 2729 96 25 similar
2818 2737 69 17 man-

2351 2778 50 16 ner;

2385 2809 52 23 The
2448 2807 136 24 calamities
2603 2807 27 23 of
2650 2807 103 23 authors
2772 2806 48 24 and
2844 2806 42 24 the

2350 2846 153 25 vicissitudes
2516 2846 26 24 of
2558 2844 65 26 their
2634 2843 76 26 works
2730 2842 64 27 have
2811 2852 76 16 never

2351 2886 62 25 been
2425 2886 63 31 fully
2508 2886 100 24 written
2628 2892 28 17 or
2675 2884 114 25 realised.
2836 2883 51 24 But

2350 2924 108 31 perhaps
2470 2924 44 24 the
2524 2923 52 25 fate
2586 2923 57 25 that
2655 2931 47 16 can
2713 2922 73 25 befall
2794 2931 16 15 a
2818 2925 69 28 great

2350 2964 65 26 book
2427 2965 21 24 is
2460 2967 26 22 to
2495 2964 31 25 be
2539 2963 130 26 mutilated
2681 2963 29 31 by
2722 2962 98 29 editors,
2839 2962 48 25 and

2351 3005 64 23 from
2428 3004 49 24 this
2490 3003 150 24 desecration
2653 3009 61 18 even
2726 3001 44 25 the
2782 3003 105 29 greatest

2350 3044 66 24 have
2427 3045 45 23 not
2484 3044 60 24 been
2556 3044 107 30 exempt.
2683 3042 52 24 The
2745 3041 47 26 Old
2802 3041 84 24 Testa-

2350 3084 72 23 ment
2433 3089 51 18 was
2497 3080 166 26 emasculated
2685 3080 31 31 by
2738 3080 44 25 the
2794 3078 93 25 Rabbis

2350 3123 59 31 long
2417 3122 80 24 before
2508 3121 20 24 it
2539 3120 45 25 fell
2596 3120 53 25 into
2660 3119 43 25 the
2716 3119 79 24 hands
2807 3119 27 24 of
2844 3119 43 24 the

2352 3162 117 32 Seventy,
2482 3160 49 25 and
2543 3160 92 25 almost
2646 3167 71 23 every
2726 3159 71 24 virile
2803 3159 84 24 writer

2350 3202 46 25 has
2409 3209 66 17 more
2488 3209 28 16 or
2538 3201 47 24 less
2597 3200 108 25 suffered
2716 3199 62 25 from
2797 3207 32 17 an
2841 3199 45 24 im-

2350 3241 126 31 pertinent
2486 3240 137 32 purgation.
2658 3239 66 25 How
2736 3246 75 24 many
2823 3238 64 25 have

2350 3281 46 25 felt
2414 3282 50 24 like
2477 3281 42 24 the
2530 3287 10 16 ?
2544 3280 71 23 acred
2627 3279 90 24 author
2729 3279 27 23 of
2766 3284 6 8 '
2775 3279 111 22 :Bevela-

2460 3319 56 26 that
2536 3319 103 32 plagues
2659 3318 51 25 and
2732 3318 95 25 eternal
2850 3318 36 24 in-

2349 3358 69 34 famy
2429 3359 81 32 might
2522 3358 30 26 be
2565 3358 76 25 theirs
2652 3357 57 26 who
2717 3357 80 25 added
2810 3361 26 22 to
2847 3357 39 25 his

2350 3400 61 25 book
2423 3409 28 16 or
2462 3400 59 25 took
2530 3408 67 22 away
2611 3399 65 24 from
2685 3398 29 25 it.

2382 3439 80 25 There
2479 3439 23 24 is
2524 3446 33 17 no
2578 3437 109 32 republic
2709 3437 51 25 like
2784 3437 55 25 that
2861 3446 15 17 o
2879 3437 7 19 f

2347 3479 86 23 letters
2444 3486 5 15 :
2469 3477 25 24 It
2506 3477 124 24 embraces
2653 3476 44 24 the
2709 3475 79 25 whole
2799 3475 85 25 world.

2349 3516 82 26 When
2450 3524 49 17 war
2510 3524 48 17 was
2570 3516 88 32 raging
2669 3515 109 25 between
2790 3514 96 25 France

2348 3557 51 24 and
2406 3556 127 31 England,
2546 3557 44 24 the
2602 3556 127 31 exchange
2741 3555 27 25 of
2773 3555 112 25 honours

2347 3595 49 24 and
2416 3595 134 25 courtesies
2572 3594 109 25 between
2701 3594 66 24 their
2787 3593 99 25 learned

2346 3632 84 26 bodies
2443 3641 51 17 was
2505 3632 28 25 m
2545 3641 31 16 no
2589 3641 50 23 way
2652 3632 112 24 affected.
2800 3632 84 25 Books

2347 3673 62 25 have
2428 3674 46 24 not
2485 3673 58 31 only
2556 3672 49 26 this
2625 3672 174 32 harmonizing
2809 3672 75 24 influ-

2346 3718 60 18 ence
2418 3719 33 17 on
2470 3711 151 25 individuals
2641 3711 49 25 and
2710 3712 112 28 coteries,
2841 3712 43 24 but

2345 3756 33 17 on
2390 3750 101 24 nations
2503 3750 61 29 also,
2584 3749 50 24 and
2654 3749 44 24 the
2709 3749 83 32 public
2816 3750 69 24 mind

2345 3787 28 24 of
2380 3788 102 31 Europe
2505 3788 45 24 has
2571 3789 59 23 been
2650 3789 99 23 formed
2762 3789 29 30 by
2817 3789 66 24 them

2345 3825 69 25 since
2425 3825 112 31 printing
2548 3833 51 17 was
2615 3825 125 25 invented.

2380 3865 21 23 A
2413 3863 158 25 well-known
2597 3864 84 24 writer
2702 3864 63 25 calls
2781 3871 15 18 a
2815 3865 68 30 great

2344 3903 93 32 library
2465 3912 33 16 an
2691 3905 51 23 and
2769 3904 114 31 patriotic

2344 3942 125 24 honour/
2505 3942 84 31 Egypt
2603 3949 49 17 was
2664 3942 120 25 foremost
2795 3942 27 24 m
2834 3942 49 25 this

2344 3990 27 15 as
2382 3982 27 22 m
2421 3982 147 30 everything
2580 3982 57 23 else.
2673 3982 39 22 On
2724 3983 42 22 the
2778 3982 68 24 front
2858 3983 25 23 of

2345 4020 44 23 her
2399 4020 56 23 first
2467 4019 113 25 national
2589 4019 90 30 library
2688 4027 51 17 was
2749 4027 27 16 er
2780 4027 102 23 graven,

2427 4056 176 25 nourishment
2614 4056 27 25 of
2651 4056 44 25 the
2815 4065 29 17 or
2856 4066 26 16 as

2342 4095 85 24 others
2438 4095 56 31 give
2505 4095 29 29 it,
2644 4095 125 26 medicine
2792 4096 26 25 of
2839 4097 44 24 the

2474 4133 57 24 And
2556 4133 65 25 from
2634 4133 56 26 that
2710 4134 61 25 time
2780 4136 26 24 to
2820 4135 62 29 this,

2342 4173 32 24 oil
2385 4173 103 31 opulent
2499 4173 50 24 and
2560 4173 185 32 large-hearted
2762 4174 121 26 benefac-

2342 4213 57 23 tors:
2404 4211 65 25 have
2480 4211 94 25 desired
2586 4216 25 20 to
2634 4212 88 25 diffuse
2734 4213 50 24 this
2797 4213 85 25 divine

2340 4251 174 25 nourishment
2526 4252 50 25 and
2587 4254 27 23 to
2625 4252 55 25 feed
2703 4253 98 31 hungry
2813 4254 70 25 souls

2342 4290 59 24 with
2414 4290 42 24 the
2469 4290 76 25 bread
2561 4291 26 24 of
2608 4290 52 25 life.
2695 4290 50 25 Yet
2764 4290 28 26 m
2817 4293 65 24 1300

2342 4326 43 26 the
2397 4326 93 33 library
2512 4328 28 24 of
2550 4327 94 25 Oxford
2666 4327 145 34 University
2823 4336 59 19 con-

2341 4364 84 26 tained
2449 4366 59 31 only
2592 4366 56 28 few,
2664 4367 76 24 tracts
2766 4366 59 33 kept
2854 4368 28 24 m

2470 4403 51 26 and
2533 4404 26 25 m
2571 4405 66 23 2364
2657 4404 44 26 the
2714 4405 80 32 Royal
2815 4406 66 25 Lib-

2341 4447 56 25 rary
2409 4442 27 23 of
2446 4441 97 24 France
2566 4441 43 26 did
2620 4444 44 24 not
2684 4443 92 24 exceed
2787 4446 95 30 twenty

2515 4477 62 27 Now
2589 4477 114 28 libraries
2715 4479 100 27 abound
2832 4481 50 25 and

2920 188 66 26 their
2997 188 77 26 books
3086 196 42 17 are
3139 188 132 25 countless.
3296 189 38 25 To
3344 189 113 25 instance

2918 229 56 25 two,
2993 235 15 17 a
3019 226 114 26 national
3144 226 50 25 and
3206 235 13 15 a
3231 227 160 31 proprietary,
3413 226 42 25 the

2918 265 96 25 British
3026 265 117 25 Museum
3152 264 104 32 Library
3267 264 22 24 is
3297 272 16 16 a
3323 264 132 24 boundless

2918 303 50 25 and
2978 303 116 31 imperial
3116 302 186 25 accumulation
3325 302 28 25 of
3372 302 81 24 know-

2916 344 79 31 ledge,
3008 342 45 26 but
3066 342 71 26 lends
3149 344 44 23 out
3205 342 111 32 nothing,
3329 341 73 26 while
3411 341 43 26 the

2916 384 105 24 London
3033 383 109 31 Library
3154 383 21 24 is
3199 391 15 16 a
3225 382 87 25 liberal
3332 382 85 25 lender
3428 382 27 25 of

2915 422 77 26 books
3015 423 79 24 which
3117 424 122 23 members
3261 429 47 18 can
3332 422 71 31 enjoy
3426 423 27 24 at

2915 463 74 24 home
3001 471 28 16 or
3040 463 27 23 m
3079 471 48 23 any
3138 464 56 30 part
3205 461 26 25 of
3242 462 43 25 the
3297 462 82 24 world.
3416 461 36 25 To

2914 502 44 25 the
2979 502 99 30 literary
3099 502 102 24 student
3224 501 42 24 the
3277 500 56 25 first
3356 501 20 23 is
3389 508 28 16 as
3437 508 15 17 a

2915 534 161 43 ma^tii&aent
3122 541 45 24 but
3196 541 137 24 somewhat
3361 541 89 30 dreary

2914 570 214 43 whii^fpSe'-other
3146 579 68 31 gives
3234 581 42 22 the
3288 579 116 24 comforts
3427 580 26 23 of

2914 628 14 15 a
2941 621 72 22 sweet
3026 619 47 24 ami
3099 626 56 22 cosy
3168 619 53 28 inn,
3247 619 60 23 such
3331 626 28 16 as
3382 618 71 24 Prior

2914 659 49 24 and
2975 659 70 24 Isaac
3069 658 98 25 Walton
3187 658 79 24 loved.
3313 657 139 25 Literature

2914 705 64 17 owes
2990 697 75 25 much
3088 699 26 23 to
3138 697 43 24 the
3206 696 115 24 Museum
3344 696 105 31 Library

2913 737 51 25 and
2975 737 37 24 far
3024 745 68 16 more
3114 739 26 23 to
3163 736 44 24 the
3218 736 105 25 London

2914 777 61 25 than
2999 777 42 25 the
3065 777 100 31 general
3187 776 84 31 public
3294 777 20 23 is
3327 784 78 17 aware
3417 776 33 25 of.

2914 815 72 24 Were
2998 816 43 23 the
3053 816 70 22 value
3136 816 26 22 of
3172 816 43 22 the
3227 815 103 23 London
3350 814 101 30 Library

2913 861 69 14 more
3001 853 70 29 fully,
3087 853 99 26 known,
3207 852 43 23 the
3274 852 177 29 subscriptions

2913 898 54 16 now
2980 891 72 30 being
3066 889 68 25 made
3145 890 39 24 for
3194 889 33 24 its
3239 889 150 30 re-building
3400 889 48 25 and

2914 928 126 24 extension
3053 927 82 24 would
3158 929 66 22 meet
3246 927 63 24 with
3319 927 129 24 increased

2915 968 100 30 support
3026 966 62 24 from
3112 966 34 24 all
3157 966 77 24 lovers
3258 965 25 25 ot
3294 967 55 23 true
3368 965 81 25 litera-

2914 1009 65 22 tura.

2947 1047 51 24 For
3010 1047 41 23 the
3063 1046 114 31 ordinary
3189 1046 92 28 reader,
3300 1046 82 25 whose
3391 1046 61 25 time

2915 1087 50 24 and
2983 1094 86 17 means
3098 1094 40 16 are
3160 1085 104 28 limited,
3294 1094 45 16 our
3363 1086 90 25 Parish

2917 1125 121 23 Libraries
3067 1124 89 31 supply
3181 1124 115 24 valuable
3325 1127 78 21 stores
3426 1124 27 24 of

2914 1162 158 24 information
3104 1162 51 24 and
3183 1162 93 24 mental
3306 1163 143 23 recreation.

2916 1201 76 24 These
3003 1200 63 24 have
3080 1201 59 23 been
3151 1200 188 31 supplemented
3363 1200 31 31 by
3407 1200 43 24 the

2915 1238 122 32 liberality
3067 1238 25 25 of
3114 1247 16 15 a
3158 1238 47 25 few
3233 1246 122 23 generous
3384 1245 66 21 men,

2916 1284 92 23 among
3036 1277 81 24 whom
3140 1277 42 24 Mr
3200 1277 24 23 J.
3246 1277 132 22 Passinore
3400 1276 52 22 Ed-

2915 1316 78 23 wards
3004 1315 73 24 holds
3089 1315 42 23 the
3142 1313 56 25 first
3209 1314 116 24 honours.
3356 1312 39 24 He
3407 1313 44 23 has

2916 1355 99 31 planted
3036 1356 64 22 seats
3124 1353 27 25 of
3172 1353 112 30 learning
3297 1353 24 23 m
3347 1360 77 23 many
3434 1361 15 15 a

2916 1396 100 30 poverty
3029 1394 108 24 stricken
3146 1398 64 27 spot,
3223 1393 86 25 which.
3313 1400 39 17 are
3360 1393 93 24 certain

2915 1437 27 22 to
2962 1435 128 32 enlighten
3113 1434 50 25 and
3185 1433 93 26 benefit
3301 1433 34 25 all
3355 1433 96 25 around

2916 1476 76 29 them,
3011 1476 49 23 and
3072 1484 57 22 may
3140 1475 107 30 produce
3260 1476 70 29 great
3348 1474 99 25 results.

2918 1513 66 24 Who
3005 1513 85 25 knows
3102 1515 26 22 to
3151 1513 55 24 how
3218 1520 76 23 many
3314 1520 15 16 a
3341 1511 112 32 budding

2917 1559 86 22 genius
3031 1552 68 23 these
3127 1558 59 24 may
3214 1550 30 24 ba
3272 1550 44 24 the
3344 1550 104 30 nursing

2917 1589 109 24 mothers
3034 1590 25 28 ?,
3063 1588 64 29 And,
3144 1589 23 23 m
3180 1588 43 24 the
3245 1588 69 31 lapse
3335 1588 25 23 of
3381 1588 70 28 time,

2917 1626 72 25 when
3001 1635 58 16 nido.
3076 1626 58 25 look
3154 1626 62 25 back
3237 1626 50 24 and
3307 1627 76 23 count
3406 1625 44 24 the

2918 1665 114 24 victories
3052 1664 115 25 obtained
3178 1672 56 16 over
3254 1664 139 30 ignorance
3404 1663 49 24 ani

2918 1707 72 24 those
3001 1705 33 31 by
3051 1705 82 23 whom
3156 1704 59 30 they
3233 1712 63 15 were
3318 1712 62 19 won,
3409 1703 44 24 tha

2919 1750 88 18 names
3019 1743 26 23 of
3055 1742 131 23 Passmore
3197 1741 121 22 Edwards
3330 1741 50 22 and
3391 1741 62 23 such

2920 1791 27 16 as
2958 1783 40 28 he,
3016 1781 51 26 will
3078 1781 31 25 be
3121 1780 142 26 reverenced
3284 1788 91 23 among
3386 1781 67 23 those

2920 1821 27 25 of
2956 1819 139 33 England's
3108 1821 78 23 truest
3198 1818 157 26 bsnefactors.

2919 2783 158 60 LOCAL
3109 2783 94 60 and
3235 2783 222 60 GENERAL

2953 2907 118 24 Lantern
3106 2905 191 25 Exhibition.
3298 2903 21 25 A
3344 2903 113 25 Lantern

2920 2950 146 25 Exhibition
3086 2949 51 26 will
3149 2949 30 25 be
3191 2948 85 25 shown
3286 2948 27 24 m
3325 2947 43 25 the
3380 2947 75 24 Town

2920 2995 62 25 Hall
2994 2995 63 24 East
3069 2993 102 30 Oxford,
3185 2994 26 24 to
3219 2999 113 21 morrow,
3344 2991 111 33 (Sunday

2920 3038 113 32 evening.

2953 3083 128 24 Meeting.
3117 3081 24 24 A
3161 3079 110 32 meeting
3281 3078 50 26 will
3353 3078 29 25 be
3398 3077 59 26 held

2920 3128 26 22 at
2965 3126 44 24 the
3020 3125 55 24 Libi
3081 3133 43 23 ary
3135 3132 33 17 on
3187 3123 117 31 Monday,
3328 3122 54 24 Oct.
3401 3121 55 28 7th,

2919 3171 27 23 to
2960 3168 71 25 make
3043 3168 188 31 arrangements
3251 3166 38 24 for
3300 3165 44 25 the
3355 3164 102 25 Annual

2921 3214 95 31 Sports.

2952 3264 148 24 Influenza.
3136 3262 62 25 Now
3217 3261 50 25 ibis
3295 3260 119 32 epidemic
3434 3260 23 25 is

2918 3306 131 31 becoming
3059 3304 128 33 prevalent
3195 3312 37 17 we
3243 3302 113 34 strongly
3365 3310 90 16 recom-

2920 3349 73 26 mend
3005 3349 42 25 the
3058 3349 50 24 free
3120 3356 45 17 use
3177 3347 26 25 of
3214 3348 123 32 Platypus
3343 3346 85 24 Brand
3437 3353 15 17 o

2919 3394 154 31 Eucalyptus
3087 3392 124 26 Globulus
3239 3392 112 27 Extract,
3380 3391 76 24 taken

2920 3445 66 24 upon
3008 3445 75 23 sugar
3111 3444 28 18 or
3158 3437 27 24 m
3208 3435 71 25 milk.
3314 3434 54 25 The
3389 3434 68 25 most

2917 3480 116 32 pleasant
3043 3488 55 23 way
3109 3481 25 23 to
3143 3479 57 25 tako
3212 3478 155 31 Eucalyptus
3388 3478 21 23 i
3414 3478 16 23 3
3428 3478 28 24 m

2918 3524 43 25 the
2994 3524 116 32 Platypus
3138 3523 87 24 Brand
3252 3522 28 25 of
3302 3520 153 32 Eucalyptus

2918 3558 116 31 Jujubes.
3069 3558 70 30 They
3151 3564 42 18 are
3203 3556 26 24 m
3246 3555 62 25 such
3320 3563 14 16 a
3346 3553 110 33 portable

2917 3596 71 28 form,
3001 3596 115 32 pleasant
3128 3597 25 23 to
3165 3596 73 27 taste,
3257 3594 50 25 and
3324 3594 131 30 antiseptic

2918 3635 140 25 stimulant.

2954 3690 84 24 Local
3059 3688 149 25 'Option.
3209 3686 39 26 Wl
3260 3688 27 23 at
3323 3686 23 25 is
3379 3685 78 26 Local

2918 3734 90 31 Option
3019 3734 10 24 ?
3048 3733 74 31 Why,
3153 3731 111 25 whether
3292 3738 48 23 you
3368 3738 32 24 go
3428 3732 27 22 to

2918 3777 177 26 Christchurch
3115 3775 48 25 and
3189 3783 49 24 pay
3249 3776 55 24 30s.
3324 3774 37 25 for
3372 3782 15 17 a
3405 3773 51 25 suit

2916 3821 27 25 of
2973 3820 107 32 Kaiapoi
3096 3841 3 2 .
3115 3819 90 26 Tweed
3238 3826 28 17 or
3293 3820 41 30 get
3356 3825 46 17 one
3427 3818 28 23 at

2916 3861 120 32 Parish's,
3056 3864 65 24 East
3145 3862 102 28 Oxford,
3264 3862 38 25 for
3324 3862 54 23 21s.

2949 3907 31 27 R.
2998 3907 33 26 H.
3043 3907 91 25 Parish
3145 3907 23 25 is
3179 3914 56 18 now
3248 3904 103 32 making
3371 3904 81 24 Men's

2918 3953 69 26 Suits
2999 3954 26 23 to
3036 3952 73 24 order
3121 3951 65 24 from
3199 3951 38 23 2
3249 3951 53 23 15s.

2956 4073 122 29 NEWS
3094 4072 53 30 OF
3163 4070 87 32 THE
3271 4068 135 32 WEEK.

2949 4181 169 26 Anti-Jewiah
3137 4181 61 25 riots
3220 4180 63 24 have
3302 4177 92 26 hroken
3405 4177 46 25 out

2915 4227 29 24 m
2955 4226 108 31 Algeria,

2949 4271 106 31 Reports
3066 4269 66 25 from
3142 4268 44 25 the
3198 4266 103 26 Soudan
3315 4266 64 25 state
3390 4264 58 25 that

2916 4313 101 25 Osman
3042 4313 106 30 Digna's
3174 4311 78 24 forcrs
3271 4335 5 7 r
3280 4317 42 18 are
3344 4308 106 31 retiring

2916 4364 66 19 upon
2995 4355 177 28 thaJQialifa's
3181 4353 187 30 headquarters,

2949 4391 334 37 The^rei^Qoyernment
3294 4396 47 25 has
3350 4396 55 24 sent
3416 4402 34 17 an

2917 4449 80 25 envoy
3009 4444 25 23 to
3047 4440 204 32 Goijstantiiibple
3272 4439 62 24 vrith
3343 4438 106 23 instruc-

2920 4484 66 27 tioiis
2998 4489 26 22 to
3043 4482 118 28 coricldde
3182 4490 16 18 a
3213 4481 105 28 definite
3336 4481 78 30 treaty
3426 4478 28 25 of
3468 4487 19 16 m

1204 38 174 32 OXFORD
1423 38 233 32 OBSERVER
1700 37 238 37 SATURDAY,
1976 38 193 32 OCTOBER
2213 42 18 29 9
2279 42 89 31 1897.

3024 2032 73 35 //of
3098 2028 52 38 fie
3149 2027 226 45 persuaded
3373 2030 44 38 fo
3428 2012 10 67 j

2956 2066 148 48 Affy&ny
3111 2065 328 47 g/ffie/mffs/JonsX

2952 2404 4 28 I
2991 2408 394 28 CAwanfec/Go/da/K/Sf/iferMeifa/s)
3425 2404 3 29 I

2962 2436 460 37 eyQNGBBNBDmS

2960 2473 464 49 Tfteya&p&mandw&ofesome

3025 2513 61 36 ffia
3086 2516 86 33 nesf
3168 2523 120 34 money
3288 2514 78 36 a/id
3373 2546 6 4 .

2996 2550 199 46 experience
3213 2559 67 28 can
3295 2552 73 41 buy.

2961 2586 143 46 largest
3105 2589 73 36 safe
3177 2587 243 38 wAusffa/as/a.
3430 2586 9 37 I

3104 2631 39 28 BY
3154 2630 58 30 ALL
3223 2630 147 30 GROCERS
3410 2625 29 35 J
