2559 4029
1443 2291 78 24 NEW
1540 2291 210 24 PLYMOUTH.

712 815 38 30 By
779 810 39 28 ttie
850 815 111 23 schooner
986 814 175 28 Perseverance,

679 849 90 24 arrived
787 856 29 16 on
834 848 114 31 Saturday
968 849 105 29 evening,
1091 847 60 24 from
1170 847 97 28 Nelson,

680 890 32 16 we
721 882 104 24 received
835 882 39 23 the
886 881 126 24 Examiner
1023 882 26 23 of
1063 881 39 23 the
1114 880 43 24 3rd
1168 881 27 23 of
1208 881 59 30 Sep-

680 916 95 28 tember,
788 915 44 23 and
842 920 42 18 'we
903 915 58 23 have
978 915 118 23 borrowed
1107 922 55 23 very
1173 913 94 32 largely,

679 951 24 21 in
722 956 42 17 our
783 953 92 26 present
898 948 101 29 number,
1020 948 61 24 from
1102 948 31 23 its
1156 947 110 24 columns.

681 983 50 23 The
743 982 147 23 information
901 982 129 30 respecting
1047 979 125 26 Auckland
1183 981 21 23 is
1216 980 25 25 of
1255 988 14 16 a

680 1019 77 21 recent
769 1015 59 29 date,
837 1015 50 26 .and
896 1023 82 23 proves
989 1014 40 24 the
1044 1015 90 23 settlers
1147 1014 62 24 there
1222 1013 47 24 still

680 1054 22 19 to
721 1049 107 24 continue
846 1049 25 22 in
891 1056 14 15 a
922 1048 79 32 highly
1013 1048 139 30 distressing
1169 1052 58 19 state
1246 1047 25 23 of

681 1083 147 23 restlessness
837 1083 132 31 respecting
983 1082 59 23 their
1053 1082 76 22 future
1139 1085 128 27 prospects.

681 1117 76 23 There
779 1123 41 16 can
839 1115 28 24 be
888 1123 27 16 no
935 1115 69 24 doubt
1023 1115 40 23 the
1087 1115 58 24 New
1168 1114 102 24 Zealand

681 1151 116 22 estimates
812 1148 47 24 will
878 1149 30 23 be
929 1148 129 24 disallowed
1077 1148 31 31 by
1129 1148 39 23 the
1193 1148 76 24 Home

681 1183 165 24 Government.
867 1204 3 3 .
883 1182 51 23 The
947 1183 119 22 Governor
1078 1181 26 24 of
1119 1181 75 24 South
1204 1182 65 23 Aus-

681 1217 66 23 tralia
758 1224 46 15 was
815 1216 127 23 instructed
954 1220 28 22 ,to
998 1215 60 32 keep
1070 1215 38 25 the
1121 1216 148 30 expenditure

681 1251 24 22 of
721 1250 49 23 that
790 1249 88 31 Colony
890 1249 79 24 within
987 1250 116 28 £30,000
1114 1256 43 23 per
1175 1256 93 15 annum.

681 1284 64 24 Such
755 1283 70 32 being
836 1283 39 23 the
888 1291 50 15 case
950 1284 18 22 it
982 1283 19 23 is
1020 1282 45 24 fair
1076 1287 24 19 to
1110 1289 92 16 assume
1215 1283 54 22 esti-

681 1322 72 19 mates
764 1317 36 24 for
809 1317 57 24 New
875 1317 102 23 Zealand
985 1316 126 30 exceeding
1118 1315 50 24 that
1177 1318 93 21 amount

681 1351 44 23 will
738 1355 40 19 not
795 1351 28 23 be
842 1350 97 31 adopted
950 1350 30 31 by
992 1349 38 24 the
1050 1349 78 23 Home
1143 1349 126 30 Treasury.

681 1385 24 23 It
716 1392 46 16 was
775 1383 121 24 remarked
915 1384 23 22 in
953 1391 28 15 an
993 1382 121 24 Auckland
1123 1381 100 30 Herald,
1237 1390 33 15 we

681 1426 45 16 saw
740 1426 13 14 a
764 1418 64 23 short
840 1418 54 22 time
915 1417 68 28 since,
996 1416 51 24 that
1065 1416 38 23 the
1117 1416 119 24 estimates
1248 1416 25 22 of

681 1452 45 23 this
750 1458 55 22 year
825 1451 48 23 will
896 1454 93 19 amount
1018 1454 22 19 to
1069 1449 59 26 Jittle
1158 1449 64 24 short
1249 1449 24 23 of

681 1486 123 27 £60,000.
841 1484 78 23 Those
936 1484 101 31 portions
1057 1484 25 22 of
1098 1482 37 23 the
1155 1484 116 22 estimates

681 1518 74 24 which
766 1519 57 22 have
835 1517 116 24 reference
962 1521 22 22 to
997 1517 87 24 Cook's
1097 1517 93 29 Straits,
1202 1517 70 30 being

682 1560 54 23 very
755 1551 126 29 moderate,
903 1555 82 19 cannot
1002 1551 136 30 experience
1152 1550 71 24 much
1234 1558 37 14 re-

682 1586 99 28 duction,
792 1593 33 15 we
834 1585 58 24 have
905 1585 110 22 therefore
1026 1584 60 23 little
1098 1584 44 22 evil
1154 1588 23 19 to
1190 1592 81 23 appre-

681 1620 60 23 hend
753 1619 58 23 from
823 1626 14 15 a
848 1618 118 24 reduction
978 1618 23 22 of
1011 1618 39 23 the
1063 1618 159 22 Government
1230 1625 42 15 ex-

681 1652 127 32 penditure.
827 1652 44 23 We
883 1659 53 23 may
945 1652 162 31 consequently
1116 1651 156 31 congratulate

682 1686 115 25 ourselves
809 1694 63 23 upon
892 1685 38 23 the
951 1684 105 32 injustice
1069 1685 26 23 of
1109 1685 38 23 the
1168 1684 104 24 Colonial

682 1720 164 24 Government.
895 1719 24 24 It
939 1719 20 22 is
980 1719 115 23 fortunate
1119 1719 39 22 the
1181 1719 91 22 various

682 1754 142 24 settlements
845 1760 38 16 are
903 1760 25 15 so
947 1752 94 23 isolated
1062 1753 24 21 in
1104 1752 59 23 their
1182 1756 88 20 nature.

682 1788 66 30 They
771 1795 38 15 are
832 1791 38 27 yet
893 1793 62 16 more
978 1784 124 24 individual
1126 1786 56 23 than
1204 1785 68 23 Swan

682 1821 74 24 River
775 1820 43 24 and
837 1819 76 24 South.
931 1818 125 29 Australia,
1076 1818 75 24 where
1170 1826 33 15 we
1215 1819 58 23 have

682 1854 101 31 recently
804 1853 122 24 witnessed
947 1853 36 22 the
1002 1861 44 14 one
1067 1853 123 30 labouring
1201 1852 73 23 under

682 1889 110 23 immense
811 1887 131 31 depression
961 1887 23 22 in
1002 1893 157 24 consequence
1180 1886 26 22 of
1229 1887 43 22 im-

682 1921 98 32 prudent
803 1920 141 32 speculation
967 1920 43 23 and
1040 1919 38 24 the
1108 1920 115 22 cessation
1251 1920 24 22 of

682 1955 157 24 Government
850 1953 86 31 outlay,
948 1953 65 23 while
1025 1953 129 31 prosperity
1164 1953 41 23 has
1219 1960 53 16 con-

682 1988 79 25 tinued
773 1993 22 18 to
807 1988 102 23 increase
922 1987 21 22 in
957 1987 37 22 the
1006 1986 73 28 other,
1092 1983 114 33 governed
1219 1993 25 18 as
1255 1987 19 22 it

682 2023 96 22 Bjjyears>
791 2023 20 12 10
831 2020 58 15 Have
909 2020 55 15 t>een
984 2020 27 22 Dy
1025 2016 94 19 wisdom
1131 2013 45 22 and
1195 2014 77 21 mode-

682 2048 82 23 ration.
801 2046 50 23 The
871 2045 57 23 evils
950 2050 21 18 to
992 2045 28 23 be
1040 2045 110 30 expected
1169 2049 23 19 to
1214 2046 59 22 arise

681 2080 59 24 from
769 2079 39 24 the
836 2078 137 24 diminished
1001 2078 149 31 expenditure
1180 2079 26 22 of
1236 2079 37 23 the

683 2114 89 30 Colony
780 2113 45 23 will
836 2112 41 24 fall
887 2112 82 23 almost
976 2112 82 31 wholly
1067 2120 61 23 upon
1136 2112 135 24 Auckland.

683 2147 42 24 We
739 2147 86 23 believe
837 2147 51 22 that
899 2145 37 24 the
950 2146 118 23 reduction
1088 2145 25 24 of
1128 2146 38 23 the
1186 2154 86 23 expen-

682 2181 75 23 diture
769 2180 25 23 of
809 2180 39 23 the
867 2179 156 23 Government
1044 2184 24 18 at
1081 2179 134 29 Auckland,
1228 2180 46 23 will

683 2218 93 20 amount
788 2218 22 18 to
823 2221 64 16 some
907 2213 113 28 £20,000
1039 2213 116 31 annually.
1192 2213 25 23 It
1229 2213 43 23 will

684 2248 26 23 be
722 2247 107 24 attended
847 2246 55 24 with
921 2246 117 31 depriving
1052 2254 69 23 many
1132 2247 142 30 respectable

682 2289 97 23 persons
792 2281 24 23 of
825 2280 160 31 employment,
994 2280 45 23 and
1051 2281 46 22 will
1109 2285 36 18 act
1156 2281 118 31 generally

684 2322 28 16 on
731 2314 212 29 the-tommunity,-
957 2314 24 23 in
985 2315 5 7 N
998 2322 14 15 a
1030 2318 62 19 most
1112 2313 163 32 discouraging

683 2348 45 24 and
741 2348 133 30 depressing
895 2354 101 17 manner.
1034 2347 52 24 The
1105 2348 135 22 uneasiness
1252 2348 23 23 of

683 2382 39 23 the
741 2381 125 24 Auckland
885 2380 90 24 settlers
994 2388 97 24 appears
1109 2380 48 24 like
1177 2389 14 15 a
1212 2381 62 23 fore-

684 2415 85 31 boding
797 2414 24 24 of
848 2414 40 24 the
917 2414 89 31 coming
1035 2418 79 24 storm,
1137 2413 76 24 which
1241 2423 34 15 we

684 2448 111 31 sincerely
807 2448 59 32 hope
875 2448 47 23 will
941 2453 39 18 not
991 2456 71 23 prove
1075 2456 25 15 so
1117 2456 80 15 severe
1208 2448 25 23 in
1244 2449 31 23 its

684 2489 167 24 consequences
868 2486 24 19 to
913 2481 37 24 the
969 2486 48 19 seat
1038 2481 25 23 of
1079 2481 159 24 Government
1249 2490 25 15 as

684 2524 33 15 we
728 2515 49 24 fear
788 2516 19 22 it
818 2515 54 24 will.

719 2571 52 25 The
790 2571 98 32 Tobago,
910 2572 58 23 from
990 2571 118 33 England,
1132 2571 91 24 arrived
1246 2572 32 23 off

686 2606 99 24 Sinclair
804 2606 70 23 Head
893 2613 29 15 on
940 2606 102 31 Monday
1055 2606 127 23 afternoon.
1220 2606 56 24 Two

686 2640 24 23 of
720 2639 39 24 the
771 2639 66 24 cabin
845 2647 137 23 passengers
994 2639 84 24 landed
1086 2639 59 24 from
1154 2639 42 24 her
1204 2639 71 30 there,

686 2674 45 23 and
751 2672 89 24 walked
856 2674 25 22 in
900 2678 22 18 to
943 2677 59 20 town
1021 2673 39 24 the
1082 2681 63 15 same
1169 2674 106 30 evening.

686 2707 43 24 We
748 2707 55 23 hear
815 2706 49 24 that
875 2707 56 30 they
942 2711 57 19 state
1011 2707 51 23 that
1081 2706 39 23 the
1133 2706 92 31 Tobago
1236 2707 41 23 left

686 2740 110 31 England
808 2740 62 31 early
881 2741 25 22 in
917 2740 75 31 April,
1004 2740 46 24 and
1061 2740 42 23 has
1116 2740 74 23 called
1204 2744 23 19 at
1239 2740 38 24 the

688 2774 63 31 Cape
771 2773 45 24 and
835 2773 93 24 Hobart
947 2773 79 25 Town.
1064 2773 47 24 She
1129 2773 42 24 has
1184 2782 14 14 a
1213 2773 64 32 large

686 2807 63 29 mail,
762 2807 42 23 but
821 2814 70 23 many
903 2807 25 23 of
943 2807 40 23 her
1002 2808 206 23 communications
1220 2807 57 23 have

686 2841 59 23 been
764 2840 138 31 anticipated
918 2840 31 31 by
973 2841 36 23 the
1031 2840 84 24 arrival
1133 2841 26 22 of
1176 2840 39 24 the
1235 2840 43 23 Sir

688 2872 96 25 Charles
792 2873 87 23 Forbes
891 2877 23 20 at
926 2873 95 30 Nelsou,
1030 2874 61 23 from
1103 2873 106 30 London,
1223 2874 54 24 with

687 2907 64 24 dates
762 2912 23 18 to
798 2906 38 24 the
849 2909 39 22 Ist
895 2907 26 23 of
930 2907 64 32 May.
1031 2907 48 24 She
1090 2907 42 24 has
1143 2908 56 23 nine
1211 2907 66 24 cabin

687 2948 145 24 passengers,
841 2941 45 23 and
893 2948 83 23 among
987 2941 38 23 the
1034 2942 96 22 number
1137 2941 39 23 the
1186 2941 92 24 brother

688 2975 24 23 of
730 2974 79 31 Major
828 2974 143 25 Hornbrook
983 2983 6 21 ;
1013 2975 43 23 she
1074 2975 42 23 has
1135 2974 49 23 also
1204 2983 14 15 a
1234 2975 44 23 few

688 3013 103 24 steerage
802 3016 146 21 passengers.

721 3041 52 24 The
793 3042 118 23 Custom's
929 3042 53 23 boat
1000 3041 88 24 started
1107 3041 123 31 yesterday
1243 3041 34 24 af-

688 3079 95 20 ternoon
801 3083 61 24 upon
880 3083 14 15 a
913 3079 75 27 report
1008 3076 25 23 of
1056 3075 41 24 her
1117 3074 70 32 being
1205 3075 73 23 inside

688 3109 38 24 the
738 3109 78 29 heads,
828 3109 42 23 but
889 3109 106 24 returned
1015 3109 96 23 without
1123 3109 85 30 having
1222 3116 56 16 even

688 3150 53 17 seen
754 3142 48 24 her!
811 3147 2 5 '
839 3142 24 24 It
882 3142 22 23 is
917 3142 112 31 supposed
1051 3142 49 23 that
1112 3141 84 32 during
1208 3142 70 24 Mon-

688 3176 43 32 day
743 3176 73 31 night,
829 3176 41 24 she
882 3180 63 19 must
955 3176 56 23 have
1027 3176 59 23 been
1097 3175 126 30 becalmed,
1235 3176 43 23 and

688 3209 84 25 drifted
784 3210 66 24 down
860 3209 99 24 towards
971 3210 103 23 Palliser,
1081 3209 59 30 Bay.
1176 3226 3 3 

722 3267 48 24 His
782 3266 125 32 Lordship,
919 3267 38 23 the
969 3267 88 31 Bishop
1069 3267 26 23 of
1108 3266 58 24 New
1178 3267 102 24 Zealand

689 3300 46 24 and
746 3301 67 27 suite,
825 3300 110 25 returned
945 3300 24 24 in
981 3300 37 24 the
1036 3300 112 24 schooner
1168 3299 111 25 Perseve-

689 3340 70 17 rance
776 3333 61 24 from
844 3354 3 3 .
855 3333 97 30 Nelson,
966 3342 28 15 on
1013 3333 115 31 Saturday
1139 3333 55 25 last.
1233 3334 47 24 His

690 3366 124 31 Lordship,
826 3371 79 27 report
916 3371 78 25 states,
1006 3366 47 24 will
1072 3366 89 31 shortly
1182 3368 98 30 proceed

691 3405 21 20 to
725 3400 118 25 Taranaki
855 3401 31 31 by
896 3399 63 30 land,
971 3400 54 24 with
1036 3408 15 16 a
1067 3401 57 23 view
1144 3404 25 20 to
1189 3401 91 31 visiting

690 3434 38 24 the
751 3434 91 23 various
862 3434 142 23 settlements
1030 3439 64 26 upon
1117 3441 42 16 our
1182 3434 49 24 side
1255 3435 25 23 of

691 3467 87 25 Cook's
791 3468 93 24 Straits.
943 3472 14 20 /
1009 3474 4 3 '

724 3523 45 24 We
781 3526 38 21 ate
826 3522 82 37 .liappy
914 3519 68 38 ,t'p:be
990 3523 52 24 able
1054 3518 113 37 tq'yiport
1178 3522 52 27 that
1236 3524 44 24 .the

691 3554 78 33 Royal
793 3555 110 30 William,
924 3555 72 26 which
1013 3556 92 30 arriyed
1116 3564 47 21 (On.,
1176 3554 104 35 Monday

691 3589 53 29 last,
757 3589 58 24 from
836 3590 90 32 Cloudy
945 3590 57 32 Bay,
1015 3589 113 32 -brought

692 3627 108 19 accounts
812 3623 25 23 of
852 3624 40 23 the
903 3631 105 24 progress
1025 3624 28 23 of
1066 3623 108 32 whaling,
1180 3636 8 3 -
1197 3628 33 19 at-
1241 3624 39 24 the

693 3656 97 23 stations
809 3657 25 22 in
855 3657 53 23 that
924 3656 203 33 neighbourhood,)
1140 3657 86 31 during
1231 3657 49 34 (jthfe

692 3688 46 24 last
748 3688 44 24 few
804 3688 64 33 days.
876 3710 6 11 ,
910 3690 47 24 We'
966 3690 82 24 should
1058 3690 49 24 like
1119 3694 22 19 to
1154 3690 59 24 have
1225 3691 55 23 been

693 3722 52 23 able
756 3726 22 19 to
790 3722 91 25 furnish
892 3719 39 28 the
941 3724 155 31 particulars,.
1105 3723 54 28 but.
1164 3723 116 29 have-not

692 3759 39 26 yet
743 3754 105 26 obtained
858 3758 132 27 possession
1001 3758 27 22 of
1031 3757 78 25 .theni.
1208 3761 11 4 ~

98 2027 51 15 Tk.
163 2027 100 14 C~J.~U*
283 2027 25 14 ~C
326 2034 11 14 ;;
341 2035 13 6 v
355 2033 11 7 U
368 2027 75 22 tuila;
462 2025 45 15 l»i»a
526 2030 28 10 an
574 2025 79 15 article

63 2060 63 24 upon
148 2053 38 22 the
210 2051 104 24 remarks
334 2051 102 31 recently
456 2050 65 24 made
539 2051 30 31 by
590 2050 63 23 Lord

65 2086 95 31 Stanley
171 2086 24 22 in
208 2085 38 23 the
258 2085 81 23 House
352 2084 25 24 of
388 2085 124 23 Commons
524 2085 130 30 respecting

63 2120 59 23 New
145 2119 109 23 Zealand.
298 2119 52 22 Our
373 2118 88 30 worthy
481 2122 172 27 contemporary

63 2153 101 23 reminds
176 2152 39 24 the
230 2152 58 23 Port
306 2152 128 23 Nicholson
453 2151 140 31 community
594 2150 3 9 1
604 2151 50 23 that

63 2187 30 22 he
105 2186 98 23 foretold
213 2185 50 24 that
272 2185 59 23 their
341 2185 140 31 petitioning
487 2185 36 22 for
534 2184 38 23 the
584 2185 70 22 recall

64 2220 25 22 of
107 2220 98 31 Captain
226 2219 98 25 Hobson
343 2218 75 23 would
435 2219 30 23 be
477 2218 106 24 attended
599 2218 55 23 with

63 2253 118 31 begetting
190 2260 30 15 an
229 2251 163 25 unfavourable
400 2252 86 30 feeling
496 2253 27 26 in,
531 2251 37 24 the
577 2251 77 24 breast

62 2286 50 23 of—
110 2286 76 23 Lord-
204 2286 93 31 Stanley
321 2284 98 25 towards
447 2286 39 22 the
514 2284 140 32 Company's

65 2320 151 23 settlements.
223 2327 4 5 '

82 2354 4 3 '
100 2353 29 23 In
148 2353 50 23 that
218 2352 77 24 article
314 2353 40 23 the
373 2353 90 23 settlers
481 2360 39 15 are
539 2352 74 23 stated
632 2357 22 18 to

63 2387 59 22 have
134 2387 126 23 demanded
272 2387 38 23 the
322 2385 70 25 recall
403 2385 25 24 of
436 2386 98 31 Captain
547 2385 106 24 Hobson-.

65 2420 52 23 The
134 2421 90 30 signers
236 2420 25 23 of
275 2420 38 23 the
326 2419 124 24 Memorial
467 2423 64 19 must
541 2419 55 23 hear
609 2419 45 24 this

64 2453 56 24 with
129 2454 110 31 surprise,
251 2454 36 23 for
298 2453 55 31 they
364 2453 66 23 made
440 2460 30 16 no
481 2452 57 24 such
550 2452 104 30 demand,

66 2486 87 32 though
166 2487 55 31 they
230 2486 141 29 considered,
388 2486 45 23 and
444 2493 33 16 we
489 2486 53 23 dare
555 2494 41 23 say
608 2487 48 23 still

65 2519 76 30 think,
157 2520 54 32 they
223 2520 66 23 made
301 2524 40 20 out
358 2528 14 15 a
383 2527 52 16 case
447 2519 137 32 sufficiently
597 2521 59 29 good

65 2558 24 19 to
100 2558 100 19 warrant
211 2554 62 23 them
286 2554 24 23 in
327 2554 182 31 memorializing
518 2552 36 24 for
565 2553 40 24 the
618 2562 38 15 re-

65 2587 76 23 moval
146 2587 26 24 of
176 2587 37 24 his
219 2587 149 31 Excellency.
388 2601 3 5 -
404 2587 52 24 The
464 2587 117 31 sagacious
587 2595 69 24 supe-

65 2621 82 30 riority,
158 2621 99 23 claimed
272 2621 31 31 by
315 2629 42 15 our
369 2625 172 27 contemporary
553 2628 54 16 over
621 2621 36 23 his

65 2653 189 31 fellow-settlers,
266 2655 21 22 is
298 2655 24 22 in
333 2655 40 23 the
381 2654 89 23 wonted
482 2654 70 23 strain
562 2654 26 23 of
594 2662 60 16 arro-

66 2695 80 22 gance,
152 2688 76 22 which
233 2696 33 15 we
272 2688 70 23 doubt
347 2691 41 19 not
392 2695 90 16 amuses
488 2688 39 22 the
532 2687 58 31 good
595 2688 62 23 folks

68 2721 26 22 of
100 2721 58 23 Port
166 2721 135 28 Nicholson,
308 2721 90 23 instead
405 2721 27 23 of
439 2721 102 29 creating
548 2729 44 23 any
600 2721 57 24 feel-

66 2754 43 31 ing
127 2754 24 23 of
160 2762 141 24 annoyance.
338 2754 25 24 It
373 2754 75 23 would
465 2761 84 24 appear
559 2754 50 24 that
619 2755 39 23 the

68 2789 76 22 writer
155 2788 26 23 of
190 2788 40 23 the
241 2787 78 24 article
331 2788 24 23 in
367 2787 38 23 the
419 2787 102 23 Colonist
531 2787 54 24 both
597 2787 61 25 fore-

68 2829 47 15 saw
126 2821 49 23 that
186 2821 66 24 Lord
272 2821 60 24 John
352 2820 95 24 Russell
460 2820 74 24 would
552 2829 64 15 cease
635 2826 23 19 to

67 2855 30 22 be
110 2855 105 24 Colonial
227 2851 116 33 Minister,
357 2854 45 24 and
422 2854 50 23 that
491 2854 29 23 he
538 2855 75 23 would
630 2855 28 24 be

68 2888 125 24 succeeded
216 2888 31 32 by
266 2888 63 24 Lord
354 2888 102 31 Stanley.
494 2887 40 24 He
554 2888 39 24 did
610 2893 47 24 not,

68 2921 112 30 however,
194 2922 167 23 communicate
378 2919 53 26 this'
440 2920 184 33 foreknowledge
635 2926 24 19 to

70 2954 38 24 the
121 2955 106 32 Meeting
241 2955 74 23 which
327 2954 134 24 sanctioned
478 2954 39 24 the
536 2955 124 24 Memorial

70 2988 26 23 of
101 2988 73 24 which
183 2989 30 23 he
221 2989 155 31 disapproves,
389 2989 45 22 and
440 2987 113 25 therefore
560 2989 19 23 it
590 2989 20 23 is
619 2994 41 18 not

68 3022 77 23 unfair
152 3027 22 19 to
183 3022 70 24 doubt
260 3023 38 23 the
307 3022 97 31 thought
411 3029 53 17 ever
470 3021 85 38 having
565 3023 95 23 entered

70 3054 36 23 his
119 3056 63 23 mind
194 3060 24 19 at
236 3056 50 23 that
301 3056 64 23 time.
400 3055 45 24 We
464 3055 28 24 do
510 3060 41 19 not
561 3055 98 24 hesitate

69 3092 25 19 to
106 3092 58 20 state
175 3089 52 23 that
237 3096 33 16 we
287 3089 72 23 doubt
378 3088 21 24 if
413 3096 45 23 any
477 3088 64 24 other
560 3096 54 17 man
634 3090 24 23 in

70 3121 40 24 the
123 3121 83 24 House
217 3123 27 22 of
259 3123 126 23 Commons
395 3121 75 25 would
485 3121 58 24 have
561 3123 99 31 adopted

70 3154 40 24 the
122 3161 81 18 course
213 3155 102 31 pursued
325 3156 32 31 by
374 3156 64 23 Lord
457 3156 102 31 Stanley.
609 3156 49 24 His

70 3189 123 30 ignorance
213 3189 25 23 of
253 3188 38 24 the
312 3189 95 31 subject,
423 3189 30 24 he
475 3196 48 17 was
546 3189 115 32 speaking

70 3222 71 23 about
157 3222 21 23 is
193 3226 66 21 .most
277 3221 106 32 palpable
388 3231 35 21 i;^,
425 3222 44 24 and
491 3230 35 16 we
544 3223 59 25 have
620 3223 40 24 the

65 3255 150 25 .consolation
227 3255 25 24 of
266 3255 115 31 knowing,
395 3255 48 25 that
461 3263 38 24 my
511 3255 64 25 Lord
587 3257 73 24 Stan-

70 3288 38 31 ley
131 3288 42 24 has
193 3288 86 31 always
293 3288 59 23 been
370 3288 83 24 looked
468 3295 62 26 upon
541 3298 25 16 as
576 3298 17 16 a
599 3295 63 19 most

71 3322 171 31 impracticable
254 3329 84 24 person
348 3321 33 31 by
392 3321 66 24 those
469 3322 50 24 who
531 3322 57 25 have
607 3323 54 24 held

72 3356 66 23 office
147 3355 55 24 with
214 3355 57 24 him.
308 3354 58 28 The,
369 3354 85 31 Whigs
461 3366 4 20 ;
467 3363 57 17 were
536 3361 37 26 {oo
585 3356 77 33 happy

72 3393 23 19 to
106 3394 40 26 get
157 3389 34 26 rid
200 3389 30 26 .of
245 3389 56 29 him,
313 3387 60 24 .and.
383 3389 21 22 if
418 3396 43 16 our
475 3389 147 27 information
634 3391 27 24 be

72 3427 41 21 not
124 3423 120 29 incorrect,
255 3421 30 27 he
296 3422 21 23 is
322 3425 48 20 mot
385 3420 72 33 likely
467 3421 55 31 long
540 3427 22 19 to
574 3425 87 23 remain

71 3456 26 23 in
108 3456 38 23 the
158 3464 65 15 same
240 3455 110 32 Ministry
358 3455 3 16 !
372 3454 55 23 with.
445 3455 39 23 Sir
495 3455 88 25 Robert
595 3457 66 24 Peel.

72 3488 58 29 We,,
140 3497 38 17 are
198 3486 51 33 *t]ll
246 3506 20 13 ::
267 3497 60 23 ,ver.y
350 3488 117 26 confident
489 3489 50 23 that
561 3490 100 32 Qaptain

73 3522 121 24 Hobson's
207 3522 98 24 conduct
315 3521 50 24 will
374 3521 28 24 be
415 3519 140 26 condemned
573 3523 32 31 by
624 3524 39 23 the

74 3556 106 23 Colonial
192 3556 101 24 office.^
298 3554 50 26 'We
359 3554 55 24 heaf
425 3554 50 24 that
486 3554 19 24 it
516 3554 41 24 has
571 3556 92 32 already

72 3589 59 24 been
143 3589 61 24 dealt
215 3589 55 24 with
281 3589 25 24 in
318 3586 156 27 thafmatiher
484 3587 84 32 by'thtf
586 3589 83 31 Loads'

73 3623 27 23 of
122 3622 38 24 the
183 3623 118 30 Treasury
317 3631 6 20 ;
351 3622 46 24 atad
407 3621 46 25 'the
454 3620 90 38 '^efeult
544 3628 11 32 j
566 3617 31 28 of
607 3615 8 17 A
613 3622 56 34 thSt,

73 3655 176 25 condemnation
271 3660 63 19 must
352 3651 42 32 be,'
402 3655 35 24 his
437 3657 17 21 i'"
467 3651 81 36 recall}'
552 3653 49 35 '.-o^

72 3689 87 32 having
170 3690 40 24 the
223 3690 147 31 opportunity
389 3688 25 24 of
430 3688 119 31 resigning
562 3688 107 27 afforded,

72 3722 58 25 him.
359 3738 15 9 ,-
400 3733 2 7 '
423 3725 19 17 *'»
454 3722 13 20 '.'
478 3725 122 17 -•:'■'■
668 3737 2 9 ,

107 3756 52 24 The
171 3760 50 20 seat
237 3756 26 24 of
279 3756 158 24 Government
448 3756 33 23 'iri
493 3754 62 26 New'
561 3753 103 27 Zealand

73 3789 80 31 ought,
167 3798 25 15 or
205 3789 72 31 ought
288 3794 39 19 not
339 3794 24 20 to
374 3789 29 24 be
414 3790 25 23 in
462 3787 87 26 Cook's
550 3782 12 42 j
569 3789 94 26 Straits.

63 3821 183 30 iWi?r!qonßider
245 3838 9 12 r
253 3823 102 29 ,it;hat.,a{.
367 3830 58 20 case,
437 3817 127 34 ia^favo^r;
581 3823 27 27 o?
617 3823 47 28 .the

63 3854 99 25 ifotimer)
168 3855 44 24 has
223 3848 137 40 beeniairly
372 3856 65 25 made
449 3860 47 25 out,
508 3858 42 23 nor'
561 3856 43 24 has
618 3864 46 25 any

64 3884 96 37 %Uemp
153 3885 3 10 !
161 3892 14 21 f*
184 3889 67 28 ;beeri
253 3892 4 12 !
261 3899 5 6 '
272 3889 66 30 usedi
339 3892 5 13 r
347 3892 4 8 '
360 3884 61 28 wiih'
428 3893 2 7 '
435 3884 101 35 Success;
554 3893 23 21 to
595 3894 69 28 proVe

607 3922 6 38 ',
621 3931 42 23 we,

74 3952 239 39 therefpr^^^nsid^r
324 3954 60 31 that,
390 3955 40 25 the
440 3955 103 32 petulent
554 3957 110 31 proceed-

1947 1205 62 24 Whe
2020 1205 58 24 have
2089 1205 106 24 obtained
2206 1205 39 23 the
2262 1205 118 30 following
2396 1205 103 32 compila-

1915 1239 47 23 tion
1982 1239 26 22 of
2024 1239 38 23 the
2079 1239 69 23 latest
2166 1238 125 24 Auckland
2308 1246 62 15 news
2389 1238 59 24 from
2464 1239 36 24 the

1914 1270 90 25 Nelson
2016 1272 127 23 Examiner
2152 1282 8 13 :
2161 1285 33 4 —

1975 1313 36 30 By
2024 1313 37 23 the
2073 1311 89 25 Sisters
2174 1320 33 16 we
2219 1312 57 24 have
2287 1311 105 25 received
2403 1320 14 15 a
2432 1312 35 24 file
2480 1313 21 23 of

1915 1346 37 23 the
1980 1346 148 25 Government
2159 1346 94 23 Gazette
2276 1351 22 18 to
2327 1345 39 24 the
2397 1346 56 25 17th
2481 1346 22 23 of

1915 1380 95 30 August
2029 1379 44 23 and
2094 1380 25 22 of
2138 1379 39 23 the
2198 1378 120 24 Standard
2334 1383 23 19 to
2378 1379 40 23 the
2437 1379 61 25 18th.

1916 1413 50 24 The
1978 1412 85 24 former
2071 1414 20 21 is
2104 1413 135 31 principally
2245 1412 62 24 filled
2321 1412 53 23 with
2382 1413 84 24 notices
2478 1413 23 24 of

1915 1446 154 31 forthcoming
2086 1446 108 31 hearings
2214 1447 24 22 of
2250 1445 55 24 land
2323 1446 87 29 claims,
2426 1445 73 25 before

1918 1480 190 23 Commissioners
2133 1479 101 31 Godfrey
2255 1480 44 23 and
2318 1478 137 30 Richmond,
2479 1484 20 19 at

1917 1513 150 29 Kororarika,
2080 1513 122 28 Waimate,
2215 1512 137 31 Wangaroa,
2366 1512 133 31 Manganui,

1917 1548 45 23 aud
1982 1546 134 31 Hokianga,
2130 1546 82 31 during
2225 1546 36 23 the
2280 1553 93 24 present
2384 1546 46 23 and
2441 1547 58 23 three

1916 1580 118 31 following
2051 1580 100 24 months.
2186 1579 78 24 There
2283 1581 21 21 is
2324 1580 47 23 also
2386 1588 14 14 a
2415 1580 84 30 procla-

1916 1615 88 22 mation
2022 1614 26 23 of
2065 1613 37 24 the
2123 1613 127 29 Governor,
2262 1613 117 31 declaring
2391 1621 13 15 a
2421 1615 79 22 certain

1917 1647 89 23 district
2018 1647 24 23 in
2054 1647 37 23 the
2104 1647 68 23 north
2184 1652 23 18 to
2219 1647 27 23 be
2258 1655 14 15 a
2290 1651 91 26 county,
2396 1646 70 24 which
2483 1647 17 23 is

1918 1680 81 25 named
2021 1680 74 29 Eden,
2117 1681 44 23 and
2181 1680 149 31 establishing
2349 1687 30 16 an
2396 1680 62 23 office
2471 1681 31 23 for

1918 1715 38 23 the
1968 1715 145 30 registration
2123 1714 24 23 of
2154 1714 65 25 wills,
2229 1713 75 29 deeds,
2312 1713 46 23 and
2366 1714 134 24 memorials.

1918 1748 72 23 From
2001 1748 38 23 the
2051 1745 119 26 Standard
2180 1755 33 16 we
2224 1747 64 24 learn
2370 1754 25 16 so
2406 1748 34 23 far
2446 1748 55 23 from

1918 1789 45 24 any
1985 1782 166 30 improvement
2179 1781 85 30 having
2292 1780 70 24 taken
2391 1781 62 30 place
2481 1786 21 18 at

1919 1814 138 29 Auckland,,
2064 1814 77 32 things
2155 1822 39 15 are
2205 1815 89 29 getting
2304 1814 36 23 far
2350 1821 81 17 worse.
2465 1814 37 24 On

1919 1848 38 24 the
1969 1848 42 24 sth
2023 1848 25 23 of
2056 1848 102 31 August,
2172 1856 13 14 a
2196 1847 77 32 public
2284 1849 102 28 meeting
2398 1856 45 15 was
2454 1848 49 23 held

1919 1886 23 19 to
1954 1882 85 28 devise,
2048 1881 19 23 if
2076 1882 108 30 possible,
2194 1888 61 16 some
2265 1888 78 16 means
2350 1880 36 23 for
2396 1881 107 31 bettering

1920 1915 38 24 the
1971 1915 114 23 condition
2098 1915 26 23 of
2139 1915 38 23 the
2189 1914 139 24 settlement.
2365 1913 45 25 We
2422 1919 81 19 extract

1919 1949 39 23 the
1966 1948 116 30 following
2090 1948 102 23 editorial
2200 1947 104 23 remarks
2313 1947 26 23 of
2345 1947 39 23 the
2391 1945 112 26 Standard

1920 1982 25 23 of
1956 1981 38 23 the
2006 1982 106 28 previous
2125 1981 58 29 day:
2185 1992 34 5 —

1948 2016 117 27 Although
2075 2023 33 15 we
2121 2016 57 22 have
2193 2015 31 22 all
2238 2016 67 28 along
2320 2016 57 23 been
2393 2020 112 20 strenuous

1921 2043 119 22 advocates
2055 2044 33 21 for
2104 2043 37 22 the
2151 2043 52 22 land
2213 2051 32 14 we
2255 2043 44 22 live
2316 2044 23 21 in
2349 2051 24 16 as
2383 2051 14 14 a
2410 2044 50 22 field
2474 2046 31 21 for

1921 2070 119 27 European
2051 2070 155 28 colonization,
2215 2070 42 21 and
2267 2070 58 22 have
2332 2078 29 15 on
2373 2078 66 20 every
2445 2079 60 15 occa-

1921 2098 49 21 sion
1982 2097 145 23 maintained.
2133 2096 39 23 the
2187 2097 131 27 superiority
2328 2098 25 21 of
2366 2098 37 21 the
2418 2103 87 23 country

1921 2124 87 22 around
2020 2124 35 21 the
2065 2124 98 22 Thames
2178 2131 53 15 over
2248 2124 30 21 all
2293 2124 44 22 and
2352 2131 68 21 every
2429 2133 39 14 one
2483 2127 23 20 of

1921 2151 37 22 the
1970 2151 62 22 other
2043 2152 139 25 settlements,
2196 2151 24 22 in
2236 2150 56 22 New
2307 2151 107 27 Zealand,
2426 2160 29 13 we
2471 2160 33 14 are

1921 2178 45 22 still
1976 2181 41 18 not
2059 2178 64 21 blind
2132 2179 23 20 in
2166 2185 40 15 our
2221 2178 105 21 devotion
2342 2182 23 17 to
2380 2178 39 21 the

1922 2205 25 21 of
2097 2213 24 14 as
2132 2208 20 19 to
2162 2213 93 19 suppose
2262 2205 33 21 for
2303 2213 43 14 one
2357 2209 98 18 moment
2460 2206 46 21 that

1921 2232 18 21 it
1945 2239 41 15 can
1998 2233 92 21 become
2097 2239 12 14 a
2119 2235 63 23 great
2188 2240 24 14 or
2219 2239 32 14 an,
2256 2232 123 27 important
2384 2233 121 21 settlement

1921 2259 21 21 if
1949 2259 125 27 neglected,
2087 2267 24 14 or
2122 2267 55 13 even
2187 2259 19 21 if
2212 2258 40 22 left
2261 2261 24 19 to
2295 2260 28 21 its
2333 2267 48 14 own
2389 2267 115 20 resources,

1921 2286 105 22 however
2036 2291 119 17 numerous
2172 2286 62 21 these
2251 2293 51 19 may
2311 2286 35 22 be.
2376 2286 58 22 That
2443 2287 16 21 it
2467 2287 38 21 has

1922 2312 95 22 natural'
2022 2313 134 27 advantages
2163 2312 87 22 overall
2259 2313 38 21 the
2303 2313 64 21 other
2374 2313 131 22 settlements

1921 2340 23 21 in
1956 2341 58 21 New
2024 2339 106 27 Zealand,
2138 2340 18 21 is
2168 2347 12 14 a
2190 2340 45 22 fact
2240 2340 48 21 that
2296 2343 81 19 cannot
2387 2341 27 21 be
2421 2340 83 22 denied.

1923 2368 48 20 Our
1991 2368 87 21 climate
2097 2368 26 21 is'
2132 2366 134 29 unequalled
2267 2378 26 4 —
2295 2374 40 15 our
2351 2367 106 22 harbours
2470 2374 35 14 are

1921 2395 55 26 safe,
1993 2394 159 26 commodious,
2169 2394 44 22 and
2231 2401 52 20 easy
2303 2394 26 21 of
2344 2401 82 15 access.
2460 2395 45 21 The

1921 2428 80 15 means
2018 2421 25 21 of
2055 2421 99 22 internal
2172 2421 185 22 communication
2373 2428 37 14 are
2426 2421 80 21 abund-

1922 2448 63 28 antly
1996 2448 101 27 supplied
2107 2449 30 26 by
2147 2448 63 22 those
2220 2448 65 22 noble
2295 2455 73 15 rivers
2377 2448 70 22 which
2454 2456 52 19 pour

1922 2475 58 22 their
1989 2479 78 18 waters
2076 2475 49 22 into
2136 2475 37 21 the
2183 2475 104 26 Thames,
2296 2475 37 22 the
2344 2475 118 27 Manakau,
2471 2475 35 21 the

1922 2502 111 27 Waikato,
2042 2502 44 22 and
2097 2502 38 22 the
2145 2502 107 27 Kaipara.
2281 2502 86 22 Nature
2377 2502 41 22 has
2427 2505 21 19 at
2455 2509 50 15 once

1921 2528 102 29 supplied
2032 2536 25 14 us
2068 2529 53 21 with
2138 2529 77 22 canals
2225 2529 44 22 and
2281 2529 66 22 roads
2361 2529 31 27 by
2403 2536 73 14 means
2486 2529 22 21 of

1922 2555 63 23 those
2001 2556 146 27 magnificent
2165 2560 99 18 streams.
2302 2556 47 22 Our
2365 2559 68 18 water
2451 2563 56 15 com-

1921 2583 139 21 munication
2078 2583 24 26 is,
2119 2583 24 21 in
2161 2582 52 26 fact,
2229 2583 65 27 equal
2311 2587 23 17 to
2354 2583 100 26 Canada;
2470 2590 37 14 our

1922 2609 89 22 climate
2022 2617 61 13 more
2098 2609 124 21 salubrious
2233 2609 53 21 than
2296 2609 48 22 that
2356 2610 26 21 of
2398 2610 97 22 Madeira
2501 2617 5 18 ;

1921 2643 40 15 our
1971 2635 41 23 soil
2022 2636 47 22 rich
2079 2636 46 22 and
2134 2635 71 23 fertile
2217 2643 22 14 as
2250 2635 49 23 that
2307 2636 27 22 of
2346 2636 70 27 Sicily
2425 2637 61 21 itself
2486 2648 21 4 —

1921 2663 90 28 equally
2019 2663 93 28 adapted
2124 2663 34 21 for
2165 2663 36 21 the
2207 2663 85 26 growth
2300 2663 26 21 of
2333 2670 60 20 corn,
2401 2663 37 27 oil,
2447 2665 59 26 wine,

1921 2690 46 22 and
1977 2690 61 22 fruit.
2067 2690 85 22 Nature
2162 2690 41 22 has
2212 2689 83 22 indeed
2303 2689 58 23 been
2377 2690 101 28 prodigal
2488 2691 20 21 of

1921 2716 42 23 her
1981 2717 52 27 gifts
2051 2721 56 18 unto
2125 2724 39 19 us;
2180 2716 45 22 and
2240 2717 20 21 if
2274 2724 32 14 we
2323 2724 37 14 are
2375 2717 45 22 still
2434 2718 72 27 sickly,

1923 2744 97 27 starved,
2041 2744 44 22 and
2102 2743 82 28 ill-fed,
2205 2743 47 28 she,
2272 2747 23 18 at
2312 2743 66 28 least,
2398 2745 22 21 is
2432 2749 38 17 not
2488 2748 20 18 to

1923 2771 83 21 blame.

1951 2825 60 23 That
2020 2832 32 15 we
2062 2833 38 15 are
2107 2829 25 19 at
2140 2828 90 25 present
2236 2825 24 22 in
2271 2833 13 14 a
2293 2825 40 22 sad
2342 2825 46 23 and
2399 2825 109 28 depressed

1924 2855 65 24 state,
2000 2860 32 14 we
2043 2853 43 21 will
2096 2856 46 24 not,
2152 2860 33 14 we
2194 2853 52 21 dare
2253 2856 46 24 not,
2311 2853 67 27 deny.
2407 2855 41 19 We
2457 2853 51 21 have

1924 2879 126 22 exhausted
2060 2879 37 22 the
2107 2883 88 24 greater
2203 2883 56 24 part,
2271 2879 21 22 if
2304 2884 41 17 not
2354 2880 39 22 the
2403 2880 74 27 whole,
2488 2879 22 22 of

1924 2914 42 14 our
1982 2914 76 14 means
2072 2907 23 21 in
2107 2907 37 21 the
2158 2907 107 28 purchase
2276 2907 25 21 of
2312 2910 60 18 town
2387 2907 121 22 allotments

1924 2933 44 22 and
1979 2934 23 21 in
2013 2933 38 22 the
2060 2934 98 22 erection
2170 2934 24 22 of
2206 2933 77 23 kaurie
2293 2933 68 23 shells
2371 2941 27 15 or
2410 2934 68 27 sheds,
2489 2937 19 18 to

1923 2963 88 24 protect
2027 2961 112 22 ourselves
2149 2961 57 21 from
2220 2961 38 21 the
2267 2961 106 22 weather.
2403 2961 40 21 We
2457 2961 51 21 have

1923 2987 109 27 gathered
2043 2987 102 28 together
2159 2991 24 18 to
2192 2988 59 21 form
2260 2995 14 14 a
2288 2990 59 19 town
2360 2987 45 23 and
2420 2995 12 14 a
2441 2987 68 22 settle-

1924 3018 71 23 ment,
2013 3015 40 21 but
2071 3022 31 14 we
2122 3015 58 22 have
2197 3015 56 21 done
2269 3015 57 21 little
2340 3018 23 19 to
2382 3015 102 22 establish
2498 3022 11 13 a

1925 3041 94 28 Colony.
2045 3043 47 20 Our
2098 3045 94 24 country
2198 3041 71 28 lands,
2278 3042 118 27 generally
2400 3041 107 28 speaking,

1924 3075 38 15 are
1980 3069 45 21 still
2041 3071 65 20 waste
2124 3069 46 22 and
2185 3069 145 27 unoccupied,
2348 3076 25 15 as
2388 3069 53 27 they
2452 3075 56 16 came

1924 3095 59 22 from
1992 3095 38 22 the
2045 3095 61 22 hand
2116 3096 26 21 of
2154 3100 87 18 nature.
2271 3096 41 21 We
2329 3103 37 14 are
2380 3102 127 19 consumers,

1924 3123 42 22 but
1973 3126 40 18 not
2022 3130 102 20 growers.
2153 3123 54 22 This
2217 3123 19 21 is
2245 3130 41 15 our
2295 3123 105 27 unhappy
2407 3123 90 26 position
2502 3128 5 19 ;

1924 3149 47 22 and
1980 3150 19 21 it
2008 3150 103 22 becomes
2122 3157 25 15 us
2158 3154 22 18 to
2191 3150 87 22 consult
2286 3150 101 26 together
2402 3155 49 16 now
2459 3148 48 22 such

1925 3183 13 14 a
1948 3180 58 19 state
2014 3176 25 22 of
2047 3177 74 27 things
2130 3184 52 20 may
2192 3177 27 22 be
2228 3176 119 23 remedied.
2378 3175 28 22 In
2417 3176 63 21 order
2489 3178 19 18 to

1923 3203 95 27 remedy
2024 3204 37 22 the
2067 3204 50 28 evil,
2126 3204 61 28 then,
2196 3204 18 21 it
2220 3203 43 22 will
2272 3204 28 21 be
2307 3208 119 22 necessary
2433 3202 75 27 clearly

1925 3233 23 18 to
1963 3232 139 21 understand
2111 3231 39 22 the
2159 3238 78 15 causes
2245 3230 72 22 which
2332 3229 57 22 have
2400 3230 81 21 tended
2490 3232 19 18 to

1924 3257 91 28 impede
2025 3257 37 23 the
2072 3265 101 21 progress
2180 3258 26 22 of
2213 3264 40 15 our
2262 3256 139 27 settlement;
2412 3256 41 28 for,
2462 3258 46 20 not-

1924 3284 160 28 withstanding
2093 3285 39 22 the
2140 3285 46 22 size
2195 3284 26 22 of
2226 3291 40 14 our
2274 3286 59 19 town
2346 3283 50 22 and
2404 3283 37 22 the
2450 3290 59 15 num-

1925 3311 41 22 ber
1976 3312 26 21 of
2008 3319 42 15 our
2058 3312 146 26 inhabitants*
2211 3310 19 21 it
2238 3313 60 19 must
2306 3309 29 22 be
2342 3309 167 28 acknowledged

1926 3338 49 22 that
1985 3345 40 15 our
2041 3346 101 20 progress
2156 3338 41 21 has
2213 3340 40 18 not
2265 3337 59 21 been
2339 3337 57 22 such
2411 3344 25 15 as
2445 3336 65 28 might

1925 3364 59 23 have
1994 3365 58 23 been
2060 3365 115 28 .expected
2188 3364 58 22 from
2261 3364 132 27 comparing
2408 3364 42 22 this
2466 3366 43 25 part

1926 3392 27 21 of
1966 3392 56 22 New
2038 3392 98 22 Zealand
2144 3390 61 23 with,
2214 3390 38 22 the
2261 3389 65 23 other
2334 3392 143 25 settlements,
2488 3396 21 15 or

1926 3425 58 16 even
2000 3418 53 23 with
2067 3419 38 21 the
2120 3417 128 24 Australian
2258 3417 107 23 colonies.
2393 3418 43 25 .We
2449 3418 59 25 have,

1926 3453 25 14 as
1967 3446 102 27 regards;
2076 3445 38 22 the
2115 3453 4 7 1
2124 3443 143 29 Settlement,
2283 3442 138 34 'everything
2434 3445 46 22 that
2492 3443 17 22 is

1926 3472 118 27 desirable,'
2060 3472 53 22 and.
2125 3472 37 21 the
2179 3478 81 15 reason
2272 3472 27 21 of
2311 3479 41 15 our
2367 3470 142 30 comparative

1924 3499 81 22 failure
2025 3500 69 21 mittf
2101 3498 111 23 therefore
2231 3498 27 23 be
2278 3499 123 22 attributed
2417 3503 21 17 to
2452 3498 57 22 other

1925 3532 79 16 causes
2011 3532 16 20 ;/
2034 3526 51 22 the;,
2087 3526 50 21 first
2145 3526 26 21 of
2180 3524 73 24 which
2262 3533 33 15 we
2304 3533 40 15 are
2359 3524 121 24 convinced
2492 3523 18 22 is

1925 3552 38 23 the
1969 3552 70 28 .delay
2046 3552 28 22 in;
2078 3552 39 23 the
2126 3552 127 23 settlement
2260 3553 26 22 of
2293 3552 150 23 theclaimato
2452 3549 56 25 land.

1925 3578 55 23 This
1996 3579 41 22 has
2051 3582 44 19 not.
2098 3578 53 29 only
2166 3578 121 29 paralyzed
2304 3579 38 23 the
2358 3580 73 22 efforts
2439 3579 23 22 of
2472 3577 36 22 the

1925 3606 100 22 resident
2039 3606 58 24 .land
2111 3606 125 28 claimants,
2255 3607 43 22 but
2315 3607 19 22 it
2349 3607 42 22 has
2406 3606 44 23 also
2463 3611 46 21 pre-

1926 3632 154 24 vented,their;
2084 3632 86 24 friends
2175 3633 45 22 and
2230 3634 38 22 the
2278 3633 155 23 non-resident
2438 3632 71 23 claim-

1926 3664 52 17 ante
1987 3674 2 6 .
1996 3660 61 22 from'
2068 3660 112 28 investing
2196 3667 44 21 any
2258 3667 63 16 more
2336 3667 82 21 money
2434 3660 23 21 in
2469 3657 41 22 this

1926 3690 103 24 country,
2045 3693 37 18 .or;
2095 3688 99 27 forming
2218 3687 139 23 settlements
2379 3693 59 22 upon
2456 3683 53 24 their

1925 3712 72 28 lands,
2008 3721 24 14 as
2043 3712 55 29 they,
2102 3714 75 23 would
2186 3714 116 23 othtrwise
2312 3714 58 23 have
2380 3714 65 21 done.
2472 3710 38 21 We

1926 3740 68 25 have,
1995 3748 39 17 no.
2037 3740 117 24 hesitation
2169 3741 24 22 in
2203 3742 82 26 stating
2290 3741 59 28 ,that,
2361 3740 46 23 had
2417 3740 35 21 the
2459 3737 50 24 land

1926 3766 118 23 claimants
2053 3767 58 23 been
2120 3768 124 23 confirmed
2248 3767 35 25 Jn
2292 3768 58 23 their
2361 3767 60 22 titles
2430 3770 21 18 to
2459 3763 51 24 land

1927 3801 30 16 on
1963 3794 42 24 the
2015 3794 82 23 arrival
2105 3795 26 22 of
2142 3795 35 22 his
2186 3794 137 28 Excellency
2332 3795 23 22 in
2369 3794 44 21 this
2424 3792 85 26 Colony,

1926 3821 39 22 the
1976 3828 154 21 consequence
2136 3822 74 23 would
2218 3822 58 22 have
2281 3822 58 21 been
2344 3821 38 22 the
2388 3818 122 24 immediate

1926 3848 150 23 introduction
2083 3849 27 22 of
2115 3849 86 30 several
2212 3848 152 30 thpusands;qf
2368 3846 141 26 immigrants,

1926 3874 56 23 both
1991 3875 59 23 frona
2063 3876 107 27 England
2184 3874 45 23 and
2243 3874 38 29 jthe
2297 3870 104 31 adjacent
2411 3872 98 23 colonies.

1926 3902 54 22 The'
1984 3901 108 24 'discredit
2093 3897 12 17 7
2108 3907 3 16 !
2111 3901 87 24 thrown'
2208 3898 202 32 u'p'orL.thsir.tfties
2424 3899 36 22 has
2472 3899 38 20 not

1928 3929 55 27 only
1993 3928 89 26 jruined
2089 3928 215 28 _the_.old_seltlers;
2317 3928 48 23 'hut
2375 3927 51 25 Jjas-
2433 3925 76 23 tended

1926 3952 384 36 ipjiqK^tOjinDipedejj^ieisgtthjigenjt
2318 3954 76 40 ifcelfp
2400 3953 51 29 o^P
2452 3951 58 40 o^

1336 2351 51 24 The
1399 2352 116 30 following
1526 2357 88 18 extract
1631 2352 59 23 from
1710 2352 38 23 the
1760 2352 68 24 letter
1840 2352 26 22 of
1880 2360 12 14 a

1301 2385 130 30 gentleman
1451 2385 101 31 residing
1571 2390 23 19 at
1606 2385 118 24 Taranaki
1734 2386 66 30 gives-
1810 2395 14 14 a
1836 2392 54 24 very

1302 2418 128 24 favourable
1443 2423 95 19 account
1550 2419 26 23 of
1590 2419 38 23 the
1639 2427 108 23 progress
1759 2420 97 29 making
1869 2419 23 23 in

1303 2452 48 23 that
1363 2453 128 22 settlement
1502 2461 5 14 :
1509 2465 34 3 —

1361 2486 69 22 Since
1451 2493 38 23 my
1507 2486 83 22 arrival
1612 2486 62 29 here,
1696 2486 39 23 the
1761 2486 132 31 gentleman

1303 2519 48 23 who
1363 2519 20 22 is
1396 2519 121 31 appointed
1538 2519 139 31 Company's
1689 2519 80 31 Agent
1789 2520 31 30 by
1840 2519 51 24 Col.

1302 2552 129 24 Wakefield
1443 2552 41 24 has
1503 2552 89 23 arrived
1603 2551 62 32 (Mr.
1679 2552 155 30 Wicksteed,)
1849 2552 44 23 and

1304 2585 12 24 I
1328 2585 68 24 think
1407 2587 19 22 it
1444 2585 132 32 impossible
1595 2590 23 19 to
1637 2585 58 24 have
1708 2586 84 23 chosen
1804 2594 14 15 a
1830 2594 63 15 more

1303 2619 97 23 suitable
1420 2627 91 24 person.
1549 2619 38 23 He
1608 2619 42 23 has
1667 2619 80 32 plenty
1766 2620 25 22 of
1807 2627 86 22 energy

1304 2653 44 23 arid
1368 2652 106 29 decision,
1493 2652 45 24 and
1557 2652 42 23 has
1617 2652 96 24 effected
1730 2661 69 23 many
1818 2652 75 23 useful

1304 2686 42 23 and
1366 2694 120 23 necessary
1505 2686 96 23 reforms
1620 2690 23 19 at
1661 2686 47 23 this
1730 2686 74 31 place,
1824 2685 70 31 doing

1304 2727 63 23 away
1376 2720 54 23 with
1443 2719 30 24 all
1485 2719 37 23 the
1534 2720 83 22 abuses
1627 2719 48 24 that
1687 2719 88 24 existed
1786 2719 107 31 previous

1304 2757 21 19 to
1338 2753 36 23 his
1386 2753 83 23 arrival
1479 2752 59 24 from
1550 2754 202 29 misgovernment.
1780 2753 45 23 We
1836 2752 59 24 have

1304 2787 38 22 the
1361 2786 73 23 whole
1453 2786 24 23 of
1493 2786 37 27 the
1550 2787 117 22 suburban
1685 2787 55 23 land
1758 2787 69 30 given
1847 2790 47 25 out,

1305 2820 125 31 consisting
1449 2820 24 23 of
1489 2820 69 23 about
1571 2822 91 27 12,000
1683 2828 73 21 acres,
1771 2820 46 24 and
1838 2820 57 23 have

1304 2853 45 24 had
1361 2858 42 19 two
1416 2853 120 24 selections
1549 2853 26 24 of
1583 2858 96 26 country
1691 2853 63 25 land.
1780 2853 115 33 Upwards

1305 2887 23 23 of
1347 2889 90 27 15,000
1450 2894 63 17 acres
1533 2886 60 24 have
1610 2888 59 23 been
1688 2888 93 28 offered,
1794 2887 45 24 and
1858 2888 38 22 the

1305 2925 89 26 greater
1416 2926 52 26 part
1490 2921 85 25 chosen
1583 2929 7 20 ;
1621 2929 63 15 some
1707 2921 59 23 have
1788 2921 109 24 reserved

1305 2954 58 23 their
1383 2954 85 24 choice.
1505 2954 54 26 The.
1575 2954 73 24 River
1668 2954 111 29 Waitera,
1801 2963 14 15 a
1833 2954 64 31 large

1305 2991 82 20 stream
1401 2988 69 23 about
1481 2989 53 22 nine
1545 2987 67 24 miles
1632 2992 24 19 to
1668 2987 39 24 the
1726 2987 132 24 northward
1875 2988 24 23 of

1306 3028 40 16 our
1364 3025 61 19 town
1446 3021 44 23 and
1509 3021 39 23 the
1570 3021 74 31 Sugar
1664 3021 62 23 Loaf
1742 3022 90 29 Rocks,
1855 3021 42 23 has

1306 3054 58 23 been
1376 3055 38 23 the
1425 3055 110 23 favourite
1547 3054 106 29 location,
1667 3055 39 23 the
1724 3055 54 23 land
1792 3055 70 31 being
1874 3055 25 23 of

1306 3095 13 15 a
1341 3095 55 24 very
1418 3088 45 23 fine
1486 3086 57 25 level
1573 3091 87 26 nature,
1684 3088 54 27 with
1768 3088 129 24 occasional

1306 3121 93 30 patches
1418 3122 25 23 of
1458 3121 44 24 fine
1522 3121 90 24 timber.
1649 3122 41 23 On
1700 3121 39 24 the
1757 3121 41 24 bar
1817 3122 27 23 of
1858 3121 39 24 the

1306 3154 112 29 Waitera,
1429 3158 23 20 at
1462 3154 56 31 high
1535 3159 83 23 water,'
1625 3163 34 15 we
1677 3154 48 24 find
1744 3155 59 24 from
1815 3156 82 23 twelve

1307 3192 21 19 to
1340 3188 104 23 fourteen
1455 3188 52 29 feet,
1518 3187 56 32 deep
1583 3188 91 31 enough
1684 3188 37 23 for
1731 3196 45 24 any
1786 3193 109 20 coasters.

1307 3221 36 31 By
1354 3221 61 29 land,
1429 3229 14 15 a
1454 3221 82 31 capital
1555 3221 66 26 road,
1630 3222 20 23 is
1659 3223 36 25 ,in
1713 3229 116 24 progress,
1842 3223 55 23 with

1308 3255 135 31 suspension
1473 3254 98 32 bridges,
1598 3262 53 16 over
1680 3255 39 24 the
1752 3256 146 31 intervening

1308 3292 104 25 streams,
1423 3288 82 29 which,
1518 3288 111 31 although
1645 3293 42 19 not
1704 3288 66 29 wide,
1783 3297 39 16 are
1831 3290 67 31 rapid

1308 3321 44 24 and
1370 3321 128 31 dangerous
1519 3325 22 19 at
1563 3323 74 27 times,
1654 3323 60 22 from
1737 3322 38 23 the
1797 3323 100 23 freshets

1308 3355 85 31 setting
1413 3356 64 22 down
1495 3356 59 22 from
1572 3355 39 23 the
1630 3356 124 23 Mountain
1770 3356 126 24 Taranaki.

1309 3388 72 31 Many
1393 3388 117 23 labourers
1520 3388 58 27 haye
1596 3388 88 32 bought
1701 3389 63 29 land,
1777 3390 46 23 and
1835 3397 62 16 com-

1308 3421 95 24 menced
1416 3429 30 16 on
1464 3422 59 23 their
1543 3429 56 20 own,
1613 3426 97 20 account
1732 3427 24 19 to
1774 3423 60 24 farm
1853 3423 44 23 and

1308 3455 85 31 garden
1414 3463 29 16 on
1461 3463 14 16 a
1491 3455 64 31 large
1573 3455 83 27 scale,,
1670 3455 108 26 .Messrs.
1799 3456 99 23 Goodall

1309 3488 44 24 and
1371 3488 92 29 Brown,
1475 3492 23 19 at
1507 3488 49 24 -the
1573 3488 116 30 Waitera,'
1695 3488 99 25 Messrs.
1808 3489 89 31 Flight}

1309 3521 125 30 Devenish,
1448 3521 99 31 Baileys,
1561 3522 56 29 &c.;
1629 3522 53 29 &c.,
1695 3530 38 16 are
1754 3523 32 23 all
1799 3522 98 29 cultiva-

1309 3556 49 30 ting
1370 3563 29 16 on
1410 3562 26 17 as
1447 3555 62 31 large
1521 3563 13 15 a
1548 3554 60 24 scale
1626 3563 25 15 as
1799 3556 98 29 '.Header

1309 3589 73 28 home,
1398 3596 30 16 on
1446 3588 38 24 the
1503 3588 136 29 suburbans,
1652 3584 112 29 Messrs!.
1768 3588 67 32 King
1841 3586 57 29 .and

1309 3622 188 31 CutfieldjiGapt.
1516 3621 79 31 Davy,-
1607 3621 45 24 and
1773 3631 39 15 are
1825 3622 72 24 clear-

1308 3656 41 30 ing
1371 3655 44 24 and
1434 3655 92 32 putting
1542 3655 26 23 in
1589 3659 121 27 potatoes,-
1722 3656 74 30 grain,
1815 3655 82 29 maize,

1310 3689 53 29 &c,
1376 3689 43 24 &c.
1443 3697 12 2 ~
1455 3688 43 24 We
1507 3688 58 24 have
1577 3688 139 31 established
1727 3696 17 16 ar
1750 3688 148 24 Horticultu-

1308 3722 34 23 ral
1361 3722 101 32 Society,
1630 3726 114 27 'prospect
1756 3722 25 34 qf
1796 3730 101 17 success.

1403 3753 47 29 ~4.W
1458 3763 63 16 acres
1526 3779 3 4 ,
1531 3752 6 13 ;
1537 3754 32 33 pf'
1576 3746 87 45 g^t'den
1673 3756 91 30 ground
1773 3756 22 31 jis
1799 3748 100 43 .'already

1309 3787 31 26 in/
1343 3781 133 39 cultivation
1483 3798 14 20 ;,
1509 3784 44 28 and
1564 3783 82 36 bj/the
1658 3788 54 30 ,enfl;
1724 3789 28 29 of,
1757 3783 60 35 /tlie'.
1822 3788 76 33 plant-

1309 3822 40 32 ing
1355 3829 88 19 reason
1452 3815 49 32 thib
1509 3822 46 24 will
1566 3822 31 23 be
1614 3829 54 24 very
1682 3822 80 24 much]
1766 3822 132 25 'increased;

1310 3856 51 24 The
1378 3856 78 24 whole'
1459 3862 4 12 ■'
1467 3855 28 24 ttf
1515 3855 39 24 the
1557 3860 10 19 '•.
1572 3852 149 34 agricultural
1737 3847 62 41 land)
1811 3855 88 24 cleared

1310 3889 44 23 and
1366 3889 131 32 sown^nMsy
1510 3893 94 20 aimount
1623 3893 23 19 to
1662 3889 71 23 about
1752 3888 56 25 150
1805 3888 21 25 i
1818 3896 80 22 acres;

1309 3922 41 23 but
1361 3930 34 16 we
1406 3930 38 15 are
1454 3921 68 24 much
1533 3922 26 23 in
1570 3915 66 30 wanV
1648 3922 27 23 of
1690 3921 66 24 cat'tlE
1756 3921 3 12 ll
1760 3939 7 14 >
1776 3925 6 9 l
1787 3922 47 25 and
1852 3915 47 30 hlso

1309 3945 590 49 labourj^Sjgftqd^^ia^e^d^sjja^jq^^Q^nd

688 3813 81 28 W-tti
777 3814 252 32 'Edit6r6f'thi^Niiw
1039 3823 96 22 Zealand
1143 3811 140 42 Gazet'tc^u!

771 3862 30 21 /T
1140 3848 5 5 '
1242 3846 30 39 y'"

720 3881 77 27 SiK/—
799 3880 27 23 ln
835 3881 64 28 reply
908 3883 23 19 to
942 3881 36 23 the
987 3881 67 23 letter
1063 3881 122 26 of-X.Y.Z.
1192 3871 91 40 inuyirar

691 3907 205 28 lasfc-paperj-J-beg
905 3910 24 20 to
938 3911 54 19 state
1002 3908 51 22 that
1065 3909 19 21 if
1084 3907 9 16 :
1096 3909 38 21 the
1148 3909 135 23 authorfflall

693 3934 68 29 apply
776 3934 127 34 personally
905 3934 161 29 <or^bjfcle£ter-
1070 3935 24 21 to
1107 3942 44 19 me,
1163 3942 26 15 or
1202 3931 81 28 fayimr

693 3956 143 33 me^ntfchia
845 3960 248 32 v^drs^i4^ha|}ijbe
1107 3960 176 34 bjgpyitoogjjve

565 33 101 47 Zty
689 32 120 44 I#rtD
834 32 212 42 2fta*anti
1070 31 195 47 iSa^tte
1288 31 91 40 autr
1403 30 304 49 WttllinQton
1733 28 255 51 gbptttator*

1288 118 47 22 him
1343 118 39 23 the
1391 118 145 23 information
1543 118 30 22 he
1584 119 105 27 requires,
1700 119 109 28 provided
1818 119 32 22 he
1857 119 19 22 is

1288 145 24 22 in
1321 153 14 14 a
1343 145 94 25 position
1448 148 22 19 to
1481 142 197 27 ask^'information
1692 142 184 31 onUlil&subject.

1327 198 27 28 £'*s
1399 205 7 17 '<
1438 215 12 11 v
1505 197 211 25 OYoufeobedient
1725 197 111 29 serjjfant^
1881 205 5 10 <■

1289 252 119 22 Treasurer
1416 255 23 19 to
1449 252 37 22 the
1497 252 135 27 Wellington
1649 252 89 27 Baking
1751 253 126 26 Company.

1424 311 164 23 NELSON
1612 311 127 23 NEWS.

117 123 171 30 SHIPPING
298 120 297 33 INTELLIGENCE.

94 169 59 42 J*f§
234 174 25 34 &J
279 177 144 23 ARRIVED.
479 174 35 28 f'
514 171 5 6 1
521 177 13 11 "'
608 171 7 20 ;
620 169 19 28 '*

64 207 17 26 1
86 207 122 26 September
219 208 41 20 lOw
265 205 269 27 BchooneriPerseiterance,
544 206 29 19 50
588 202 58 28 torisi
651 210 2 16 i

57 224 251 37 BShopVfrom-Ndson.
348 229 58 18 •-**-
459 228 53 17 **—
512 229 30 16 *^
651 228 2 14 !

86 262 60 21 Same
165 262 48 27 day,
233 263 103 20 schooner
354 262 61 23 Jane,
435 261 35 24 15,
489 260 82 26 Vendy,
590 260 56 20 from

57 290 89 26 whaling
155 290 86 21 station.

86 318 121 26 September
223 318 33 24 12,
272 317 104 20 schooner
389 315 93 27 Nymph,
494 316 35 23 22,
545 315 101 24 Scanlon,

57 345 55 16 from
122 344 89 17 Nelson.

87 372 59 20 Same
160 372 47 26 day,
227 371 59 27 sloop
297 371 75 26 JRoyal
387 370 112 24 William,.
508 369 37 26 43,
561 369 84 26 Lovett,

55 400 57 20 from
122 399 83 25 Cloudy
214 398 53 26 Bay.
296 396 19 28 'j-
373 415 4 3 .
430 401 4 3 '
491 395 150 26 '-'.'„'

257 442 13 10 s>
269 440 8 5 *
285 440 131 26 'sailed:

86 480 121 26 September
214 480 34 25 10,
254 480 120 26 brigantine
382 479 101 25 Hannah,
493 479 26 21 90
530 481 55 22 tons,
592 478 55 25 Bell,

56 508 35 20 for
100 508 88 21 Nelson.

86 535 123 27 September
224 536 34 24 12,
273 534 119 26 brigantine
411 534 122 26 Vanguard,
549 534 25 20 61
590 536 58 22 tons;

56 562 99 25 Newton,
165 562 35 21 for
209 562 89 21 Nelson.

221 591 68 19 cutter
308 590 118 24 Pickwick,
446 590 27 19 38
570 588 78 27 Styles,

54 617 37 21 for
100 618 36 20 the
517 639 5 4 v
560 634 3 7 ,

673 124 53 30 ings
738 123 26 23 of
778 122 39 24 the
828 115 119 39 jfefotc%ty
957 111 219 49 Stanley^illlnot
1194 114 76 39 affe4fF

674 156 38 24 the
721 152 106 38 (fue^tion
837 155 94 31 beyond!
940 163 14 15 a
964 162 52 23 very
1029 153 62 34 bjfref
1104 154 89 35 period.
1209 146 46 38 Jtf

882 195 82 24 pagers
976 195 38 15 are
1032 186 136 31 claflingMipr
1184 179 78 39 public

674 214 290 38 meeting^-toHlenonnce
980 221 38 23 the
1029 214 193 29 mi&sta'temenf.s
1239 220 31 23 of-

674 255 65 24 Lord
757 255 94 31 Stanley
863 254 130 32 respecting
1011 254 58 24 New
1086 253 75 24 South
1173 254 97 28 Wales.,

675 289 24 23 It
710 288 75 23 would
795 292 40 19 not
853 288 29 23 be
900 288 110 30 untimely
1022 287 36 23 for
1075 287 39 23 the
1239 287 30 23 of-

675 322 87 24 Cook's
775 322 83 22 Straits
870 325 23 19 to
906 321 57 23 have
975 329 12 14 a
997 321 98 30 petition
1107 320 25 22 of
1150 328 14 15 a
1176 320 93 34 similar^

675 355 124 29 charapter,
804 371 8 15 v
820 354 132 34 respecting
1048 353 108 29 Zealand,
1168 353 48 24 laid
1233 362 30 15 on

675 388 39 24 the
722 379 65 33 iable
801 388 30 24 'of
847 386 140 26 the^-House
994 386 31 30 <p£,
1040 386 125 24 Commons
1184 392 23 19 at
1224 387 39 23 the

671 440 2 6 ,
675 429 73 18 same,.
750 422 55 24 time
802 417 5 11 1
806 436 7 9 *
827 421 5 7 '
848 421 53 23 The
908 420 209 32 .misigojeernraent
1128 420 26 23 of
1169 419 94 25 Ireland

676 456 65 22 made
754 454 38 24 the
804 462 66 15 name
882 454 26 23 of
917 454 94 30 Stanley
1023 453 80 23 odious
1115 452 73 25 there.
1212 454 51 23 The

673 489 210 33 mis-goyernmei^t
888 487 35 27 ,of.
930 487 92 24 Canada
1029 494 46 16 was
1087 486 38 24 the
1135 487 50 23 real
1196 495 67 16 cause

672 522 30 23 lof
710 522 42 23 the
757 521 85 31 Whigs
853 520 71 31 being
935 529 25 15 so
971 520 69 31 ready
1050 525 24 18 to
1091 524 52 27 part
1159 521 54 23 with
1225 520 45 23 the;

676 559 93 27 present
781 555 107 23 Colonial
900 554 115 23 Minister.
1053 553 144 31 Complaints
1204 554 60 23 from

677 588 38 24 the
735 588 106 24 Colonies
864 588 27 22 of
910 587 38 23 the
971 586 116 24 Southern
1110 586 154 33 Hemisphere

763 621 68 24 make
847 621 40 23 Sir
905 619 88 25 Robert
1004 620 58 23 Peel
1074 620 106 30 doubtfuj
1190 621 26 23 of
1222 638 1 7 ,
1225 620 39 24 the

677 655 94 23 wisdom
794 654 26 23 of
839 654 39 23 the
901 662 77 15 course
1000 654 30 23 he
1053 653 42 24 has
1117 654 102 31 pursued
1241 654 24 22 in

676 689 94 31 placing
789 687 39 24 the
841 687 107 24 Colonies
961 687 71 24 under
1051 687 38 23 the
1212 687 25 24 of
1244 691 5 5 %

678 730 53 15 man
750 720 76 24 whose
847 729 67 15 name
933 722 19 22 is
972 725 40 19 not
1029 720 93 32 happily
1140 720 127 24 associated

678 755 55 23 with
746 762 44 22 any
802 755 158 23 Government
971 762 24 15 or
1006 758 76 26 party.

1904 123 91 30 require
2007 121 55 32 high
2071 125 83 28 wage's,
2166 122 45 31 fiv^e
2210 126 4 10 1
2229 118 136 36 shmingVjto
2381 124 38 22 six
2427 124 63 25 /shil-

1904 155 62 30 lings
1978 163 13 15 a
2006 155 51 31 day.
2071 165 1 7 ■
2095 155 152 29 /©rovwions,
2260 154 109 30 &fc;,*_are
2387 158 105 31 certainly

1905 188 54 23 dear
1970 197 6 20 ;
1990 188 42 23 but
2043 196 31 16 we
2076 182 7 11 v
2087 195 57 17 mive
2156 188 50 24 how
2217 189 95 28 effected
2318 194 173 26 ;ap:angements

1905 220 23 24 'to
1941 222 78 23 insure
2031 229 14 16 a
2055 222 91 31 regular
2164 222 83 32 supply
2257 217 28 28 'it
2286 221 38 24 oiri
2340 222 94 31 .Sydney
2450 224 42 24 and

1907 254 57 24 Port
1976 254 135 25 Nicholson.
2157 255 39 24 An
2209 255 112 30 emigrant
2335 255 77 23 vessel
2423 256 18 22 is
2453 264 39 16 ex-

1907 287 82 31 pected
2006 287 54 24 here
2079 288 60 30 daily
2159 287 52 32 (the
2231 287 104 30 Mellish,
2358 288 14 23 I
2388 288 104 33 believe',)

1907 320 74 24 which
1994 320 12 24 I
2018 320 58 31 hope
2088 321 45 23 will
2144 322 69 31 bring
2227 329 27 15 us
2271 329 62 15 some
2352 329 64 15 more
2434 323 59 30 capi-

1903 354 89 27 talists.
2003 372 3 4 .
2028 353 76 32 Every,
2116 354 66 32 body-
2192 362 83 16 seems-
2283 358 76 28 pretty
2375 354 52 25 well
2443 362 51 17 con-

1907 386 94 30 tented;
2033 387 29 25 of-;
2078 395 85 16 -course
2192 388 68 24 ithere
2289 395 38 15 are
2356 388 137 30 exceptions,

1902 436 2 5 ■
1908 420 117 30 generally
2027 440 3 3 .
2038 424 24 19 tor
2071 420 29 23 be
2119 421 70 23 found
2207 424 106 28 amongst
2333 421 39 23 the
2391 421 43 23 idle
2452 422 42 24 and

1909 454 97 28 useless,
2018 453 136 30 drunkards,
2167 454 45 23 and
2223 454 63 23 other
2298 454 44 23 bad
2359 454 134 26 characters.

1909 486 114 24 We-have
2034 487 45 23 had
2090 495 14 14 a
2115 487 43 23 few
2170 487 156 24 disturbances
2337 487 56 23 with
2402 489 92 29 natives,

1903 520 77 23 iabout
1999 520 39 23 the
2060 520 61 29 land,
2144 520 73 23 which
2233 520 57 23 have
2305 520 60 24 been
2384 521 110 31 promptly

1910 553 100 31 quelled,
2015 553 122 31 ,and.,they:
2142 561 38 16 are
2192 560 49 19 now.
2248 553 56 26 .civil
2312 554 46 23 and
2369 553 71 24 awed.
2474 555 20 24 A

1909 586 66 31 large
1992 591 66 26 party
2074 586 26 24 of
2122 587 62 23 them
2205 594 38 15 are
2263 586 119 31 employed
2403 586 35 24 for
2459 587 35 24 the

1912 619 127 32 Company,
2052 621 24 22 in
2095 621 89 29 cutting
2200 628 14 15 a
2231 619 74 23 bridal
2323 619 56 24 road
2398 620 96 25 between

1911 653 131 31 Wanganui
2054 654 44 22 and
2111 653 45 23 this
2165 654 72 31 place,
2249 653 31 30 by
2293 652 39 24 the
2342 652 61 24 back
2420 653 24 23 of
2459 654 35 24 the

1909 687 129 22 mountain.
2081 695 5 2 -
2125 693 3 4 -
2171 692 3 4 ■
2195 695 7 3 -

1972 720 45 23 We
2040 720 55 23 have
2117 720 48 23 also
2187 719 139 24 established
2342 727 16 16 a
2376 719 52 24 club
2445 720 52 24 here

1912 757 106 26 amongst
2027 753 40 23 the
2078 753 142 24 landowners
2230 753 44 23 and
2286 753 65 23 other
2360 753 135 31 gentlemen,

1912 786 75 24 which
2006 787 20 22 is
2049 795 13 15 a
2084 786 51 24 well
2158 786 117 31 regulated
2297 786 45 23 and
2349 805 3 5 .
2363 787 134 23 economical

1912 819 181 25 establishment.
2128 819 63 32 /We
2219 819 52 23 dine
2299 819 107 31 together
2434 827 63 23 every

1913 852 114 32 Saturday
2035 862 6 20 ;
2055 853 43 24 and
2111 852 13 25 I
2137 861 97 23 suppose
2246 860 46 24 you
2304 852 56 24 have
2373 852 125 32 something

1912 887 26 23 of
1963 886 40 24 the
2025 890 49 20 sort
2093 890 25 20 at
2144 886 96 24 Nelson.
2293 885 51 24 The
2367 885 71 23 Ariel
2457 887 41 23 and

1911 919 154 24 Peseverance
2077 920 44 23 and
2133 920 95 23 another
2248 919 67 23 small
2333 919 111 23 schooner
2462 927 36 16 are

1912 957 24 19 at
1952 958 94 26 present
2065 953 55 24 here
2138 953 147 30 discharging
2307 952 59 24 their
2374 970 5 11 ;
2391 960 92 23 cargoes
2492 962 5 20 ;

1912 986 44 24 and
1969 994 33 16 we
2014 995 37 15 are
2064 986 108 32 enjoying
2183 987 37 23 the
2232 990 61 19 most
2300 986 89 31 perfect
2395 985 103 24 weather.

1912 1020 138 31 Altogether
2072 1020 39 23 the
2134 1019 71 25 whole
2225 1024 59 21 state
2308 1019 26 23 of
2360 1027 42 15 our
2427 1019 71 23 affairs

1912 1053 67 24 looks
1999 1058 60 20 most
2078 1054 128 31 promising
2224 1052 45 24 and
2467 1064 31 5 —

1912 1084 99 26 Nelson'
2017 1086 133 29 Examiner,
2163 1085 66 30 Sept.
2242 1087 24 23 31

2047 1170 6 4 AUCKLAND
2067 1150 60 24 .

287 666 30 14 IN
333 666 82 14 PORT.

65 697 114 26 -*Barque-
183 696 117 26 CVytfwt'rfe,
311 697 42 20 256
369 697 57 22 tons,
590 694 59 20 refit-

54 725 56 25 ting.
138 725 69 19 Waitt
216 724 42 20 ana
267 725 74 25 Tyser,
348 723 93 25 Agents.'
459 726 2 6 '
486 719 17 20 '•'

83 753 84 26 Barque
167 765 8 12 ?
175 752 181 25 ln<Ze»p»*7y>,,4so
374 754 57 20 tons,
447 750 88 24 Adams,
547 749 102 26 lefitting.

56 781 89 25 Agents,
157 777 68 23 Waitt
235 779 42 20 and
287 779 75 26 Tyser.
415 790 3 3 •
528 788 3 5 -
618 787 6 11 \

84 807 110 21 Schooner
219 802 61 31 Ann,,
301 807 26 19 22
354 807 57 23 tons,
436 804 86 26 Brown,
545 803 44 22 laid
602 823 11 9 ;i
611 810 38 21 up.

56 835 78 26 Agent,
145 835 69 19 Waitt
224 834 41 20 and
275 834 74 27 Tyser.
380 852 18 6 ..,

84 862 52 25 Brig
145 862 94 23 Patriot,
252 862 39 20 189
303 864 57 21 tons,
368 859 93 28 Wright.
481 860 76 25 Agent,
567 859 83 27 Penny.

57 906 3 4 ,
85 889 109 21 Schooner
211 890 79 22 Maori,
302 890 29 22 15,
343 890 57 20 tons.
430 888 40 20 For
484 888 38 20 the
536 889 58 19 coast
609 887 43 20 and

56 915 91 22 Nelson.
159 913 3 5 '
317 912 4 27 '.

86 942 108 23 Schooner
204 944 98 24 Look-in,
311 944 27 20 82
349 944 57 24 tons,
414 943 82 26 Unlay.
534 942 67 21 Wade
610 942 42 20 and

56 972 45 25 Co.,
113 972 89 26 Agents.
221 991 4 6 ,
282 991 4 4 ,
312 986 5 6 .

85 999 116 24 Schooner.
204 998 122 26 Richmond,
344 998 27 20 30
382 1000 49 18 tons
447 997 99 22 Sinclair.
572 997 78 27 Agent,

56 1026 36 21 W.
103 1027 148 27 FUzherbert.,
272 1041 15 13 !r
348 1045 2 4 .
425 1041 5 11 ,

81 1054 114 29 S)c\ioowT
204 1052 125 25 .Catherine,
347 1054 40 19 179
402 1054 57 24 tons,
477 1052 136 27 Bunnatyne,
628 1052 23 21 J.

55 1075 181 35 Wade^and^CcVt
247 1081 96 26 Agents..

87 1108 112 24 Schooner,
205 1110 77 24 Henr
284 1110 7 23 y;
302 1109 25 20 17
345 1110 55 22 tons,
411 1108 121 26 Daymond.
561 1108 90 26 Agents,

57 1131 148 26 Walfa'ce-ari<l
214 1136 41 21 Co.

223 1164 99 24 fiSweestf,
340 1164 28 19 82
386 1166 56 22 tons,
459 1163 86 21 Mason.
574 1163 25 21 C.
618 1162 33 21 M.

58 1191 78 25 Evans,
147 1192 83 27 Agent,,
235 1191 116 27 repairing.
358 1210 5 9 t
369 1205 3 7 ,
454 1198 24 18 'V
495 1210 4 4 .
506 1201 6 15 ;
520 1209 7 8 j
565 1209 3 6 .
578 1214 5 2 .
590 1204 4 4 •

89 1222 81 24 Barque
179 1219 63 25 Lady
250 1221 70 23 Mary,
326 1216 96 28 Pelham,
434 1218 40 20 206
486 1220 55 23 tons,
559 1218 92 26 Harper,

58 1245 66 22 Wade
134 1247 42 19 and
186 1247 49 24 Co.,
244 1246 88 26 Agents.
354 1246 41 20 For
404 1246 36 20 the
451 1245 90 26 whaling
550 1246 100 25 ground?.

86 1275 83 26 Barque
176 1275 132 26 Jirojigham,
315 1275 46 20 ,227
370 1276 56 21 tons,
430 1273 122 25 .Robinson.
573 1273 78 26 Agent,

59 1301 110 21 Boulcott.
310 1312 12 14 .-
376 1313 18 7 -.
406 1315 2 6 .
434 1313 10 12 c
460 1306 4 7 '

88 1329 82 27 Barque
180 1330 55 20 Jane
246 1329 86 24 Goudie,
343 1329 43 24 280.
398 1331 56 21 tons,
466 1327 89 23 Goudie.
584 1327 68 21 Waitt

59 1357 41 19 and
111 1357 72 26 Tyser,
195 1358 89 24 Agents.
313 1357 42 20 For
364 1356 132 25 Valparaiso.

89 1384 75 20 Cutter
173 1385 111 24 Brothers,
294 1385 26 19 44
334 1386 58 22 tons,
402 1384 77 20 Bruce.
508 1383 86 21 Rhodes
610 1384 42 20 and

60 1411 49 24 Co.,
120 1412 88 26 Agents.

89 1440 108 20 Schooner
214 1440 73 23 Mana,
302 1440 26 20 2.7
341 1442 63 22 itong,
415 1438 83 27 Swany.
526 1438 71 21 Willis
610 1439 42 20 and

61 1467 49 22 Co.,
121 1468 88 25 Agents.
340 1482 1 6 ,

91 1494 108 21 Schooner
207 1496 75 23 Ocean,
297 1495 26 20 25
334 1497 63 22 'tons,
407 1494 119 26 Furguson.
550 1494 101 25 Wallace,

61 1522 42 21 and
115 1522 46 24 Co.,
172 1523 88 25 Agents.
282 1531 4 12 :
305 1525 2 4 '

91 1550 109 21 Schooner
223 1550 52 21 New
298 1549 122 26 Zealander,
445 1548 27 22 27
484 1548 5 10 N
491 1552 56 21 tons,
572 1548 80 21 Guard.

60 1577 69 20 Waitt
139 1578 41 19 and
190 1578 74 25 Tyser,
277 1579 86 24 Agents.
386 1579 3 5 '

91 1606 108 20 Schooner
214 1606 159 22 Perseverance,
388 1605 26 19 50
431 1607 56 21 tons,
507 1603 88 28 Bishop.
630 1605 22 21 J.

61 1630 34 22 Ml
105 1633 85 26 Taylor,
202 1632 76 26 Agent.
308 1633 42 19 For
360 1632 92 26 Sydney.

91 1660 109 21 Schooner
214 1661 61 24 Jane,
294 1661 25 20 15
340 1663 56 23 tons,
414 1659 82 28 Vendy.
533 1660 76 25 Agent,
630 1659 22 21 J.

61 1687 75 21 Wade.

46 1722 5 4 •
85 1715 115 24 .Schooner
215 1717 93 25 Nymph,
327 1717 27 19 22
371 1717 56 22 tons,
446 1715 99 21 Scanlon.
573 1714 79 27 Agent,

62 1743 91 19 Strauss.
638 1750 5 7 '

91 1771 63 26 Sloop
164 1773 69 24 Royal
244 1773 99 25 William,
355 1771 27 20 43
393 1773 56 23 tons,
460 1770 84 21 Lovett.
562 1771 88 25 Agents,

60 1798 93 21 Wallace
164 1800 42 19 and
217 1800 37 19 Co.

103 1922 69 21 AND
187 1921 217 22 WELLINGTON
425 1920 185 23 SPECTATOR.

63 1861 119 47 New
220 1861 210 41 Zealand
465 1860 187 48 Gazette

139 1976 157 25 Wednesday,
313 1974 139 24 September
467 1976 33 25 14,
516 1976 59 21 1842.

1299 374 4 3 '
1322 369 77 24 There
1411 370 19 23 is
1452 373 82 20 matter
1548 389 6 6 ,
1554 369 26 24 of
1587 370 83 24 inubh.
1676 369 106 27 jtfomeiit
1800 370 88 23 iirour-

1290 402 57 24 last,
1354 403 103 28 number,
1463 410 31 22 ,m
1570 402 69 32 shape
1660 403 32 24 of'
1700 406 101 21 extracts
1820 402 60 24 from

1291 435 99 31 English
1401 443 89 24 papers,
1545 432 235 35 the*'subject''of""trre
1792 435 87 24 coloni-

1291 469 75 23 zation
1378 469 25 23 of
1418 469 57 23 New
1497 469 108 24 Zealand.
1642 469 23 23 It
1686 470 20 22 is
1724 469 63 31 plain
1806 473 23 19 to
1841 468 40 24 the

1291 501 62 32 sight
1365 502 25 23 of
1401 506 59 21 'even
1463 502 47 23 'the
1527 502 59 23 least
1595 503 135 23 interested
1748 502 49 24 that
1816 501 74 28 Lord,

1292 527 94 39 Stanley
1403 530 43 28 lias
1522 536 138 30 sufficiently
1674 533 43 26 the
1740 529 102 30 interest'
1859 535 25 23 of

1291 568 64 24 these
1374 569 107 23 Colonies
1491 574 25 18 at
1532 569 67 23 heart
1606 573 33 19 -to
1659 569 104 23 allowof
1777 569 40 22 his
1827 576 54 15 cou-

1292 602 122 31 rageously
1444 602 131 33 departing,
1592 602 58 24 from
1681 602 39 24 the
1749 602 38 23 old
1813 602 68 31 long-

1290 633 139 26 "'esiablis'hed
1443 645 3 5 ■
1451 634 243 33 mother-cbuntr'yism
1717 636 25 23 of
1765 635 118 31 Downing

1293 668 91 29 Sjreet.,
1406 669 32 27 ,It
1455 670 21 22 is
1493 669 91 31 equally
1596 669 59 27 cle.ar
1666 669 51 23 that
1732 668 98 31 nothing
1841 668 42 23 hut

1293 710 14 15 a
1316 703 72 22 series
1399 702 26 23 of
1440 702 98 23 decisive
1557 710 117 16 measures
1696 710 43 15 can
1760 702 80 23 enable
1854 709 29 15 us

1295 743 22 15 as
1330 743 33 15 we
1375 734 82 25 should
1475 735 28 23 be
1516 736 96 22 enabled
1630 739 24 19 to
1674 740 62 19 meet
1755 736 38 22 the
1814 743 69 22 many

1295 769 128 23 difficulties
1451 768 45 24 and
1524 769 174 30 disadvantages
1727 769 50 22 that
1806 767 79 25 attend

1295 810 40 15 our
1344 824 3 8 ,
1356 802 94 31 settling
1467 802 138 31 operations,
1626 810 29 15 on
1674 805 97 20 account
1791 802 27 22 of
1841 809 41 15 our

1295 839 63 27 great
1375 836 101 25 distance
1494 835 60 24 from
1572 835 116 32 England,
1708 835 46 24 and
1754 834 56 25 'the
1829 834 55 31 long

1295 870 55 22 time
1367 869 50 23 that
1434 873 63 19 must
1516 869 83 31 always
1625 869 77 31 elapse
1721 869 103 23 between
1844 868 39 23 the

1295 903 79 31 giving
1384 910 14 15 a
1416 902 119 24 command
1554 910 25 17 or
1598 911 29 15 an
1647 903 138 27 instructipn
1797 901 45 24 and
1853 902 31 22 its

1295 936 69 31 being
1374 936 102 23 received
1491 936 64 24 here.
1591 936 50 24 The
1659 936 140 26 withdrawal
1814 935 26 23 of
1854 943 29 15 an

1296 969 122 23 inefficient
1441 970 127 28 Governor,
1591 969 72 26 under
1691 969 65 24 these
1785 970 98 22 circum-

1296 1007 96 24 stances,
1405 1003 105 23 becomes
1528 1011 14 15 a
1559 1007 82 19 matter
1660 1003 25 23 of
1700 1002 40 24 life
1759 1003 44 23 and
1816 1002 67 23 death

1295 1036 140 31 importance
1455 1040 24 19 to
1497 1044 36 15 us.
1569 1036 44 23 We
1626 1040 90 19 .cannot
1735 1036 88 23 believe
1835 1035 49 23 that

1296 1068 64 24 Lord
1380 1068 103 31 Stanley,
1502 1077 24 15 or
1549 1077 44 22 any
1611 1068 65 24 other
1695 1076 52 15 man
1768 1069 85 30 having
1872 1077 13 14 a

1297 1102 70 32 spark
1378 1102 25 23 of
1418 1102 82 27 honest
1514 1103 132 30 good-will-,
1655 1106 22 19 to
1696 1102 40 23 his-
1745 1102 56 30 duty
1812 1103 25 22 in
1849 1102 39 22 his-

1297 1136 83 29 breast,
1394 1143 43 15 can
1448 1136 76 23 refuse
1533 1140 26 18 to
1578 1135 69 23 listen
1664 1140 22 18 to
1698 1135 39 23 the
1750 1135 134 30 complaints

1298 1170 23 22 of
1337 1178 13 14 a
1370 1169 138 30 community
1519 1168 257 32 strugglirigl'lwithall
1792 1169 40 22 the
1844 1169 41 22 ob-

1298 1202 82 24 stacles
1403 1202 120 32 presented
1545 1207 23 19 to
1581 1206 2 5 '
1592 1210 13 15 a
1624 1202 170 31 newly-settled
1817 1202 67 29 body,

1297 1235 65 24 when
1378 1235 89 24 backed
1484 1236 31 30 by
1536 1244 14 15 a
1568 1236 73 30 string
1662 1235 25 23 of
1709 1235 57 23 facts
1789 1234 57 24 such
1860 1242 25 16 as

1298 1270 37 23 the
1346 1270 88 30 history
1447 1269 24 24 of
1486 1269 38 23 the
1542 1269 156 23 Government
1711 1268 25 24 of
1752 1269 57 23 New
1826 1268 58 23 Zea-

1296 1302 54 24 land
1375 1303 92 24 affords.
1522 1302 176 32 Incompetence
1708 1320 2 4 .
1731 1303 20 22 is
1782 1301 104 30 stamped

1297 1345 60 22 upon
1374 1345 69 22 every
1455 1341 35 19 act
1509 1336 24 23 of
1547 1336 121 23 Governor
1690 1335 107 24 Hobson.
1834 1334 52 24 Ex-

1298 1374 142 27 travagance,
1463 1369 146 24 inexcusable
1637 1374 175 26 extravagance,
1843 1368 38 23 the

1297 1400 53 26 bills
1363 1404 73 22 which
1453 1404 30 23 he
1500 1404 42 22 has
1561 1404 81 22 drawn-
1655 1402 48 24 will
1724 1402 30 23 be
1763 1411 3 7 -
1772 1402 116 23 sufficient

1297 1437 111 23 vouchers
1419 1437 43 24 for.
1498 1437 129 30 Partiality,
1646 1436 40 23 the
1704 1442 55 24 very
1777 1440 70 19 worst
1865 1436 25 22 of

1298 1470 115 31 partiality
1413 1484 34 3 —
1448 1471 48 23 that
1524 1470 75 23 which
1626 1470 88 33 injures
1750 1477 42 15 one
1820 1473 68 27 party

1298 1504 94 23 without
1404 1504 134 30 benefitting
1550 1504 39 23 the
1608 1503 64 24 other
1673 1515 32 4 —
1708 1502 53 29 this,
1773 1503 52 22 who
1846 1510 42 15 can

1300 1537 57 31 deny
1368 1538 18 22 it
1397 1538 28 22 in.
1430 1538 74 23 him?:
1540 1537 36 23 To
1593 1545 40 15 our
1644 1536 199 24 fellow-colonists
1855 1543 33 16 we

1300 1578 47 24 say,
1359 1575 40 19 not
1410 1571 94 24 without
1515 1571 87 30 having
1611 1569 133 24 considered
1756 1569 38 24 the
1806 1573 82 20 matter

1299 1617 33 4 —
1333 1604 48 24 Are
1388 1611 2 4 1
1404 1604 78 31 things
1504 1609 23 18 to
1547 1604 86 23 remain
1660 1603 71 24 thus?
1785 1604 38 22 Do
1844 1611 44 22 you

1300 1637 78 24 intend
1398 1642 24 19 to
1443 1637 71 29 allow,
1533 1637 150 31 unprotested
1699 1637 99 31 against,
1824 1636 64 23 these

1300 1672 115 22 mischiefs
1440 1676 22 18 to
1486 1679 29 23 go
1538 1679 30 15 on
1586 1671 137 30 increasing,
1737 1679 25 14 or
1779 1670 48 23 will
1844 1678 45 22 you

1300 1706 50 29 give
1372 1705 130 31 yourselves
1521 1705 38 23 the
1578 1704 141 23 satisfaction
1740 1704 25 23 of
1780 1703 110 31 knowing

1301 1739 48 22 that
1357 1746 45 23 you
1411 1738 37 23 did
1460 1746 56 23 your
1528 1738 55 31 duty
1596 1743 21 18 to
1630 1737 132 32 yourselves
1770 1738 10 22 ?
1803 1736 87 24 Where

1300 1773 17 22 it
1328 1773 28 27 is,
1371 1772 45 23 this
1428 1776 81 19 matter
1524 1767 93 28 'cannot'
1630 1776 56 18 rest.
1712 1769 5 5 '
1734 1771 91 31 Things
1844 1770 46 23 will

1300 1804 71 24 either
1383 1813 29 23 go
1425 1813 29 15 on
1465 1805 58 23 until
1535 1806 38 22 the
1587 1805 134 31 impending
1738 1804 65 23 ruin'
1810 1803 27 24 of
1851 1804 39 22 the

1302 1839 140 23 settlements
1453 1840 25 22 in
1490 1839 64 24 these
1564 1839 87 22 islands
1665 1838 63 27 shall,
1742 1838 99 28 enforce,
1853 1841 38 19 too

1301 1872 52 29 late,
1367 1872 37 23 the
1416 1873 111 23 attention
1543 1872 25 24 of
1579 1888 3 8 v
1591 1872 43 23 the,
1649 1872 105 23 Colonial
1773 1872 76 22 Office
1869 1875 22 18 to

1301 1906 37 23 the
1347 1906 45 22 evil
1404 1905 140 31 complained
1561 1905 25 24 of
1605 1906 61 22 their
1685 1905 116 23 obstinate
1820 1904 71 23 adhe-

1301 1946 67 16 rance
1379 1943 23 19 to
1414 1947 13 15 a
1434 1939 43 23 bad
1490 1943 93 26 system,
1603 1946 25 16 or
1646 1939 136 27 otherwise;
1802 1937 46 23 and
1867 1937 24 23 in

1301 1973 44 22 this
1357 1972 63 23 there
1433 1973 19 22 is
1465 1980 13 15 a
1489 1973 74 22 better
1573 1973 66 30 hope.
1677 1971 54 24 You
1743 1971 46 23 will
1801 1971 90 23 enforce

1301 2006 27 23 by
1354 2009 14 13 a
1389 2006 123 24 temperate
1532 2005 41 17 but
1596 2006 50 17 firm
1662 2009 172 14 remonstrance
1854 2003 37 19 the

1301 2033 110 23 attention
1428 2033 25 23 of
1475 2032 37 23 the
1532 2032 77 24 Home
1629 2029 158 27 Government
1811 2038 23 18 to
1853 2033 38 22 the

1301 2065 52 29 fact,
1368 2065 47 24 that
1434 2073 57 24 your
1508 2067 107 22 interests
1631 2066 57 23 have
1707 2066 66 28 been,
1793 2065 45 24 and
1854 2074 37 15 are

1300 2099 69 31 being
1377 2100 61 31 daily
1456 2100 117 23 sacrificed
1585 2104 22 18 to
1626 2100 38 22 the
1682 2100 112 30 inability,
1813 2100 78 31 pique,

1301 2133 124 31 partiality,
1439 2141 24 15 or
1477 2133 153 29 indifference,
1651 2133 25 24 of
1691 2133 38 23 the
1748 2141 53 15 man
1818 2133 73 23 whom

1300 2169 60 20 utter
1373 2171 59 19 want
1445 2166 25 24 of
1485 2166 166 24 consideration
1664 2166 34 24 for
1711 2167 38 22 the
1770 2174 121 23 necessary

1302 2199 164 31 qualifications
1477 2200 35 23 for
1520 2200 38 23 the
1569 2200 63 23 office
1641 2200 43 23 has
1695 2200 66 23 made
1772 2200 119 24 Governor

1302 2233 22 23 of
1335 2232 57 24 New
1404 2233 108 23 Zealand.
1514 2246 34 4 —
1549 2233 88 23 Nelson
1649 2233 140 23 Examiner.
