4190 5890
2420 190 151 37 Mount
2615 190 158 44 Benger
2816 186 115 37 Mail.

2555 298 62 20 JUST
2636 298 55 19 AND
2711 297 67 19 FEAR

2472 375 118 27 FRIDAY,
2604 373 157 23 DECEMBER
2780 373 19 26 3,
2820 371 55 23 1897.

2443 455 215 47 Theoretical
2686 468 28 29 v.
2743 453 164 44 Practical

2608 512 148 44 Reform.

2404 604 99 30 While
2517 614 40 20 we
2577 613 46 19 are
2643 602 76 39 quite
2732 600 105 39 willing
2850 603 28 26 to
2891 600 64 39 give

2404 648 46 29 the
2465 646 187 30 Government
2663 642 87 30 credit
2761 641 42 30 for
2813 652 34 18 an
2858 641 98 29 honest

2404 690 118 35 attempt
2541 691 28 23 to
2592 684 143 29 introduce
2759 682 155 38 legislation
2928 681 29 28 of

2404 739 16 18 a
2434 732 71 24 most
2517 725 142 30 beneficial
2684 724 54 27 and
2760 722 97 37 highly
2872 722 70 27 desir-

2404 768 216 30 able'character
2644 764 28 28 in
2696 763 47 29 the
2768 763 85 37 shape
2867 761 28 29 of
2909 762 45 28 the

2407 809 51 29 Old
2473 809 62 36 Age
2550 805 132 30 Pensions
2697 805 60 34 Bill,
2778 813 40 19 we
2844 813 44 18 are
2909 806 48 24 not

2406 860 87 18 aware
2507 848 29 29 of
2548 857 54 28 any
2615 843 171 40 exceptional
2797 853 122 28 urgency
2930 843 27 28 in

2406 891 49 27 the
2467 893 109 30 matter,
2602 898 51 18 nor
2677 886 35 28 do
2738 895 40 19 we
2804 884 80 28 think
2911 884 46 28 the

2408 930 121 28 Premier
2542 939 55 18 was
2610 927 95 39 politic
2717 937 31 17 or
2769 925 65 27 wise
2860 925 28 26 in
2910 935 32 17 en-

2408 970 170 38 deavouring
2592 973 28 25 to
2633 968 75 29 force
2718 968 46 27 the
2775 966 47 29 bill
2837 966 120 39 through

2408 1021 29 18 as
2450 1022 15 16 a
2479 1013 80 34 party
2578 1017 123 20 measure
2719 1007 116 27 without
2860 1007 98 37 giving

2409 1050 46 29 the
2472 1050 93 28 House
2578 1048 56 29 and
2658 1048 47 28 the
2719 1051 127 32 .-country
2869 1046 89 39 ample

2409 1090 180 38 opportunity
2602 1089 44 29 for
2658 1089 47 27 the
2718 1087 94 29 fullest
2821 1088 121 28 consider-

2409 1132 73 27 ation
2497 1130 116 29 thereof.
2652 1128 114 35 Indeed,
2791 1137 29 18 as
2846 1127 113 39 regards

2409 1172 47 29 the
2470 1181 123 19 measure
2606 1170 82 36 itself,
2699 1170 22 28 it
2732 1169 48 29 has
2790 1168 46 30 the
2846 1180 97 28 appear-

2409 1222 66 19 ance
2491 1212 29 29 of
2539 1215 49 26 not
2613 1211 103 37 having
2737 1211 71 27 been
2832 1210 127 38 properly

2409 1253 121 39 thought
2542 1254 48 28 out
2602 1261 69 20 even
2684 1251 37 37 by
2744 1250 35 29 its
2792 1250 124 36 framers,
2939 1251 22 28 if

2410 1304 52 17 one
2474 1294 24 27 is
2523 1296 28 25 to
2573 1292 89 38 judge
2686 1292 37 35 by
2749 1290 47 29 the
2821 1292 139 28 excessive

2411 1333 115 28 number
2538 1332 30 29 of
2576 1331 190 29 amendments
2778 1330 55 29 and
2845 1335 116 25 counter

2409 1373 192 30 amendments
2613 1373 71 29 'that
2707 1371 69 29 have
2790 1372 69 28 been
2873 1372 85 29 found

2410 1424 155 26 necessary.
2603 1413 53 28 We
2669 1422 48 18 are
2735 1415 50 24 not
2806 1416 28 24 to
2848 1412 34 28 be
2895 1422 48 19 con-

2411 1453 108 29 sidered
2531 1453 73 28 from
2615 1452 78 29 these
2709 1451 123 29 remarks
2844 1457 30 23 to
2888 1452 34 28 be
2933 1452 26 28 in

2411 1504 53 28 any
2478 1502 79 20 sense
2569 1492 122 40 opposed
2717 1495 29 25 to
2768 1501 15 19 a
2808 1490 153 40 legitimate

2411 1534 108 30 scheme
2532 1534 44 29 for
2589 1532 114 38 making
2711 1542 100 29 proper
2823 1532 138 38 provision

2411 1575 44 28 for
2467 1574 47 28 the
2525 1574 72 38 aged
2609 1582 68 31 poor
2689 1573 28 28 in
2731 1572 72 28 their
2822 1573 139 38 declining

2411 1626 79 28 years
2492 1615 107 35 —that,
2612 1614 72 29 after
2705 1612 45 36 all,
2764 1613 23 28 is
2800 1624 16 16 a
2829 1612 132 40 privilege

2412 1666 30 17 as
2455 1654 60 29 well
2528 1664 30 19 as
2571 1664 17 18 a
2601 1653 161 39 duty—and
2787 1662 41 19 we
2853 1653 35 29 do
2915 1658 47 23 not

2413 1695 116 29 hesitate
2542 1697 29 26 to
2583 1704 48 29 say
2645 1695 61 28 that
2728 1694 79 28 those
2822 1693 60 28 who
2895 1693 68 28 have

2412 1736 86 29 borne
2512 1735 46 30 the
2571 1735 65 30 heat
2648 1734 55 30 and
2728 1733 107 30 burden
2860 1734 30 29 of
2914 1734 48 28 the

2413 1776 53 38 day
2479 1786 46 19 are
2538 1775 122 37 lawfully
2669 1774 116 31 entitled
2798 1778 29 24 to
2841 1779 56 24 rest
2910 1774 54 28 and

2413 1816 190 31 maintenance
2615 1817 29 29 in
2670 1817 72 29 their
2765 1815 46 30 old
2836 1826 61 28 age.
2936 1814 28 29 It

2413 1858 32 35 is,
2460 1858 135 36 however,
2609 1868 35 19 on
2666 1857 79 29 these
2768 1856 123 39 grounds
2904 1855 60 28 that

2413 1898 109 39 we.]oin
2536 1898 73 30 issue
2622 1898 66 30 with
2710 1897 47 30 the
2778 1896 186 30 Government

2413 1949 34 18 on
2474 1939 46 28 the
2533 1939 59 29 bill.
2632 1940 44 27 An
2702 1937 47 30 old
2774 1946 51 28 age
2851 1937 112 37 pension

2413 1978 116 37 scheme,
2556 1981 29 27 to
2617 1979 36 29 be
2681 1976 158 39 acceptable
2865 1981 28 23 to
2918 1975 46 28 the

2412 2019 97 38 colony
2519 2019 54 29 and
2584 2023 29 25 to
2622 2020 47 28 the
2681 2017 187 31 beneficiaries
2879 2016 87 29 under

2411 2059 31 35 it,
2469 2062 74 25 must
2567 2061 35 27 be
2628 2058 159 37 something
2807 2056 157 39 altogether

2412 2099 128 28 different
2562 2104 27 24 to
2612 2110 34 18 an
2661 2097 143 39 improved
2818 2102 103 32 system
2936 2095 29 28 of

2411 2139 150 29 charitable
2573 2140 55 29 aid.
2667 2139 58 28 The
2752 2137 74 29 word
2851 2136 112 39 pension

2410 2180 107 37 implies
2531 2190 16 17 a
2571 2181 77 38 right
2660 2183 28 26 to
2709 2179 20 28 it
2743 2189 35 18 on
2793 2178 47 27 the
2855 2180 61 34 part
2935 2175 29 28 of

2409 2220 47 28 the
2470 2219 199 38 recipient—in
2682 2231 17 18 a
2712 2217 111 40 general
2843 2226 79 19 sense
2942 2215 22 29 it

2410 2259 23 29 is
2446 2270 16 17 a
2475 2264 82 32 grant
2571 2261 44 28 for
2627 2264 62 36 past
2702 2258 128 34 services,
2841 2256 55 28 and
2910 2255 29 28 in
2949 2266 16 17 a

2411 2301 148 38 particular
2571 2313 79 18 sense
2672 2312 29 18 as
2726 2298 111 40 applied
2863 2302 28 25 to
2917 2297 47 30 the

2411 2341 52 28 Old
2478 2342 61 35 Age
2554 2342 132 28 Pensions
2700 2341 54 28 Bill
2776 2350 40 18 we
2836 2338 129 29 couceive

2410 2381 22 28 it
2446 2381 22 28 it
2481 2381 132 31 intended
2627 2386 29 25 to
2670 2382 34 28 be
2718 2384 29 25 to
2771 2391 16 18 a
2800 2379 102 30 certain
2917 2388 32 18 ex-

2410 2424 60 26 tent
2482 2432 16 17 a
2511 2423 173 39 recognition
2698 2421 30 29 of
2738 2421 66 38 long
2818 2419 104 29 service
2936 2421 29 26 to

2411 2462 45 28 the
2467 2461 77 30 State
2552 2463 55 29 and
2616 2462 72 41 good
2694 2460 161 37 citizenship
2865 2468 83 30 gener-

2410 2503 63 38 ally.
2524 2503 141 38 Certainly
2691 2504 78 28 there
2795 2501 98 29 should
2916 2503 48 25 not

2411 2544 33 28 be
2458 2555 16 17 a
2488 2544 137 40 suspicion
2648 2544 29 30 of
2702 2543 106 38 charity
2831 2542 86 28 about
2931 2550 33 18 an

2411 2584 45 29 old
2481 2595 52 28 age
2558 2586 116 38 pension
2696 2584 119 33 scheme,
2841 2583 122 27 whereas

2412 2625 68 29 from
2496 2636 16 18 a
2524 2636 114 28 cursory
2652 2624 117 39 reading
2788 2625 30 28 of
2834 2623 47 29 the
2896 2622 53 28 Pen-

2412 2665 84 30 sions'
2511 2666 55 29 Bill
2579 2667 22 29 it
2613 2666 50 29 has
2686 2665 47 29 the
2754 2673 170 30 appearance
2938 2664 30 26 to

2413 2717 31 18 us
2457 2706 29 29 of
2499 2717 15 17 a
2528 2708 150 29 somewhat
2703 2706 125 29 abortive
2848 2706 120 34 attempt

2413 2753 29 22 to
2467 2748 100 28 amend
2594 2748 123 38 existing
2743 2745 150 30 charitable
2923 2743 43 28 aid

2414 2787 164 38 legislation.
2608 2788 81 30 From
2701 2788 55 29 this
2770 2787 77 40 point
2860 2786 30 29 of
2900 2784 67 30 view

2414 2829 48 27 the
2492 2829 54 28 late
2580 2830 45 29 Sir
2667 2830 92 35 Harry
2803 2824 165 32 Atkinson's

2415 2868 120 29 national
2548 2870 145 29 insurance
2702 2868 109 29 scheme
2820 2877 56 18 was
2886 2864 80 30 much

2415 2920 74 18 more
2503 2910 144 29 desirable.
2687 2909 87 35 Then,
2789 2908 91 38 again,
2890 2906 78 30 there

2415 2953 73 24 must
2503 2951 34 28 be
2550 2950 138 39 thorough
2703 2948 215 30 discrimination
2938 2957 30 17 as

2415 2994 28 24 to
2458 2990 78 30 those
2550 2991 61 30 who
2623 3001 47 19 are
2683 2990 115 29 entitled
2819 2993 29 25 to
2862 2988 47 28 the
2923 2986 44 29 old

2415 3041 53 28 age
2509 3036 92 35 grant.
2660 3030 149 39 Strangely
2849 3027 119 37 enough,

2416 3073 103 29 several
2530 3074 137 30 members
2678 3083 34 19 on
2724 3073 46 28 the
2782 3071 186 31 Government

2417 3112 67 35 side,
2498 3114 28 27 in
2540 3113 158 35 discussing
2721 3113 47 27 the
2795 3111 49 28 Bill
2870 3111 27 27 in
2922 3110 46 27 the

2402 3148 1 42 I
2418 3152 103 38 House,
2554 3151 139 32 advanced
2720 3151 46 30 the
2795 3148 173 40 astonishing

2416 3196 97 35 theory
2527 3195 61 29 that
2601 3195 47 28 the
2674 3193 128 36 indigent
2829 3191 59 28 who
2914 3190 52 28 had

2416 3235 152 38 dissipated
2599 3233 73 30 their
2712 3244 93 18 means
2846 3229 121 39 through

2417 3275 191 32 drunkenness
2622 3285 31 19 or
2665 3273 28 29 in
2707 3284 54 27 any
2773 3273 79 29 other
2865 3270 103 30 vicious

2417 3327 114 21 manner
2543 3326 72 19 were
2627 3325 30 19 as
2672 3313 60 30 well
2759 3312 124 35 entitled,
2896 3311 71 28 from

2416 3371 34 17 an
2465 3356 139 32 economic
2616 3354 80 40 point
2709 3354 29 29 of
2750 3354 79 32 view,
2849 3357 28 25 to
2900 3361 51 29 pen-

2416 3401 73 29 sions
2509 3409 29 18 as
2561 3396 149 38 deserving
2729 3405 124 28 persons,
2876 3392 92 29 whose

2415 3443 115 37 poverty
2550 3439 28 27 in
2601 3437 71 28 their
2691 3435 46 28 old
2759 3445 52 28 age
2837 3432 130 31 occurred

2416 3480 120 37 through
2549 3489 36 19 no
2599 3477 70 29 fault
2679 3475 30 30 of
2718 3475 72 30 their
2800 3485 71 19 own.
2893 3472 74 30 Such

2416 3532 16 18 a
2444 3521 124 39 specious
2581 3519 96 35 theory
2696 3516 51 28 has
2772 3526 17 17 a
2813 3514 86 29 broad
2913 3512 54 29 and

2416 3560 93 30 liberal
2524 3559 88 30 sound
2625 3561 29 25 to
2667 3556 47 29 the
2740 3566 61 19 ears
2815 3555 29 30 of
2857 3555 47 29 the
2917 3563 33 18 un-

2415 3602 139 37 thinking,
2567 3600 51 28 but
2639 3597 23 29 it
2681 3597 24 29 is
2729 3595 188 31 nevertheless
2937 3603 30 18 as

2416 3644 67 28 false
2496 3642 26 28 in
2544 3639 134 40 principle
2703 3647 30 18 as
2758 3637 23 28 it
2806 3637 23 28 is
2854 3633 112 31 absurd.

2415 3684 57 29 The
2486 3682 90 31 senior
2601 3679 123 30 member
2735 3677 44 29 for
2793 3675 173 39 Wellington

2415 3727 73 26 went
2519 3722 108 30 further
2658 3719 53 29 and
2751 3717 123 29 asserted
2905 3715 62 29 that

2415 3762 165 35 drunkards,
2592 3771 31 19 or
2633 3760 78 28 those
2721 3759 62 27 who
2793 3755 171 40 squandered

2415 3804 71 30 their
2500 3803 156 33 substance,
2669 3798 53 30 had
2737 3809 16 18 a
2775 3797 76 40 right
2869 3800 28 26 to
2919 3795 47 29 the

2415 3844 113 37 pension
2542 3846 83 37 grant
2637 3841 116 29 because
2776 3839 65 38 they
2861 3836 88 30 contri-

2415 3886 84 29 buted
2514 3884 105 39 largely
2632 3886 29 25 to
2674 3882 48 28 the
2742 3890 118 18 revenue
2872 3879 37 37 by
2924 3878 27 27 in-

2415 3927 117 36 dulging
2541 3925 26 28 in
2578 3922 120 31 luxuries
2709 3920 60 30 that
2778 3930 70 18 were
2856 3918 108 36 heavily

2415 3967 91 28 taxed.
2545 3965 57 28 The
2615 3963 99 36 fallacy
2724 3961 30 27 of
2763 3961 46 27 the
2818 3962 146 34 argument

2413 4007 23 28 is
2450 4008 95 36 patent
2557 4014 35 19 on
2616 4003 47 29 the
2688 4002 59 28 face
2770 4000 30 28 of
2820 3999 29 29 it.
2891 3999 54 28 Con-

2413 4046 138 39 sumption
2566 4045 29 29 of
2607 4043 56 31 this
2684 4039 79 37 kind,
2776 4039 88 30 which
2879 4039 21 29 is
2914 4041 49 26 not

2413 4087 65 38 only
2504 4082 232 42 non-productive
2760 4080 51 28 but
2835 4080 57 28 also
2917 4079 31 27 de-

2413 4131 89 35 stroys
2516 4126 47 29 the
2576 4133 119 21 revenue
2707 4120 135 41 producer
2856 4120 39 35 (in
2910 4119 54 28 this

2414 4178 61 20 case
2489 4167 47 29 the
2558 4163 142 32 drunkard
2724 4173 32 19 or
2782 4159 179 42 spendthrift)

2414 4212 101 26 cannot
2528 4208 35 29 be
2576 4204 143 32 otherwise
2740 4203 66 29 than
2832 4201 131 39 injurious

2415 4253 28 24 to
2467 4249 47 28 the
2541 4245 140 31 economic
2705 4244 132 28 interests
2863 4242 29 28 of
2919 4241 45 27 the

2416 4289 96 36 State;
2526 4287 53 30 and
2593 4287 22 30 it
2629 4284 90 42 might
2728 4283 60 41 just
2797 4294 30 18 as
2837 4281 127 41 logically

2416 4331 33 28 be
2459 4328 156 30 contended
2626 4328 60 28 that
2697 4326 47 29 the
2753 4325 91 38 opium
2856 4322 110 30 smoker

2402 4362 1 51 j
2416 4369 60 28 who
2501 4368 128 38 indulges
2660 4371 28 23 to
2720 4375 104 22 excess,
2849 4362 116 38 thereby

2402 4395 1 53 !
2416 4409 165 39 consuming
2613 4419 16 18 a
2658 4405 97 40 highly
2768 4423 10 5 -
2787 4403 94 41 priced
2912 4402 53 30 and

2402 4444 1 51 |
2416 4449 195 38 highly-taxed
2643 4448 104 33 article,
2774 4446 116 28 benefits
2920 4444 47 29 the

2402 4479 1 47 I
2416 4489 171 37 community
2606 4488 90 28 where
2719 4486 33 28 he
2766 4485 31 29 is.
2837 4484 131 30 Kerenue

2402 4526 1 37 !
2416 4528 186 34 contributed,
2635 4527 87 28 which
2762 4526 138 37 improves
2938 4535 30 17 or

2402 4564 1 37 i
2418 4569 116 28 benefits
2547 4568 47 29 the
2608 4576 151 25 consumer,
2779 4566 22 28 is
2815 4565 56 29 also
2885 4564 66 30 bene-

2402 4603 2 52 |
2417 4609 69 30 ficial
2501 4613 28 24 to
2543 4609 46 27 the
2604 4608 87 34 State,
2704 4607 51 27 but
2768 4606 47 27 the
2829 4615 106 18 reverse
2946 4604 22 28 is

2402 4645 1 42 ;
2418 4649 108 38 equally
2540 4654 69 22 true.
2649 4648 28 27 It
2689 4648 23 26 is
2726 4650 28 24 to
2767 4646 34 27 be
2822 4645 99 37 hoped,
2940 4649 28 23 at

2402 4684 2 50 j
2417 4689 35 29 all
2467 4692 104 32 events,
2587 4688 59 28 that
2658 4697 16 18 a
2686 4686 80 38 spirit
2792 4685 29 29 of
2843 4684 125 38 spurious

2402 4725 1 47 |
2417 4729 138 37 liberality
2568 4728 54 28 will
2636 4730 48 26 not
2705 4726 98 28 induce
2816 4736 32 17 us
2862 4729 28 24 to
2903 4725 65 28 offer

2402 4757 1 49 !
2417 4782 16 16 a
2463 4769 134 37 premium
2629 4768 44 29 for
2705 4765 200 30 thriftlessness
2938 4776 30 18 or

2402 4806 1 34 j
2418 4809 187 31 squandering
2618 4808 27 28 in
2660 4816 53 24 any
2726 4806 92 34 shape.

2439 4885 43 20 The
2492 4884 137 21 examination
2639 4883 22 20 of
2673 4883 43 19 Moa
2728 4882 47 20 Flat
2784 4880 67 21 school
2863 4880 39 20 will
2915 4880 50 20 take

2415 4920 56 26 place
2481 4920 50 19 next
2550 4918 95 25 Monday,
2666 4918 59 20 when
2744 4917 106 25 Inspector
2867 4916 98 20 Bossenc=>

2414 4952 42 20 will
2465 4952 25 20 be
2500 4951 36 21 the
2549 4951 110 21 examiner.

2439 4991 43 21 The
2502 4989 82 23 rainfall
2601 4990 21 21 in
2641 4988 112 27 Roxburgh
2772 4988 33 22 for
2817 4987 36 22 the
2864 4986 71 22 month
2945 4986 20 22 of

2417 5026 125 27 November,
2552 5033 22 14 as
2583 5025 96 23 recorded
2689 5025 27 27 by
2725 5025 31 21 Dr
2765 5024 82 26 Mullin,
2855 5022 110 23 amounted

2415 5065 22 18 to
2446 5063 46 21 2*78
2502 5062 77 26 inches,
2588 5061 44 21 rain
2641 5061 72 26 falling
2721 5067 26 14 on
2757 5061 23 20 11
2789 5060 59 28 day?.

2438 5103 43 24 The
2491 5104 65 26 Otago
2565 5103 53 27 Cup,
2629 5109 38 15 run
2676 5102 40 21 last
2734 5101 64 27 week,
2821 5107 39 14 was
2880 5107 43 14 won
2937 5099 26 26 by

2414 5138 32 21 Mr
2455 5138 28 22 G.
2492 5138 27 22 G.
2529 5137 78 21 Stead's
2616 5136 97 21 Uniform
2722 5135 53 21 from
2791 5141 12 14 a
2819 5134 47 21 field
2881 5134 23 20 of
2919 5134 45 20 five.

2413 5171 43 21 The
2465 5177 54 15 same
2527 5170 85 21 owner's
2624 5169 118 27 Conqueror
2753 5174 44 14 won
2813 5167 37 21 the
2868 5166 97 22 Dunedin

2413 5205 79 22 Stakes.

2438 5240 43 21 The
2492 5238 103 23 "Star's"
2605 5238 160 24 Parliamentary
2771 5237 92 25 reporter
2873 5242 45 19 says
2930 5236 33 19 Mr

2414 5274 80 21 Ward's
2504 5274 76 21 friends
2599 5273 52 21 have
2669 5271 99 27 arranged
2786 5272 22 20 to
2824 5270 99 27 purchase
2933 5270 32 20 his

2414 5308 78 27 private
2514 5309 66 20 estate
2598 5308 21 20 at
2641 5304 131 28 Invercargill
2790 5304 41 22 and
2848 5304 55 21 Gora
2922 5303 40 22 and

2413 5341 61 22 settle
2487 5342 17 20 it
2512 5348 27 14 on
2549 5341 31 21 his
2589 5340 80 27 family.

2439 5381 33 20 Mr
2485 5380 80 21 Bennet
2574 5379 37 22 has
2629 5379 52 21 been
2699 5376 144 27 unanimously
2853 5375 110 22 re-elected

2413 5415 103 22 chairman
2526 5415 21 22 of
2557 5415 36 22 the
2600 5414 97 28 Tuapeka
2704 5414 82 25 County
2797 5412 84 22 Council
2891 5411 32 22 for
2930 5411 35 22 the

2413 5451 85 26 ensuing
2507 5458 48 20 year
2568 5450 41 21 and
2620 5450 32 21 Mr
2662 5450 26 21 R.
2700 5447 107 28 Shepherd
2824 5447 105 21 chairman
2942 5447 22 21 of

2413 5486 36 22 the
2459 5487 90 21 Vincent
2558 5486 83 26 County
2650 5483 93 23 Council.

2439 5522 33 20 Mr
2481 5522 24 22 P.
2516 5521 83 22 Broad's
2608 5519 87 23 vineries
2704 5525 34 16 are
2747 5519 23 21 at
2783 5518 83 27 present
2884 5516 81 27 looking

2414 5556 53 26 well,
2478 5556 58 21 there
2546 5557 60 25 being
2615 5556 87 26 promise
2711 5555 21 20 of
2741 5561 12 14 a
2766 5560 49 20 very
2834 5553 66 25 heavy
2917 5559 48 19 crop

2413 5590 22 21 of
2443 5597 78 20 grapes.
2550 5591 33 21 He
2597 5590 41 22 will
2657 5589 52 23 have
2726 5596 13 14 a
2757 5588 55 26 large
2829 5587 98 27 quantity
2945 5586 20 21 of

2414 5626 121 23 Barbarossa
2544 5634 80 20 grapes,
2633 5626 41 23 and
2683 5633 13 15 a
2709 5624 86 24 number
2805 5623 21 23 of
2836 5622 129 28 magnificent

2413 5661 92 22 bunches
2514 5663 21 20 at
2546 5664 82 25 present
2636 5668 92 15 measure
2737 5668 21 14 as
2767 5659 62 23 much
2838 5666 22 14 as
2871 5659 94 26 eighteen

2413 5696 69 20 inches
2500 5696 21 21 in
2535 5696 79 27 length.
2641 5696 44 22 The
2699 5696 58 21 vines
2770 5701 34 15 are
2816 5701 48 19 very
2881 5692 84 27 healthy

2413 5730 40 23 and
2464 5730 43 23 free
2516 5730 52 24 from
2578 5731 74 28 blight,
2663 5731 41 23 and
2715 5738 34 15 are
2759 5730 42 23 also
2810 5729 47 23 well
2867 5729 96 27 forward,

2414 5773 57 13 some
2480 5767 22 20 of
2511 5767 35 21 the
2555 5773 71 20 grapes
2633 5767 59 26 being
2699 5766 81 26 already
2790 5765 36 23 the
2832 5766 41 20 size
2882 5765 20 21 of
2911 5771 52 20 peas.

3009 167 43 21 Our
3063 167 46 21 Moa
3118 167 47 21 Flat
3175 167 157 26 correspondent
3348 167 67 21 writes
3434 167 46 22 that
3496 168 35 21 the

2984 202 84 19 farmers
3077 202 21 19 in
3109 202 47 20 that
3166 202 84 25 vicinity
3259 202 40 19 and
3309 202 77 20 Millers
3395 203 47 19 Flat
3451 203 81 19 district

2984 237 72 24 expect
3062 242 11 13 a
3082 242 50 19 very
3142 235 34 26 big
3186 235 82 20 harvest
3277 235 41 21 this
3329 242 48 19 year
3385 235 17 21 if
3410 243 11 13 a
3431 236 68 21 record
3517 237 15 19 is

2984 272 36 19 not
3030 269 132 24 established.
3188 269 44 23 The
3246 269 117 23 seasonable
3381 271 54 21 rains
3456 272 76 26 greatly

2984 307 84 20 assisted
3078 307 35 20 the
3122 314 64 18 crops,
3196 306 65 21 which
3273 313 34 13 are
3316 306 81 25 looking
3407 306 93 26 splendid
3510 309 22 19 at

2984 342 89 24 present.

3009 383 74 21 Messrs
3093 382 74 27 Pilling
3182 383 66 23 Bros.,
3261 381 21 22 of
3292 382 114 27 Lawrence,
3426 381 26 27 by
3464 381 70 22 advoi--

2983 419 97 20 tisement
3090 419 20 19 in
3120 418 87 20 another
3223 418 81 19 column
3323 418 64 19 invite
3406 417 81 20 tenders
3504 418 31 19 fur

2985 453 34 20 the
3038 452 98 25 purchase
3155 452 22 21 of
3194 459 11 13 a
3216 454 64 19 steam
3304 451 80 24 dredge,
3409 453 22 18 at
3453 454 81 23 present
3550 449 1 28 !

2986 489 90 26 working
3086 491 22 19 at
3117 488 96 27 Tuapeka
3227 487 80 22 Mouth.
3335 487 42 21 The
3392 487 76 26 dredge
3487 487 17 20 is
3515 487 21 20 of

2985 525 116 26 up-to-date
3119 524 145 21 construction,
3284 523 40 21 aud
3341 522 37 21 has
3397 530 12 13 a
3437 523 101 25 complete

2985 560 61 21 outfit
3056 560 21 19 of
3086 560 36 20 the
3132 561 52 18 most
3202 559 83 20 modern
3296 558 123 26 appliances.
3447 557 90 20 Tenders

2985 600 33 14 are
3028 593 78 21 invited
3116 600 28 19 up
3155 593 31 21 till
3195 593 36 21 the
3242 591 46 21 18th
3299 591 49 21 inst.

3011 635 30 21 At
3050 635 36 21 the
3095 635 69 21 Police
3173 634 64 22 Court
3247 640 25 14 on
3283 632 82 24 Friday,
3386 631 70 21 before
3473 630 66 22 Jabez

2986 669 87 25 Burton,
3103 669 56 26 Esq.,
3177 665 3 30 !
3183 668 41 21 J.P
3235 667 54 26 ,R.
3309 666 87 25 Wilson,
3415 665 56 24 Jar.,
3499 670 40 13 w;is

2985 705 86 26 charged
3082 705 50 20 with
3150 704 75 26 having
3244 708 25 15 on
3289 703 35 20 the
3343 702 96 26 previous
3458 701 47 25 day,
3518 702 21 18 at

2986 741 75 24 Bengei
3075 740 54 26 Flat,
3141 739 83 21 entered
3243 739 35 20 the
3297 738 40 20 hut
3355 737 21 21 of
3393 737 56 20 Wm.
3464 736 75 21 Martin

2986 775 39 21 and
3043 774 62 22 taken
3122 774 112 21 therefrom
3255 774 28 21 £7
3301 773 27 22 ss.
3350 772 35 21 the
3404 772 97 26 property
3519 769 21 22 of

2987 808 84 21 Martin.
3099 807 111 21 Constable
3219 807 74 26 Fouby
3304 806 61 21 asked
3376 805 31 21 for
3424 812 13 13 a
3455 804 84 20 remand

2987 840 31 22 for
3030 848 37 15 one
3078 842 64 26 week,
3153 848 21 14 as
3183 841 26 21 he
3219 847 41 14 was
3269 842 36 19 not
3320 838 99 28 prepared
3437 840 22 19 to
3475 844 25 20 go
3514 843 24 15 on

2988 877 48 22 with
3057 877 35 22 the
3103 884 50 15 case.
3181 877 42 21 The
3241 875 83 22 remand
3343 882 40 14 was
3400 873 91 28 granted,
3508 880 21 14 ac-

2987 913 130 26 cused'being
3132 913 86 21 allowed
3227 912 41 21 bail
3278 912 20 20 in
3308 913 41 19 two
3359 911 86 21 sureties
3454 910 40 21 and
3507 909 32 21 his

2988 948 91 29 personal
3091 948 145 28 recognisance.

3016 991 27 20 At
3054 990 35 21 the
3096 990 99 26 Supreme
3203 989 70 24 Court,
3280 987 107 25 Dunedin,
3393 987 40 20 last
3438 985 102 26 Tuesday,

2988 1025 31 20 his
3043 1026 94 24 Honour,
3157 1024 32 20 Mr
3208 1024 80 20 Justice
3304 1022 110 25 Williams,
3433 1019 108 22 sentenced

2988 1058 55 22 John
3057 1058 72 22 Currie
3140 1060 22 18 to
3170 1057 75 21 twelve
3261 1054 89 23 months'
3365 1054 50 22 hard
3425 1054 73 21 labour
3506 1052 33 21 for

2988 1095 94 25 entering
3100 1100 12 14 a
3130 1092 96 26 dwelling
3244 1091 40 22 and
3306 1090 87 27 stealing
3411 1089 54 22 from
3485 1088 54 22 Wro.

2990 1129 105 26 Gunning,
3113 1136 27 14 on
3157 1128 36 21 the
3211 1129 73 19 Teviot
3300 1127 83 25 station,
3394 1132 25 14 on
3440 1124 36 22 the
3491 1124 49 21 20th

2989 1163 67 28 Sept.,
3068 1171 11 14 a
3089 1163 66 22 watch
3173 1162 67 27 chain,
3260 1162 51 26 ring,
3330 1160 39 22 and
3387 1158 77 23 several
3482 1158 59 21 other

2988 1200 87 22 articles.
3117 1200 26 21 R.
3169 1199 67 26 Allen,
3259 1197 86 27 charged
3364 1196 49 25 wi}h
3433 1195 36 22 the
3486 1202 55 14 name

2988 1236 85 23 offence,
3086 1243 40 13 was
3135 1233 100 23 admitted
3244 1236 22 18 to
3274 1233 116 25 probation.
3416 1231 66 22 There
3489 1237 52 15 were

2988 1272 74 21 twelve
3073 1271 94 27 previous
3179 1270 124 21 convictions
3313 1270 78 25 against
3400 1268 78 22 Currie.

3014 1315 18 20 A
3040 1314 118 20 committee
3167 1313 89 26 meeting
3266 1313 22 20 of
3295 1313 36 20 the
3341 1312 112 25 Roxburgh
3464 1310 79 26 Jockey

2989 1349 54 22 Club
3056 1355 40 15 waR
3104 1348 49 22 held
3162 1355 24 14 on
3199 1348 101 27 Saturday
3310 1347 92 27 evening.
3429 1346 110 22 Present-

2990 1386 75 20 Messrs
3088 1385 51 20 Bain
3164 1385 27 24 (in
3215 1383 35 22 the
3268 1384 71 26 chair),
3364 1383 66 27 Boyd,
3458 1383 85 25 Graves,

2990 1418 92 24 Louden,
3103 1417 23 22 J.
3144 1418 101 25 Tamblyn
3264 1417 40 20 and
3324 1417 74 20 Dunne
3417 1416 124 25 (secretary).

2990 1453 43 20 The
3043 1454 102 24 secretary
3155 1452 48 21 read
3216 1459 12 14 a
3245 1452 64 21 letter
3325 1451 53 21 from
3397 1451 36 21 the
3453 1449 91 23 Colonial

2989 1485 126 24 Secretary's
3126 1485 144 27 Depaitraent,
3292 1484 117 27 expressing
3417 1485 68 25 regret
3498 1483 46 21 that

2990 1520 36 22 the
3038 1520 131 26 department
3180 1526 51 14 were
3247 1518 74 21 unable
3338 1520 24 20 to
3377 1520 60 24 grant
3446 1524 12 14 a
3467 1517 76 21 license

2991 1556 22 18 to
3024 1553 35 21 the
3070 1552 47 21 club
3126 1552 32 20 for
3167 1552 35 20 the
3211 1559 36 13 use
3259 1552 23 20 of
3299 1552 35 20 the
3354 1552 116 20 totalisator
3485 1550 33 22 for
3531 1557 13 14 a

2989 1593 41 14 one
3052 1586 56 23 day's
3131 1586 97 26 meeting,
3250 1592 23 13 as
3291 1585 59 21 there
3368 1592 39 14 waa
3425 1591 27 14 no
3470 1583 75 22 license

2992 1621 108 22 available.
3127 1620 44 22 The
3181 1619 153 28 Department's
3351 1622 56 19 want
3419 1619 22 21 of
3451 1621 92 25 courtesy

2992 1657 22 21 in
3026 1655 94 27 delaying
3130 1654 53 21 their
3195 1654 58 26 reply
3263 1661 40 14 was
3313 1653 127 22 commented
3449 1660 34 14 on.
3510 1654 33 19 Mr

2993 1689 57 26 Boyd
3072 1688 99 27 proposed
3190 1687 40 21 and
3248 1687 33 21 Mr
3301 1687 75 21 Dunue
3393 1686 99 22 seconded
3509 1693 37 19 pro

2993 1725 66 21 forma
3071 1731 12 14 a
3092 1723 113 22 resolution
3216 1722 46 21 that
3271 1722 36 21 the
3327 1722 64 21 club's
3409 1721 75 22 annual
3502 1728 45 14 race

2995 1760 90 25 meeting
3103 1759 24 21 be
3146 1759 48 20 held
3212 1759 22 20 in
3252 1758 79 22 March.
3368 1759 31 19 An
3416 1757 132 21 amendment

2994 1795 27 28 by
3034 1795 74 22 Messrs
3118 1794 100 27 Tamblyn
3228 1794 40 22 and
3278 1793 84 22 Louden
3379 1794 46 20 that
3440 1792 37 22 the
3485 1793 49 21 meet-

2993 1833 35 25 ing
3038 1832 25 21 be
3073 1831 47 21 held
3134 1838 26 13 on
3170 1830 53 21 New
3232 1830 71 21 Year's
3313 1830 45 26 Day
3367 1836 41 14 was
3416 1828 83 22 carried.
3527 1828 21 21 It

2995 1873 40 14 was
3044 1866 85 21 decided
3139 1868 21 18 to
3166 1866 63 26 adopt
3238 1865 40 20 last
3294 1865 64 27 year's
3369 1870 127 21 programme
3508 1869 21 14 as
3536 1869 12 13 a

2995 1901 75 23 whole.
3097 1901 75 21 Messrs
3183 1900 56 27 Boyd
3249 1900 40 22 and
3303 1900 75 22 Dunne
3392 1898 100 28 proposed
3501 1897 48 22 that

2994 1938 37 20 the
3041 1938 61 20 Brass
3113 1936 58 21 Band
3181 1936 26 20 be
3216 1936 61 21 asked
3284 1936 32 20 for
3325 1937 64 19 terms
3396 1934 32 21 for
3438 1933 82 27 playing
3527 1936 22 18 at

2995 1971 36 21 the
3052 1977 55 14 races
3125 1970 41 20 and
3184 1969 167 22 ball.—Carried.
3384 1969 44 20 The
3445 1968 103 20 chairman

2995 2006 38 22 and
3047 2006 71 21 Messrs
3129 2004 57 28 Boyd
3204 2004 41 23 and
3263 2005 75 21 Dunne
3349 2011 51 14 were
3411 2002 113 28 appointed
3537 2010 11 14 a

2995 2039 117 21 committee
3122 2040 22 18 to
3153 2038 73 21 collect
3235 2038 153 27 subscriptions.

3019 2077 43 21 The
3073 2077 111 26 Roxburgh
3193 2076 51 22 Glee
3259 2077 70 21 Club's
3341 2075 75 22 annual
3433 2075 61 21 social
3509 2081 40 14 was

2995 2110 48 21 held
3062 2110 20 21 in
3101 2109 36 22 the
3158 2109 123 22 Athenaeum
3299 2116 26 14 on
3345 2109 90 26 Monday
3454 2108 95 26 evening,

2997 2143 59 21 when
3066 2143 58 21 there
3135 2149 41 14 was
3184 2149 13 13 a
3204 2148 110 15 numerous
3323 2142 122 21 attendance
3456 2141 23 21 of
3488 2148 46 13 mem-

2995 2178 46 21 bers
3050 2178 40 21 and
3099 2178 55 21 their
3162 2177 86 26 friends,
3259 2177 64 20 about
3333 2176 66 26 thirty
3409 2176 72 25 couple
3491 2176 59 26 being

2996 2215 90 26 present.
3113 2212 43 22 The
3167 2211 60 23 soeial
3237 2211 100 22 consisted
3347 2211 22 21 of
3383 2211 94 26 daneing,
3487 2210 52 22 inter-

2995 2248 82 27 sper«ed
3087 2247 50 21 with
3151 2247 55 26 glees
3216 2247 27 26 by
3253 2247 35 20 the
3298 2246 48 21 c!ub
3354 2246 41 21 and
3404 2253 68 18 songs,
3482 2245 41 21 and
3538 2251 11 14 a

2995 2290 50 21 rery
3058 2282 93 28 pleasant
3169 2282 86 27 evening
3275 2288 40 15 was
3333 2282 66 25 spent.
3428 2280 49 23 MiM
3496 2279 55 23 Lane

2996 2325 40 13 was
3045 2318 37 21 the
3090 2317 138 26 accompanist
3238 2317 41 20 and
3297 2316 44 20 also
3358 2315 74 27 played
3449 2315 102 21 excellent

2995 2354 63 20 dance
3070 2353 70 24 music,
3151 2352 40 21 and
3205 2352 33 20 Mr
3257 2350 23 22 J.
3298 2351 62 21 Drew
3378 2351 60 20 acted
3455 2357 23 14 as
3496 2350 54 21 M.C.

2996 2389 81 26 During
3086 2388 36 21 the
3132 2388 86 25 evening
3225 2394 12 14 a
3243 2387 91 27 pleasing
3344 2386 92 22 incident
3444 2385 106 26 occurred,

2996 2423 60 25 being
3078 2421 37 21 the
3136 2421 141 27 presentation
3300 2420 27 26 by
3346 2420 35 21 the
3404 2419 48 22 club
3478 2421 23 19 to
3519 2419 32 21 Mr

2998 2459 101 21 Bennetts
3107 2457 127 27 (condnctoi)
3244 2456 40 22 and
3295 2456 49 22 Miss
3353 2456 56 21 Lane
3418 2456 103 26 (pianiste)
3531 2456 20 21 of

2996 2495 42 19 two
3047 2492 104 22 souvenirs
3160 2492 23 21 of
3193 2491 35 21 the
3235 2491 31 23 '97
3275 2498 78 20 season,
3364 2491 21 21 in
3396 2490 124 27 recognition
3531 2490 20 22 of

2997 2528 54 21 their
3061 2527 92 21 valuable
3163 2526 86 21 services
3261 2530 22 17 to
3299 2526 35 21 the
3344 2526 54 21 club.
3425 2526 34 20 Mr
3475 2526 76 21 Dasne

2996 2562 73 28 briefly
3079 2561 108 23 addressed
3197 2562 36 21 the
3242 2561 109 27 recipients
3360 2568 27 14 on
3399 2559 70 23 behalf
3477 2560 22 23 of
3513 2561 38 22 the

2996 2599 55 24 club,
3073 2599 21 20 in
3119 2597 82 26 making
3227 2597 36 21 the
3293 2597 151 26 presentations
3473 2596 78 27 (which

2996 2633 101 22 consisted
3107 2634 22 20 of
3137 2636 41 18 two
3188 2632 150 26 metronomes),
3349 2632 41 21 and
3399 2632 32 21 Mr
3440 2632 111 25 Bennetts,

2996 2669 20 23 in
3036 2677 12 14 a
3065 2669 110 21 felicitious
3197 2667 80 28 speech,
3299 2667 99 22 returned
3424 2667 76 22 thanks
3518 2667 32 21 for

2999 2705 83 22 himself
3087 2705 40 21 and
3134 2703 50 22 Miss
3190 2703 62 21 Lane.
3278 2703 128 26 Concluding
3413 2702 32 22 his
3451 2702 96 26 remarks,

2998 2742 32 21 Mr
3041 2742 100 20 Bennetts
3150 2739 43 22 said
3203 2739 35 21 the
3247 2738 64 22 club's
3331 2745 78 14 success
3425 2745 22 14 so
3463 2738 32 21 far
3508 2738 41 21 had

2996 2776 35 23 led
3041 2776 56 21 them
3108 2778 21 19 to
3139 2774 138 28 contemplate
3295 2780 55 15 some
3365 2780 56 15 more
3438 2773 112 22 ambitious

2996 2811 64 20 effort
3074 2811 51 20 next
3136 2816 78 19 season,
3223 2808 40 22 aud
3271 2808 35 21 the
3315 2808 119 21 committee
3443 2807 68 27 hoped
3527 2809 24 20 to

2998 2844 25 20 be
3033 2843 46 21 able
3089 2844 22 19 to
3121 2842 88 27 produce
3218 2848 38 14 one
3263 2841 22 21 of
3292 2841 35 21 the
3334 2848 78 19 operas.
3439 2841 34 21 He
3484 2841 66 26 hoped

2997 2879 49 26 they
3056 2877 67 22 would
3134 2877 51 21 have
3203 2884 13 14 a
3231 2876 55 27 large
3303 2875 98 23 accession
3412 2877 22 19 to
3442 2875 36 21 the
3487 2882 48 14 mem-

2997 2912 83 27 bership
3103 2914 50 19 next
3184 2918 77 15 season.
3301 2910 40 22 His
3372 2909 91 22 remarks
3498 2916 51 16 were

2999 2948 93 21 received
3102 2947 50 22 with
3160 2947 49 21 loud
3217 2946 105 26 applause.

3025 2989 32 21 On
3074 2987 76 26 Friday
3167 2987 86 25 evening
3270 2985 40 22 last
3328 2985 36 21 the
3374 2984 76 22 annual
3460 2984 60 21 social
3530 2984 20 22 in

3000 3022 121 22 connection
3132 3021 50 22 with
3192 3020 36 22 the
3237 3019 111 27 Roxburgh
3357 3018 103 23 Christian
3472 3017 65 22 Endea-

3000 3065 51 14 vour
3061 3065 40 13 was
3111 3057 47 21 held
3168 3057 20 21 in
3198 3057 35 21 the
3244 3055 108 27 Wesleyan
3362 3054 83 22 Church
3453 3054 50 21 with
3514 3053 36 22 the

2998 3095 51 19 view
3064 3093 22 21 of
3106 3092 120 26 interesting
3242 3098 69 20 young
3320 3091 73 27 people
3412 3090 103 26 generally
3529 3097 19 13 id

2999 3128 77 20 church
3086 3127 36 20 life
3131 3127 40 20 and
3181 3126 63 21 work.
3270 3126 44 21 The
3331 3125 77 21 church
3418 3125 109 26 presented
3538 3131 12 13 a

3001 3170 50 19 very
3081 3163 130 26 picturesque
3233 3168 133 20 appearance,
3392 3168 22 14 aa
3444 3160 105 22 extensive

3002 3198 127 22 decorations
3135 3198 39 20 had
3182 3198 50 20 been
3237 3196 77 22 carried
3322 3198 37 19 out
3366 3196 26 26 by
3399 3197 35 20 the
3442 3196 106 21 members.

2999 3234 43 21 The
3052 3234 52 21 Rev.
3116 3234 32 20 Mr
3158 3232 82 26 Hooper
3249 3232 96 26 occupied
3355 3231 37 22 the
3402 3231 63 26 chair,
3482 3231 40 21 and
3538 3238 12 13 a

3000 3269 87 21 number
3096 3269 23 20 of
3127 3268 78 21 friends
3213 3267 74 27 having
3293 3267 96 27 accepted
3398 3266 36 22 the
3441 3267 107 21 invitation

3000 3305 22 19 to
3036 3303 25 21 be
3073 3304 91 26 present,
3174 3309 12 14 a
3196 3301 93 27 pleasant
3297 3301 40 22 and
3348 3300 108 28 profitable
3465 3301 85 27 evening

3000 3345 41 14 was
3050 3339 68 25 spent.
3145 3337 43 21 The
3197 3337 90 26 meeting
3296 3335 79 28 opened
3388 3336 51 21 with
3447 3335 37 22 the
3493 3336 58 21 usual

2998 3373 119 22 devotional
3124 3372 105 26 exercises,
3239 3372 39 20 and
3284 3371 58 21 three
3348 3371 98 21 associate
3452 3370 100 22 members

2997 3414 55 15 were
3070 3406 99 22 received.
3204 3406 44 21 The
3267 3412 127 20 programme
3413 3404 100 21 consisted
3531 3404 21 21 of

2999 3443 55 21 goloj
3069 3443 27 26 by
3111 3442 49 20 Miss
3169 3441 60 21 Toms
3270 3441 43 20 The
3331 3440 55 21 Hem
3404 3440 23 21 of
3443 3439 39 21 His
3500 3440 39 20 Gar-

3089 3478 49 21 Miss
3147 3476 68 23 Smith
3254 3476 44 22 The
3306 3476 50 21 Last
3503 3476 49 21 Miss

2997 3514 102 26 Tamblyn
3144 3513 44 20 The
3211 3512 97 26 Moaning
3329 3512 23 20 of
3371 3512 36 21 the
3504 3512 49 20 Miss

3002 3549 85 19 Watson
3318 3545 61 21 duets
3385 3545 26 27 by
3419 3545 71 21 Misses
3499 3545 54 21 Lane

2999 3584 41 21 and
3071 3582 68 23 Smith
3169 3582 40 21 and
3246 3580 113 22 Mesdames
3389 3581 91 22 Andrew
3513 3581 40 22 and

3001 3619 125 25 Matthews;
3140 3617 81 26 chorus,
3232 3616 321 28 MesdamesHoopc,RedmaD,

3002 3654 118 22 Matthews,
3143 3653 40 21 and
3202 3653 75 20 Messrs
3294 3652 84 21 Michell
3397 3652 40 21 and
3455 3652 83 27 Hooper
3548 3660 5 19 ;

3000 3690 126 26 recitations,
3149 3688 44 23 Mrs
3216 3688 77 26 Dixon,
3322 3687 72 22 Misses
3421 3686 73 23 White
3515 3688 38 22 and

2997 3725 123 27 M'Kenzie,
3143 3725 41 21 and
3206 3723 154 26 MrjJMiche.il;
3383 3730 65 21 essay,
3472 3724 81 22 "God's

2999 3759 100 25 goodness
3109 3760 22 19 to
3198 3758 49 20 Miss
3263 3757 132 22 Sutherland.
3421 3757 44 21 The
3474 3765 66 14 accom-

2996 3792 119 28 paniments
3138 3798 52 15 were
3214 3790 73 28 played
3306 3790 27 28 by
3351 3790 49 22 Miss
3421 3789 63 30 Lane,
3506 3792 47 21 Miss

2999 3828 88 26 Grover,
3098 3827 40 21 and
3148 3827 42 21 Mrs
3198 3827 117 21 Matthews.
3336 3826 80 27 During
3423 3827 35 21 the
3468 3828 85 26 evening

2996 3862 150 23 refreshments
3169 3869 52 14 were
3243 3861 81 22 handed
3341 3862 66 21 round
3430 3862 41 23 and
3491 3864 62 21 much

2993 3895 136 28 appreciated.

3018 3939 106 26 Certainly
3138 3938 36 21 the
3192 3939 54 20 most
3260 3938 95 22 effective
3368 3938 100 22 medicine
3481 3939 20 22 in
3514 3939 36 22 the

2995 3975 61 20 world
3075 3974 17 20 is
3109 3973 115 21 SANDER
3237 3972 40 21 and
3295 3972 78 22 SONS'
3391 3973 162 21 EUCALYPn

2995 4006 136 23 EXTRACT.
3159 4005 48 21 Test
3214 4005 27 21 its
3247 4004 113 27 eminently
3369 4005 99 26 powerful
3478 4007 73 20 effects

2992 4043 20 22 in
3028 4041 82 27 coughs,
3120 4039 62 27 colds,
3193 4039 100 22 influenza
3301 4056 6 10 ,
3329 4038 37 23 the
3376 4040 58 22 relief
3443 4041 17 21 is
3473 4041 66 23 instan-

2993 4080 91 17 taneous.
3114 4074 25 20 In
3153 4074 77 20 serious
3240 4080 55 14 cases
3312 4074 40 20 and
3366 4074 102 21 accidents
3483 4076 22 20 of
3520 4076 29 21 all

2992 4108 67 26 kinds,
3070 4107 25 22 be
3105 4107 49 27 they
3166 4106 92 26 wounds,
3268 4106 70 23 burns,
3347 4106 106 28 scalding,
3473 4107 79 23 bruises

3005 4151 74 20 prams,
3089 4144 16 21 it
3114 4144 17 21 is
3140 4144 36 21 the
3186 4143 63 21 safest
3259 4142 138 28 remedy—no
3407 4144 146 26 swelling—no

2993 4179 159 23 inflammation.
3181 4179 51 21 Like
3241 4179 112 27 surprising
3364 4180 73 21 effects
3448 4179 105 27 produced

2993 4215 20 21 in
3032 4221 70 20 croup,
3112 4213 109 28 diptheria,
3236 4213 117 26 bronchitis,
3367 4214 148 22 inflammation
3530 4217 23 19 of

2996 4243 36 21 the
3056 4242 70 25 lungs,
3139 4241 110 26 swellings,
3256 4243 40 19 etc.
3315 4241 111 25 diarrhoea,
3440 4242 101 25 dvsentry

2995 4271 87 20 diseases
3092 4271 20 17 of
3124 4269 35 20 the
3173 4269 86 20 kidnuvs
3268 4268 41 21 and
3324 4269 82 26 urinary
3416 4276 80 19 orgaus.
3526 4265 23 25 in

3009 4306 21 14 se
3036 4297 55 22 atall
3098 4295 99 28 hospitals
3204 4295 40 23 and
3253 4296 84 22 medical
3343 4297 75 24 cliuics,
3434 4303 90 20 patron's
3537 4297 13 22 d

2995 4327 26 26 by
3032 4327 38 20 His
3080 4326 87 25 Majesty
3178 4325 35 20 the
3225 4324 56 25 King
3289 4324 23 20 of
3323 4324 63 27 Italy,
3396 4325 93 21 crowned
3505 4325 46 21 .irith

2995 4353 66 22 medal
3072 4352 40 22 and
3120 4351 93 26 diploma
3221 4353 23 18 at
3256 4351 150 21 International
3420 4352 126 26 Exhibition,

2996 4380 140 21 Amsterdam.
3162 4379 64 20 Trust
3235 4379 21 19 in
3266 4379 42 19 this
3317 4379 103 25 approved
3430 4379 70 21 article
3510 4381 40 18 and

2995 4409 64 27 reject
3068 4407 28 21 all
3106 4410 75 18 others.

3098 4476 99 42 What
3230 4476 123 50 People
3386 4476 76 49 Say.

2998 4537 50 28 Mr.
3063 4534 81 29 Thos.
3167 4532 147 36 Snowden,
3329 4534 105 38 Budget
3456 4534 91 36 Office,

2998 4575 153 38 Singleton.
3163 4573 129 36 N.S.W.,
3313 4575 90 28 writes
3412 4585 35 18 on
3474 4576 73 37 Aug.

3001 4618 72 34 19th,
3091 4615 67 29 1896
3171 4626 5 15 :
3180 4615 119 28 —Some
3314 4615 66 28 time
3394 4626 53 27 ago
3461 4615 46 28 life
3520 4619 27 24 to

2998 4667 43 18 me
3053 4665 56 18 wis
3123 4659 48 24 not
3185 4657 87 26 worth
3294 4654 87 39 living
3393 4666 6 23 ;
3421 4655 13 28 I
3450 4655 97 37 simply

2998 4696 52 30 had
3073 4707 15 17 a
3100 4694 4 36 ,
3112 4694 165 34 mechanical
3300 4695 147 29 existence.
3487 4694 59 29 You

2998 4737 52 28 will
3066 4735 168 30 understand
3249 4735 58 28 that
3325 4735 83 38 being
3418 4746 16 17 a
3445 4735 102 38 printer

2998 4788 44 22 my
3057 4775 161 39 occupation
3238 4774 23 29 is
3288 4782 47 21 not
3358 4776 148 27 conducive
3520 4780 27 23 to

2997 4817 72 38 good
3090 4815 102 30 health.
3232 4815 10 28 I
3261 4825 53 19 was
3335 4815 126 38 working
3480 4815 26 28 in
3532 4825 15 17 a

2996 4859 72 26 close
3081 4857 86 33 office,
3184 4855 54 28 and
3254 4855 109 29 became
3382 4855 164 38 thoroughly

2996 4896 160 30 exhausted.
3208 4895 13 29 I
3257 4895 52 28 lost
3331 4895 34 28 all
3392 4895 88 29 desire
3505 4895 42 29 for

2997 4937 157 32 recreation,
3180 4936 54 27 and
3262 4935 124 36 pleasant
3412 4940 133 22 moments

2998 4986 68 19 were
3084 4975 109 38 foreign
3207 4980 27 23 to
3249 4984 52 19 me.
3341 4973 13 28 1
3368 4973 53 28 had
3436 4983 34 19 no
3483 4983 46 29 par-

2996 5016 97 29 ticular
3105 5016 122 34 ailment,
3242 5015 50 28 but
3306 5015 14 28 I
3334 5014 97 29 should
3448 5013 98 30 almost

2996 5058 68 27 have
3077 5055 145 30 welcomed
3233 5066 16 17 a
3257 5056 134 28 cessation
3402 5055 29 28 of
3440 5055 103 39 earthly

2995 5098 87 30 strife.
3123 5097 54 29 But
3191 5097 46 28 the
3251 5095 112 30 darkest
3377 5095 80 30 cloud
3474 5096 46 29 has
3531 5107 15 18 a

2994 5139 82 28 silver
3105 5137 96 39 lining.
3241 5137 13 28 I
3281 5137 64 28 read
3368 5146 74 19 some
3469 5137 63 28 testi-

2995 5178 123 36 monials,
3142 5184 127 32 amongst
3299 5177 88 29 which
3414 5187 54 18 was
3494 5187 51 19 one

2995 5221 69 27 from
3081 5219 44 29 Mr
3137 5219 28 28 J.
3181 5221 30 27 0.
3227 5219 31 28 L.
3274 5217 179 40 Filzpatrick,
3470 5217 72 30 M.P.

2994 5261 61 27 who
3075 5259 53 28 had
3151 5259 69 28 been
3242 5258 92 28 cured.
3374 5258 13 27 I
3414 5262 61 23 sent
3502 5259 44 26 for

2996 5304 52 25 two
3062 5299 101 30 bottles
3182 5298 28 30 of
3233 5297 137 30 Clements
3384 5297 92 37 Tonic,
3491 5297 53 29 and

2994 5341 72 28 after
3078 5341 99 34 taking
3190 5340 74 28 them
3280 5339 14 28 I
3316 5349 55 18 was
3384 5340 76 36 quite
3474 5339 70 34 well,

2994 5381 29 27 in
3043 5381 56 28 fact
3119 5380 14 28 I
3156 5389 84 19 never
3260 5379 48 29 felt
3333 5380 96 34 better,
3450 5378 55 29 and
3527 5377 14 28 I

2996 5421 151 38 cheerfully
3168 5421 66 27 bear
3257 5419 109 29 witness
3395 5424 27 23 to
3444 5419 35 28 its
3502 5429 27 18 re-

2997 5461 139 29 markable
3146 5469 106 30 powers
3281 5460 27 28 If
3317 5461 46 27 the
3376 5459 168 38 publication

2995 5502 29 28 of
3045 5502 77 28 these
3144 5502 54 28 few
3220 5501 67 27 lines
3308 5500 53 28 will
3386 5501 33 27 bo
3441 5500 28 27 of
3490 5509 54 26 any

2996 5542 103 30 service
3120 5552 54 28 you
3194 5551 46 19 are
3267 5544 30 26 at
3324 5541 100 36 liberty
3445 5544 28 24 to
3497 5549 46 18 use

2996 5583 84 34 them,
3099 5582 54 28 and
3172 5582 13 26 I
3203 5591 44 18 am
3269 5590 61 19 sure
3345 5580 126 28 sufferers
3490 5579 52 27 will

2996 5622 101 31 benefit
3116 5621 162 31 themselves
3305 5619 178 38 incalculably
3508 5619 34 38 by

2996 5664 99 37 taking
3106 5663 139 29 Clements
3255 5662 89 28 Tonic.
3349 5661 126 27 —Yours
3487 5659 41 28 sin-

2995 5704 98 38 cerely,
3134 5702 81 30 Thos.
3259 5701 146 34 Snowden,
3437 5700 64 27 Bud
3501 5702 41 35 jet

2995 5745 92 36 Office,
3099 5742 154 40 Singleton,
3266 5746 66 25 Mew
3343 5742 87 28 South
3442 5739 97 30 Wales.

3564 169 118 42 Teviot
3701 170 237 42 Horticultural
3958 169 149 47 Society.

3600 249 26 27 A
3640 249 121 38 meeting
3774 248 30 30 of
3816 249 46 28 the
3883 247 142 31 executive
4038 256 84 20 com-'

3565 288 92 29 miitee
3672 289 29 29 of
3713 290 45 28 the
3772 290 87 28 above
3870 289 102 36 society
3985 299 53 18 was
4049 287 63 29 held

3564 332 28 22 at
3605 329 47 26 tlie
3673 329 165 28 Athenamm
3865 339 34 18 on
3925 327 186 37 Wednesday.

3565 367 114 29 Present
3754 369 102 29 Messrs
3894 369 39 29 M.
3972 366 140 41 Gampbell

3568 408 169 34 (chairman),
3763 410 113 33 Haines,
3903 410 142 32 Bennetts,
4072 408 41 28 Dr

3567 447 96 28 Mullin
3678 448 53 27 and
3746 448 99 28 Dtinne
3859 449 171 38 (secretary.)

3731 497 107 20 ANNUAL
3863 498 83 20 SHOW.

3604 527 56 28 The
3674 528 65 28 folio
3743 529 49 27 win
3797 540 17 21 of
3825 534 206 27 arrangements
4042 538 79 20 were,

3568 568 77 27 made
3670 567 43 28 for
3738 568 45 28 the
3805 568 187 39 forthcoming
4012 568 101 29 annual

3567 607 73 29 show
3657 619 43 16 :

3604 647 144 36 Resolved,
3761 660 35 17 on
3819 649 46 28 the
3889 650 103 28 motion
4014 650 30 28 of
4069 650 46 28 Mr

3573 689 139 34 Bennetts,
3725 689 135 28 seconded
3881 690 36 36 by
3942 691 39 26 Dr
4006 690 107 34 Mullin,

3567 729 60 28 that
3641 739 15 17 a
3670 728 146 29 member's
3828 729 87 28 ticket
3927 729 84 38 (price
4022 730 30 27 2s
4066 730 45 34 6d)

3569 769 76 38 gives
3654 770 58 27 fiee
3722 768 146 30 admission
3879 772 28 25 to
3920 769 46 28 the
3974 770 73 28 show
4061 769 54 28 and

3567 809 110 29 entitles
3692 809 46 28 the
3751 808 96 29 holder
3857 812 27 25 to
3899 809 47 29 the
3960 809 89 38 rights
4062 809 55 29 and

3568 849 147 40 privileges
3728 849 30 29 of
3771 849 144 29 members.

3605 891 41 28 On
3661 891 47 28 the
3722 890 103 28 motion
3848 889 29 30 of
3898 889 102 30 Messrs
4015 890 102 28 Haines

3568 931 54 29 and
3637 932 134 27 Bennetts
3792 931 22 27 it
3839 941 55 18 was
3919 931 115 29 decided
4058 931 60 27 that

3569 974 43 28 for
3625 973 46 28 the
3685 983 60 18 sum
3771 971 29 30 of
3826 974 30 27 5s
3881 983 54 27 any
3962 972 115 28 number
4091 971 29 29 of

3569 1012 120 30 exhibits
3722 1012 29 27 in
3786 1012 35 27 all
3835 1011 4 37 ;
3847 1011 101 29 cHss6s
3972 1012 90 36 might
4086 1011 34 28 be

3569 1052 122 35 entered,
3704 1052 44 28 for
3760 1052 31 28 2s
3805 1051 42 29 six
3859 1049 120 33 exhibits
4003 1061 62 28 may
4086 1051 34 30 be

3570 1095 113 28 entered
3708 1093 29 28 in
3762 1092 35 29 all
3824 1093 109 36 classes,
3959 1092 53 30 and
4038 1092 43 29 for
4102 1102 18 18 a

3571 1134 88 40 single
3669 1133 104 31 exhibit
3785 1134 35 29 6d
3831 1134 97 30 should
3939 1135 33 28 be
3983 1132 137 40 charged?;

3569 1177 57 29 also
3652 1176 61 29 that
3726 1175 48 29 the
3786 1176 117 38 charges
3915 1175 44 30 for
3973 1173 146 31 admissiou

3571 1222 27 24 to
3614 1217 47 28 the
3675 1216 54 29 hall
3743 1226 35 19 on
3792 1216 74 29 show
3889 1216 52 38 day
3968 1214 97 31 should
4078 1215 44 29 «be

3574 1259 28 28 Is
3623 1258 45 29 for
3685 1257 216 37 non-members,
3922 1256 122 30 member
4064 1254 58 30 free

3575 1299 45 37 (■in
3647 1298 127 38 showing
3806 1298 183 38 membership
4007 1295 115 36 .ticket),

3563 1336 1 35 i
3572 1338 55 31 and
3641 1337 144 31 members'
3795 1337 115 30 families
3922 1338 42 30 Bd,
3972 1336 75 31 each.

3745 1388 66 20 DATE
3825 1388 33 21 OP
3870 1387 85 22 SHOW.

3609 1420 29 29 It
3654 1430 56 18 was
3724 1419 99 29 moved
3838 1420 35 37 by
3898 1419 104 29 Messrs
4016 1419 106 29 'Haines

3571 1460 54 29 and
3640 1459 143 35 Campbell
3797 1459 61 28 that
3870 1459 49 28 the
3929 1459 74 29 show
4014 1460 34 28 be
4059 1459 63 28 held

3572 1512 34 19 on
3621 1499 150 40 Thursday,
3786 1499 68 30 24th
3877 1498 150 40 February,
4046 1499 76 30 IBod.

3572 1540 159 31 —Carried.

3727 1590 52 19 THE
3793 1589 175 25 fIKOGWAMMS.

3609 1622 58 29 The
3681 1632 173 29 programme
3876 1622 30 28 of
3931 1622 46 29 the

3575 1662 108 37 County
3713 1660 196 31 Horticultural
3934 1661 110 38 Society
4071 1670 53 21 was

3575 1702 106 29 revised
3703 1701 53 29 and
3784 1700 133 29 amended
3943 1705 29 25 to
3997 1701 55 29 suit
4077 1701 48 29 the

3575 1742 117 34 district,
3713 1742 54 28 and
3792 1752 55 18 was
3871 1740 120 40 adopted
4017 1752 35 18 on
4079 1742 46 28 the

3577 1782 102 29 motion
3704 1792 35 19 on
3772 1781 103 30 Messrs
3904 1781 134 29 Bennetts
4071 1781 54 30 end

3577 1823 110 29 Dunne.

3613 1862 58 29 The
3691 1865 68 28 next
3781 1862 121 38 meeting
3928 1862 29 29 of
3982 1862 47 28 the
4055 1872 53 19 com-

3578 1903 93 30 mittee
3697 1914 54 19 was
3776 1902 74 30 fixed
3875 1903 44 29 for
3941 1902 184 38 Wednesday,

3579 1944 45 27 the
3640 1943 64 28 15th
3720 1943 64 28 inst.

3615 1983 19 28 -A
3654 1986 62 26 vote
3729 1983 29 29 of
3770 1981 103 30 thanks
3883 1984 29 27 to
3920 1981 47 30 the
3977 1981 76 30 chair
4062 1992 48 19 con-

3577 2024 98 29 cluded
3689 2025 46 28 the
3748 2023 130 35 meeting.

3632 2104 184 42 Lawrence
3839 2104 103 42 News
3967 2104 114 42 Notes.

3714 2189 63 25 (Own
3790 2187 205 26 Correspondent.)

3617 2227 57 29 The
3689 2228 129 34 weather,
3828 2227 89 30 which
3928 2227 47 28 has
3985 2227 145 37 beerrvepy

3581 2267 51 40 dry
3641 2268 49 29 for
3702 2278 75 19 some
3788 2267 77 38 time,
3888 2267 65 30 todk
3977 2278 16 18 a
4015 2267 116 30 decided

3579 2310 108 37 change
3713 2311 85 27 abont
3823 2319 73 19 noon
3922 2319 34 18 cm
3982 2309 145 38 Saturday.

3581 2349 68 29 Rain
3677 2359 77 19 came
3776 2349 79 28 down
3882 2349 27 28 in
3935 2352 128 31 torrents,
4077 2349 53 28 and

3580 2389 149 29 continued
3753 2389 102 38 during
3880 2389 47 28 the
3953 2388 89 39 night,
4065 2388 65 29 with

3582 2429 150 39 damaging
3746 2429 78 29 effect
3836 2439 35 19 on
3885 2429 47 29 the
3954 2433 83 24 water
4057 2439 73 18 races

3582 2470 52 29 and
3662 2470 94 30 claims
3781 2470 28 28 in
3834 2469 48 29 the
3908 2469 121 39 vicinity.
4081 2469 32 28 Al-

3584 2511 106 38 though
3712 2511 22 27 it
3758 2511 23 27 is
3806 2515 29 23 at
3859 2513 111 35 present
3983 2510 147 28 somewhat

3581 2551 152 40 improved,
3748 2551 45 30 the
3807 2550 119 30 weather
3947 2550 23 29 is
3993 2549 54 30 still
4069 2549 61 33 cold

3581 2592 53 29 and
3650 2592 131 37 showery.

3617 2632 58 28 The
3692 2631 108 39 cycling
3814 2634 99 36 sports,
3923 2631 89 28 which
4023 2640 69 19 were
4101 2634 29 25 to

3581 2672 69 29 have
3663 2672 67 29 been
3748 2671 63 30 held
3837 2671 105 38 to-day,
3964 2681 69 19 were
4055 2674 60 33 post-

3580 2712 89 39 poned
3683 2712 91 38 owing
3795 2716 29 24 to
3845 2712 47 28 the
3920 2711 167 37 inclemency
4101 2711 29 28 of

3582 2754 45 28 the
3641 2753 118 29 weather
3779 2752 69 29 until
3870 2756 67 24 next
3955 2751 175 38 Wednesday

3580 2794 153 35 afternoon,
3748 2793 77 29 when
3852 2803 16 18 a
3892 2792 76 39 large
3982 2792 147 39 gathering

3580 2834 23 28 is
3613 2834 142 37 expected.
3795 2834 41 28 On
3852 2832 55 29 this
3920 2832 123 29 occasion
4062 2832 65 28 both

3580 2874 109 38 cyclists
3710 2873 54 29 and
3785 2872 153 41 picnickers
3964 2872 69 29 have
4058 2872 67 30 been

3579 2914 109 39 equally
3702 2913 201 40 disappointed,
3916 2924 29 18 as
3955 2913 53 29 this
4019 2912 108 38 holiday

3580 2956 48 27 has
3641 2955 68 28 been
3732 2954 99 29 looked
3854 2954 116 28 forward
3997 2958 27 23 to
4050 2953 35 36 by
4107 2963 20 17 ,a

3581 2999 77 35 great
3673 2995 116 29 number
3814 2994 29 28 of
3863 2993 122 40 pleasure
4009 2992 117 35 seekers,

3579 3036 147 38 especially
3739 3046 101 28 among
3855 3038 47 26 the
3915 3044 100 29 voting.

3616 3076 169 30 To-morrow
3798 3075 118 38 evening
3938 3074 46 30 the
4010 3074 100 37 Presby-

3579 3117 87 28 terian
3682 3116 109 30 Church
3814 3115 81 29 social
3922 3114 53 28 will
4000 3114 34 28 be
4056 3114 72 34 held,

3579 3157 88 34 when,
3694 3156 116 39 granted
3848 3155 54 29 fine
3927 3154 128 32 weather,
4081 3153 46 29 the

3579 3197 106 38 usually
3713 3197 76 38 large
3814 3196 148 39 gathering
3994 3205 62 27 may
4093 3195 34 27 be

3579 3237 69 38 fully
3662 3237 144 38 expected,
3819 3247 30 18 as
3873 3247 17 17 a
3902 3234 167 38 thoroughly
4082 3244 32 20 en-

3579 3276 109 40 joyable
3700 3277 54 29 and
3763 3276 160 30 instructive
3936 3275 119 38 evening
4066 3274 24 29 is
4100 3274 29 30 in

3581 3322 73 25 store
3666 3317 45 29 for
3723 3318 37 28 all
3775 3317 78 29 those
3865 3316 60 28 who
3938 3314 71 33 care.
4017 3320 28 24 to
4057 3314 71 29 avail

3581 3357 166 30 themselves
3760 3357 29 30 of
3803 3357 46 29 the
3862 3355 185 41 opportunity.

3617 3398 58 29 The
3691 3398 101 40 Flying
3806 3397 128 36 Jordans,
3953 3395 178 36 a,combined

3581 3440 74 28 show
3671 3439 29 28 of
3725 3440 47 27 the
3797 3438 110 28 world's
3921 3441 121 32 greatest
4056 3446 60 23 acro-

3582 3480 61 29 bats
3657 3478 53 30 and
3725 3478 237 40 trapezeistSjipay

3582 3531 17 17 a
3620 3520 63 28 visit
3708 3523 159 26 to-morrow
3882 3516 2 38 ,
3893 3518 126 36 evenjng,
4033 3527 29 17 so
4075 3516 58 30 that

3585 3560 46 29 the
3644 3559 98 40 people
3758 3560 64 33 here
3835 3569 45 24 are
3901 3558 83 38 being
3998 3556 59 32 well
4071 3566 46 28 pro-

3584 3600 82 31 vided
3679 3601 43 28 for
3735 3600 27 29 in
3778 3600 46 29 the
3838 3598 84 40 shape
3942 3598 30 30 of
3984 3596 135 32 entertain-

3586 3645 75 26 ment
3674 3641 101 39 during
3790 3641 46 31 the
3852 3642 110 36 present
3974 3638 76 42 ,week

3621 3682 59 29 The
3690 3681 116 30 Success
3815 3680 113 40 dredge,
3935 3678 197 33 which.started

3586 3723 75 30 work
3675 3723 53 28 last
3742 3722 86 36 week,
3841 3721 53 30 had
3908 3732 16 17 a
3937 3720 61 35 trial
4004 3719 127 37 .jvash.ijp

3586 3763 78 29 when
3680 3763 65 37 they
3768 3766 50 34 got
3840 3761 83 34 abQut
3937 3761 58 33 59Z,
4009 3758 123 35 which,is

3584 3802 162 31 considered
3760 3813 66 26 very
3846 3798 227 39 satisfactory.for
4085 3798 46 31 tlie

3586 3845 64 29 time
3663 3844 53 29 and
3732 3843 45 29 the
3791 3843 55 28 dirt
3860 3842 65 29 that,
3932 3850 52 22 was
3998 3838 113 32 treated.

3623 3885 58 28 The
3703 3883 77 30 Good
3802 3881 148 39 Templars'
3964 3879 90 35 social,
4069 3878 60 29 held

3585 3925 130 38 recently,
3743 3923 103 39 proved
3876 3924 113 36 a.great;
4014 3928 115 19 success.

3585 3965 58 28 The
3668 3963 159 29 invitations
3865 3962 83 36 being
3973 3960 77 36 rfuHy
4088 3968 28 22 re-

3586 4003 122 39 sponded
3723 4007 44 31 to,.
3774 4001 120 37 brought
3907 4011 15 17 a
3928 4000 77 37 jarge
4015 3998 114 31 number

3584 4045 28 28 of
3624 4043 105 31 friends
3737 4043 53 29 and
3802 4040 192 40 sympathisers
4004 4037 125 41 together

3585 4085 60 28 who
3655 4083 166 38 thoroughly
3834 4080 113 41 enjoyed
3959 4078 170 33 themselves.

3586 4126 43 27 Mr
3643 4124 99 35 Miller,
3757 4121 78 37 C.T.,.
3845 4120 130 40 occupied
3990 4119 45 35 t)ie
4036 4118 3 42 (
4048 4118 81 33 chair,

3583 4165 53 29 and
3651 4165 77 29 short
3744 4163 143 30 addresses
3898 4184 6 12 v
3906 4170 71 24 ..wepe
3988 4158 140 40 .given.l>y

3586 4207 101 27 Messrs
3710 4205 131 29 Cameron
3860 4202 57 29 ,and
3933 4201 116 33 Merritt,
4063 4200 66 34 botji

3583 4247 30 27 of
3626 4245 137 35 Punedin,
3788 4243 54 28 and
3865 4251 93 29 songs,
3978 4240 150 37 dialogues,

3582 4285 53 30 and
3651 4284 155 32 recitations
3820 4283 35 38 by
3870 4291 133 23 meinoers
4028 4279 29 30 of
4082 4278 47 30 the

3584 4327 89 37 lodge.
3714 4325 108 37 During
3834 4335 34 18 an
3878 4321 114 32 interval
3999 4332 22 22 ,a
4032 4320 94 29 liberal

3583 4367 98 37 supply
3695 4367 29 26 of
3737 4364 273 30 refreshments,were
4021 4360 106 28 handed

3582 4406 86 30 round
3689 4406 37 39 by
3753 4405 46 31 the
3823 4403 94 35 ladies,
4038 4399 90 30 which

3582 4448 108 37 parlour
3714 4457 94 26 games
3839 4454 69 22 were
3922 4441 2 44 ;
3934 4441 130 39 indulged
4089 4441 38 29 in.

3575 4508 5 13 t
3581 4487 56 28 The
3653 4485 180 33 benediction,
4034 4484 33 32 by
4082 4481 46 28 the

3583 4528 63 27 Kev.
3661 4526 46 29 Mr
3719 4526 78 36 Jory,
3812 4523 121 37 brought
3957 4533 16 16 a
3994 4531 66 27 very

3573 4567 84 38 joyab
3661 4567 6 28 1
3670 4578 14 17 e
3696 4565 125 37 evening,
3827 4569 28 27 to
3868 4575 18 18 a
3896 4563 80 28 close.

3706 4651 136 49 Mining
3883 4650 111 39 Notes.

3612 4732 57 27 The
3684 4726 152 40 Roxburgh
3852 4725 207 39 Amalgamated
4075 4725 48 29 Co..

3577 4771 107 29 washed
3695 4782 37 27 up
3741 4770 43 28 for
3793 4768 51 28 last
3858 4766 175 28 month—No
4050 4768 6 25 1
4068 4766 41 31 ele-

3577 4817 85 29 vator,
3678 4813 61 26 14oz
3753 4808 105 33 lCdwt;
3873 4808 52 26 No.
3936 4807 24 34 2,
3972 4807 16 26 8
3996 4811 43 22 loz
4049 4806 76 28 9dwt

3579 4854 98 36 18grs;
3708 4851 52 27 No.
3787 4852 25 31 3,
3838 4847 68 28 fc'ioz
3934 4846 89 28 17dwt
4047 4846 75 38 Bgrs.

3575 4893 58 29 The
3672 4899 126 29 manager
3837 4890 105 35 reports
3980 4887 61 28 that
4076 4886 48 29 the

3574 4932 106 38 ground
3695 4932 23 26 is
3732 4931 83 34 being
3840 4928 82 27 taken
3949 4938 33 17 on
4009 4939 15 15 a
4040 4928 81 33 -face,

3574 4972 52 28 and
3642 4971 89 29 shows
3743 4967 139 38 improved
3895 4970 150 35 prospects.

3612 5012 97 36 Owing
3732 5013 28 26 to
3784 5008 46 30 the
3855 5007 67 38 high
3947 5010 70 25 state
4030 5005 29 30 of
4073 5005 45 34 th,e

3575 5054 70 28 river
3669 5050 103 30 several
3807 5048 116 37 dredges
3958 5048 67 26 have
4040 5047 2 38 .
4052 5047 68 27 been

3575 5093 115 40 stopped
3705 5092 43 29 for
3764 5091 46 29 the
3823 5089 52 29 last
3890 5088 82 30 week.

3611 5135 57 28 The
3683 5133 106 29 Ettrick
3806 5132 47 27 has
3864 5130 104 28 shifted
3993 5128 78 28 down
4093 5131 29 33 tf>

3574 5174 128 30 Gibson's
3720 5172 95 35 Beach,
3823 5170 59 40 just
3891 5171 86 27 above
3987 5169 46 28 the
4047 5168 53 28 Ban-

3574 5227 50 28 ger
3636 5216 77 29 Burn
3734 5212 87 36 claim,
3835 5211 53 29 and
3902 5215 81 30 starts
3996 5214 28 26 t,o
4038 5219 80 28 .open

3574 5261 48 24 out
3635 5253 190 35 thereto-day.

3610 5295 57 30 The
3692 5294 71 29 river
3793 5292 49 28 has
3871 5288 148 30 fluctuated
4045 5288 73 29 since

3575 5337 121 36 Sunday,
3711 5335 49 28 but
3782 5334 22 26 is
3826 5332 92 35 slowly
3944 5329 106 39 falling,
4064 5328 55 28 and

3574 5378 47 28 has
3634 5386 71 26 gone
3719 5379 78 23 clown
3810 5383 16 16 a
3838 5371 96 37 couple
3946 5369 29 27 of
3989 5370 65 27 feet.

3610 5417 58 28 The
3702 5413 136 38 dredging
3864 5417 107 22 returns
4003 5409 42 29 for
4067 5408 55 30 last

3574 5457 76 28 week
3664 5452 210 31 were—Golden
3889 5449 2 36 .
3900 5450 68 28 Gate
3983 5450 57 34 7oz,
4056 5449 47 28 Gol-

3574 5498 51 27 den
3652 5495 129 28 Treasure
3812 5502 28 16 io
3860 5501 23 24 z,
3908 5490 111 37 JJenger
4043 5489 75 36 Burp

3574 5540 57 32 soz,
3647 5537 89 36 Otago
3749 5535 76 32 osqz.

3609 5577 58 28 The
3681 5576 51 27 last
3746 5577 90 25 return
3857 5571 70 27 from
3953 5571 45 27 the
4021 5570 82 28 Enter-

3574 5619 71 38 prise
3658 5614 102 38 dredge
3772 5622 55 20 was
3840 5612 67 29 28oz
3921 5610 75 32 odwt
4010 5612 59 38 lgr.

3613 5694 56 29 Our
3682 5689 212 40 correspondent
3915 5688 71 30 from
4000 5688 47 29 the
4067 5688 54 30 Old

3575 5736 63 31 Man
3655 5735 96 37 Kange
3764 5730 89 30 writes
3866 5729 129 40 :—Many
4009 5729 29 31 of
4053 5741 53 29 you
4107 5729 4 43 ;
4112 5741 8 20 r

3429 75 164 49 Friday,
3616 76 218 42 December
3857 79 37 43 3,
3918 78 104 40 1897

1984 88 229 40 BENGER
2299 83 152 42 MAIL.

62 202 8 7 *
85 194 190 34 TUESDAY,
305 195 51 27 7th
383 192 219 35 DECEMBER,

244 241 40 29 At
297 242 16 28 3
326 240 114 29 o'clock.

78 322 27 27 T
124 323 27 27 A
171 322 23 27 B
214 322 24 27 E
258 321 20 27 Z
355 317 264 30 BURTON

142 368 44 20 has
199 359 109 29 recftivpri
322 359 162 27 instructions
497 357 62 27 from
580 358 40 25 the
634 357 1 31 i

70 400 155 37 Roxburgh
246 399 106 37 Jockey
376 397 70 29 Club
468 396 56 29 and
545 394 92 43 Rox-1

72 442 92 38 burgh
178 440 123 28 Athletic
315 439 97 36 Fports
433 437 70 28 Club
524 439 29 24 to
573 435 49 27 sell
634 435 3 45 i

71 482 152 38 Privileges
245 480 27 28 in
295 477 162 31 connection
483 475 65 30 with
575 475 48 28 the
635 473 2 49 j

72 523 110 30 Annual
197 526 97 34 .Sports
308 519 125 34 Meeting;
456 528 33 18 on
512 516 111 37 Boxing
635 516 2 44 ;

72 564 61 37 Day
165 562 54 28 and
244 562 73 28 Race
343 559 126 36 Meeting
494 567 33 19 on
554 556 84 45 New,

72 603 97 34 Year's
184 603 60 36 Day
258 613 29 17 as
300 600 87 30 under
388 616 37 5 —

147 661 140 30 SPORTS
310 658 239 31 PRIVILEGES.

147 716 10 26 1
164 713 184 28 -—-Luncheon
364 712 53 28 and
431 710 195 30 Refreshment
639 703 2 39 i

223 754 85 27 Booth

147 795 132 30 2—Fruit
298 793 67 29 Stall

91 856 7 7 *
112 847 102 31 RACE
228 846 101 31 CLUB
350 842 239 32 PRIVILEGES.
640 835 2 43 I

641 879 2 15 i

158 900 215 30 I—PnbliranV
380 899 89 28 Booth

150 944 16 28 2
169 941 183 30 —Luncheon
369 940 89 28 Booth

150 983 131 30 3—Fruit
297 981 67 28 Stall

180 1068 109 30 FOR
365 1065 172 32 SALE.

257 1154 55 30 and
333 1152 159 31 First-class
514 1150 102 40 Spring-

159 1192 3 40 .
178 1201 58 26 cart
249 1197 54 30 and
310 1195 143 32 .Harness.
456 1192 131 40 —Apply

291 1249 85 30 Office
389 1248 29 29 of
430 1247 62 30 this'
500 1246 97 39 Paper.

183 1336 45 38 C.
267 1335 37 40 d.
348 1333 188 50 Coombs,

86 1429 5 6 .
108 1404 66 29 &U±
185 1401 116 31 GICAL
321 1400 24 29 &
362 1396 258 33 MECHANICAL

277 1445 167 30 DENTIST

294 1493 39 24 (By
348 1491 80 21 Exam.)

67 1561 7 5 v
85 1553 48 33 \1
146 1551 25 29 R
193 1549 152 30 COOMBS
362 1559 63 24 may
439 1548 33 27 be
488 1545 147 30 Consulted

88 1574 45 32 J*
340 1592 29 24 at

241 1640 124 29 Hekon's
387 1638 95 29 Hotel

62 1710 10 14 <
87 1696 41 29 On
150 1692 155 35 FRIDAY,
328 1691 69 28 I7th
417 1684 218 34 DECEMBER.

124 1773 40 29 As
174 1772 18 29 I
204 1769 223 35 intendvisiting
445 1766 56 29 this
521 1765 115 29 District

88 1810 184 44 periodically,
285 1811 23 28 it
315 1810 54 29 will
378 1818 64 21 save
455 1806 124 30 Patients
590 1805 47 30 the

64 1876 5 7 ,
87 1863 119 30 expense
218 1852 29 29 of
260 1851 86 39 going
359 1855 28 24 to
401 1855 93 28 town-.;
514 1848 53 28 and
581 1858 30 16 as
623 1846 10 28 ]

89 1898 149 36 guarantee
258 1891 34 30 all
316 1890 86 36 work,
427 1889 125 29 Patients
574 1898 63 28 may

86 1936 57 37 rely
157 1945 35 18 on
204 1933 113 38 getting
329 1943 16 18 a
357 1930 143 30 first-class
509 1929 124 28 denture.

61 2006 4 33 •
86 2014 90 25 TEETH
204 2013 81 23 MADE
312 2012 38 22 BY
381 2010 94 23 OTHER
500 2006 137 24 DENTISTS

86 2036 4 28 I
107 2041 129 23 PROVING
246 2037 253 25 UNSATISFACTORY
508 2036 61 21 MAY
581 2036 35 21 BE

125 2068 209 23 REMODELLED
349 2067 36 21 AT
398 2065 94 21 SMALL
505 2063 75 21 COST.

89 2138 123 29 Painless
241 2136 160 29 Extraction
430 2132 65 29 with
521 2130 114 29 Nitrous

125 2178 88 29 Oxide
234 2177 65 34 Gas,
321 2176 125 33 Cocaine,
459 2171 95 35 Ether,
568 2182 31 18 or

271 2217 180 29 Chloroform.

69 2286 3 40 ,
84 2292 136 31 -Stopping
240 2300 70 19 with
331 2291 82 35 Gold,
436 2286 146 36 Amalgam,
602 2292 35 22 or

302 2333 121 29 Cement.

180 2410 30 29 C.
258 2409 28 29 J.
340 2405 203 36 COOMBS,

227 2458 127 28 Surgfon
378 2455 115 28 Dentist

109 2500 4 44 •
130 2505 144 39 (Opposite
287 2502 129 39 Cargill's
429 2500 171 37 Monument)

295 2550 79 22 DUNE
379 2549 57 22 DIN.

201 2592 80 35 (Late
298 2591 76 28 Kidd
389 2589 52 28 and
457 2588 58 37 Co.)

93 2710 20 28 B
119 2707 186 31 OXBURGH
312 2705 161 30 BAKERY
484 2704 28 29 &-
519 2702 118 31 STORE

72 2807 198 55 Moist
298 2806 339 53 KinastQU.

109 2897 140 36 BAKER,
279 2892 292 34 CONFECTIONER
594 2892 24 30 &

225 2942 281 35 STOREKEEPER,

129 3003 148 23 SCOTLAND
300 3001 113 26 STREET,
436 2999 165 22 ROXBURGH.

216 3100 101 28 desires
332 3102 29 24 to
374 3097 87 28 thank
475 3096 46 28 the
534 3093 92 30 inhabi-

96 3144 74 26 tants
183 3139 30 30 of
225 3137 153 39 Roxburgh
392 3136 53 29 and
458 3134 181 38 surrounding

94 3181 122 29 districts
240 3180 44 28 for
303 3179 47 28 the
373 3187 78 28 supp'
463 3180 24 25 rt
509 3174 132 31 accorded

93 3222 55 29 him
162 3221 26 29 in
204 3220 47 29 the
264 3224 70 35 past,
348 3219 52 28 and
416 3223 28 23 tc
451 3216 100 29 inform
566 3215 75 29 them

93 3262 61 28 that
167 3261 118 36 nothing
298 3259 52 28 will
367 3259 34 28 be
414 3257 123 37 wanting
550 3266 35 18 on
598 3255 43 28 his

91 3306 61 34 part
164 3301 27 28 in
204 3301 47 27 the
265 3300 90 28 future
367 3303 28 24 to
403 3297 81 30 merit
492 3307 14 18 a
515 3295 111 30 continu-

88 3351 67 19 ance
167 3340 31 30 of
210 3340 72 29 their
294 3342 123 36 support.

114 3431 142 22 WEDDING
275 3431 62 21 AND
356 3429 151 22 BIRTHDAY
525 3427 91 23 CAKES

234 3464 80 22 MADE
332 3464 35 21 TO
381 3463 104 22 ORDER.

87 3513 124 26 SOIREES,
234 3512 112 21 PICNICS
369 3511 15 20 k
404 3511 86 20 BALLS
508 3508 133 22 CATERED

128 3548 56 21 FOR
200 3547 35 21 ON
254 3547 58 21 THE
326 3544 144 23 SHORTEST
489 3542 113 23 NOTICE.

87 3591 129 38 Nothing
229 3591 52 28 but
294 3589 47 29 the
355 3589 62 29 best
427 3586 124 31 material
564 3586 76 29 used.

87 3687 77 22 GOOD
178 3683 188 25 ASSORTMENT
375 3683 36 21 OF
420 3682 166 26 GROCERIES,
595 3681 46 21 4c..

291 3718 38 21 ON
347 3716 94 22 HAND.

174 3811 120 29 Liberal
316 3807 140 30 Discount
468 3814 49 21 for
538 3804 86 32 Cash.

89 3930 45 66 j
222 3924 59 36 W.
357 3918 283 43 ROONEY,

122 4003 209 25 HAIRDRESSER,
344 3999 201 26 TOBACCONIST,
561 3999 47 22 &c..

86 4047 81 37 'Begs
183 4049 28 25 to
225 4043 125 29 intimate
370 4045 29 25 to
416 4038 153 40 the.public
582 4038 61 30 that

310 4082 35 27 110
370 4082 32 27 llf)
406 4090 13 18 S

286 4124 21 27 A
331 4118 293 33 HAIRDRESSING

295 4161 150 31 SALOON

75 4208 41 29 .-in
140 4207 48 29 the
211 4205 43 30 old
446 4205 68 26 next
538 4200 104 39 Boyd's

323 4243 93 30 Hotel.

94 4313 4 43 ,
108 4318 255 38 Haircutting—6d
375 4330 8 23 ;
411 4316 140 35 Children,
577 4313 46 30 6d.

268 4358 133 37 Shaving,
416 4356 45 29 6d.

150 4439 107 29 Razors
279 4437 53 29 Set
556 4433 31 29 Is

93 4511 95 21 LARGE
197 4508 186 23 ASSORTMENT
392 4506 143 23 TOBACCOS
541 4505 16 21 k
565 4503 79 22 PIPES

129 4576 27 29 J.
181 4576 45 28 W.
247 4574 166 34 ROONEY,
428 4572 120 33 Painter,
566 4568 50 29 has
629 4578 15 17 a

94 4617 76 36 large
221 4617 166 28 assortment
435 4612 30 30 of
515 4609 130 36 Painting

94 4656 141 29 Materials
249 4666 34 18 on
299 4654 74 28 hand
385 4665 7 24 ;
417 4652 53 29 and
484 4651 28 27 in
525 4649 81 29 order
616 4651 29 26 to

92 4699 74 26 meet
178 4696 47 29 the
239 4696 81 28 times
331 4694 50 28 has

89 4746 219 25 CONSIDERABLY
332 4743 135 23 REDUCED
485 4742 57 21 THE
563 4739 82 23 PRICE

167 4781 36 21 OF
220 4779 144 22 PAINTING
376 4777 66 22 THIS
455 4775 114 22 SEASON.

212 4845 28 30 J.
281 4822 62 51 wT
368 4840 166 36 ROONEY,

112 4899 120 36 Painter,
260 4897 122 36 Grainer,
413 4895 68 38 Sign
515 4892 111 37 Writer,

227 4939 204 38 Paperhanger,
453 4936 59 34 &c.,

140 4991 150 23 SCOTLAND
305 4990 110 26 STREET,
431 4986 168 24 BOXBURGH.

75 5093 61 53 'J>
261 5091 57 38 W
385 5086 122 51 I.N
573 5085 37 38 H
635 5115 8 12 ,

92 5162 136 26 PAINTER,
253 5158 130 26 GLAZIER,
407 5157 91 21 PAPER
516 5155 129 25 HANGER,

167 5196 68 22 SIGN
256 5193 115 22 WRITER
393 5191 62 21 AND
477 5189 94 22 HOUSE

279 5225 177 26 decorator,

185 5270 71 28 Ross
276 5266 100 34 Place,
396 5264 161 27 Lawrence.

132 5353 42 27 On
191 5350 63 29 Sale
268 5359 15 17 a
293 5348 76 36 large
380 5345 54 28 and
444 5344 91 28 varied
545 5346 86 26 assort-

94 5395 76 30 ment
183 5393 30 26 of
227 5388 68 34 Oils,
308 5386 105 35 Faints,
436 5384 98 35 Scrim,
556 5383 88 35 Glass,

346 5426 51 29 and
419 5425 134 28 Painters'
573 5423 54 30 Sun-

91 5475 83 31 diies.

129 5514 70 30 Now
208 5510 53 31 and
272 5508 57 30 j'ash
333 5508 43 28 ion
380 5506 61 30 able
448 5505 72 29 Wall
532 5505 110 40 Papers,

94 5560 72 25 from
181 5553 36 29 5d
239 5561 50 28 per
308 5550 30 38 P^
338 5559 47 19 ece
408 5546 133 39 upwards.
583 5548 45 26 Pat-

92 5602 79 23 terns
184 5595 62 27 sent
259 5600 36 21 on
315 5588 174 39 application,
503 5590 62 35 post
576 5585 67 29 free.

131 5636 150 30 Estonians
293 5630 83 40 given
389 5628 44 30 for
454 5626 116 32 General
592 5625 35 31 Re-

88 5679 87 40 paiis,
500 5708 6 6 .

133 5712 164 37 Celebrated
310 5711 99 30 Lustre
414 5719 28 20 ss
459 5710 89 35 Paint,
561 5712 83 36 ready

71 5784 8 16 j
88 5759 105 36 jnixed,
206 5755 36 31 all
256 5753 123 31 Colours.

654 429 240 55 ■ROXBURGH
920 425 152 31 JOCKEY
1098 424 109 29 CLUB.

684 510 167 31 ANNUAL
870 508 102 29 RACK
992 505 186 35 MEETING,

828 550 39 28 To
882 550 35 27 be
930 548 63 28 held
1007 557 34 18 on

654 602 178 36 MONDAY,
860 600 186 31 JANUARY
1079 600 26 35 3,
1128 583 96 45 1898-1

707 683 165 26 President
884 679 129 28 :MrW.
1032 679 28 26 A.
1077 677 82 35 Reilly
1223 677 1 43 j

655 731 252 28 Vice-President
921 739 5 16 :
953 729 42 25 Mr
1016 728 27 26 T.
1067 727 143 34 Thomyison
1223 727 1 34 •

1223 762 1 12 i

724 780 93 27 Judge
829 790 5 16 :
854 779 43 26 Mr
912 777 100 28 Louden

858 829 128 27 Starter
999 837 5 17 :
1025 827 41 26 Mr
1080 826 61 26 Bain

686 882 103 26 Clerk
800 889 33 18 hf
848 879 126 28 Course:
990 877 42 27 Mr
1043 877 29 26 A.
1084 874 102 29 Gordon

658 930 98 27 Clerk
777 938 34 18 of
825 928 104 27 Scales
942 938 5 16 :
971 927 41 25 Mr
1025 926 87 26 Jomes
1126 919 87 31 Elliot*
1223 910 1 52 j

763 980 210 27 Timekeeper:
992 977 43 26 Mr
1050 975 71 35 Boyd

694 1029 162 27 Secretary
867 1037 6 17 :
892 1027 43 26 Mr
950 1025 91 28 Dunne

854 1075 164 27 Treasurer
1030 1082 5 18 :
1054 1072 42 27 Mr
1108 1070 73 37 Boyd

661 1127 148 28 Stewards
821 1136 5 17 :
846 1126 94 26 Messrs
954 1123 72 32 Bain,
1040 1121 80 31 Bovd,
1130 1121 86 27 James

732 1164 99 35 Elliott,
856 1163 120 36 Spooner,
1004 1161 55 28 Jos.
1083 1158 133 37 Tamblyn,

732 1202 89 33 Peake,
845 1202 112 32 Leuden,
971 1199 113 33 Gordon,
1106 1199 95 35 Tliomp-

732 1251 52 24 pod,
794 1241 100 36 Young
910 1240 52 27 and
975 1239 102 28 Graves.

816 1317 253 32 PROGRAMME.

800 1375 169 30 I—Maiden
991 1373 98 29 Plate.

666 1417 37 30 Of
717 1418 90 28 ssovs.
846 1415 55 29 For
913 1415 110 29 district
1041 1414 95 28 horses
1157 1410 62 29 that

740 1457 69 28 have
823 1465 84 19 never
919 1464 62 18 won
995 1453 92 38 public
1108 1461 116 27 money.-

741 1495 113 35 Weight
865 1495 43 28 for
917 1504 61 27 age.
1012 1493 137 33 Distance,
1161 1490 58 36 fof

738 1548 13 16 a
768 1536 72 27 mile.
880 1535 146 33 Entrance,
1041 1533 40 27 ss.

731 1583 199 29 2—Handicap
950 1582 116 28 Maiden
1086 1580 77 28 Trot

666 1624 37 28 Of
727 1629 90 22 fcsovs.
868 1623 67 28 For*
941 1623 96 27 horses
1061 1621 62 28 that
1147 1619 70 29 have

739 1674 84 18 never
845 1672 60 19 won
920 1672 16 18 a
946 1661 96 39 public
1054 1663 66 26 trot.
1159 1658 59 28 The

736 1702 102 30 MiCOTid
851 1703 78 28 horse
940 1707 29 23 to
979 1700 106 30 receive
1093 1700 36 29 £1
1145 1698 71 30 from

739 1754 7 18 t
753 1744 32 28 l;e
795 1743 102 29 stakes.
936 1742 140 35 Distance,
1089 1741 7 28 1
1105 1742 14 34 £
1129 1738 87 30 miles.

738 1788 20 26 >
766 1797 16 14 o
809 1783 102 39 weight
943 1782 87 30 under
1064 1781 29 29 11
1128 1782 88 27 stone.

740 1827 146 34 Entrance,
900 1826 41 28 6s.

651 1870 1 38 i
711 1879 59 29 5—
772 1878 153 29 Roxburgh
944 1875 62 30 J.C.
1026 1874 145 31 Handicap

666 1919 38 30 Of
720 1920 106 29 lOsovs.
866 1917 107 30 Second
985 1916 79 29 horse
1074 1920 29 24 to
1113 1913 105 32 receive

740 1961 38 27 £2
793 1960 71 27 from
878 1959 47 28 the
936 1957 102 29 stakes.
1077 1956 141 33 Distance,

742 2001 11 28 1
768 1999 75 30 mile,
882 2001 147 33 lintrance,
1043 1997 56 30 10s.

739 2051 200 29 4—Handicap
965 2050 81 28 Hack
1070 2048 75 29 Race

668 2092 34 29 Of
718 2093 91 28 ssovs.
847 2091 57 28 For
915 2090 109 28 district
1037 2089 94 28 horses
1144 2086 74 38 only.

739 2131 68 30 Post
826 2135 90 33 entry.
956 2130 140 34 Distance,
1120 2145 14 19 j
1155 2129 30 27 of
1203 2138 15 17 a

738 2172 73 29 mile.
851 2172 148 33 Entrance,
1012 2171 40 28 ss.

694 2224 16 28 s—First5
712 2222 123 29 —First
852 2222 147 29 Handicap
1022 2220 75 30 Open
1112 2220 76 29 Trot

664 2263 38 30 Of
715 2264 108 28 lOsova.
864 2262 107 29 Second
981 2262 79 28 horse
1070 2268 28 21 to
1111 2260 105 28 receive

738 2305 38 28 £2
790 2305 70 28 from
875 2304 47 29 the
936 2303 102 29 stakes.
1079 2302 138 34 Distance,

738 2345 15 28 2
768 2345 88 28 miles.
895 2344 45 28 No
959 2344 102 37 weight
1083 2343 86 27 under
1189 2343 22 38 11

738 2389 88 25 stone.
865 2384 149 34 Entrance,
1033 2385 53 27 10s.

764 2437 27 28 '5
794 2436 143 28 —Flying
962 2435 145 29 Handicap

654 2477 47 31 ■Of
865 2476 109 30 Second
983 2476 80 29 horse
1072 2480 27 24 to
1114 2474 104 30 receive

738 2519 36 28 £1
794 2519 48 27 10s
856 2518 71 27 from
941 2517 47 28 the
1014 2516 101 28 stakes.
1154 2516 52 27 siHs-

739 2563 89 31 tance,
851 2559 17 28 6
896 2556 134 40 furlongs.
1071 2556 147 35 Entrance,

740 2599 29 28 7s
784 2599 45 28 6d.

694 2651 15 28 7
710 2650 148 28 —Second
874 2649 142 29 Handicap
1026 2648 79 29 Open
1119 2648 74 28 Trot

666 2691 37 29 Of
717 2691 108 35 6|sove.
866 2689 108 29 Second
988 2690 79 28 horse
1077 2693 28 24 to
1115 2696 54 21 reCt
1176 2688 44 28 ive

739 2732 35 28 £1
793 2731 49 28 108
854 2730 73 29 from
946 2730 47 28 the
1015 2728 103 30 stakes.
1157 2728 47 29 Dis-

741 2777 91 30 tance,
861 2771 32 36 1£
919 2769 87 30 miles.
1045 2768 44 30 No
1117 2768 104 38 weight

739 2812 91 29 under
839 2813 29 26 11
877 2816 87 24 stone.
985 2810 235 35 Entrance,6s6d.

666 2901 126 31 RULES
823 2900 83 31 AND
935 2898 285 32 REGULATIONS.

704 2954 25 29 1.
748 2953 194 29 Nominations
954 2953 45 27 for
1009 2952 47 28 the
1066 2951 154 38 Roxburgh

666 2994 110 38 Jockey
788 2993 70 29 Club
868 2992 155 37 Handicap,
1030 2991 104 39 Flying
1145 2991 57 28 Han-

653 3032 3 47 j
667 3036 91 38 dicap,
772 3034 55 30 and
839 3034 50 30 the
898 3033 79 30 SFirst
986 3033 147 38 Handicap
1143 3032 77 39 Open

669 3076 68 29 Trot
748 3080 75 24 must
835 3075 36 29 be
886 3078 62 25 sent
961 3078 28 24 to
1009 3074 47 28 the
1078 3075 142 35 {Secretary

669 3120 49 24 not
731 3115 69 28 later
813 3115 66 27 than
893 3114 46 28 the
963 3114 73 28 22nd
1056 3113 164 34 December,

673 3155 78 36 1807,
765 3159 28 25 at
808 3154 35 29 10
857 3165 65 28 p.m.
962 3153 160 39 Handicaps
1132 3159 28 22 to
1172 3163 32 28 ap-

669 3206 66 28 pear
746 3196 27 28 in
788 3196 47 28 thp
854 3195 104 28 Mount
977 3194 114 28 Benger
1106 3195 74 27 Mail
1192 3193 30 28 of

669 3237 46 28 the
729 3237 66 27 24th
810 3234 161 30 December.

708 3277 23 28 2.
752 3276 109 28 Entries
887 3275 44 28 for
955 3273 47 29 the
1028 3273 81 29 Hack
1138 3272 81 37 Race,

668 3316 111 30 Maiden
793 3315 77 36 Trot,
883 3314 54 29 and
952 3313 107 30 Second
1075 3313 145 38 Handicap

668 3356 67 30 Trot
747 3359 75 27 must
834 3356 36 28 be
882 3353 110 30 handed
1005 3354 27 28 in
1045 3356 30 26 to
1092 3353 47 29 the
1154 3353 50 29 Sec-

668 3401 92 35 retary
772 3396 96 30 before
880 3395 49 29 the
941 3394 151 40 preceding
1113 3405 62 18 race
1197 3394 23 30 is

668 3448 61 25 run,
743 3448 30 18 so
786 3448 30 17 as
829 3440 29 24 to
871 3435 78 28 allow
964 3435 66 28 time
1050 3434 45 28 for
1117 3434 90 29 declar-

667 3478 50 39 ing
732 3478 47 29 the
791 3476 161 38 handicaps.

706 3519 26 28 3.
753 3517 117 28 District
880 3516 97 28 horses
989 3514 56 29 and
1067 3525 105 17 owners
1192 3521 29 22 to

669 3558 36 30 be
729 3556 123 30 resident
882 3555 30 29 in
937 3555 48 29 the
1007 3554 112 30 district
1146 3555 75 28 three

669 3597 128 31 calendar
809 3596 112 30 months
942 3595 76 39 prior
1042 3598 30 26 to
1098 3594 123 39 January

671 3641 53 32 Ist,
752 3637 80 29 1898.
870 3635 125 36 District,
1018 3635 38 29 25
1081 3635 79 29 miles
1184 3636 38 37 by

669 3679 74 29 main
757 3676 76 31 road.

706 3721 28 27 4.
753 3718 59 29 The
842 3716 74 31 rules
945 3716 30 30 of
999 3716 97 39 racing
1120 3716 31 30 of
1175 3716 46 30 the

670 3758 198 38 Metropolitan
892 3756 108 39 Jockey
1026 3756 70 30 Club
1122 3756 30 28 of
1174 3757 47 28 the

670 3798 109 30 district
791 3796 56 31 will
859 3796 35 31 be
914 3796 107 40 strictly
1042 3796 121 30 adhered
1183 3800 38 27 to.

708 3840 26 28 5.
755 3838 58 30 The
825 3838 105 30 winner
942 3838 29 29 of
996 3837 48 29 the
1065 3836 155 40 Roxburgh

670 3879 108 39 Jockey
792 3878 71 31 Club
887 3878 145 38 Handicap
1055 3883 29 24 to
1108 3889 78 28 carry
1206 3889 16 17 a

669 3920 113 40 penalty
792 3920 30 29 of
833 3919 63 29 101b
907 3919 27 28 in
945 3919 45 28 the
1004 3918 99 40 Flying
1113 3919 90 29 Handi-

664 3970 65 28 cap.

703 4000 30 29 •6.
751 3999 61 29 The
823 3998 133 38 Trotting
969 4008 75 19 races
1053 3998 53 28 will
1120 3998 35 28 be
1168 4009 50 18 run

670 4040 88 30 under
771 4039 47 30 the
830 4038 73 30 rules
925 4038 30 30 of
977 4037 129 40 Trotting
1118 4038 30 30 of
1173 4038 47 30 the

668 4080 129 29 Dunedin
811 4078 107 38 Jockey
932 4078 81 29 Club.

706 4121 26 29 7.
755 4120 46 29 Ail
815 4118 183 30 nominations
1011 4122 29 26 to
1059 4119 35 29 be
1113 4130 89 18 accom-

670 4160 99 42 panied
790 4160 37 40 by
847 4159 68 36 fees,
939 4158 55 30 and
1015 4163 29 25 to
1068 4163 71 25 state
1157 4170 62 28 age,

670 4203 102 35 colour,
785 4201 54 29 and
853 4200 131 39 pedigree
997 4200 29 29 of
1039 4200 87 35 horse,
1140 4210 79 20 name

670 4243 29 29 of
712 4252 92 19 owner
823 4240 54 30 and
892 4240 107 29 colours
1012 4241 28 27 of
1053 4241 92 34 rider;
1165 4241 53 27 and

670 4283 26 30 in
711 4282 47 31 the
771 4281 81 30 Trots
865 4292 17 18 a
893 4280 47 30 list
965 4280 30 30 of
1019 4280 200 39 performances

670 4329 74 24 must
758 4324 33 28 be
804 4323 93 39 given.
937 4321 44 29 All
997 4322 94 28 horses
1100 4325 72 25 must
1185 4322 34 28 be

670 4364 96 28 ridden
779 4363 27 27 in
821 4362 117 34 colours,
964 4361 54 27 and
1044 4371 53 27 any
1119 4361 101 37 jockey

670 4403 92 39 riding
788 4406 99 36 except
921 4402 29 29 in
978 4400 105 31 colours
1107 4401 113 30 eutcred

670 4456 62 27 may
746 4445 34 28 be
793 4444 82 29 fimd.

708 4487 26 26 8.
756 4484 45 29 All
814 4484 133 38 disputes,
971 4482 104 36 claims,
1097 4482 52 29 and
1172 4483 33 28 ob-

668 4525 117 38 jections
796 4524 104 38 arising
913 4527 49 24 out
969 4523 30 28 of
1010 4522 46 29 the
1065 4532 74 18 races
1152 4522 69 28 shall

673 4565 33 29 be
720 4564 113 29 decided
856 4564 37 39 by
920 4563 46 29 the
992 4562 140 36 stewards,
1152 4562 72 29 their

673 4605 118 28 decision
806 4609 28 24 to
847 4605 35 28 be
895 4604 74 29 final.
1009 4603 109 28 Entries
1141 4607 28 24 to
1188 4603 35 28 be

673 4645 124 29 received
811 4645 64 38 only
888 4656 34 17 on
934 4645 78 28 these
1022 4644 164 29 conditions.

710 4685 155 30 N.B.—No
889 4690 80 32 entry
1002 4694 31 19 or
1061 4687 163 35 acceptance

658 4725 3 38 |
674 4726 53 28 will
755 4726 35 28 be
819 4725 124 29 received
975 4735 36 18 on
1037 4735 52 28 any
1115 4729 109 34 pretext

658 4764 3 43 j
674 4766 138 29 whatever
823 4766 74 29 after
909 4766 47 28 the
970 4765 66 29 time
1049 4765 137 39 speofied.

866 4818 33 31 P.
919 4818 27 29 J.
969 4817 145 37 DUNNE,

945 4864 74 28 Hon.
1035 4865 151 37 Secretary.

656 4906 4 112 !
672 4960 222 58 JONES'S
984 4959 239 57 QOALPIT,

821 5048 97 29 COAL
941 5047 138 30 CREEK.

815 5152 157 30 LIGNITE
992 5153 26 27 in
1042 5152 47 28 the
1110 5151 114 28 District

762 5193 43 31 for
838 5193 143 40 Steaming
1006 5204 32 18 or
1063 5190 161 31 Household

674 5245 131 28 purposes
822 5235 138 28 delivered
974 5238 28 24 at
1002 5250 38 4 —

932 5285 82 30 Cash.
1080 5281 125 31 Booked.

658 5326 2 40 ;
674 5327 153 39 Roxburgh
896 5350 29 7 ...
951 5326 47 29 10s
1057 5326 48 27 lis
1118 5334 49 28 per
1176 5326 48 26 ton

658 5366 2 33 i
674 5368 57 28 The
745 5367 45 29 Pit
899 5390 28 5 ...
970 5376 30 18 Os
1075 5366 32 27 6s
1158 5386 17 13 „

673 5407 153 40 Roxburgh
865 5407 67 30 East
952 5407 49 28 lis
1059 5406 48 28 12s
1158 5426 18 14 ~

673 5449 58 29 The
744 5448 127 38 Dredges
899 5470 30 6 ...
953 5446 131 29 Contract
1104 5444 101 29 Prices.

710 5554 59 28 The
790 5552 158 37 Proprietor
960 5551 49 28 has
1023 5550 100 34 special
1136 5548 75 30 facili-

673 5594 51 29 ties
734 5594 44 28 for
791 5592 122 38 delivery
926 5591 28 28 in
967 5600 54 28 any
1044 5593 62 35 part
1128 5588 30 29 of
1176 5588 48 28 the

673 5635 125 35 District,
825 5632 54 30 and
906 5631 159 30 Customers
1090 5641 62 27 may
1166 5629 57 39 rely

658 5671 3 41 i
673 5686 35 19 on
722 5675 84 37 being
817 5672 138 40 promptly
970 5671 135 39 supplied.

711 5724 101 31 Orders
826 5733 62 29 may
901 5722 35 29 be
950 5720 50 30 left
1014 5724 28 26 at
1061 5720 48 30 the
1122 5719 102 33 Mount

672 5767 116 27 Benger
801 5765 76 27 Mail
890 5763 93 28 Office.

1234 178 140 29 TEVIOT
1385 178 216 30 WESLEYAN
1616 178 172 30 CHURCH.

1334 281 114 39 Sunday
1463 282 124 30 Services
1599 281 56 29 will
1678 281 34 30 be
1725 292 49 19 con-

1323 322 102 28 ducted
1437 332 30 18 as
1481 322 141 28 follow:

1236 376 112 28 Roxburgh
1359 376 20 26 (7
1388 376 85 28 p.m.)—
1475 377 52 22 Rev.
1536 377 23 21 J.
1569 376 27 23 H.
1606 377 83 26 Hooper

1261 404 134 28 (Subject—'*
1403 405 147 26 Despondency
1559 412 5 14 :
1585 405 26 21 its
1621 412 59 14 cause
1690 405 40 22 and
1740 405 27 22 i's

1237 458 47 21 Coal
1297 458 65 21 Creek
1372 458 20 26 (3
1401 458 84 26 p.m.)—
1488 458 52 22 Rev.
1550 459 22 21 J.
1585 458 28 22 H.
1625 459 82 27 Hooper

1239 486 115 26 Ettrickfll
1366 486 82 26 a.m.)—
1453 487 49 21 Rev.
1514 487 19 20 J.
1547 487 28 21 H.
1587 487 82 26 Hooper

1326 514 19 25 (7
1355 515 60 24 p.m.)
1419 514 56 20 —Mr
1485 514 100 21 Bloxham

1239 577 158 55 NOTICE
1421 578 28 26 Is
1475 578 107 35 Hereby
1616 579 84 25 Given
1733 579 60 25 that
1805 577 1 55 j

1316 616 70 26 after
1397 617 41 26 Ist
1448 616 127 37 January,
1583 617 72 30 1898,
1662 616 46 27 the
1719 616 73 26 tank
1805 616 1 37 j

1239 655 28 25 of
1279 655 65 25 New
1358 654 117 26 Zealand
1491 655 52 25 will
1562 655 77 26 make
1661 665 15 16 a
1697 655 97 32 charge
1805 654 1 39 j

1240 693 27 24 of
1291 693 54 24 Ten
1368 691 130 35 Shillings
1522 693 53 24 and
1601 693 128 33 Sixpence
1754 692 41 25 for
1805 686 1 40 j

1241 729 123 34 Opening
1392 728 113 26 Current
1530 729 133 26 Accounts
1688 729 66 25 with
1780 738 14 15 a
1805 728 1 46 j

1240 766 109 26 smaller
1362 766 84 26 credit
1459 774 28 17 or
1505 766 75 26 debit
1599 766 108 26 balance
1729 766 65 26 than
1805 762 1 30 '

1243 804 74 28 £IOO
1332 803 61 34 (one
1543 804 103 33 pounds
1658 804 134 34 sterling),
1805 800 1 39 j

1277 853 24 26 A
1314 852 107 26 further
1433 852 96 33 charge
1542 852 27 25 of
1592 852 52 26 Ten
1667 852 129 34 Shillings

1242 892 52 26 and
1307 891 130 33 Sixpence
1449 890 55 25 will
1518 891 32 26 be
1561 891 76 25 made
1650 890 62 27 each
1727 890 57 25 half

1242 938 62 26 year
1333 927 42 26 for
1404 928 155 34 continuing
1591 931 27 22 to
1643 927 65 35 keep
1732 927 64 26 such

1243 968 123 25 accounts
1390 966 26 26 in
1448 974 80 27 eveiy
1557 976 59 16 case
1639 966 88 26 where
1752 964 45 27 the

1244 1005 108 24 balance
1366 1007 28 21 at
1406 1003 84 25 credit
1503 1004 92 24 stands
1608 1003 41 25 for
1658 1003 74 24 three
1742 1011 42 16 con-

1243 1040 118 27 secutive
1374 1040 65 35 days
1454 1039 97 35 during
1564 1040 45 26 the
1620 1039 58 26 half
1688 1047 62 27 year
1771 1041 26 23 at

1244 1079 51 26 less
1308 1077 66 27 tfoan
1385 1077 59 27 ,£SO
1458 1077 71 35 (tifty
1548 1077 103 35 pounds
1664 1076 132 34 sterling).

1280 1126 108 27 Piesent
1401 1126 151 26 Customers
1564 1126 50 26 and
1625 1124 74 27 those
1712 1124 68 35 Open-

1245 1165 47 35 ing
1315 1167 131 25 Accounts
1468 1174 33 16 on
1522 1173 30 17 or
1576 1163 88 28 before
1688 1162 46 28 the
1760 1162 41 27 Ist

1246 1203 127 35 January,
1390 1202 71 32 1898,
1474 1202 55 26 will
1543 1202 56 26 also
1611 1202 33 26 be
1656 1201 105 35 subject
1773 1204 28 23 to

1246 1251 16 16 a
1282 1241 162 27 conditional
1469 1240 163 35 half-yearly
1656 1239 96 35 charge
1774 1238 27 26 of

1246 1279 55 27 Ten
1322 1278 131 35 Shillings
1475 1278 53 26 and
1550 1277 128 35 Sixpence
1691 1286 28 17 as
1732 1277 69 25 from

1247 1317 46 25 the
1319 1317 40 24 Ist
1385 1315 76 35 April
1483 1317 71 29 next,
1580 1315 28 26 in
1632 1317 81 24 terms
1734 1314 28 25 of
1782 1322 19 17 «.

1247 1352 163 29 notification
1424 1352 86 28 which
1523 1352 55 28 will
1599 1352 32 27 be
1653 1350 146 29 forwarded

1248 1395 27 23 to
1286 1391 64 27 each
1364 1391 139 27 Customer
1514 1390 27 27 in
1554 1390 51 27 due
1618 1399 97 17 course.

1281 1439 52 27 For
1344 1440 46 26 the
1403 1440 76 25 Bank
1491 1439 29 26 of
1531 1437 70 28 New
1611 1438 126 32 Zealand,

1448 1489 20 26 L
1495 1487 31 27 E.
1544 1487 152 31 HAINES,

1611 1522 146 35 Roxburgh

1633 1632 11 19 ft
1655 1632 11 19 <1

1265 1696 127 35 Florist,
1412 1696 175 30 Wholesale
1605 1705 55 19 and
1682 1695 103 30 Retail

1386 1737 88 29 Seeds
1495 1737 168 35 Merchant,

1275 1789 138 30 MORAY
1434 1788 132 37 PLACE,
1587 1787 192 38 DOTKDIN,

1252 1842 114 27 (Successor
1374 1842 79 21 toGfo.
1461 1841 267 21 Matthews—Established
1741 1836 63 26 ~X.XI)

1376 1909 151 30 FLORAL
1548 1909 129 31 WORK.

1284 1950 68 28 This
1381 1950 23 27 is
1430 1950 47 28 the
1503 1950 125 37 Leading
1655 1950 34 28 H<
1702 1961 48 17 use
1776 1951 26 27 in

1249 1990 127 30 Dunedin
1392 1990 43 29 for
1455 1989 93 29 Bridal
1573 1989 136 37 Showers,
1732 1991 54 28 Bou-

1248 2036 90 35 quets,
1360 2031 140 36 Wreaths,
1515 2032 113 38 Sprays,
1641 2031 162 29 twul(Floral

1249 2072 127 38 Designs.

1234 2110 1 39 I
1285 2112 48 37 My
1348 2110 140 30 continual
1501 2110 53 30 and
1571 2111 131 30 unvaried

1234 2162 1 23 1
1247 2163 151 22 SPCCESSES
1413 2162 38 22 AT
1463 2163 58 21 THE
1535 2163 267 22 DUNEDIN'FLOWER

1475 2190 99 21 SHOWS

1234 2227 34 28 lis
1288 2227 135 28 siiffioMi'it
1433 2227 89 37 vproof
1533 2227 40 28 -of
1587 2237 47 27 my
1654 2227 148 38 capability

1248 2268 25 27 in
1289 2267 54 28 this
1360 2267 101 28 brsmch
1475 2267 91 29 of-the
1579 2267 136 30 business.

1284 2310 48 37 My
1343 2309 162 37 experience
1515 2309 113 29 enables
1642 2319 43 18 me
1699 2313 28 25 to

1282 2366 75 21 iWOK
1371 2365 90 22 THESE
1475 2364 141 23 DELICATE
1631 2366 136 21 ARTICLES

1244 2403 47 28 .for
1311 2403 48 28 mil
1380 2414 31 15 or
1423 2407 128 24 -steamer
1563 2402 66 29 with
1653 2402 66 29 such
1740 2412 61 19 care

1234 2442 1 30 :
1247 2444 52 27 mik'l
1444 2453 30 18 as
1488 2446 29 26 to
1529 2453 100 19 ensure
1653 2442 71 29 their
1743 2443 59 28 safe

1234 2483 1 43 j
1247 2484 53 28 and
1312 2484 104 38 perfect
1426 2483 131 39 delivery,
1566 2493 68 20 even
1644 2483 71 30 after
1724 2493 77 19 some

1247 2525 68 36 days
1321 2525 34 26 tin
1371 2524 107 29 transit.

1234 2564 1 44 }
1284 2564 14 29 I
1313 2564 68 29 have
1395 2575 145 19 numerous

1234 2599 1 37 !
1252 2615 192 21 UNSOLICITED
1453 2615 208 21 TESTIMONIALS
1672 2615 77 21 FROM
1761 2614 40 21 MY

1441 2642 164 22 CUSTOMERS

1234 2678 1 40 j
1251 2678 55 28 and
1322 2678 114 28 Patrons
1449 2679 134 39 attesting
1604 2683 29 24 to
1648 2689 45 27 my
1705 2678 97 38 ability

1234 2714 1 44 |
1250 2719 25 28 in
1289 2718 56 29 this
1359 2719 154 39 particular.

1463 2792 125 29 SEEDS.

1234 2832 3 39 i
1290 2833 14 27 I
1331 2832 100 39 import
1463 2834 64 37 only
1561 2834 68 27 from
1663 2834 48 28 the
1742 2834 60 27 best

1234 2867 3 45 !
1253 2872 144 40 European
1413 2872 54 29 and
1478 2872 175 31 Continental
1670 2874 133 35 Growers,

1234 2914 3 38 !
1253 2925 30 17 so
1298 2914 57 28 that
1371 2914 162 37 purchasers
1545 2925 50 18 can
1610 2915 58 37 rely
1691 2925 33 17 on
1743 2920 45 32 get-

1234 2954 3 40 |
1254 2955 61 35 ting
1328 2954 114 38 nothing
1461 2955 51 27 but
1528 2955 47 29 the
1588 2955 63 28 best
1663 2955 100 28 strains
1776 2955 29 27 of

1234 2994 3 30 i
1254 2994 94 30 Seeds.

1234 3034 3 40 i
1291 3034 40 30 To
1345 3035 78 30 those
1433 3035 66 30 'who
1512 3036 69 29 have
1600 3039 47 25 not
1662 3036 82 38 givni
1759 3046 45 27 my

1234 3076 3 35 I
1255 3076 71 29 Seed
1350 3087 16 17 a
1387 3076 71 35 trial,
1474 3076 12 29 I
1497 3087 58 18 won
1560 3076 26 28 Id
1609 3076 55 29 like
1688 3077 74 28 them
1777 3079 29 25 at

1253 3115 69 28 least
1338 3119 28 25 to
1380 3116 66 28 Fend
1460 3126 43 18 tne
1516 3127 14 16 a
1545 3116 77 28 small
1642 3116 61 28 tri»l
1726 3116 80 28 order

1253 3154 54 30 and
1322 3166 126 28 compare
1462 3156 109 36 results,
1584 3156 53 29 and

1272 3206 9 21 I
1296 3208 43 21 AM
1355 3208 126 21 WILLING
1494 3208 35 20 TO
1545 3208 89 21 ABIDE
1649 3208 37 20 EY
1699 3207 90 21 THEIR

1460 3234 144 23 DECISION.

1253 3291 309 55 SHAMROCK
1591 3292 215 55 HOTEL,

1436 3365 191 33 DONEDIN.

1245 3445 143 22 •COGHLAN
1402 3446 79 21 BROS.

1641 3450 161 20 Proprietors.

1250 3511 114 29 TTHIS
1397 3511 135 30 favourite
1574 3514 93 35 Hotel,
1699 3515 104 36 having

1334 3551 122 38 recently
1479 3552 68 30 been
1571 3555 82 29 taken
1677 3565 66 19 over
1766 3554 36 38 by

1250 3591 105 30 Messrs
1383 3591 124 39 Coghlan
1545 3594 89 37 Bros.,
1659 3594 50 30 has
1733 3595 70 29 been

1250 3631 169 38 thoroughly
1432 3637 150 27 renovated
1602 3634 152 40 improved.

1288 3671 119 30 Visitors
1418 3672 71 30 from
1503 3673 46 30 the
1561 3680 118 34 country
1698 3674 64 35 will,
1773 3685 29 18 as

1250 3713 165 36 heretofore,
1444 3714 57 29 find
1536 3717 119 37 nothing
1679 3716 124 37 wanting

1250 3753 61 28 that
1321 3753 82 28 tends
1416 3757 28 24 to
1458 3754 72 28 their
1543 3757 117 27 comfort
1672 3755 55 28 and
1738 3765 48 18 con-

1249 3793 141 30 venience.

1262 3870 78 23 ONLY
1355 3870 67 22 BEST
1435 3871 116 24 BRANDS
1571 3874 36 20 OF
1623 3873 91 22 WINES
1728 3872 61 22 AND

1349 3899 107 22 SPIRITS
1471 3901 74 20 KEPT
1559 3902 29 20 IN
1605 3901 96 21 STOCK.

1294 3963 91 37 Night
1413 3963 96 30 Porter
1533 3966 27 27 in
1583 3966 174 29 attendance.

1372 4038 131 33 Cuargks
1530 4042 159 32 Moderate.

1249 4141 61 55 R.
1332 4144 33 38 J.
1397 4144 44 37 B.
1474 4141 160 45 YULE,
1658 4144 143 44 L.D.S.,

1334 4226 192 45 Surgeon
1561 4225 163 44 Dentist,

1378 4295 300 32 INVERCARGILL.

1355 4377 46 28 Mr
1423 4377 77 28 Yule
1523 4377 54 28 will
1597 4377 101 28 visit—

1251 4448 169 31 HERON'S
1434 4447 135 36 HOTEL,
1580 4448 214 30 ROXBURGH

1493 4496 62 28 Aud

1265 4540 255 36 DISPENSARY,
1544 4541 62 29 AL!
1622 4541 170 30 XANDRA.

1321 4690 417 45 BERNSTONE,

1300 4791 79 30 THE
1597 4790 145 29 TAILOR

1399 4857 95 35 (From
1521 4856 151 38 Dunedin),

1331 4937 145 57 WILL
1492 4937 65 28 visit
1570 4936 165 38 Roxburgh,

1450 4976 105 30 Millers
1585 4976 71 35 Flat,
1681 4975 54 29 and

1328 5017 190 39 surrounding
1552 5016 122 29 districts
1707 5021 28 23 at

1327 5058 110 40 regular
1448 5056 140 35 intervals,

1465 5112 78 28 when
1559 5110 34 29 he

1338 5178 104 30 WILL
1456 5176 104 31 TAKE
1575 5174 149 31 ORDERS

1329 5243 30 25 to
1382 5240 56 27 suit
1451 5238 47 28 the
1511 5237 181 28 convenience
1705 5235 31 27 of

1405 5284 47 28 the
1468 5282 68 30 local
1556 5280 103 40 public.

1375 5386 128 29 Charges
1526 5383 160 29 Moderate.

1332 5495 75 30 Suits
1416 5494 70 28 from
1495 5493 38 29 £3
1545 5492 43 33 3s;
1603 5490 130 29 Trousers

1435 5540 70 29 from
1521 5539 48 28 16s
1583 5537 44 29 Od.

1329 5647 45 29 Fit
1387 5644 174 31 Guaranteed
1580 5654 31 18 or
1630 5644 103 38 Money

1429 5695 49 26 not
1490 5691 140 39 accepted.

1822 210 175 42 DUNEDIN
2014 209 138 43 PRICES
2165 209 31 40 &
2210 202 160 47 VALUES

1822 428 75 29 NOT
1917 428 74 29 FOR
2010 429 75 29 ONE
2098 426 138 30 MONTH
2257 423 114 33 ONLY,

1844 568 77 43 ALL
1954 568 78 43 THE
2065 567 105 43 YEAR
2202 563 147 51 ROUND,

1831 714 86 55 W.
1943 713 54 54 T.
2022 694 364 80 TALBOYS,|

1961 802 284 35 ROXBURGH,

1827 870 71 30 Who
1919 869 24 30 is
1966 879 60 20 now
2048 868 123 38 Offering
2190 866 48 29 the
2260 864 117 30 balance

2056 910 28 28 of
2104 909 42 28 his

1910 972 235 39 WINTER

2033 1031 261 40 DRAPERY

1828 1095 28 26 at
1881 1092 92 30 Prices
1992 1094 88 29 which
2098 1092 108 30 MUST
2228 1091 152 30 Command

1915 1134 47 28 the
1976 1134 144 30 Attention
2137 1134 29 29 of
2178 1133 115 38 Buyers.

1914 1292 108 42 Come
2029 1287 81 45 Jand
2136 1291 68 41 See
2229 1289 68 43 Our

1833 1371 45 29 All
1900 1370 83 30 Wool
2012 1368 169 38 Wellington
2207 1365 124 37 Flannel,
2354 1368 29 26 at

1909 1414 27 26 Is
1952 1411 33 28 Id
1996 1416 50 28 ptf
2056 1409 67 35 yard

1835 1463 94 29 White
1964 1463 129 33 Cawoes,
2118 1459 72 29 from
2216 1459 30 28 2s
2274 1458 35 29 6d
2325 1466 58 29 -per

1905 1503 84 28 dozen

1822 1550 1 38 I
1835 1555 109 33 Striped
1962 1553 194 35 Flannelettes,
2167 1552 71 29 from
2248 1552 31 28 2s
2289 1550 95 38 9diper

1905 1594 85 29 dozen

1822 1645 1 39 !
1834 1649 94 28 White
1964 1647 139 37 Shirtings
2133 1646 113 36 (double
2284 1645 99 36 width(

1907 1690 69 27 from
1997 1692 5 24 1
2077 1698 49 28 per
2137 1686 69 40 yard

1822 1734 1 46 |
1944 1739 119 30 Turkish
2074 1739 115 35 Towels,
2202 1738 72 29 from
2293 1738 31 28 4s
2338 1736 45 30 -Bd

1906 1792 50 29 pe»*
1967 1781 85 29 dozen

1822 1824 1 42 I
1835 1829 88 29 Linen
1936 1827 219 39 Tablings,from
2170 1826 74 29 lsSd
2258 1824 125 40 peryard

1822 1872 104 36 I-Men's
1941 1873 197 30 Lnmbs'Wodl
2154 1872 94 36 Pants,
2273 1872 15 28 2
2292 1882 12 19 s
2332 1872 50 28 lid

1898 1926 58 28 iper
1971 1915 59 38 pair

1822 1953 1 38 ;
1837 1957 86 27 Men's
1939 1955 99 28 Cotton
2053 1954 94 35 Pants,
2160 1953 70 28 from
2243 1955 29 26 Is
2286 1953 34 27 3d
2335 1963 50 28 per

1907 1995 59 41 pair

1834 2037 138 30 Coloured
1994 2037 58 28 Silk
2067 2034 232 35 Handkerchiefs,
2310 2034 73 29 from

1903 2079 28 26 Is
1945 2077 66 28 each

1832 2117 92 29 Men's
1938 2116 64 30 Soft
2016 2115 60 31 Felt
2088 2115 82 35 Hats,
2181 2114 70 28 from
2277 2114 27 28 Is
2323 2114 57 29 4ld

1905 2157 64 30 each

1832 2198 66 29 Real
1910 2197 95 40 Bear'
2005 2197 67 40 Long
2083 2196 56 29 Fur
2152 2194 165 35 Boas/from
2333 2197 49 28 12s

1905 2239 33 28 Od
1951 2239 67 28 each

1831 2327 121 29 DRESS
1987 2327 141 29 STUFFS
2161 2328 28 27 in
2225 2324 155 35 SERGES,

1876 2367 169 37 TWEEDS,
2065 2367 133 29 he.—All
2216 2366 127 29 reduced.

2039 2450 24 27 A
2083 2448 53 28 Lot
2149 2448 29 29 of

1832 2496 179 30 MANTLES
2041 2496 23 30 &
2085 2495 286 31 WATERPROOFS

1850 2551 38 29 At
1903 2550 89 40 prices
2005 2549 86 30 which
2105 2553 73 25 must
2192 2548 73 30 clear
2278 2548 84 30 them.

1903 2632 22 28 A
1946 2630 131 39 Splendid
2091 2632 176 26 Assortment
2279 2630 30 28 of

1832 2679 115 30 MEN'S
1981 2679 23 28 &
2038 2678 106 30 BOYS'
2176 2676 206 36 CLOTHING,

1916 2719 177 35 HOSIERY,
2118 2718 182 35 SCARVES,

1999 2760 48 29 SH
2065 2759 78 36 UTS,
2165 2759 48 30 d-c.

1834 2840 116 30 Mb.N'S
1994 2840 138 29 TWKIiD
2180 2840 110 29 SUITS
2337 2841 47 28 TO

1897 2881 192 35 MEASURE,
2114 2881 49 28 60s
2185 2881 136 40 (special).

1903 2963 21 27 A
1955 2963 58 27 well
2041 2963 120 27 assorted
2191 2963 79 28 stock
2296 2964 29 28 of

1940 3002 118 30 BOOTS
2084 3011 54 21 AND
2166 3003 120 30 MIOES

1991 3044 101 32 always
2105 3055 33 17 on
2154 3044 82 29 hand.

1919 3142 382 74 GRAND^BAZAAR!

1923 3291 26 25 in
1961 3290 45 26 the
2189 3288 83 30 Hall,
2284 3288 102 26 Millers

1835 3328 68 31 Flat,
1916 3337 32 16 on

1915 3375 208 31 DECEMBER
2163 3375 141 29 NEXT—

1952 3418 64 33 9th,
2041 3418 80 34 10th,
2140 3416 24 29 &
2187 3418 78 35 11th,

1832 3474 37 28 To
1886 3476 68 27 raise
1976 3476 91 27 Funds
2089 3476 41 25 for
2150 3484 16 18 a,
2186 3484 58 18 new
2267 3474 119 28 Catholic

1934 3514 104 25 Church
2053 3514 28 25 in
2094 3512 61 26 that
2169 3512 119 27 District.

1833 3558 99 27 Bazaar
1942 3558 108 34 Opened
2060 3560 27 24 at
2098 3558 14 27 7
2123 3566 17 26 p
2150 3566 34 17 m.
2192 3566 33 18 on
2237 3557 148 35 Thursday,

1996 3596 48 26 9th
2063 3595 152 27 December.

2060 3683 43 17 are
2128 3672 130 36 cordially
2282 3672 104 27 invited

1830 3714 27 23 to
1869 3712 64 26 send
1952 3711 104 26 GIFTS
2076 3715 28 23 to
2128 3710 65 27 Miss
2216 3711 119 26 Mullen
2357 3720 29 17 or

1832 3748 54 25 Mrs
1921 3749 81 30 Hakt,
2035 3748 155 34 Roxburgh,
2221 3758 29 15 or
2276 3752 27 21 to
2329 3748 56 25 Mrs

1834 3784 75 28 Hand
1922 3795 30 16 or
1966 3785 55 27 Mrs
2036 3785 107 30 Lafkey,
2156 3784 104 28 Millers
2276 3784 67 28 Flat.

2064 3834 28 28 P.
2112 3834 166 31 O'LEARY,

2247 3872 18 26 H
2269 3875 78 24 eetor.

1914 3952 154 29 DREDGE
2093 3952 76 29 FOR
2194 3952 106 29 SALE.

1908 4069 166 35 undersigned
2086 4077 34 25 up
2130 4067 37 26 till
2180 4067 59 26 18th
2252 4067 109 27 DECEM-

1834 4104 79 33 BER,
1927 4105 36 27 for
1976 4105 42 28 the
2031 4104 118 29 STEAM
2164 4103 152 28 DREDGE
2328 4113 56 19 now

1832 4143 115 33 working
1957 4149 24 21 at
1990 4143 117 36 Tuapeka
2118 4142 99 27 Mouth.
2258 4141 126 27 Pontoons

1832 4180 93 35 (knuri)
1943 4180 63 33 66ft,
2020 4179 139 38 compound
2175 4179 93 36 12-h.p.
2286 4179 98 36 Engine

1833 4217 30 36 by
1875 4217 168 36 Avelingand
2056 4218 94 32 Porter,
2165 4217 86 27 1401hs
2263 4226 121 26 pressure,

1832 4255 115 35 working
1959 4265 31 18 on
2051 4255 61 36 bags
2127 4253 60 28 Coal
2208 4264 15 15 at
2241 4254 68 32 shift,
2323 4255 60 26 with

1833 4292 110 29 Buckets
1968 4292 43 38 ('Ji
2023 4293 55 29 cub.
2102 4293 69 34 feet),
2193 4292 100 33 Screen,
2318 4292 66 28 Steel

1833 4331 71 27 Wire
1918 4332 91 33 Ropes,
2022 4332 71 31 Boat,
2107 4330 48 28 and
2169 4330 121 36 complete
2303 4331 81 27 outfit.

1868 4377 21 25 A
1912 4375 95 36 deposit
2025 4377 28 27 of
2069 4377 32 27 10
2114 4384 42 27 per
2168 4380 66 21 cent,
2247 4380 26 21 to
2286 4384 80 17 accom-

1834 4422 65 28 pany
1914 4413 92 30 tender.

1869 4457 151 29 Particulars
2033 4469 30 17 on
2078 4458 149 35 application
2242 4465 25 19 to

1975 4510 158 30 PILLING
2159 4510 117 36 BROS.,

2007 4550 187 32 Sharebrokers,
2210 4549 144 28 Lawrence.

2032 4628 38 38 [A
2091 4627 98 38 Card.]

1911 4834 132 23 TEACHER
2063 4834 36 22 OF
2121 4834 57 21 THE

1839 4888 67 31 Will
1919 4887 64 31 visit
1997 4885 152 39 Roxburgh
2164 4884 105 39 weekly
2295 4885 91 40 (every

2038 4934 142 36 Monday.)

1839 5085 94 28 Terms
1944 5094 33 19 on
1987 5083 162 40 application
2161 5087 28 26 to
2199 5083 53 30 self
2261 5094 30 19 or
2302 5082 84 30 Office

2011 5134 28 27 of
2053 5134 54 28 this
2121 5134 98 37 Paper.

1910 5319 174 27 CARPENTER,
2109 5318 116 26 JOINER,
2253 5318 60 21 AND

1822 5342 1 46 j
2009 5357 206 25 UNDERTAKER,

1822 5407 1 42 |
1835 5410 99 26 Desires
1959 5414 24 20 to
2010 5409 75 27 thank
2112 5408 40 27 the
2187 5407 85 28 Public
2297 5409 22 26 of
2345 5407 40 28 the

1822 5445 1 37 j
1839 5447 101 26 District
1954 5445 38 27 for
2009 5453 55 29 past,
2082 5452 112 29 support,
2213 5445 48 26 and
2282 5445 60 34 begs
2361 5451 25 20 to

1837 5485 88 25 inform
1956 5483 64 26 them
2056 5487 51 23 that
2140 5483 30 26 he
2200 5483 43 26 has
2274 5482 111 27 resumed

1822 5520 1 53 j
1839 5520 118 28 Business
1970 5522 24 26 in
2008 5520 149 36 Roxburgh.

1822 5581 1 11 !

1822 5605 1 38 j
1837 5607 132 27 Estimates
1981 5607 72 28 «riven
2065 5607 46 28 and
2123 5605 121 38 Building
2255 5605 131 28 Contracts

1936 5658 28 24 of
1980 5656 31 26 all
2032 5656 71 27 kinds
2121 5656 161 26 undertaken.

1822 5710 1 26 I

1822 5753 1 36 ;
1873 5755 75 26 Plans
1962 5754 47 26 and
2028 5755 185 34 Specifications
2227 5753 122 36 prepared.
