2550 4029
1164 31 99 32 THE

26 102 454 139 NEW
602 89 846 140 ZEALAND
1580 89 869 135 GAZETTE.

2259 337 8 8 '
2300 326 14 26 L
2422 326 30 17 •*■•
2473 331 3 3 '
2484 334 5 7 '

604 321 125 31 PORT
751 316 289 36 NICHOLSON,
1063 310 261 37 SATURDAY
1345 311 242 38 MORNING,
1609 310 108 32 MAY
1739 313 31 35 9,
1794 313 90 29 1840.

31 335 63 32 No.
117 332 44 39 5.]

643 415 78 21 NEW
739 414 170 22 ZEALAND
927 412 99 21 LAND
1044 408 184 24 COMPANY.

720 468 118 22 Governor
845 475 5 14 :
865 467 49 22 The
924 466 65 22 Earl
1000 472 27 15 of
1036 464 114 22 Durham.

686 501 92 28 Deputy
789 501 119 23 Governor
914 507 5 14 :
936 499 88 22 Joseph
1034 498 81 26 Somes,
1127 496 54 28 Esq.

870 535 116 22 Directors
993 541 5 14 :

694 562 61 22 Lord
764 562 73 27 Petre,

694 588 63 23 Hon.
769 589 90 22 Francis
869 588 91 27 Baring,
972 587 68 27 M.P.,

695 616 62 21 John
767 616 102 22 Ellorker
879 615 112 25 Boulcott,
1006 614 60 27 Esq.,

695 642 63 22 John
767 642 99 22 William
876 641 93 27 Buckle,
981 641 60 27 Esq.,

695 669 91 22 Russell
795 668 79 28 Ellice,
885 668 63 27 Esq.,
1186 689 3 3 .
1241 674 2 12 i

696 695 78 22 James
784 696 80 21 Brodie
875 694 101 27 Gordon,
987 694 60 27 Esq.,

695 722 99 23 Thomas
805 722 66 22 Alcrs
880 721 106 26 Hankey,
998 721 61 26 Esq.,

697 749 99 22 William
807 749 66 27 Hutt,
885 748 61 27 Esq.,
958 747 69 27 M.P.,

697 776 94 22 Stewart
801 774 162 29 Majoribanks,
974 773 61 28 Esq.,

697 802 35 22 Sir
741 802 35 22 W.
789 801 152 26 Molesworth,
953 801 68 27 Bart,
1033 799 68 27 M.P.,

698 829 131 22 Alexander
838 829 81 26 Nairn,
930 828 61 28 Esq.,

699 856 61 22 John
771 857 65 27 Pirie,
848 856 61 28 Esq.,
922 855 132 25 Alderman,

699 884 36 21 Sir
744 884 87 26 George
842 882 102 26 Sinclair,
956 882 70 25 Bart.,
1036 880 70 26 M.P.,

699 910 61 21 John
772 910 58 21 Abel
840 909 80 26 Smith,
932 908 60 27 Esq.,
1005 907 68 26 M.P.,

699 936 59 22 Wm.
769 936 137 26 Thompson,
917 934 61 27 Esq.,
990 933 132 26 Alderman,
1133 931 70 26 M.P.,

700 963 35 21 Sir
744 963 80 24 Henry
834 961 81 26 Webb,
925 960 70 27 Bart.,

699 989 88 22 Arthur
796 989 80 26 Willis,
887 987 62 28 Esq.,

701 1016 88 27 George
800 1014 120 23 Frederick
930 1014 89 27 Young,
1030 1013 53 28 Esq.

651 1049 107 23 Bankers:
774 1049 91 22 Messrs.
880 1048 82 26 Smith,
979 1048 87 26 Payne,
1082 1045 45 24 and
1141 1046 96 25 Smiths,

810 1076 46 22 and
862 1076 93 22 Messrs.
962 1074 111 22 Wright.

653 1144 86 22 mHE
756 1144 115 22 Directors
886 1142 27 24 of
929 1142 37 22 the
983 1142 57 22 New
1057 1139 101 24 Zealand
1174 1137 65 24 Land

661 1164 23 30 JL
722 1172 118 27 Company
854 1170 85 27 hereby
954 1170 50 26 give
1021 1169 82 25 notice,
1120 1167 51 22 that
1186 1166 53 26 they

652 1199 52 22 have
711 1206 113 14 EFFECTED
834 1205 30 15 AN
876 1203 173 17 ARRANGEMENT
1057 1192 53 25 with
1117 1194 38 21 tllO
1163 1192 76 23 Union

653 1226 60 22 Bank
729 1226 26 22 of
772 1225 120 26 Australia,
908 1223 45 22 No.
969 1225 34 25 38,
1021 1222 45 22 Old
1080 1220 158 25 Broad-street,

653 1253 98 26 London,
762 1253 34 21 for
807 1252 36 22 the
854 1250 172 24 establishment
1039 1250 25 21 of
1081 1257 13 13 a
1108 1247 130 23 BRANCH

653 1279 84 23 BA.NK
753 1279 35 21 IN
803 1277 72 23 NEW
889 1276 160 27 ZEALAND,
1060 1275 97 27 through
1167 1272 73 24 which

654 1307 32 22 the
695 1307 103 21 business
814 1306 25 22 of
853 1306 38 22 the
906 1304 58 22 New
979 1303 102 22 Zealand
1095 1302 66 22 Land
1176 1301 65 21 Com-

654 1341 55 20 pany
718 1333 45 23 will
772 1335 29 21 be
812 1331 136 24 transacted.
976 1331 49 21 The
1038 1330 115 22 Directors
1168 1328 73 22 there-

654 1362 42 22 fore
706 1360 146 24 recommend
866 1363 23 19 to
905 1358 112 23 Colonists
1032 1357 38 22 the
1085 1356 77 22 Union
1177 1355 65 22 Bank

655 1389 23 21 of
696 1389 114 21 Australia
828 1396 24 14 as
872 1394 29 15 an
923 1385 171 23 establishment
1115 1382 127 29 possessing

655 1415 53 22 their
726 1416 71 21 entire
816 1415 139 24 confidence,
976 1411 47 23 and
1040 1411 50 22 able
1110 1413 21 19 to
1149 1408 92 29 provide

655 1443 122 27 effectually
789 1442 35 22 for
838 1442 38 22 the
891 1439 109 23 financial
1014 1441 71 19 wants
1100 1437 25 23 of
1141 1435 39 23 the
1195 1436 47 22 first

655 1469 131 23 settlement.

814 1496 35 27 By
859 1494 66 24 order
935 1493 26 23 of
972 1492 37 22 the
1020 1492 81 27 Board,

902 1526 87 23 JOHN
1003 1526 104 26 WARD,
1118 1525 124 26 Secretary.

656 1566 52 23 New
716 1564 102 23 Zealand
828 1564 65 23 Land
903 1561 136 28 Company's
1050 1561 78 26 Office,

635 1593 2 12 :
650 1589 21 11 **
680 1595 18 25 1,
709 1593 161 26 Adam-street,
883 1589 106 28 Adclphi,
1004 1589 53 21 27th
1066 1589 68 26 Aug.,
1145 1587 62 21 1839.

755 1659 92 21 Union
857 1657 82 22 Bank,
949 1656 30 21 of
991 1653 150 26 Australia,

660 1693 90 23 London
766 1693 91 28 Office,
877 1691 45 23 No.
937 1692 34 26 38,
992 1690 49 22 Old
1061 1689 181 22 Broad-street.

885 1745 117 23 Directors
1009 1750 6 15 :

710 1782 88 26 George
809 1780 48 23 Fife
868 1780 87 25 Angas,
965 1778 63 28 Esq.,

676 1815 3 7 1
709 1809 86 22 Robert
805 1807 92 27 Brooks,
910 1806 61 27 Esq.,

710 1836 77 21 James
796 1834 62 23 John
869 1833 124 25 Cummins,
1005 1831 61 27 Esq.,

709 1863 87 22 Robert
807 1861 109 26 Gardner,
929 1859 60 28 Esq.,
1002 1857 151 26 Manchester,

710 1890 62 21 John
782 1890 67 25 Gore,
861 1888 62 26 Esq.,

710 1916 92 22 Charles
812 1915 110 27 Hindley.
934 1913 61 27 Esq.,
1007 1912 69 26 M.P.,

710 1943 119 27 Benjamin
840 1942 26 22 E.
879 1940 81 27 Lmdo,
972 1940 61 26 Esq.,

710 1970 92 21 Charles
812 1967 97 24 Edward
919 1966 112 26 Mangles,
1042 1965 62 26 Esq.,

709 1996 143 26 Christopher
862 1995 105 24 Rawson,
979 1993 60 25 Esq.,
1051 1991 102 25 Halifax,

709 2022 98 21 Thomas
816 2020 79 26 Sands,
907 2019 60 27 Esq.,
980 2017 127 28 Liverpool,

710 2048 78 22 James
797 2048 69 26 Bogle
878 2045 80 26 Smith,
968 2045 62 26 Esq.,

634 2084 2 20 ;
711 2075 78 22 James
799 2074 98 22 Ruddell
906 2071 72 27 Todd,
989 2071 53 27 Esq.

634 2099 2 13 1
661 2110 111 22 Trustees:
799 2108 96 22 George
919 2105 65 22 Carr
1007 2104 75 27 Glyn,
1104 2104 61 26 Esq.,
1186 2101 56 22 John

694 2137 75 26 Gore,
780 2135 60 27 Esq.,
857 2133 45 23 and
913 2133 75 21 James
1000 2132 21 21 J.
1033 2132 115 24 Cummins,
1160 2130 53 26 Esq.

634 2181 2 13 i
664 2169 107 23 Bankers:
798 2168 90 23 Messrs.
912 2166 75 25 Glyn,
1012 2165 129 25 Hallifax,
1165 2162 77 22 Mills,

634 2207 2 14 j
906 2192 47 23 and
966 2192 39 22 Co.

634 2234 2 19 ;
742 2230 117 26 Secretary
866 2236 5 14 :
887 2228 95 22 Samuel
992 2225 111 26 Jackson,
1115 2224 55 26 Esq.

635 2260 1 41 [
697 2264 102 22 Colonial
809 2264 116 27 Inspector
932 2269 5 13 :
958 2260 22 22 J.
991 2260 25 22 C.
1027 2259 123 26 M'Laren,
1163 2257 53 27 Esq.

634 2342 2 12 r
795 2331 69 20 New
873 2328 123 23 Zealand
1005 2326 115 22 Branch.

669 2365 63 23 Local
742 2365 114 22 Directors
863 2372 5 14 :
885 2363 58 23 Geo.
956 2362 21 22 S.
989 2361 84 26 Evans,
1085 2360 59 27 Esq.,
1161 2357 81 23 D.C.L.

635 2396 2 14 3
690 2393 102 22 Edward
802 2393 74 21 Betts
886 2389 106 27 Hopper,
1004 2388 60 27 Esq.,
1076 2386 44 23 and
1130 2386 98 22 George

635 2415 2 21 L
871 2417 111 26 Hunter,
993 2415 53 28 Esq.

635 2454 2 5 '
668 2453 106 27 Manager
782 2460 5 14 :
803 2452 62 22 John
877 2452 83 25 Smith,
972 2449 61 27 Esq.,
1048 2448 46 21 late
1104 2446 25 23 of
1141 2446 38 21 the
1190 2445 52 22 Com

635 2477 2 13 7
710 2480 93 22 mercial
812 2479 66 23 Bank
887 2477 27 23 of
926 2475 112 29 England,
1054 2474 153 23 Manchester.

635 2504 1 32 !
690 2514 178 27 Arrangements
889 2511 87 26 having
995 2510 59 22 been
1075 2507 66 23 made
1163 2506 35 22 for
1217 2505 25 22 thi

668 2542 93 27 opening
771 2541 25 22 of
808 2549 13 14 a
829 2538 92 24 Branch
930 2538 25 22 in
965 2537 58 23 New
1031 2535 106 27 Zealand,
1152 2536 75 20 notice
1237 2540 5 13 i

635 2585 1 8 ,
667 2568 79 28 liereby
761 2568 74 27 given,
852 2567 50 21 that
916 2565 56 22 Bills
988 2571 29 15 on
1033 2563 97 26 Sydney,
1148 2563 24 19 at
1186 2561 56 25 thirty

635 2604 5 13 p
668 2596 55 27 days'
735 2596 65 27 sight,
812 2594 45 22 will
866 2594 29 21 be
909 2591 77 23 issued
1002 2594 24 18 at
1038 2590 45 22 this
1098 2589 64 22 office
1178 2590 23 18 to
1217 2589 25 18 tin

634 2640 2 7 ,
668 2623 92 27 Settlers,
772 2622 35 21 for
815 2621 55 22 such
881 2627 61 16 sums
953 2626 23 15 as
986 2625 52 20 may
1047 2617 29 22 be
1085 2616 111 29 required,
1210 2616 23 19 at
1241 2621 2 13 i

634 2648 2 5 '
668 2650 75 26 charge
759 2649 26 22 of
802 2652 43 19 two
860 2654 41 22 per
916 2648 67 25 cent.,
998 2644 141 23 redeemable
1155 2649 24 15 v*
1199 2644 43 18 JNev

668 2676 101 28 Zealand,
779 2676 25 22 in
814 2676 37 21 the
861 2676 67 21 notes
940 2673 25 22 of
976 2672 45 22 this
1035 2671 73 26 Bank,
1123 2669 55 22 with
1193 2676 14 14 a
1220 2674 22 14 re

635 2720 3 5 ..
668 2707 46 19 turn
730 2704 26 21 of
772 2703 38 22 the
825 2706 44 18 two
883 2707 42 23 per
939 2702 67 23 cent.,
1028 2699 50 21 thus
1098 2697 106 25 enabling
1218 2697 24 19 tin

635 2747 1 14 ,
669 2731 100 22 colonists
779 2734 23 19 to
812 2728 105 24 transmit
925 2727 59 22 their
993 2725 68 23 funds
1070 2724 95 23 without
1174 2724 68 20 deduc

635 2801 3 14 r
689 2792 49 22 The
748 2792 114 22 Directors
871 2788 101 24 likewise
983 2786 105 23 continue
1099 2788 21 19 to
1135 2785 68 26 grant
1215 2782 27 21 let

635 2827 3 15 r
668 2822 39 19 tors
716 2819 27 21 of
755 2818 76 27 credit,
842 2815 96 30 payable
949 2817 23 19 at
982 2814 65 27 sight,
1058 2812 36 22 for
1103 2819 45 19 any
1158 2817 49 15 sum
1217 2816 25 14 no

635 2855 1 14 j
669 2845 118 28 exceeding
796 2845 68 26 £300,
876 2842 47 24 and
931 2841 52 23 bills
993 2844 24 18 at
1029 2840 69 26 thirty
1112 2838 56 27 days
1191 2838 51 24 sight

635 2881 4 14 i
668 2873 29 22 for
704 2873 73 26 larger
784 2873 110 24 amounts,
904 2876 30 15 on
942 2868 59 22 their
1007 2867 113 22 Branches
1129 2866 90 25 atbydn
1223 2870 19 20 ey

635 2908 3 14 3
669 2899 85 22 Kobart
771 2899 77 26 Town,
873 2897 152 24 Launceston,
1050 2894 45 22 and
1113 2892 129 22 Melbourne

635 2930 4 18 t
669 2927 49 21 Tort
728 2926 81 27 Philip,
825 2932 30 15 on
865 2924 38 22 the
913 2922 66 22 usual
988 2925 75 19 terms.

635 2961 3 14 i
858 2958 35 27 By
904 2955 66 23 order
980 2955 26 22 of
1017 2955 38 22 the
1064 2953 82 27 Board,

635 2980 5 21 1
800 2991 129 24 SAMUEL
944 2988 149 27 JACKSON,
1105 2988 125 26 Secretary.

635 3041 3 13 a
691 3027 49 23 The
747 3027 103 22 business
860 3026 26 21 of
896 3024 39 22 the
943 3023 90 23 Branch
1040 3022 66 22 Bank
1113 3026 129 17 commence

635 3068 4 15 s
670 3057 18 20 at
702 3055 54 22 Port
764 3054 132 27 Nicholson,
911 3051 56 22 New
981 3049 106 27 Zealand,
1101 3048 54 22 24th
1169 3047 73 22 March

635 3088 7 21 f
671 3083 56 33 1840;

635 3122 3 14 B
669 3129 60 22 THE
753 3128 88 23 FIRST
864 3125 84 24 SHOP
970 3123 127 23 OPENED
1120 3122 36 22 IN
1178 3121 64 22 POX

635 3158 3 21 3
866 3150 193 26 NICHOLSON.

709 3189 56 21 The
781 3186 145 23 Britannia
941 3184 85 22 Hotel
1041 3184 56 20 and
1113 3183 101 20 Stores.

635 3229 5 15 s
676 3223 26 21 T
737 3221 112 23 PIERCE
864 3221 57 25 begs
937 3221 23 19 to
977 3217 82 22 inform
1074 3216 35 22 his
1117 3214 88 23 friends
1215 3221 27 15 ail

635 3257 5 14 s
671 3240 20 32 J
706 3261 10 10 •
734 3249 38 22 the
782 3249 82 27 public,
876 3247 50 22 that
934 3245 35 22 his
977 3245 75 21 Stores
1060 3251 37 14 are
1105 3250 50 14 now
1165 3249 77 20 openet

635 3289 5 3 -
671 3276 40 23 and
720 3276 50 22 that
777 3276 32 28 by
818 3274 112 23 attention
940 3271 46 24 and
1000 3271 110 28 diligence
1117 3269 30 22 he
1156 3269 71 28 hopes
1237 3271 5 19 t

635 3311 5 13 i
671 3304 61 22 merit
742 3303 58 22 their
808 3306 131 24 patronage.
1143 3323 5 6 .

635 3337 5 14 [i
693 3330 22 23 J.
726 3330 87 23 Pierce
822 3330 56 26 begs
887 3332 24 18 to
922 3326 84 23 submit
1018 3325 38 22 the
1066 3323 116 27 following
1190 3323 40 21 list
1238 3329 4 15 c

635 3365 4 19 i,
672 3357 65 28 goods
744 3365 5 14 :
751 3369 31 5 —

635 3390 8 15 a
696 3384 118 22 Groceries
824 3382 26 23 of
861 3382 31 23 all
901 3379 75 24 kinds,

635 3417 7 14 c
695 3410 80 28 Bread,
786 3410 64 27 flour,
861 3408 47 24 and
916 3406 89 23 biscuit.

635 3443 8 15 a
695 3438 86 27 Spirits,
798 3437 77 27 wines,
892 3435 36 22 ale
947 3433 45 23 and
1007 3436 82 25 porter,
1106 3438 24 16 in
1148 3433 53 20 cask
1217 3436 25 16 an

635 3465 10 18 it
673 3464 73 23 bottle.
1189 3483 34 6 ...

696 3491 64 22 York
765 3490 46 23 and
816 3488 141 30 Westphalia
962 3487 73 27 hams,
1042 3487 24 21 in
1074 3485 59 28 good
1140 3485 102 22 conditioi

635 3523 12 20 y
697 3517 176 27 Haberdashery
883 3516 26 22 of
920 3515 31 22 all
959 3514 74 22 kinds.

635 3550 11 13 ;o
698 3544 164 28 Ironmongery
872 3542 46 23 and
927 3541 94 28 cutlery,

635 3576 10 14 n
698 3570 65 23 Nails
772 3570 71 23 direct
850 3570 60 23 from
920 3569 38 21 the
967 3567 119 23 Britannia
1094 3566 80 22 works.

635 3603 12 24 J
699 3603 21 23 J.
735 3604 87 22 Pierce
835 3603 72 28 hopes
916 3602 49 21 that
974 3601 38 22 the
1028 3599 142 29 competitive
1180 3600 62 26 systei

635 3630 1 13 l
676 3630 22 21 of
708 3630 94 28 puffing,
813 3637 24 15 so
847 3629 70 23 much
925 3628 113 27 practised
1046 3628 24 21 in
1081 3627 36 21 the
1134 3626 38 21 old
1186 3625 56 31 worl^

675 3657 41 21 will
732 3664 70 14 never
812 3657 33 23 .be
860 3654 136 24 introduced
1010 3655 25 21 in
1051 3654 45 21 this
1112 3653 87 27 Colony
1207 3659 5 20 ;
1235 3651 7 22 li

634 3679 2 18 ;j;
640 3683 5 20 j
676 3683 106 22 therefore
791 3683 94 22 refrains
894 3682 60 22 from
964 3681 145 27 introducing
1122 3680 80 28 prices,
1218 3685 24 15 an

635 3710 10 14 n
675 3710 82 27 merely
766 3710 81 22 invites
857 3717 14 15 a
880 3709 59 23 trial.

698 3743 55 22 Port
762 3743 130 27 Nicholson,
905 3742 67 28 April
981 3743 33 26 13,
1027 3742 61 21 1840.

635 3770 10 14 LS
1035 3779 1 4 .

635 3790 9 21 is
882 3797 166 24 WANTED,

675 3831 160 50 SEVERAL
859 3830 155 23 SAWYERS.
1053 3827 76 28 Apply
1144 3830 25 18 to
1184 3826 26 21 T.
1227 3825 15 22 N

735 3859 136 21 Partridge
882 3856 45 23 and
937 3856 40 22 Co.

635 3886 10 32 if
697 3892 66 28 April
772 3894 34 26 11,
817 3893 61 21 1840.

675 3950 159 52 STORAGE
846 3954 22 17 to
878 3950 28 21 be
916 3948 51 23 had.
998 3947 75 29 Apply
1082 3950 22 19 to
1111 3946 25 23 T.
1143 3946 34 23 M.
1186 3946 56 21 Pari

737 3986 69 15 ridgl
817 3977 44 23 and
873 3977 38 21 Co.

2092 405 47 20 ON
2154 404 95 20 SALE.
2482 404 11 19 *

1880 437 91 49 MR.
1986 437 22 23 J.
2023 437 143 23 TELFORD
2181 438 54 26 begs
2250 440 23 19 to
2288 438 108 27 intimate,
2416 438 51 22 that

1969 464 30 22 he
2009 464 40 22 has
2059 472 29 14 on
2098 465 57 27 Sale,
2168 468 22 18 at
2199 465 34 21 his
2243 465 85 26 House,
2338 468 23 18 at
2370 465 36 21 the
2417 468 49 18 cast

1879 490 45 22 end
1942 491 26 22 of
1987 491 38 22 the
2043 491 134 28 Company's
2195 491 155 28 Warehouses,
2375 498 27 15 on
2427 491 40 23 the
2482 501 2 6 ■

1879 517 82 28 Beach,
1972 525 29 15 an
2011 520 133 20 assortment
2154 518 26 22 of

1907 550 122 23 Hardware
2040 551 26 22 of
2076 551 38 22 the
2124 551 47 22 first
2180 551 94 28 quality,

1908 577 67 22 Flour
1985 578 44 21 and
2039 578 103 26 oatmeal,

1909 604 76 28 Sugar,
1996 607 43 25 tea,
2051 604 44 22 and
2105 604 75 28 coffee,

1908 631 91 27 Cheese,
2009 632 82 26 butter,
2102 631 45 22 and
2155 632 89 21 various
2253 631 65 22 other
2327 631 95 23 articles.

1882 664 53 22 Port
1943 664 131 27 Nicholson,
2086 665 64 27 April
2159 667 33 25 10,
2204 667 59 20 1840.

2096 719 47 21 ON
2160 719 94 21 SALE.

1884 752 91 49 MR.
1989 752 144 22 TELFORD
2143 752 40 23 has
2193 760 29 14 on
2232 753 59 27 sale,-
2302 753 86 28 Starch,
2405 753 64 22 Mar-

1974 780 94 27 malade,
2080 780 44 22 and
2135 780 92 27 Pickles,
2238 780 46 22 and
2300 788 54 19 very
2370 781 102 27 superior

1883 806 98 27 Brandy.

1912 839 53 22 Port
1973 839 130 27 Nicholson,
2114 839 52 22 24th
2176 840 72 27 April,
2258 841 61 26 1840,

2016 893 152 20 WEEKLY
2182 893 161 22 MARKET.

1888 927 90 48 MR.
1993 926 23 22 J.
2030 926 143 22 TELFORD
2187 926 41 22 has
2242 927 110 27 arranged
2361 931 22 18 to
2392 927 59 22 have
2462 936 14 14 a

1976 961 94 15 weekly
2095 961 92 14 market
2214 961 29 15 on
2267 954 138 22 MONDAY
2429 956 47 21 and

1888 980 167 22 SATURDAY
2068 980 167 28 EVENINGS,
2251 985 24 17 at
2283 981 35 21 his
2328 981 145 29 Warehouse,

1888 1007 57 21 from
1950 1009 19 20 '
1967 1009 34 20 4to
2011 1009 13 21 7
2034 1007 92 27 o'clock,
2138 1007 68 28 being
2220 1008 108 22 intended
2344 1009 81 27 chiefly
2439 1010 36 21 for

1888 1034 37 22 the
1947 1034 191 22 accommodation
2159 1034 26 22 of
2202 1034 142 23 Workmen's
2363 1036 112 22 Families.

1888 1061 47 21 The
1953 1061 115 27 following
2087 1061 86 21 articles
2192 1061 45 22 will
2253 1061 29 22 be
2301 1063 49 22 sold
2368 1063 23 21 in
2411 1063 66 23 small

1889 1088 125 27 quantities,
2025 1091 24 18 at
2057 1088 130 22 reasonable
2197 1089 71 26 prices
2274 1096 5 14 :
2281 1101 31 5 —

1917 1121 73 27 Flour,
2011 1121 103 27 oatmeal,
2135 1128 71 20 sugar,
2227 1124 42 25 tea,
2296 1122 76 28 coffee,
2394 1123 82 28 butter,

1890 1147 85 28 cheese,
1986 1147 98 28 candles,
2095 1155 60 20 soap,
2167 1148 39 22 &c.
2218 1149 40 22 &c.

1917 1182 54 22 Port
1978 1181 130 28 Nicholson,
2119 1182 66 27 April
2195 1183 32 27 10,
2239 1183 61 22 1840.

2057 1236 97 20 LAND
2168 1237 145 21 ORDERS.

1999 1269 21 22 J-
2035 1269 143 22 TELFORD
2192 1269 41 22 has
2246 1277 29 14 on
2286 1270 57 28 Sale,
2354 1272 69 22 Town
2434 1272 45 23 and

1892 1292 60 25 JIVJL
1965 1296 100 28 Country
2074 1296 107 29 Sections,
2192 1296 68 23 about
2269 1297 55 22 Nos.
2333 1300 41 21 850
2380 1299 44 22 and
2430 1301 48 20 802.

1892 1322 37 22 He
1939 1323 19 21 is
1968 1322 47 22 also
2023 1322 123 23 instructed
2162 1326 22 19 to
2199 1324 109 26 purchase
2325 1324 37 23 the
2380 1326 100 28 Country

1891 1350 65 21 Land
1965 1350 23 22 in
2000 1357 12 14 a
2022 1350 84 22 section
2116 1350 26 22 of
2154 1350 36 22 the
2203 1350 48 23 first
2265 1352 68 22 series
2347 1352 72 22 under
2434 1354 44 21 No.

1891 1378 47 20 600.

1919 1410 53 22 Port
1981 1409 129 29 Nicholson,
2121 1411 66 28 April
2197 1413 33 26 10,
2242 1413 60 21 1840.

2055 1465 97 21 LAND
2171 1466 144 21 ORDERS.

1897 1498 161 34 QEVERAL
2065 1498 42 22 lots
2115 1499 26 21 of
2146 1498 70 23 Town
2223 1499 45 22 and
2275 1500 100 28 Country
2381 1500 100 23 Sections

1896 1526 33 21 KJ
1959 1526 34 21 for
2003 1525 57 27 Sale,
2074 1526 30 26 by
2119 1526 89 22 Private
2225 1526 112 23 Contract.
2366 1528 76 26 Apply
2460 1531 22 18 to

1894 1552 28 21 R.
1938 1552 27 22 R.
1983 1552 99 27 Strang,
2102 1552 60 28 Esq.,
2180 1553 109 27 Solicitor,
2305 1553 44 23 No.
2364 1555 19 27 4,
2402 1555 81 27 Ctyde-

1896 1582 90 24 terrace,
1999 1585 24 16 or
2032 1582 28 19 to-
2066 1579 43 22 Mr.
2119 1580 23 21 J.
2152 1580 97 21 Telford.

1924 1613 53 22 Port
1986 1612 129 28 Nicholson,
2127 1613 65 28 April
2201 1615 28 21 24
2229 1630 7 13 t
2246 1615 61 21 1840.

2050 1668 109 21 BRICK
2171 1666 157 25 MAKING.

1898 1702 183 49 WANTED,
2089 1702 61 22 three
2159 1702 76 28 steady
2242 1703 120 22 workmen.
2382 1704 77 26 Apply
2463 1708 24 19 to.

2218 1730 44 21 Mr.
2274 1730 22 22 J.
2307 1730 153 26 TELFORD,

2110 1783 48 20 ON
2171 1784 96 22 SALE.

1900 1816 91 48 MR.
2016 1815 22 22 J.
2062 1816 144 23 TELFORD
2229 1817 64 23 HAS
2316 1818 62 23 FOR
2399 1818 89 28 SALE,.

2082 1844 22 21 A
2118 1843 80 22 BELL
2211 1844 89 22 TENT.

2041 1898 111 21 TENTS
2167 1898 68 22 FOR
2250 1899 96 22 SALE.

1901 1930 88 49 FOR
2004 1930 84 27 SALE,
2101 1934 43 18 two
2154 1931 129 28 handsome,
2295 1935 83 24 strong,
2389 1933 46 22 and
2444 1940 45 15 ser-

1960 1957 98 22 viceable
2068 1957 110 22 ROUND
2188 1958 105 27 TENTS,
2302 1959 46 22 and
2357 1967 14 14 a
2380 1959 113 28 damaged

1902 1984 122 23 SQUARE
2039 1984 101 26 DITTO,
2157 1984 31 26 by
2202 1985 247 28 Jidgingtoiu-Apjly
2467 1991 26 17 at
2502 1995 12 10 .-

1902 2010 38 21 the
1950 2009 65 22 Land
2025 2009 77 22 Office.

1929 2043 54 22 Port
1992 2043 129 27 Nicholson,
2134 2043 54 28 May
2199 2044 20 27 2,
2230 2046 63 21 1840.

2143 2098 105 21 LAND.

1903 2130 97 50 ANY
2020 2130 136 23 Gentleman
2174 2131 96 28 wishing
2288 2135 23 20 to
2330 2133 86 30 dispose
2436 2135 27 23 of
2481 2143 14 18 9

1983 2158 65 22 Land
2058 2158 78 27 Order,
2147 2166 53 20 may
2209 2159 54 23 hear
2273 2159 27 22 of
2311 2167 13 15 a
2333 2161 122 27 purchaser
2464 2170 30 15 on

1903 2185 150 28 appplication
2063 2189 23 19 to

2101 2212 128 24 SAMUEL
2243 2213 48 23 Me.
2306 2213 159 31 DONNELL,

2041 2246 54 23 Last
2107 2246 64 28 Tent,
2188 2250 54 19 west
2256 2248 46 23 end
2317 2248 26 24 of
2358 2249 37 22 the
2409 2249 85 25 Beach.

1931 2279 39 23 Bth
1980 2280 72 27 April,
2064 2281 59 22 1840.

2143 2333 105 22 LAND.
2466 2323 28 5 ~~

1905 2366 185 49 WANTED,
2106 2366 100 23 Sections
2220 2368 54 21 with
2285 2368 71 24 Town
2366 2370 78 27 Acres,
2456 2371 40 22 be-

2002 2396 71 19 tween
2096 2394 55 22 Nos.
2174 2396 42 20 200
2240 2395 46 22 and
2297 2389 77 32 Sj^fe
2393 2398 102 23 Address

1907 2420 29 22 X.
1947 2420 28 23 Y.
1985 2420 34 28 Z.,
2030 2424 24 19 at
2063 2421 36 22 the
2137 2421 93 23 Gazette
2266 2412 105 46 Qfiifff

1933 2455 66 27 April
2007 2457 20 23 9,
2039 2457 60 21 1840.

2089 2510 104 21 TOWN
2211 2512 100 21 LAND

1976 2544 106 22 ANTED
2090 2547 21 18 to
2117 2544 115 30 p^urchase.
2261 2545 70 28 Early
2338 2546 77 23 choice
2420 2548 75 22 would

1923 2575 13 19 T
1944 2567 17 27 V
2002 2572 28 21 be
2039 2568 132 31 preferred^-
2188 2572 121 34 Applying

2258 2595 125 46 ROBERT
2396 2608 72 24 TOD.

1935 2639 53 22 Port
1997 2638 130 29 Nicholson,
2140 2639 65 29 April
2214 2641 34 26 23,
2260 2642 62 22 1840.

2147 2695 106 22 LAND.

1908 2728 175 50 WANTED
2093 2732 22 19 to
2124 2729 117 27 purchase,
2249 2730 143 24 SEVERAL
2401 2732 96 23 TOWN

2003 2756 105 22 ACRES.
2137 2756 69 28 Early
2220 2757 89 22 choices
2322 2759 75 21 would
2406 2759 29 22 be
2446 2767 51 20 pre-

1907 2783 79 22 ferred.
2015 2783 76 27 Apply
2100 2786 22 19 to
2129 2783 44 22 Mr.
2185 2781 90 31 Dudley
2285 2785 101 23 Sinclair.

2061 2838 25 21 J.
2101 2838 34 21 A.
2150 2839 193 23 LANGFORD

1910 2871 105 50 BEGS
2025 2874 23 19 to
2055 2871 82 22 inform
2142 2871 35 22 his
2183 2871 93 23 Friends
2282 2873 46 21 and
2334 2873 38 22 the
2378 2874 120 29 Colonists,

1985 2898 48 22 that
2042 2898 28 22 he
2080 2898 39 22 has
2129 2899 146 22 commenced
2284 2900 102 23 business
2396 2909 24 14 as

1911 2933 74 21 Chair
2003 2932 95 28 Maker,
2117 2932 94 28 Joiner,
2236 2933 46 23 and
2300 2933 74 23 Wood
2392 2935 105 25 Turner.

1924 2966 82 22 Orders
2016 2967 108 21 executed
2134 2967 24 21 in
2168 2967 37 22 the
2214 2970 60 19 most
2281 2971 92 25 prompt
2380 2975 103 17 manner.

1938 3000 106 27 Opposite
2055 3000 37 22 the
2101 3000 118 22 Britannia
2231 3000 78 22 Hotel.
2480 3010 18 14 m

1911 3057 121 23 MESSRS.
2048 3057 112 23 HENRY
2173 3057 111 23 MEECH
2294 3058 21 22 &
2326 3059 172 27 OXENHAM,

1966 3091 179 27 Shipwrights
2157 3092 55 20 and
2222 3092 71 21 Boat
2302 3092 135 26 Builders,

1912 3125 91 50 BEG
2011 3125 64 21 leave
2084 3127 23 19 to
2117 3132 118 14 announce
2245 3127 23 19 to
2276 3125 39 22 the
2321 3129 80 26 gentry
2409 3127 47 21 and
2463 3126 37 23 the

1987 3152 81 28 public,
2077 3151 49 22 that
2135 3151 83 32 haying
2227 3159 13 14 a
2247 3151 112 28 thorough
2368 3153 132 27 knowledge

1902 3193 4 3 •
1912 3180 26 22 of
1948 3179 54 28 Ship
2011 3179 46 21 and
2066 3179 56 21 Boat
2131 3179 113 26 Building,
2253 3179 55 27 they
2315 3186 42 15 can
2368 3180 52 21 with
2430 3182 70 20 confi-

1912 3207 70 22 dence
1998 3205 123 22 undertake
2139 3208 23 19 to
2180 3205 64 22 build
2263 3214 46 19 any
2325 3206 135 28 description
2477 3207 28 22 of

1911 3233 79 28 Yacht,
2001 3233 62 26 Boat,
2073 3239 24 15 or
2100 3232 85 27 -Barge,
2194 3240 61 20 upon
2263 3233 56 21 such
2329 3236 67 19 terms
2404 3241 25 14 as
2439 3238 63 17 must

1912 3267 78 16 ensure
2001 3260 61 21 them
2072 3259 37 21 the
2117 3259 123 22 continued
2246 3263 123 24 patronage
2376 3261 25 20 of
2412 3261 32 21 all
2451 3261 50 23 who

1912 3288 56 22 have
1979 3294 55 15 once
2045 3286 119 28 employed
2172 3286 70 22 them.

1938 3321 90 23 Messrs.
2041 3320 31 21 H.
2083 3320 32 22 M.
2128 3320 45 22 and
2184 3321 26 21 O.
2222 3320 51 24 take
2281 3320 38 22 the
2327 3320 144 29 opportunity
2478 3320 27 22 of

1911 3348 116 26 returning
2045 3347 58 21 their
2121 3347 87 22 sincere
2232 3348 82 21 thanks
2332 3348 36 20 for
2390 3347 37 22 the
2446 3355 56 20 very

1910 3375 78 23 liberal
1999 3377 93 25 support
2100 3374 54 27 they
2163 3374 58 22 have
2231 3374 91 27 already
2331 3377 47 19 met
2387 3374 61 22 with.

1992 3401 40 22 All
2042 3401 74 21 orders
2125 3401 133 30 punctually
2267 3400 107 23 attended
2387 3403 30 21 to.

1939 3429 51 23 Left
1999 3428 46 22 side
2056 3428 26 22 of
2093 3428 38 22 the
2141 3428 68 22 River
2220 3428 64 27 Hutt,

2004 3462 66 28 April
2080 3464 32 26 14,
2124 3463 62 22 1840.
2380 3469 10 14 s

1999 3518 156 21 MISSING.
2157 3527 37 6 —
2195 3513 39 26 £5
2249 3516 164 21 REWARD.

1914 3556 52 48 A
1973 3555 78 22 CASE
2066 3554 38 21 OF
2119 3552 204 27 STATIONERY,
2342 3551 82 23 landed
2442 3551 60 24 from

1984 3582 38 21 the
2194 3579 94 23 marked
2295 3579 51 21 S.R.
2356 3579 24 21 in
2390 3586 12 14 a
2412 3586 88 21 square,

1915 3610 45 21 and
1968 3607 125 24 numbered
2101 3608 47 21 174.
2177 3607 23 21 It
2209 3614 44 14 was
2262 3607 36 21 for
2311 3612 61 15 some
2388 3605 74 22 weeks
2477 3605 26 22 in

1914 3636 37 21 the
1963 3635 133 27 Company's
2105 3633 82 23 Native
2198 3634 68 26 Store,
2284 3632 115 27 adjoining
2409 3632 94 22 Colonel

1915 3662 143 23 Wakefield's
2065 3661 120 26 residence,
2191 3660 45 22 and
2241 3659 40 22 has
2288 3659 58 21 been
2353 3659 67 21 taken
2429 3659 74 21 there-

1914 3690 58 22 from
1987 3689 80 26 during
2086 3688 36 21 the
2142 3687 43 21 last
2201 3686 114 27 fortnight.
2345 3685 23 22 It
2385 3685 40 22 has
2443 3685 65 22 bcen^

1915 3717 66 21 taken
1991 3716 30 26 by
2030 3715 94 22 mistake
2136 3721 24 14 or
2169 3713 79 22 stolen.
2277 3713 25 21 If
2309 3712 78 27 stolen,
2398 3712 105 22 whoever
2512 3716 4 5 '

1914 3743 44 22 will
1976 3743 51 26 give
2045 3741 143 22 information
2207 3739 72 22 which
2298 3739 46 22 will
2359 3738 59 24 lead;
2425 3741 24 19 to
2465 3738 38 22 the

1914 3776 106 20 recovery
2029 3768 26 22 of
2067 3768 36 21 the
2112 3770 112 25 property,
2235 3765 45 22 and
2290 3765 133 27 conviction-;
2427 3765 34 33 of_
2465 3764 38 23 the

1914 3796 61 27 thief,
1986 3795 44 22 will
2040 3795 85 21 receive
2135 3801 13 14 a
2157 3793 85 22 reward
2251 3793 26 21 of
2288 3791 40 30 £$.
2432 3791 31 34 -^

1941 3829 25 22 If
1976 3836 45 21 any
2028 3835 80 21 person
2117 3827 42 22 has
2174 3826 68 22 taken
2257 3826 18 21 it
2291 3826 42 27 byr
2336 3822 102 30 mistak'e;
2441 3822 7 16 :
2450 3824 53 23 'a'nd

1914 3857 52 21 does
1976 3859 40 19 not
2025 3858 75 18 return
2109 3854 19 21 it
2146 3854 56 21 after
2217 3853 44 22 this
2277 3852 185 27 advertisement,-
2472 3852 30 21 he

1915 3883 43 23 will
1967 3883 27 21 be
2004 3881 108 28 regarded
2121 3889 24 14 as
2159 3888 12 14 a
2187 3880 61 27 thief,
2265 3880 46 22 and
2325 3880 60 22 dealt
2396 3879 55 23 with
2468 3886 36 16 ac-

1915 3909 122 28 cordingly.

2096 3943 77 29 Office,
2185 3942 64 30 April
2258 3944 36 26 30,
2305 3943 61 22 1840.

1265 405 69 22 FOR
1359 405 71 21 THE
1454 405 113 21 RIVER
1590 404 148 21 THAMES
1761 403 76 21 AND

1400 438 74 21 BAY
1489 439 43 21 OF
1547 437 156 22 ISLANDS.

1292 482 74 26 ajrgj.
1374 476 91 32 rpHE
1480 476 84 26 barque
1580 475 134 27 JUSTINE,
1731 475 40 21 265
1788 476 58 23 tons,

1272 498 96 38 JSSS^
1381 504 29 21 X
1435 503 25 22 F.
1476 503 25 22 L.
1519 504 79 26 Lucas,
1616 502 60 28 Esq.,
1696 501 151 22 commander.

1261 532 110 23 «sshe£s3s»
1382 530 45 21 For
1447 530 82 32 freight
1552 537 24 14 or
1591 536 100 20 passage,
1711 529 84 26 having
1811 535 37 14 su-

1260 556 73 27 perior
1343 556 191 23 accommodation
1547 557 34 22 for
1597 559 99 23 steerage
1709 562 138 21 passengers,

1261 582 66 28 apply
1341 586 23 19 to
1380 584 76 21 David
1474 584 80 26 Scott,
1575 590 29 15 on
1623 582 76 28 board,
1717 589 26 14 or
1761 584 22 19 to
1802 581 46 21 Mr.

1261 609 116 28 Barrett,
1388 610 129 22 Thorndon.
1827 615 8 14 i

1279 664 17 21 A
1314 664 39 21 LL
1368 664 82 26 parties
1466 663 93 27 holding
1573 663 51 22 bills
1639 662 27 22 of
1675 662 77 27 lading
1766 661 31 28 by
1812 661 38 21 the

1263 694 50 18 XX.
1343 690 5 11 '
1352 690 5 11 '
1366 690 142 26 Glenbervie,
1513 691 4 8 '
1521 691 4 8 '
1541 697 37 14 are
1585 689 119 27 requested
1711 692 22 18 to
1740 689 64 21 leave
1813 687 37 22 the

1263 724 68 19 same,
1343 718 117 26 endorsed,
1471 720 23 19 at
1500 717 92 22 Messrs.
1601 716 104 27 Wallace,
1715 715 83 27 White,
1806 715 46 21 and

1263 743 105 28 Wallace,
1381 748 55 18 next
1445 744 53 22 door
1511 747 23 19 to
1551 744 36 21 the
1604 743 71 27 Bank,
1694 742 119 23 addressed
1829 745 22 18 to

1264 770 62 28 Capt.
1337 771 77 22 Black.

1290 804 55 22 Port
1353 805 132 26 Nicholson,
1496 804 57 28 May
1561 806 20 25 6,
1593 805 61 21 1840.
1830 810 9 14 i

1278 858 131 22 2>IRECT
1430 859 100 20 FROM!
1552 858 70 20 THE
1646 858 194 20 STAFFORD-

1394 892 106 21 SHIRE
1519 890 202 26 POTTERIES,

1266 932 90 49 TEN
1374 932 117 22 CRATES
1511 932 40 22 OF
1569 931 165 23 CROCKERY
1752 931 101 27 WARE,

1348 959 75 22 which
1442 959 90 22 Messrs.
1553 958 122 28 Wallace,
1696 959 92 27 White,
1811 954 45 26 and

1265 985 117 23 Wallace
1393 986 54 22 offer
1456 986 34 21 for
1500 986 51 21 Sale
1560 986 30 26 by
1601 985 88 22 Private
1705 986 111 26 Contract,
1834 988 23 19 at

1266 1012 57 22 their
1333 1012 151 28 Store-house,
1496 1013 80 22 situate
1585 1015 57 19 next
1651 1015 23 19 to
1684 1012 37 22 the
1729 1012 72 22 Bank.

1293 1046 92 23 Messrs.
1397 1047 36 21 W.
1444 1047 35 21 W.
1490 1046 46 22 and
1545 1046 35 21 W.
1591 1046 57 22 have
1665 1046 45 22 also
1728 1053 29 15 on
1773 1045 53 27 sale,
1845 1052 13 16 a

1267 1073 160 23 well-selected
1436 1073 62 23 stock
1509 1073 26 22 of
1546 1073 169 22 miscellaneous
1724 1073 76 28 goods,
1808 1079 50 15 use-

1267 1099 33 23 ful
1310 1103 23 19 to
1344 1101 112 21 colonists.

1294 1134 54 21 Port
1357 1133 131 27 Nicholson,
1498 1133 64 28 April
1571 1134 35 26 29,
1618 1134 60 21 1840.
1843 1140 15 15 n

1270 1187 92 48 THE
1376 1186 237 28 UNDERSIGNED,
1623 1186 25 22 in
1666 1186 98 21 addition
1781 1188 23 19 to
1821 1185 38 22 the

1332 1217 192 18 announcements
1534 1214 23 21 in
1566 1213 37 22 the
1611 1213 42 22 last
1661 1216 42 19 two
1710 1219 147 21 newspapers,

1270 1241 25 22 of
1307 1240 37 22 the
1362 1241 166 27 consignments
1545 1247 28 15 on
1590 1240 52 28 sale,
1662 1247 28 14 ex
1707 1239 38 22 the
1790 1240 70 21 Glen-

1382 1268 43 26 beg
1441 1271 22 18 to
1479 1268 101 21 intimate
1597 1267 49 22 that
1661 1267 86 22 further
1762 1266 97 28 supplies

1270 1301 37 15 are
1330 1302 52 14 now
1403 1294 93 28 landing
1522 1297 24 19 at
1570 1294 138 27 Thokndon,
1716 1310 13 11 A
1734 1294 59 22 from
1821 1294 38 21 the

1413 1321 94 28 Captain
1526 1321 123 27 Robinson,

1299 1348 32 22 Of
1342 1348 145 22 Manchester
1496 1348 174 22 manufactures.

1339 1375 114 22 Trueman
1463 1375 44 22 and
1522 1375 50 22 Co's
1587 1375 47 22 and
1646 1375 82 27 Taylor
1741 1374 46 23 and
1801 1374 39 23 Co.
1844 1374 16 23 'a

1367 1405 67 24 stout,
1444 1402 24 21 in
1477 1401 65 22 hhds.

1340 1428 120 23 Furniture
1475 1429 59 21 from
1551 1435 42 16 one
1612 1428 25 22 of
1653 1428 37 22 the
1705 1428 49 22 first
1764 1428 96 23 London

1367 1458 87 24 houses,
1466 1463 14 14 a
1488 1456 68 26 large,
1574 1455 83 27 varied,
1676 1455 45 22 and
1735 1462 55 20 very
1806 1456 55 21 suit-

1368 1482 49 23 able
1428 1485 139 20 assortment.

1341 1510 110 26 Sardines,
1463 1510 39 22 &c.
1514 1510 40 21 &c.
1566 1509 40 22 &c.

1290 1543 74 28 :They
1373 1550 38 15 are
1421 1543 46 22 also
1476 1542 132 28 purchasers
1618 1542 25 22 of
1654 1541 71 23 Whale
1736 1541 36 28 oil,
1783 1541 80 23 whale-

1273 1570 66 28 bone,
1357 1571 64 26 wool,
1441 1570 46 22 flax
1507 1569 110 28 prepared
1635 1570 35 21 for
1688 1569 37 21 the
1744 1569 120 27 European

1274 1597 104 28 markets,
1397 1597 45 22 and
1458 1597 115 27 generally
1590 1597 25 21 of
1632 1597 30 21 all
1680 1596 146 28 descriptions
1842 1598 26 21 of

1275 1624 56 22 New
1339 1625 101 22 Zealand
1446 1623 97 29 produce
1551 1631 4 19 ;
1572 1623 45 22 and
1627 1623 44 22 will
1681 1623 65 22 make
1754 1624 112 22 advances

1277 1658 29 15 on
1322 1652 69 26 goods
1411 1651 123 27 consigned
1552 1654 22 18 to
1592 1651 68 21 their-
1668 1650 92 28 friends,
1778 1658 66 15 essrs.

1276 1678 86 22 Arthur
1371 1678 80 28 Willis,
1463 1679 63 26 Sons,
1538 1677 45 22 and
1594 1678 46 27 Co.,
1653 1677 26 22 of
1689 1677 103 23 London.

1526 1711 111 23 WILLIS
1647 1711 46 22 and
1703 1711 53 27 CO.,

1277 1738 137 29 Merchants,
1425 1739 97 22 General
1533 1738 114 28 Shipping,
1657 1738 154 27 Commercial,
1823 1738 45 22 and

1445 1766 154 27 Agricultural
1608 1766 95 27 Agents.

1305 1800 53 22 Port
1367 1800 131 28 Nicholson,
1510 1800 66 28 April
1584 1801 35 25 29,
1628 1800 61 21 1840.

1279 1854 166 49 HUNTER
1454 1854 45 21 and
1510 1854 45 21 CO.
1571 1861 38 14 arc
1619 1861 50 14 now
1679 1853 99 28 landing,
1792 1861 28 14 ex
1830 1853 38 22 the

1510 1881 94 27 Captain
1614 1880 124 28 Robinson,

1306 1915 108 28 Tobacco,

1307 1941 97 23 Refined
1412 1941 50 23 loaf
1472 1948 73 21 sugar,

1307 1969 41 21 Tin
1359 1969 78 27 plates,

1270 2006 3 5 •
1296 1995 67 21 .Cr'ine
1373 1995 80 21 basket
1461 1994 49 26 salt,

1308 2021 54 21 Port
1370 2021 65 26 wine,
1451 2021 23 21 in
1486 2023 90 24 quarter
1585 2019 71 28 casks,
1673 2026 54 21 very
1736 2019 101 28 superior
1847 2019 23 22 in

1281 2047 91 28 quality,
1385 2047 26 22 of
1422 2047 90 27 vintage
1522 2048 60 20 1834.

1308 2079 72 23 These
1389 2080 70 28 goods
1469 2080 45 21 will
1523 2080 28 21 be
1561 2079 114 22 forthwith
1686 2087 28 14 on
1721 2079 53 27 sale,
1785 2082 22 19 at
1813 2079 58 22 their

1281 2106 123 23 Thorndon
1421 2108 80 26 Stores,
1521 2106 24 22 in
1564 2106 101 22 addition
1685 2110 22 18 to
1726 2106 38 22 the
1780 2106 90 27 general

1282 2134 97 27 supplies
1390 2135 30 27 by
1436 2134 38 22 the
1686 2141 23 14 as
1726 2133 146 22 enumerated

1282 2160 24 22 in
1316 2162 38 21 the
1364 2160 43 23 last
1416 2165 43 18 two
1469 2168 147 20 newspapers.

1453 2202 71 15 GOODS
1538 2202 162 15 WAREHOUSED.

1310 2228 55 23 Port
1373 2229 131 27 Nicholson,
1516 2228 65 29 April
1590 2230 34 26 29,
1636 2230 60 21 1840.

1286 2283 90 35 rpHE
1390 2283 228 23 UNDERSIGNED
1630 2283 54 22 offer
1690 2283 34 24 for
1731 2283 57 29 Sale,
1797 2291 30 14 on
1835 2283 38 23 the

1292 2305 28 28 JL
1360 2311 44 22 Lot
1413 2311 71 22 above
1494 2310 47 23 Col.
1552 2311 151 27 Wakefield's,

1310 2347 42 20 300
1362 2345 73 22 dozen
1442 2345 129 27 Hodgson's
1579 2345 51 28 pale
1639 2345 42 28 ale,

1311 2374 28 20 50
1348 2373 51 22 best
1408 2372 138 28 Westphalia
1555 2373 72 26 hams,

1311 2400 42 21 200
1361 2401 64 21 2-cut
1434 2397 80 30 yellow
1524 2399 67 28 deals,

1312 2427 101 27 Battens,

1312 2455 28 20 30
1350 2454 71 22 dozen
1432 2453 59 29 good
1500 2453 84 28 sherry,

1311 2482 15 19 4
1334 2481 66 22 hhds.
1411 2481 100 28 superior
1520 2481 99 27 Brandy,

1312 2509 28 21 30
1349 2508 64 23 casks
1423 2508 64 28 nails,
1499 2508 107 22 assorted.

1488 2543 26 22 T.
1531 2543 33 22 M.
1579 2541 183 23 PARTRIDGE
1773 2541 45 23 and
1828 2540 45 23 CO.

1475 2576 56 23 Bills
1541 2584 29 15 on
1581 2576 99 28 Sydney.

1312 2611 55 23 Port
1375 2611 132 27 Nicholson,
1518 2611 39 22 Bth
1566 2611 73 28 April,
1651 2611 59 21 1840.

1287 2667 89 40 -pOR
1399 2667 85 27 SALE,
1509 2665 42 23 BY
1578 2665 64 23 THE
1664 2663 209 28 SUBSCRIBERS,

1314 2721 102 22 Hawes's
1436 2720 96 23 London
1550 2726 61 21 soap,
1635 2719 24 21 in
1677 2717 57 23 28lb.
1755 2717 45 23 and
1818 2717 55 23 16lb.

1286 2748 77 27 boxes,

1313 2775 65 22 Ditto
1389 2775 97 26 candles,
1497 2773 57 28 dips,
1563 2773 25 22 in
1597 2772 59 23 361b.
1666 2772 77 27 boxes,

1314 2802 126 28 Wrapping
1447 2809 76 20 paper,

1314 2828 139 28 Stationery;
1470 2828 45 22 and

1350 2870 118 15 EXPECTED
1482 2869 77 20 DAILY,
1575 2868 30 15 BY
1619 2868 46 15 THE

1314 2895 105 23 Window
1428 2896 66 27 glass,
1505 2895 95 23 suitable
1611 2895 63 26 sizes,

1315 2923 106 27 Superior
1431 2923 145 29 champagne,
1587 2922 26 21 in
1621 2921 96 26 baskets,

1315 2950 99 27 Brandy,
1425 2950 24 22 in
1458 2950 65 21 hhds.
1534 2949 46 22 and
1588 2952 91 24 quarter
1689 2947 70 28 casks,

1315 2977 83 27 Claret,
1409 2978 25 21 in
1444 2984 68 20 cases,

1315 3004 132 27 Burgundy,
1458 3004 24 21 in
1492 3004 64 26 ditto,

1315 3031 92 22 Bottled
1415 3030 85 28 slierry,

1315 3058 66 23 Ditto
1391 3061 58 20 port.

1490 3083 27 22 T.
1533 3083 33 21 M.
1582 3080 184 24 PARTRIDGE
1776 3080 46 22 and
1832 3080 41 22 CO.

1291 3139 112 50 GH.
1412 3137 128 23 COGLAN
1547 3136 40 22 has
1595 3143 30 14 on
1634 3135 52 27 sale,
1693 3137 22 19 at
1721 3134 38 22 the
1765 3133 108 22 Waterloo

1348 3178 11 11 •
1370 3166 83 27 Stores,
1461 3167 47 20 east
1514 3164 45 22 end
1564 3163 26 22 of
1593 3163 39 22 the
1637 3162 78 27 beach,
1724 3161 55 22 Port
1785 3161 88 22 Nichol-

1289 3201 48 20 son,

1316 3227 116 22 Dunbar's
1442 3229 59 19 stout
1511 3225 25 23 in
1543 3224 54 23 cask
1607 3231 25 15 or
1639 3222 88 28 bottles,
1739 3222 24 22 in
1773 3229 55 20 very
1835 3221 38 22 fine

1291 3255 122 22 condition.

1316 3281 90 22 Elliot's
1424 3280 36 22 do.
1479 3279 36 23 do.

1318 3308 112 27 Maderia,
1441 3310 57 25 port,
1510 3305 47 23 and
1566 3305 59 28 Cape
1635 3304 76 22 wines.

1317 3335 91 22 French
1416 3334 95 27 brandy,
1522 3333 103 22 Jamaica
1634 3339 56 19 rum,
1701 3329 119 27 Hollands,
1833 3335 40 21 gin.

1318 3362 65 21 Lime
1390 3362 69 27 juice,
1468 3360 92 29 pickles,
1571 3359 41 22 &c.
1711 3383 4 6 #
1744 3383 4 5 #

1319 3390 56 21 Fine
1395 3388 100 27 clothing
1514 3387 26 22 of
1560 3393 68 20 every
1646 3385 142 26 description,
1813 3383 60 27 slops,

1292 3416 72 27 shoes,
1375 3416 40 21 &c.

1320 3444 65 26 Soap,
1396 3442 58 28 pins,
1465 3444 59 25 tape,
1535 3439 83 27 combs,
1632 3439 39 21 &c.

1319 3470 165 26 Ironmongery
1500 3469 27 21 of
1540 3474 67 20 every
1621 3464 141 29 description,
1773 3463 45 22 and
1827 3469 46 21 very

1294 3497 101 27 Superior
1406 3495 91 28 quality.
1802 3510 3 4 ■

1321 3524 55 22 Iron
1393 3523 89 27 boilers,
1497 3524 58 26 pots,
1574 3523 118 25 stewpans,
1710 3523 129 22 saucepans,
1860 3518 13 20 o]

1293 3552 90 22 various
1393 3550 63 23 sizes.

1320 3578 44 22 Tin
1374 3585 66 19 ware,
1451 3577 36 21 do.

1321 3605 90 22 Platina
1416 3608 38 19 tea
1461 3603 44 23 and
1513 3602 68 22 coffee
1587 3603 57 26 pots,
1654 3598 145 27 lutamcdo.,
1811 3604 62 20 aver}

1294 3632 108 28 superior.
1638 3653 4 5 ,
1815 3651 5 5 .

1322 3657 121 29 Japanned
1454 3663 65 20 ware,
1541 3660 135 22 comprising
1693 3655 100 24 roasting
1811 3653 62 25 jacks,

1293 3686 79 27 Jumps,
1381 3685 59 28 jugs,
1451 3687 37 18 tea
1498 3683 95 26 caddies,
1606 3688 61 19 cups,
1677 3680 40 22 &c.
1728 3679 41 22 &c.

1307 3721 6 13 i.
1322 3713 84 22 Indian
1415 3718 55 15 corn
1479 3710 66 26 mills,
1559 3708 115 27 (various).

1322 3740 69 21 Sheet
1400 3738 40 27 tin,
1451 3737 80 26 solder,
1541 3735 67 26 resin,
1620 3735 40 21 &c.
1672 3734 40 21 &c.

1322 3766 106 28 Superior
1437 3764 43 22 salt
1488 3763 55 22 beef
1550 3761 45 23 and
1604 3760 63 29 pork,
1677 3767 25 14 m
1712 3759 63 23 casks
1785 3765 24 15 or
1819 3759 54 20 small

1293 3792 129 30 quantities.

1252 3824 8 22 [,
1322 3822 27 20 10
1364 3822 52 19 tons
1427 3817 25 22 of
1467 3824 55 19 veiy
1538 3814 111 23 excellent
1663 3814 52 21 seed
1729 3814 108 25 potatoes,
1855 3815 18 23 by

1293 3846 40 24 the
1342 3850 39 18 ton
1391 3853 25 14 or
1426 3847 49 19 cwt.
1696 3866 5 5 ,

1314 3874 60 34 |Tea,
1393 3872 76 26 coffee,
1486 3876 88 22 pepper,
1593 3874 73 21 sugar,
1684 3874 51 19 rice,
1753 3866 31 27 by
1794 3866 37 20 the
1844 3867 29 19 ton

1293 3909 30 15 ok
1328 3902 52 25 bag.

1313 3924 77 37 [Flour
1399 3925 99 26 tobacco,
1508 3931 70 20 pipes.

1271 3981 2 5 ,
1313 3947 11 37 I
1350 3959 64 31 April
1425 3959 59 28 30th,
1496 3960 54 22 1810

26 428 82 25 NEW
126 423 169 25 ZEALAND
312 420 97 22 LAND
428 416 183 23 COMPANY.

27 482 92 26 Capital,
133 479 118 27 £100,000,
267 477 24 21 in
300 477 55 21 4000
365 473 81 23 Shares
456 472 25 21 of
492 469 47 23 £25
550 468 61 28 cacli,

249 503 31 23 all
288 502 55 29 paid
350 508 38 20 up.

108 561 128 22 Governor:
251 557 49 23 The
310 556 66 22 Earl
387 561 26 14 of
423 552 113 23 Durham.

70 597 92 27 Deputy
173 594 129 22 Governor:
318 589 86 22 Joseph
419 587 81 26 Somes,
516 585 54 26 Esq.

258 624 114 22 Directors
381 629 5 13 :

82 655 143 26 LordPetre,

82 683 63 22 Hon.
155 681 92 22 Francis
256 678 91 25 Baring,
359 676 69 25 M.P.,

82 710 61 23 John
153 707 103 24 Ellorker
264 704 110 25 Boulcott,
391 703 60 25 Esq.,

83 738 60 23 John
153 735 101 22 William
263 731 92 26 Buckle,
366 730 62 27 Esq.,

83 763 89 25 Russell
181 762 77 25 Ellice,
268 759 61 28 Esq.,

84 793 76 22 James
169 787 81 24 Brodie
262 785 99 27 Gordon,
373 785 61 26 Esq.,

82 819 99 22 Thomas
190 815 66 22 Alers
266 813 105 26 Hankey,
383 811 61 27 Esq.,

84 845 99 22 William
193 843 60 22 Hiitt
270 840 61 27 Esq.,
343 838 68 27 M.P.,

86 875 94 21 Stewart
188 867 162 29 Majoribanks,
361 866 62 27 Esq.,

86 902 34 21 Sir
129 898 99 23 William
237 893 153 27 Molesworth,
401 893 69 25 Bart.,
481 891 69 25 M.P.,

87 925 129 24 Alexander
226 923 79 24 Nairn,
317 921 60 26 Esq.,

87 954 61 22 John
158 951 65 27 Pirie,
234 949 60 26 Esq.,
308 947 128 22 Alderman.

87 981 35 22 Sir
132 980 87 24 George
229 974 102 26 Sinclair,
342 973 69 23 Bart.,
423 972 70 25 M.P.,

86 1006 61 23 John
157 1004 59 23 Abel
227 1001 78 26 Smith,
317 1000 60 27 Esq.,
389 997 68 26 M.P.,

86 1034 59 21 Win.
155 1032 136 24 Thompson,
303 1027 61 27 Esq.,
376 1024 131 26 Alderman,
519 1024 47 19 M.1
575 1036 12 12 .,

87 1061 35 22 Sir
131 1059 80 25 Henry
220 1055 79 27 Webb,
310 1055 70 24 Bart.,

87 1087 86 23 Arthur
181 1083 79 26 Willis,
272 1082 61 27 Esq.,

88 1115 88 25 George
186 1109 119 24 Frederick
315 1108 87 25 Young,
414 1107 54 26 Esq.

146 1148 116 23 Secretary
270 1151 4 14 :
290 1142 63 22 John
363 1140 83 26 Ward,
458 1138 52 27 Esq.

34 1209 91 51 THE
134 1207 61 22 main
204 1204 97 23 features
310 1203 24 21 of
341 1203 38 21 the
387 1203 83 26 system
478 1198 26 23 of
510 1196 112 24 coloniza-

110 1236 46 21 tion
167 1231 96 29 adopted
271 1232 31 26 by
312 1230 37 21 the
362 1229 124 26 Company,
502 1232 78 19 are,—
580 1226 40 24 lst,

35 1265 37 21 the
82 1264 45 22 sale
137 1262 25 21 of
172 1260 72 26 lands,
259 1261 23 18 at
296 1265 29 14 an
340 1256 97 22 uniform
452 1253 46 23 and
511 1252 112 22 sufficient

34 1292 72 24 price;
124 1288 45 23 and
183 1286 75 27 2ndly,
274 1284 39 22 the
328 1283 154 27 employment
496 1279 25 22 of
535 1286 13 14 a
561 1279 62 25 large

34 1318 88 25 portion
133 1316 24 22 of
164 1315 37 22 the
210 1312 210 29 purchase-money,
432 1315 22 15 as
465 1314 29 16 an
505 1306 118 25 Immigra-

35 1346 46 21 tion
92 1342 72 24 Fund.
194 1341 27 22 In
231 1340 63 21 these
303 1340 104 25 respects,
424 1335 37 22 the
471 1333 119 28 principles
601 1333 25 20 of

36 1371 70 23 South
119 1368 113 24 Australia
246 1366 57 21 have
319 1365 57 21 been
390 1361 106 23 followed
508 1368 24 14 as
545 1359 79 26 nearly

35 1407 24 14 as
79 1399 170 21 circumstances
264 1392 80 26 would,
363 1391 25 22 in
402 1389 39 23 the
459 1390 91 27 present
566 1393 56 20 case,

36 1425 88 29 permit.

61 1459 50 22 The
124 1456 73 28 grand
211 1455 74 28 object
300 1453 26 22 of
340 1452 38 22 the
392 1457 57 21 new,
464 1456 25 16 or
500 1447 123 29 improved,

37 1489 83 23 system
131 1484 25 22 of
167 1484 37 21 the
215 1481 97 28 disposal
326 1480 25 22 of
367 1478 98 24 colonial
477 1478 73 24 lands,
567 1483 18 14 is
602 1478 23 19 to

36 1512 100 26 regulate
151 1511 37 21 the
203 1509 80 29 supply
298 1507 26 22 of
340 1514 50 14 new
403 1504 62 26 land,
481 1504 31 34 by
526 1504 39 20 the
578 1504 48 19 real

37 1542 72 19 wants
121 1538 26 21 of
159 1537 38 22 the
213 1535 117 26 Colonists,
346 1541 23 15 so
385 1531 49 23 that
448 1531 38 22 the
499 1530 56 21 land
570 1530 56 21 shall

39 1573 69 15 never
124 1565 29 21 be
172 1563 70 22 either
261 1559 188 30 superabundant,
471 1564 25 15 or
514 1558 111 24 deficient,

39 1593 71 22 either
126 1595 36 18 too
180 1591 76 26 cheap,
274 1596 25 14 or
318 1591 37 18 too
373 1587 60 21 dear.
472 1584 22 22 It
510 1584 42 21 has
569 1584 57 21 been

39 1620 77 21 shown
126 1618 48 21 that
183 1617 38 22 the
232 1616 43 22 due
287 1614 131 29 proportion
431 1613 102 21 between
548 1612 78 26 people

39 1646 46 22 and
91 1645 55 22 land
152 1651 52 21 may
209 1644 28 21 be
246 1641 126 27 constantly
379 1639 93 23 secured
477 1639 31 26 by
514 1639 112 21 abandon-

38 1674 40 26 ing
87 1672 37 21 the
134 1671 39 22 old
183 1674 84 24 system
277 1669 26 22 of
315 1676 95 17 grants,
422 1666 46 22 and
476 1665 114 27 requiring
600 1671 26 14 an

39 1699 98 22 uniform
147 1698 60 27 price
216 1704 41 21 per
267 1704 57 19 acre,
340 1695 34 22 for
383 1691 31 25 all
423 1700 49 15 new
481 1691 73 27 lands,
566 1691 60 21 with-

40 1730 40 19 out
89 1725 124 27 exception.
243 1723 26 22 If
279 1723 38 21 the
326 1723 61 26 price
398 1721 29 21 be
441 1722 41 19 not
495 1722 38 18 too
547 1718 49 26 low,
612 1721 14 18 it

39 1753 74 22 deters
122 1751 136 28 speculators
263 1750 63 22 from
341 1748 117 26 obtaining
471 1745 62 27 land,
549 1745 53 21 with
617 1752 9 14 a

39 1780 57 21 view
106 1782 22 19 to
138 1778 89 27 leaving
236 1777 58 22 their
303 1778 106 30 property
418 1775 23 21 in
452 1781 15 14 a
477 1772 75 22 desert
564 1774 62 24 state,

39 1806 47 23 and
99 1806 51 21 thus
163 1807 106 25 prevents
277 1803 111 27 injurious
398 1799 122 29 dispersion
528 1807 5 19 ;
548 1801 19 19 it
576 1799 50 26 cilso,

39 1834 31 27 by
81 1832 133 28 compelling
223 1838 67 19 every
296 1831 105 21 labourer
408 1831 23 19 to
438 1827 62 22 work
507 1827 35 21 for
549 1833 77 19 wages,

39 1860 58 22 until
107 1860 28 21 he
145 1859 41 22 has
195 1858 68 23 saved
277 1857 38 22 the
326 1857 53 27 only
388 1862 80 16 means
478 1854 25 22 of
514 1853 112 26 obtaining

39 1887 61 26 land,
112 1887 85 21 insures
212 1893 14 14 a
240 1884 81 28 supply
335 1883 26 22 of
371 1883 80 22 labour
465 1881 35 21 for
514 1880 56 22 hire.
600 1880 26 26 If,

40 1922 29 14 on
80 1914 37 21 the
128 1913 64 22 other
200 1912 69 27 hand,
285 1911 37 22 the
332 1911 61 27 price
402 1910 28 21 be
440 1911 41 19 not
491 1911 37 18 too
537 1907 53 26 high
592 1923 11 16 J#
613 1909 13 19 it

40 1940 87 22 neither
137 1939 99 22 confines
246 1939 38 21 the
295 1938 87 21 settlers
397 1935 77 23 within
489 1942 14 14 a
516 1940 65 21 space
596 1940 30 14 in-

40 1966 160 28 conveniently
215 1972 95 20 narrow,
326 1972 41 14 nor
383 1963 53 22 does
450 1963 19 21 it
484 1963 95 25 prevent
592 1960 34 22 the

40 1994 79 27 thrifty
133 1994 103 21 labourer
250 1992 58 21 from
322 1990 120 25 becoming
456 1996 14 14 a
482 1987 144 25 land-owner,

41 2022 57 20 after
108 2020 100 25 working
217 2026 62 13 some
290 2018 54 20 time
354 2017 35 21 for
399 2022 80 19 wages.
582 2038 6 5 #

72 2047 19 21 A
109 2045 117 27 sufficient,
242 2045 43 21 but
303 2046 40 19 not
361 2049 63 15 more
444 2041 54 21 than
519 2040 107 20 sufficient

41 2074 60 27 price
113 2073 35 21 for
160 2072 30 21 all
203 2078 50 15 new
267 2071 61 25 land,
345 2070 18 21 is
378 2069 39 21 the
432 2068 61 21 main
508 2067 86 21 feature
610 2066 16 20 of

44 2100 36 22 the
98 2107 51 14 new
164 2101 82 28 system
262 2097 25 22 of
305 2095 156 24 colonization.
495 2093 22 22 It
533 2092 93 22 obviates

43 2134 68 19 every
122 2133 84 20 species
221 2125 26 22 of
260 2124 102 26 bondage
369 2131 5 17 ;
394 2123 31 26 by
439 2120 120 29 providing
575 2126 51 14 com-

44 2154 88 22 binable
141 2153 86 26 labour,
237 2151 19 22 it
265 2151 91 22 renders
364 2149 104 26 industry
475 2154 54 21 very
540 2146 86 27 produc-

45 2181 50 25 tive,
108 2180 44 22 and
161 2179 121 22 maintains
291 2178 56 21 both
355 2176 54 27 high
425 2182 80 21 wages,
521 2173 46 22 and
580 2173 46 26 high

44 2208 88 28 profits;
154 2207 19 22 it
188 2205 78 22 makes
284 2205 38 22 the
341 2204 80 26 colony
437 2209 24 15 as
479 2203 115 20 attractive
611 2206 15 15 as

44 2234 103 28 possible,
162 2233 55 22 both
232 2236 24 18 to
271 2231 121 28 capitalists
408 2229 45 22 and
468 2232 23 18 to
505 2227 121 26 labourers;

46 2261 43 22 and
99 2265 41 17 not
149 2259 84 28 merely
243 2262 23 19 to
275 2259 70 26 these,
358 2259 42 21 but
409 2257 53 26 also,
473 2256 30 27 by
512 2255 114 25 bestowing

44 2296 29 14 on
88 2288 38 21 the
138 2286 87 28 colony,
242 2286 38 21 the
290 2285 74 22 better
379 2283 117 23 attributes
511 2281 27 22 of
555 2288 27 14 an
599 2280 27 22 ok

44 2315 90 27 society,
147 2318 22 18 to
177 2313 62 22 those
248 2313 49 21 who
305 2312 57 21 have
370 2319 14 14 a
390 2311 91 21 distaste
489 2309 34 21 for
531 2308 60 22 what
595 2307 31 22 has

45 2342 125 22 heretofore
178 2341 59 21 been
248 2340 37 21 the
299 2339 112 28 primitive
423 2336 115 24 condition
549 2335 26 22 of
584 2342 42 15 new

43 2369 105 22 oolonics.

70 2395 49 22 The
128 2396 64 26 great
201 2393 109 33 objectpf
322 2393 37 22 the
368 2392 62 28 price
438 2398 20 15 is
470 2393 23 20 to
508 2396 77 16 secure
599 2391 27 19 th«

45 2426 59 18 laost
113 2420 107 24 desirable
230 2417 142 35 pjara|ktions
381 2420 102 21 between
497 2416 81 29 people
592 2423 34 15 ant

46 2449 54 22 land
106 2457 5 19 ;
126 2450 41 21 but
176 2448 37 22 the
223 2441 104 40 pl'a]||s|s
338 2447 37 21 the
383 2445 87 22 further
476 2443 71 24 result
555 2443 25 22 of
585 2450 41 21 pro-

46 2476 82 27 ducing
138 2483 13 14 a
160 2471 109 30 revenue?
283 2474 73 22 which
371 2473 47 22 will
432 2475 41 19 not
489 2471 53 27 only
557 2469 69 28 supplj

47 2503 37 22 the
95 2503 105 27 requisite
214 2502 68 28 profit
296 2504 23 19 to
334 2500 37 23 the
388 2498 155 23 shareholders
558 2497 25 22 of
599 2497 27 21 the

47 2530 122 27 Company,
192 2530 42 21 but
256 2528 112 22 furnishes
391 2527 38 21 the
452 2532 79 16 means
549 2525 34 21 for
607 2530 19 15 ar

48 2556 154 28 Immigration
213 2555 72 27 Fund,
287 2567 32 5 —
320 2563 13 13 a
340 2553 57 23 fund
404 2552 128 27 constantly
540 2551 86 28 applica-

46 2584 37 21 ble
98 2586 23 19 to
138 2583 36 22 the
190 2589 96 21 purpose
303 2577 239 38 ofsbringing^abour
559 2582 22 18 to
599 2577 27 22 the

47 2610 80 28 colony
127 2622 31 5 —
159 2610 49 22 that
221 2610 25 26 is,
264 2608 135 33 in^catising
416 2605 105 33 theljjjest
539 2612 55 15 sort
615 2611 11 15 o:

47 2637 147 22 colonization
204 2640 23 18 to
237 2632 129 37 ])rocjS|pLt
377 2635 39 22 the
429 2636 98 25 greatest
540 2632 86 28 possible

46 2667 53 18 rate.
129 2664 54 22 And
191 2663 42 23 this
240 2664 20 21 is
267 2663 38 22 the
313 2662 84 23 isccond
405 2662 87 21 feature
503 2660 25 22 of
540 2659 38 22 the
587 2666 39 15 new

47 2694 89 24 system.

73 2718 47 21 The
131 2717 153 28 employment
293 2717 26 21 of
334 2716 37 21 the
385 2714 212 30 purchase-money,
614 2720 12 14 0]

47 2744 38 22 the
93 2744 109 28 principal
212 2747 51 25 part
272 2744 26 21 of
308 2744 23 24 if,
343 2743 23 21 in
378 2742 126 28 conveying
513 2741 86 22 settlers
614 2742 12 19 tc

47 2771 38 22 the
95 2772 87 27 colony,
193 2771 40 22 has
243 2770 37 23 the
291 2770 114 27 following
416 2769 82 22 effects.
529 2768 22 21 It
561 2767 65 22 make;

47 2798 38 21 the
98 2798 132 27 purchasers
246 2798 26 21 of
286 2796 56 23 land
356 2804 36 15 see
407 2796 93 28 plainly,
515 2794 51 22 that
580 2794 46 21 theli

47 2832 82 20 money
138 2825 45 22 will
192 2825 28 21 be
229 2824 107 22 returned
347 2824 22 21 in
385 2822 38 23 the
436 2823 69 27 shape
519 2822 26 21 of
558 2821 68 21 laboui

47 2852 46 21 and
101 2852 136 27 population.
269 2851 22 22 It
300 2850 71 27 tends,
387 2850 24 21 in
421 2850 53 26 fact,
489 2852 23 18 to
521 2848 68 21 lower
599 2847 27 22 th(

47 2885 119 24 necessary
183 2876 108 23 standard
310 2877 26 21 of
351 2876 68 28 price,
434 2876 104 26 because,
557 2874 54 22 with
625 2881 2 14 i

47 2908 105 19 constant
160 2904 72 22 influx
243 2904 27 21 of
279 2902 80 29 people
369 2906 23 18 to
402 2899 37 24 the
451 2902 87 26 colony,
548 2901 37 21 the
595 2901 31 21 du<

47 2932 130 27 proportion
182 2931 102 21 between
291 2930 78 28 people
378 2928 46 22 and
429 2928 55 22 land
491 2935 52 20 may
550 2928 28 21 be
584 2927 42 27 kep

49 2966 29 20 up
87 2958 30 27 by
127 2966 14 15 a
149 2958 69 21 lower
226 2957 68 27 price,
307 2956 55 22 than
371 2956 21 21 if
404 2955 63 22 there
476 2962 59 15 Avere
544 2962 31 14 no
583 2953 43 22 sucl

49 2985 151 27 immigration
206 3000 5 6 .
230 2984 23 21 It
264 2983 110 22 therefore
381 2982 131 22 diminishes
519 2981 38 22 the
563 2981 63 27 perio(

50 3012 80 27 during
140 3012 73 22 which
221 3011 39 22 the
268 3011 105 22 labourer
386 3012 62 19 must
458 3008 63 23 work
534 3008 36 21 for
583 3007 43 22 hire

51 3039 43 21 and
103 3039 30 27 by
143 3039 38 22 the
195 3038 64 28 rapid
272 3045 102 19 progress
390 3036 74 23 which,
477 3036 19 21 it
509 3036 93 27 imparts
616 3037 10 18 t<

50 3065 37 22 the
96 3066 50 21 best
154 3068 46 19 sort
209 3065 26 22 of
246 3064 156 27 colonization,
419 3064 18 21 it
452 3062 102 28 explains
569 3064 23 19 to
602 3061 24 22 tin

51 3092 116 27 labouring
176 3092 56 22 class
242 3092 26 21 of
274 3092 147 26 immigrants,
433 3090 49 21 that
491 3097 68 19 every
567 3095 42 15 one
617 3095 9 15 o

53 3118 60 21 them
125 3118 50 21 who
191 3119 19 20 is
225 3118 136 21 industrioiis
378 3113 46 26 and
439 3116 85 27 thrifty,
543 3122 52 19 may
611 3115 15 21 b<

51 3151 50 14 sure
112 3146 21 18 to
143 3143 92 22 become
247 3146 41 19 not
302 3144 85 26 merely
402 3151 29 14 an
446 3150 76 15 owner
537 3142 26 22 of
578 3141 48 22 land

53 3170 40 21 but
109 3169 46 22 also
171 3170 24 21 in
213 3169 35 22 his
268 3172 58 23 turn,
348 3177 29 14 an
398 3170 114 28 employer
531 3169 26 22 of
576 3169 50 22 hirec

185 3203 13 14 a
207 3198 82 19 master
300 3196 25 21 of
335 3200 107 18 servants.

80 3223 68 22 From
157 3222 61 23 these
229 3222 182 28 considerations,
427 3222 37 23 the
474 3223 116 27 Company
599 3222 27 22 ha

53 3250 97 28 adopted
169 3250 37 21 the
222 3257 62 14 same
301 3252 82 24 system
401 3250 26 21 of
442 3250 114 27 disposing
571 3249 25 22 of
612 3250 14 21 it

53 3280 67 19 waste
132 3277 72 27 lands,
220 3283 24 14 as
261 3283 40 14 nas
317 3275 89 27 already
420 3276 85 27 proved
517 3276 79 28 highly
608 3276 18 22 fa

53 3304 105 22 vourable
174 3307 21 18 to
211 3303 37 22 the
262 3302 184 29 productiveness
460 3303 25 21 of
500 3303 103 27 industry
616 3304 10 21 ii

53 3331 71 21 South
134 3330 121 23 Australia.
284 3329 30 22 In
324 3337 13 14 a
348 3336 49 14 neAV
409 3329 86 27 colony,
509 3330 94 31 planted
617 3330 9 21 h

53 3365 14 13 a
76 3358 72 21 fertile
158 3357 46 22 and
218 3356 116 22 extensive
349 3355 111 28 territory,
475 3356 19 21 it
508 3363 19 14 is
542 3356 84 22 obvious

54 3384 47 22 that
120 3384 37 23 the
174 3383 171 24 establishment
360 3382 26 22 of
402 3382 55 21 such
472 3389 14 14 a
500 3386 82 24 system
596 3383 19 22 is
625 3393 2 10 i

54 3414 80 19 matter
150 3411 26 22 of
194 3410 37 23 the
249 3410 92 28 deepest
357 3411 103 20 moment
476 3411 23 18 to
515 3409 39 21 the
569 3409 57 22 futur

54 3438 88 22 welfare
154 3438 27 22 of
194 3438 91 26 society.
420 3435 18 22 it
452 3433 39 23 the
505 3435 50 22 best
570 3436 56 21 effect

54 3472 52 20 may
115 3465 54 22 with
178 3464 131 23 confidence
319 3464 28 21 be
357 3461 138 29 anticipated
501 3469 6 14 :
522 3468 14 15 a
543 3465 83 18 constar

54 3491 45 22 and
108 3492 89 27 regular
206 3491 80 28 supply
297 3490 27 22 of
334 3497 51 15 new
394 3489 55 22 land
458 3489 24 22 in
498 3488 43 22 due
555 3496 71 20 propoi

52 3518 46 22 tion
108 3522 23 18 to
141 3518 38 22 the
198 3521 71 18 wants
278 3517 27 22 of
315 3525 14 14 a
336 3516 132 29 population
481 3515 126 27 increasing
617 3515 9 22 b

51 3544 71 23 births
133 3545 45 22 and
191 3544 153 28 immigration
350 3552 5 19 ;
374 3543 31 22 all
420 3543 38 22 the
474 3542 136 26 advantages
623 3545 3 18 t

51 3571 74 22 which
134 3572 101 22 facilities
245 3572 27 21 of
282 3574 115 25 transport
404 3569 45 23 and
456 3569 170 22 communicatio

53 3605 37 15 are
101 3598 103 23 essential
212 3607 5 19 ;
234 3598 112 26 certainty
360 3598 26 22 of
396 3597 76 27 limits,
490 3595 46 22 and
550 3595 76 22 securit

54 3625 26 21 of
91 3625 49 22 title
150 3629 22 18 to
181 3628 106 25 property
296 3625 24 22 in
331 3620 58 27 land
395 3632 6 19 ;
416 3624 38 22 the
465 3625 99 25 greatest
576 3621 50 22 facili

52 3652 42 21 ties
103 3659 30 14 on
143 3652 117 28 acquiring
269 3652 38 21 the
319 3652 42 21 due
371 3651 104 28 quantity
482 3657 6 20 ;
503 3650 38 21 the
552 3651 74 25 greatei

53 3682 189 24 encouragement
256 3682 23 19 to
288 3678 152 28 immigration
451 3677 47 22 and
507 3676 119 23 settlement

53 3705 45 22 and
112 3705 39 22 the
166 3709 58 18 most
237 3706 65 27 rapid
317 3712 103 21 progress
435 3704 26 22 of
476 3704 38 21 the
529 3703 79 28 people
622 3703 4 21 i

52 3732 102 22 material
165 3732 95 22 comfort
269 3732 46 22 and
324 3732 69 22 social

79 3764 48 23 The
138 3764 64 22 Land
213 3765 70 22 Office
300 3765 35 22 for
352 3765 62 22 Sales
431 3764 46 22 and
492 3763 117 23 Transfers
625 3762 2 33 j

52 3798 51 15 now
113 3798 58 21 open
183 3795 23 18 at
218 3791 56 23 Port
289 3791 133 28 Nicholson,
440 3791 46 22 and
501 3791 39 21 the
556 3790 55 22 land
625 3789 2 22 i

51 3818 50 22 sold
108 3818 23 22 in
140 3819 95 21 sections
241 3818 27 22 of
278 3820 41 20 100
327 3826 61 14 acres
397 3817 62 28 each,
469 3821 23 18 at
498 3817 31 23 £1
538 3824 41 21 per
585 3824 41 14 acre

51 3845 48 21 The
114 3845 125 27 advantage
253 3845 26 21 of
293 3845 137 27 purchasing
444 3844 78 22 before
542 3844 38 22 the
596 3851 30 14 sm

51 3878 56 21 veys
116 3878 37 15 are
162 3871 25 22 in
199 3878 13 14 a
226 3871 134 28 sufficiently
369 3871 97 23 forward
475 3874 58 19 state
545 3873 24 19 to
579 3870 47 22 alloA

21 3899 2 23 I
52 3898 27 22 of
90 3897 129 23 immediate
233 3898 115 27 selection,
363 3898 27 27 is,
406 3898 50 22 that
470 3897 37 23 the
515 3897 95 28 priority
621 3904 5 14 o

52 3925 76 22 choice
147 3925 19 21 is
184 3925 93 22 secured
290 3925 24 22 in
332 3925 37 22 the
390 3925 65 22 order
474 3925 24 21 in
512 3924 73 23 which
605 3924 21 22 th

51 3951 141 27 registration
203 3952 25 21 of
239 3952 38 22 the
287 3951 108 28 purchase
405 3952 20 21 is
434 3951 74 23 made.

80 3979 53 22 Port
142 3979 130 28 Nicholson,
286 3979 64 28 April
360 3980 33 26 14,
405 3979 62 23 1840.
