4260 5920
2474 1827 154 38 Mount
2681 1827 160 46 Benger
2884 1826 116 38 Mail.

2607 1939 63 19 JUST
2689 1939 55 19 AND
2765 1938 67 20 FEAR

2546 2026 119 26 FRIDAY,
2679 2026 102 21 MARCH
2798 2026 32 24 25,
2853 2024 53 23 1898.

2518 2116 70 41 The
2614 2115 207 42 Governor's
2848 2115 95 41 Visit.

2452 2205 61 29 The
2532 2204 98 30 Teviot
2653 2203 109 30 district
2786 2203 49 29 has
2861 2214 95 18 reason
2982 2209 27 23 to

2451 2245 192 37 congratulate
2657 2244 75 28 itself
2745 2253 36 19 on
2796 2244 46 28 the
2865 2244 137 37 reception

2453 2286 84 37 given
2551 2285 42 29 his
2612 2284 166 37 Excellency
2793 2283 47 30 the
2864 2283 143 31 Governor

2455 2328 51 27 last
2520 2325 76 29 week
2609 2336 35 18 on
2660 2325 46 29 the
2719 2324 125 29 occasion
2857 2324 29 28 of
2896 2324 41 29 his
2949 2325 58 28 first

2454 2368 63 28 visit
2530 2370 29 25 to
2572 2366 78 29 these
2664 2370 86 35 parts.
2791 2366 25 27 A
2830 2365 106 29 sincere
2955 2366 53 32 aqd

2454 2407 70 38 loyal
2539 2406 129 29 welcome
2681 2408 22 26 it
2717 2417 64 23 was,
2795 2406 110 35 indeed,
2930 2407 63 27 with-

2453 2451 49 25 out
2515 2446 47 28 the
2582 2446 129 38 slightest
2736 2445 138 38 suspicion
2901 2446 30 28 of
2957 2446 40 29 fill-

2454 2497 124 19 sourness
2602 2497 32 17 or
2658 2486 69 28 false
2753 2486 179 34 enthusiasm,
2953 2487 56 27 and

2454 2528 48 29 the
2536 2526 142 30 honoured
2712 2526 55 28 and
2807 2525 202 39 distinguished

2454 2568 97 30 visitor
2563 2577 56 19 was
2639 2566 172 30 entertained
2838 2566 121 39 suitably
2978 2579 31 17 as

2454 2607 115 31 befitted
2597 2606 47 28 the
2675 2607 136 34 occasion,
2837 2607 73 37 good
2940 2613 71 23 taste

2454 2650 220 29 commensurate
2685 2646 65 29 with
2761 2646 33 28 all
2811 2646 199 40 requirements

2456 2691 84 36 being
2565 2689 47 28 the
2626 2688 193 38 predominant
2833 2697 73 21 note.
2946 2688 28 29 It
2987 2690 23 26 is

2455 2741 16 18 a
2484 2740 65 26 very
2562 2728 127 40 pleasing
2701 2728 70 37 duty
2785 2738 33 17 on
2844 2738 49 19 our
2906 2733 61 33 part
2983 2734 27 23 to

2456 2771 35 30 be
2511 2769 62 30 able
2595 2771 30 27 to
2650 2768 95 30 record
2772 2768 46 29 the
2845 2769 165 39 unqualified

2457 2821 109 19 success
2579 2810 30 29 of
2621 2809 36 28 all
2670 2813 209 34 arrangement
2903 2810 43 29 for
2969 2811 40 28 his

2458 2848 191 40 Excellency's
2672 2850 149 38 reception,
2837 2850 86 28 which
2941 2860 69 19 were

2457 2898 49 24 not
2520 2890 108 31 marred
2642 2890 35 39 by
2693 2901 16 18 a
2736 2890 88 38 single
2848 2891 85 36 hitch,
2945 2892 64 34 Vind

2458 2944 35 19 no
2506 2933 54 28 less
2573 2942 55 18 was
2642 2936 28 24 to
2684 2931 69 28 have
2774 2932 69 28 been
2865 2933 146 37 expected,

2458 2984 30 19 as
2501 2984 50 19 our
2564 2971 148 30 townsfolk
2726 2971 54 28 and
2801 2972 46 28 the
2861 2972 110 36 settler/*
2983 2974 29 27 of

2458 3015 47 30 the
2517 3012 109 31 district
2640 3012 68 29 have
2722 3012 101 38 always
2847 3012 94 29 shown
2964 3013 46 30 the

2458 3054 155 40 hospitable
2624 3054 80 38 spirit
2713 3054 205 28 characteristic
2927 3055 28 27 of
2966 3055 47 28 the

2458 3095 154 41 goldfields.
2661 3094 74 27 'heir
2750 3094 76 29 unity
2852 3094 25 28 in
2900 3095 96 27 accord-

2456 3139 50 36 ing
2515 3136 67 29 with
2595 3135 43 28 his
2650 3135 131 37 Worship
2792 3135 47 27 the
2854 3139 95 33 Mayor
2959 3136 52 27 and

2457 3176 106 31 council
2578 3175 54 29 and
2647 3175 47 28 the
2706 3175 136 33 reception
2856 3174 157 31 committee

2457 3223 28 25 to
2499 3218 35 29 do
2548 3216 36 30 all
2604 3215 107 30 honour
2735 3219 29 26 to
2790 3215 47 30 the
2863 3215 150 40 important

2457 3259 125 29 occasion
2595 3267 56 18 was
2678 3267 37 18 no
2740 3255 53 30 less
2821 3256 124 36 marked,
2958 3257 54 28 and

2457 3310 54 18 was
2522 3302 50 25 not
2585 3299 47 27 the
2647 3297 69 29 least
2729 3295 127 40 pleasing
2870 3297 106 28 feature
2985 3298 28 27 of

2457 3340 42 29 his
2513 3337 192 38 Excellency's
2726 3337 73 28 visit.
2839 3337 52 28 His
2915 3337 82 29 Excel-

2458 3381 79 38 lency
2551 3379 101 36 stated,
2666 3378 65 30 with
2745 3376 113 30 evident
2872 3377 141 39 sincerity,

2458 3423 47 28 the
2518 3420 126 39 pleasure
2668 3420 43 29 his
2732 3418 66 29 visit
2812 3422 28 24 to
2854 3418 157 40 Roxburgh

2458 3463 52 30 had
2525 3461 84 39 given
2623 3460 66 37 him,
2703 3460 54 30 and
2773 3459 47 29 the
2833 3459 106 40 feeling
2959 3470 54 19 was

2458 3503 115 37 heartily
2598 3500 199 40 reciprocated.
2837 3499 73 29 Lord
2938 3501 55 27 Kan-

2458 3545 72 37 furly
2564 3543 141 29 combines
2736 3541 67 29 with
2835 3551 17 17 a
2879 3540 132 39 dignified

2458 3586 114 37 bearing
2600 3594 16 18 a
2647 3589 146 25 courteous
2824 3580 55 30 and
2912 3582 101 28 affable

2458 3636 112 19 manner
2590 3624 61 29 that
2673 3629 102 26 cannot
2800 3621 48 31 fail
2877 3625 28 26 to
2932 3622 80 30 make

2458 3667 56 28 him
2534 3675 65 28 very
2622 3665 117 39 popular
2764 3662 167 41 personally,
2957 3664 54 28 and

2457 3707 42 28 his
2513 3706 98 34 desire,
2625 3706 30 28 of
2679 3707 88 29 which
2793 3705 36 27 he
2854 3702 49 28 has
2928 3704 83 37 given

2457 3746 66 30 such
2538 3749 96 36 patent
2646 3746 139 35 evidence,
2800 3742 30 32 of
2842 3742 170 41 identifying

2458 3787 111 30 himself
2582 3786 65 29 with
2672 3788 48 29 the
2745 3784 98 44 people
2869 3786 88 27 whom
2978 3786 33 28 he

2457 3829 48 29 has
2529 3828 70 29 been
2623 3833 60 24 sent
2708 3833 28 26 to
2762 3834 104 35 govern
2904 3824 35 40 by
2967 3836 29 18 ac-

2457 3869 147 39 quainting
2618 3868 108 30 himself
2739 3869 66 30 with
2829 3866 69 28 their
2927 3873 84 21 wants

2456 3909 53 30 and
2526 3908 172 38 aspirations,
2718 3908 106 33 instead
2847 3906 29 28 of
2900 3907 83 38 being
2996 3919 13 15 a

2458 3961 71 18 mere
2544 3949 97 29 official
2656 3950 168 38 figurehead,
2837 3947 97 27 known
2946 3947 63 39 only

2456 3998 28 21 to
2512 3991 76 28 them
2621 3989 36 39 by
2682 3990 194 39 proclamation
2910 3988 28 27 in
2964 3988 47 28 the

2658 4036 101 25 cannot
2782 4029 46 33 fail
2856 4036 28 21 to
2909 4029 102 28 endear

2456 4073 55 27 him
2528 4078 28 22 to
2569 4072 47 27 the
2629 4072 98 37 people
2748 4074 69 28 from
2845 4070 47 29 the
2920 4070 89 28 North

2457 4112 74 38 Cape
2554 4115 29 24 to
2606 4111 47 28 the
2678 4111 75 30 Bluff
2776 4115 52 27 and
2858 4109 80 30 make
2964 4109 46 30 the

2455 4152 129 28 relations
2611 4151 124 29 between
2761 4149 179 40 vice-royalty
2955 4152 53 27 and

2456 4192 46 29 the
2517 4192 97 39 people
2637 4192 29 29 of
2688 4192 67 29 New
2778 4191 118 33 Zealand
2920 4202 71 17 some-

2456 4234 81 35 thing
2553 4243 73 18 more
2637 4234 88 27 actual
2740 4236 53 26 and
2809 4237 121 27 ex'sient
2945 4233 63 26 than

2456 4273 64 38 they
2535 4275 71 28 have
2619 4283 65 19 ever
2698 4274 68 30 been
2781 4276 103 29 before.

2491 4356 71 28 Lord
2729 4356 23 28 is
2766 4367 15 17 a
2795 4356 70 30 keen
2880 4357 129 28 observer

2452 4395 27 30 in
2499 4396 43 28 Ins
2568 4395 110 34 travels,
2706 4396 63 27 with
2799 4408 15 16 a
2841 4392 165 34 methodical

2454 4447 58 26 way
2546 4436 29 27 of
2607 4435 99 37 taking
2738 4436 129 37 practical
2907 4433 100 31 mental
3017 4433 1 40 j

2454 4480 87 30 notes,
2556 4475 29 29 of
2599 4475 86 27 which
2701 4474 47 28 the
2771 4476 106 29 various
2900 4478 107 28 centres

2454 4515 97 28 visited
2576 4525 45 17 are
2634 4513 152 38 privileged
2814 4521 28 23 to
2867 4517 69 28 have
2962 4513 45 26 'he

2454 4555 111 29 benefit.
2605 4553 52 29 His
2672 4554 119 37 surprise
2812 4558 28 25 to
2866 4555 54 29 find
2950 4551 58 32 that

2456 4593 110 32 Central
2592 4593 90 38 Otago
2708 4603 54 18 was
2788 4595 157 38 pr-Hctieally
2973 4603 33 16 '"

2454 4634 139 30 unknown
2618 4632 65 29 land
2708 4635 108 28 outride
2842 4635 29 28 of
2898 4636 29 32 it,
2953 4631 53 31 and
3017 4627 1 41 !

2454 4676 61 28 that
2530 4675 34 28 he
2578 4673 80 30 could
2671 4673 93 28 obtain
2781 4684 34 17 no
2841 4675 111 28 reliable
2967 4676 39 26 in-
3017 4669 1 37 |

2456 4715 145 31 formation
2623 4723 30 20 as
2666 4717 29 25 to
2709 4714 89 35 roads,
2813 4715 72 28 hotel
2901 4725 105 20 aceom-
3017 4711 1 38 !

2455 4756 150 34 modation,
2619 4760 63 30 etc.,
2705 4765 55 17 was
2786 4756 105 27 natural
2923 4756 85 29 under
3017 4756 1 34 j

2454 4798 47 28 the
2515 4796 221 34 eircnmstances,
2750 4795 52 27 and
2827 4795 21 28 if
2871 4796 46 28 the
2932 4796 73 29 truth
3017 4795 1 36 j

2455 4840 74 27 must
2553 4836 33 28 be
2609 4833 141 31 confessed
2781 4840 47 21 not
2852 4833 148 39 altogether
3017 4833 1 39 i

2456 4876 149 31 creditable
2619 4880 28 24 to
2662 4886 39 18 us.
2741 4875 57 28 The
2810 4882 61 20 tour
2886 4875 119 33 through

2456 4919 46 27 the
2517 4918 90 36 Otago
2634 4915 154 38 goldfields.
2804 4913 85 30 which
2906 4915 32 28 he
2953 4927 53 17 was
3017 4913 1 42 j

2456 4957 134 39 bringing
2604 4960 29 24 to
2646 4967 14 17 a
2675 4954 155 30 conclusion
2858 4955 73 35 here,
2955 4967 51 17 was
3017 4954 1 42 :

2456 5009 50 18 one
2530 4998 35 28 he
2590 4996 85 29 found
2691 4995 86 29 which
2792 4994 87 29 would
2906 5002 100 23 attract

2456 5037 113 31 tourists*
2588 5037 70 29 from
2685 5047 53 27 any
2764 5038 124 35 country,
2904 5035 104 39 having

2456 5078 216 30 characteristics
2691 5081 49 24 not
2753 5079 28 25 to
2842 5076 84 27 found
2939 5077 67 27 else-
3017 5076 1 32 i

2457 5120 89 28 where
2571 5118 27 28 in
2625 5117 68 29 New
2713 5115 127 30 Zealand.
2880 5117 63 27 And
2959 5123 47 31 yet
3017 5115 1 39 i

2455 5171 33 19 on
2505 5160 45 28 the
2565 5169 61 28 map
2652 5157 142 29 furnished
2809 5162 28 22 to
2851 5157 155 38 himpre-
3017 5152 1 46 j

2455 5200 124 37 sumably
2605 5200 46 27 the
2673 5198 61 28 best
2760 5197 84 38 guide
2870 5197 33 27 le
2926 5197 78 27 could

2454 5241 99 28 obtain-
2553 5238 115 30 roads
2699 5248 70 16 were
2802 5237 113 27 marked
2946 5237 59 27 that

2456 5280 50 30 had
2523 5284 48 25 not
2583 5279 71 29 been
2668 5277 67 29 used
2749 5277 42 29 for
2812 5287 65 18 over
2901 5280 103 33 twenty

2453 5332 88 26 years,
2555 5320 54 27 and
2637 5318 66 28 such
2726 5318 151 36 townships
2891 5328 28 16 as
2935 5317 69 27 Uaes

2452 5360 132 30 Junction
2598 5358 54 28 and
2664 5358 153 27 Beaumont
2826 5367 70 18 were
2908 5355 96 29 named
3017 5355 1 37 j

2453 5402 113 27 thereon
2582 5400 37 37 by
2645 5398 71 28 their
2740 5397 110 29 ancient
2877 5398 75 27 titles
2977 5399 29 25 of
3017 5397 1 40 5

2485 5440 131 37 Bastings
2705 5437 54 28 and

2454 5478 138 39 Similarly
2607 5477 66 28 with
2689 5475 99 40 regard
2811 5480 28 25 to
2861 5476 45 28 the
2931 5476 73 29 hotel
3017 5468 1 49 |

2452 5531 31 17 or
2505 5519 85 38 livery
2614 5517 88 29 stable
2728 5515 242 35 accommodation,
2990 5528 12 16 a

2452 5563 99 26 tounst
2564 5559 27 27 in
2605 5557 115 29 London
2734 5557 88 28 would
2835 5557 68 28 have
2915 5567 90 18 nceess

2452 5607 28 22 to
2491 5600 90 28 better
2594 5598 138 29 reference
2745 5608 30 17 as
2786 5605 28 20 to
2830 5597 45 28 the
2891 5597 98 28 circum-

2452 5645 108 24 stances
2583 5638 29 29 of
2637 5637 48 29 the
2710 5645 94 20 centre
2830 5639 29 24 of
2887 5635 114 31 Darkest

2454 5680 94 30 Africa
2563 5679 65 29 than
2640 5678 43 28 his
2697 5677 165 39 Excellency
2877 5678 85 28 found
2978 5677 36 31 in,

2451 5731 50 19 our
2527 5719 73 29 chief
2624 5722 108 25 centres
2759 5717 64 29 with
2851 5717 99 35 regard
2976 5721 29 26 to

2452 5760 113 30 Central
2588 5759 98 37 Otago.
2727 5757 66 33 This
2814 5757 21 30 is
2862 5762 48 24 net
2934 5767 30 23 as
2984 5757 22 29 it
3016 5756 2 40 1

3033 160 19 9 mi
3059 155 17 14 iii
3093 158 6 10 >
3151 155 138 13 ViiuXiiiii'i
3302 157 65 10 imm
3374 155 67 12 iiwnxi
3467 155 1 14 i
3545 155 23 10 rrr
3576 155 10 10 r

3027 184 98 32 shotlld
3139 182 43 37 be,
3198 183 54 30 and
3260 193 40 19 we
3322 183 89 28 would
3426 184 117 35 suggest,
3551 191 30 18 as

3027 237 12 15 a
3053 224 126 39 practical
3194 233 122 19 measure
3326 223 60 27 that,
3395 222 46 28 the
3452 221 129 33 Vincent,

3031 264 160 35 Maniototo,
3206 264 53 28 and
3275 263 76 28 Lake
3367 261 108 38 County
3490 261 73 29 Coun-

3027 307 50 29 cils
3094 306 71 35 (wlio
3180 305 90 39 might
3292 303 52 29 call
3370 303 28 28 in
3426 303 46 28 the
3485 302 82 29 assist-

3028 357 67 19 ance
3109 347 28 27 of
3151 346 45 28 the
3209 346 109 27 various
3329 343 148 39 municipal
3490 343 93 28 bodies

3029 386 160 37 interested)
3213 385 96 29 should
3337 385 114 38 appoint
3475 394 16 18 a
3513 383 71 39 joint

3029 427 157 31 committee
3200 431 27 25 to
3241 427 59 29 deal
3318 426 63 28 with
3399 425 45 28 the
3464 424 117 39 subject,

3031 469 60 28 who
3106 468 87 28 would
3210 469 33 26 be
3267 466 169 38 empowered
3459 470 28 24 to
3512 465 72 28 issue

3030 508 128 37 annually
3173 518 16 17 a
3208 508 84 37 guide
3318 515 26 20 to
3368 505 111 30 Central
3495 504 89 40 Otago

3031 549 52 28 Arid
3096 552 28 24 to
3133 549 47 28 the
3192 548 132 28 beautiful
3342 547 136 27 Southern
3497 545 87 29 Lakes

3031 589 130 30 districts.
3212 590 75 27 Such
3313 588 157 28 committee
3495 585 88 30 would

3033 629 55 29 iind
3099 630 36 28 its
3146 628 140 30 functions
3295 628 124 38 develop,
3430 627 55 28 and
3496 626 86 38 might

3033 672 111 27 become
3158 670 46 29 the
3218 670 112 29 nucleus
3344 669 29 29 of
3393 680 32 18 an
3441 667 142 31 amenities

3032 712 113 36 society,
3158 711 84 28 which
3260 710 87 29 would
3374 710 63 28 take
3461 717 73 30 steps
3555 715 28 23 to

3033 752 122 38 improve
3169 752 53 27 and
3239 752 79 27 make
3340 752 46 26 the
3413 757 70 21 most
3496 750 29 28 of
3539 750 45 26 the

3034 802 138 18 resources
3182 792 87 28 which
3280 799 95 20 nature
3386 791 47 28 has
3443 790 140 38 provided.

3034 832 52 29 We
3113 832 142 29 commend
3283 832 46 29 the
3356 831 160 34 sutrjrestiou
3543 831 43 28 for

3034 874 70 26 what
3118 874 22 27 it
3153 873 22 28 is
3189 873 97 34 worth,
3309 873 54 28 and
3386 873 131 36 certainly
3539 872 45 27 the

3035 913 95 29 bodies
3137 913 118 29 referred
3268 919 26 23 to
3307 913 51 28 will
3372 913 33 28 be
3417 910 168 42 responsible

3036 955 19 27 if
3076 955 65 37 they
3154 954 98 39 longer
3264 954 111 38 neglect
3387 964 33 16 an
3436 953 150 38 important

3034 1002 73 21 asset
3130 995 72 28 after
3227 995 47 28 the
3306 1005 112 18 manner
3444 994 27 27 in
3499 993 85 28 which

3035 1035 93 38 public
3141 1035 135 28 attention
3291 1035 48 26 lias
3354 1035 69 27 been
3448 1034 93 27 drawn
3560 1035 26 26 id

3035 1077 46 28 the
3095 1079 73 25 want
3182 1075 29 28 of
3224 1075 111 29 reliable
3354 1074 177 29 information
3556 1085 30 18 as

3036 1122 26 22 to
3079 1115 108 30 Contra]
3204 1115 98 33 OtHgo.

3073 1198 58 28 The
3153 1197 128 38 pressing
3313 1200 74 25 want
3417 1197 30 27 of
3479 1197 107 37 railway

3036 1237 228 32 communication
3276 1248 54 20 was
3335 1247 15 20 a
3361 1237 56 31 f#cS
3426 1237 59 31 that
3495 1238 91 29 forced

3037 1281 75 26 itself
3126 1289 72 27 upon
3223 1279 41 26 his
3286 1279 189 37 Excellency's
3498 1285 75 21 atten-

3038 1319 55 28 tion
3107 1322 30 25 at
3151 1317 94 38 Clyde,
3265 1317 234 35 Alexandra,.aud
3516 1319 54 27 Rox-

3039 1359 100 32 burgh,
3153 1370 29 17 as
3196 1359 22 27 it
3233 1364 72 22 must
3318 1358 149 29 inevitab.lv
3494 1359 34 28 do
3554 1369 33 16 on

3040 1399 46 28 the
3099 1398 136 29 attention
3261 1399 29 27 of
3315 1408 106 26 anyone
3434 1397 115 40 looking
3562 1403 29 23 at

3040 1439 45 27 the
3100 1442 112 34 present
3233 1438 175 37 possibilities
3421 1440 66 27 .ami
3499 1439 92 28 future

3040 1485 140 32 prospscts
3213 1479 28 29 of
3273 1479 47 28 the
3351 1479 116 29 district.
3519 1479 70 28 Lord

3040 1519 135 39 Ranlurly
3189 1529 56 19 was
3253 1521 146 38 agreeably
3412 1521 138 38 surprised
3565 1526 27 22 to

3039 1561 61 29 find
3112 1562 46 26 the
3173 1561 68 26 fruit
3250 1561 126 36 industry
3386 1561 157 29 so>foi'ward
3563 1571 30 18 as

3039 1600 21 27 it
3085 1600 23 27 is
3141 1600 65 28 with
3240 1599 47 29 the
3316 1600 162 31 drawbacks
3509 1611 30 18 as
3566 1604 27 24 to

3039 1641 157 37 freightage
3210 1641 89 28 which
3325 1642 88 35 exist.;
3441 1643 51 27 but
3517 1652 29 16 as
3560 1642 34 27 he

3040 1681 111 38 frankly
3165 1681 99 35 stated,
3279 1681 110 40 railway
3410 1681 166 31 communica-

3039 1721 56 28 tion
3110 1722 24 27 is
3149 1722 150 37 inevitably
3315 1723 92 27 bound
3421 1733 35 28 up
3471 1723 65 27 with
3549 1723 45 27 the

3041 1762 154 38 prosperity
3209 1761 53 28 and
3274 1762 192 40 development
3476 1763 29 27 of
3518 1763 77 28 these

3039 1802 131 31 districts.
3212 1802 144 39 Speaking
3377 1809 29 23 at
3427 1804 166 35 Alexandra,

3039 1843 72 33 his'
3111 1843 164 33 Excellency
3300 1846 58 26 said
3507 1846 50 26 had
3580 1857 16 15 a.

3039 1882 228 39 neighbourhood
3294 1884 114 38 entirely
3437 1885 157 27 favourable

3040 1927 27 23 to
3092 1923 46 28 the
3161 1923 194 39 fruitgrowing
3380 1925 136 37 industry,
3540 1924 53 28 and

3039 1964 114 40 capable
3167 1964 29 30 of
3210 1964 75 38 large
3312 1966 211 40 development;
3547 1967 48 28 but

3040 2006 21 27 it
3075 2006 109 29 seemed
3200 2010 30 24 to
3241 2006 55 28 him
3313 2008 100 28 useless
3439 2008 88 28 under
3549 2009 46 26 the

3041 2049 113 35 present
3167 2046 212 30 circumstances
3393 2054 27 22 to
3434 2048 79 39 plant
3524 2053 70 23 trees

3041 2087 115 29 without
3180 2098 75 18 some
3280 2100 144 17 assurance
3451 2090 59 28 that
3531 2090 63 37 they

3039 2128 79 28 could
3134 2134 48 31 get
3197 2128 72 28 their
3282 2128 68 28 fruit
3370 2133 28 24 to
3419 2130 106 28 market
3540 2130 25 27 in
3581 2142 15 14 a

3041 2168 159 29 reasonable,
3225 2168 74 29 time.
3340 2169 114 39 Having
3473 2175 29 25 to
3528 2170 68 30 send

3039 2210 145 28 fruit.over
3185 2210 110 34 well,
3310 2216 49 22 not
3372 2222 15 16 a
3402 2211 105 37 bicycle
3518 2212 78 27 track

3038 2257 66 20 to
3129 2248 127 31 Dunedin
3286 2250 87 29 would
3401 2256 48 23 not
3475 2253 34 27 be
3532 2263 48 17 con-

3038 2290 99 29 ducive
3151 2295 28 23 to
3194 2290 35 27 its
3245 2290 123 37 arriving
3381 2291 26 28 in
3433 2293 72 37 good
3532 2303 49 18 con-

3038 2330 120 29 dition/'
3198 2330 52 28 His
3269 2331 165 40 Excellency
3458 2333 86 38 spoke
3569 2333 27 29 in

3038 2373 99 27 almost
3150 2371 104 28 similar
3271 2377 85 24 terms
3378 2377 29 24 at
3433 2373 164 33 Roxburgh,

3038 2413 55 27 and
3107 2423 54 15 was
3175 2413 142 36 emphatic
3330 2423 35 17 on
3394 2414 47 27 the
3461 2415 135 36 necessity

3038 2452 29 29 of
3081 2451 110 37 railway
3207 2452 190 29 construction
3420 2452 23 29 if
3469 2453 47 30 the
3542 2453 42 30 dis-

3039 2492 65 28 trict
3126 2492 23 27 is
3171 2497 28 22 to
3223 2491 69 29 have
3318 2503 54 27 any
3399 2493 102 29 future.
3541 2493 56 29 The

3038 2532 159 29 contention
3213 2532 21 28 is
3260 2533 218 36 unanswerable,
3500 2534 53 29 and
3577 2535 20 28 it

3039 2583 87 18 seems
3140 2574 101 27 almost
3257 2573 103 29 useless
3376 2579 27 22 to
3417 2574 80 29 insist
3509 2586 34 17 on
3558 2576 39 34 it;

3040 2613 49 27 but
3103 2613 187 28 nevertheless
3305 2624 41 17 we
3371 2614 72 38 hope
3468 2615 60 27 that
3552 2615 45 28 the

3039 2653 168 39 publication
3222 2654 30 29 of
3264 2654 197 30 authoritative
3485 2656 109 37 opinion

3039 2695 67 28 such
3120 2704 29 18 as
3164 2694 74 29 Lord
3256 2695 159 36 Kanfurly's
3428 2696 53 27 will
3497 2697 68 27 have
3582 2708 15 16 a

3039 2733 174 40 stimulating
3248 2735 83 28 effect
3356 2744 35 19 on
3419 2735 47 28 the
3492 2746 105 28 powers

3039 2775 61 29 that
3114 2776 42 29 be.

3066 2861 44 23 The
3120 2861 86 22 orchard
3218 2861 98 28 formerly
3334 2863 69 21 owned
3415 2862 25 27 by
3450 2862 43 21 Mrs
3502 2862 33 22 Ah
3544 2862 54 22 K>m

3041 2898 37 21 has
3088 2898 51 21 been
3156 2898 113 26 purchased
3283 2898 27 27 by
3320 2898 33 22 Mr
3364 2898 23 23 J.
3397 2898 29 23 H.
3438 2898 90 27 Waigth.
3555 2898 43 22 The

3041 2935 55 25 price
3105 2934 95 26 reported
3210 2941 17 18 |h
3236 2934 59 21 230.
3366 2934 2 26 .
3382 2948 5 6 ,
3533 2934 4 26 ,

3069 2980 50 21 You
3130 2979 52 22 hare
3192 2981 70 20 ruined
3271 2987 52 20 your
3333 2981 134 21 constitution
3478 2980 121 27 sufficiently

3044 3015 28 28 by
3085 3016 96 25 drinking
3196 3016 82 21 inferior
3293 3017 41 22 ten.
3361 3016 85 23 Recruit
3462 3016 26 26 by
3504 3016 96 26 drinking

3043 3052 50 26 only
3103 3052 65 21 Kozie
3178 3054 40 19 tea.
3246 3052 21 20 It
3276 3051 16 22 i
3298 3059 52 20 pure
3354 3052 40 21 and
3402 3052 183 21 reliable.,4dvt.

3073 3091 43 20 The
3128 3091 52 21 Rev.
3191 3091 23 22 J.
3230 3091 27 21 FT.
3274 3089 82 29 Hooker
3365 3091 95 26 preaches
3470 3091 31 21 his
3510 3091 89 21 farewell

3048 3131 80 14 sermon
3140 3126 21 19 in
3172 3124 35 21 the
3221 3124 111 26 Roxburgh
3353 3124 106 28 Werleyan
3478 3125 82 20 Church
3575 3131 23 14 on

3048 3157 84 26 Sunday
3144 3159 95 24 evrninp,
3250 3165 21 13 as
3281 3157 26 21 he
3317 3158 65 20 leaves
3391 3158 41 20 this
3438 3158 80 20 district
3528 3158 72 25 durisg

3046 3190 36 21 the
3092 3190 104 27 following
3207 3191 64 22 week.

3069 3234 25 21 In
3112 3234 87 21 another
3211 3234 82 21 column
3303 3235 33 20 Mr
3344 3235 22 21 J.
3377 3235 21 22 J.
3408 3234 73 22 Harris
3495 3235 105 20 intimites

3049 3267 48 21 that
3106 3275 80 19 anyone
3199 3268 89 27 desiring
3297 3269 21 20 to
3333 3268 52 21 have
3399 3269 78 24 parcels
3493 3268 70 22 carted
3579 3271 21 18 to

3048 3302 110 22 Lawrence
3165 3310 46 17 may
3220 3304 56 20 leave
3284 3310 56 15 same
3347 3304 39 25 (for
3392 3303 166 27 convenience)at
3565 3304 35 21 the

3045 3339 41 20 Mt.
3096 3338 80 27 Benger
3185 3338 51 21 Mail
3244 3339 70 21 Office.

3074 3378 44 21 The
3128 3378 52 22 Rev.
3190 3378 36 23 W.
3237 3379 29 22 H.
3277 3379 92 25 Erowne,
3380 3379 97 27 formerly
3492 3380 71 21 curate
3576 3380 23 20 at

3045 3412 34 21 St.
3093 3412 70 26 Pauls,
3173 3412 106 26 Dunedin,
3288 3412 36 21 has
3333 3412 51 22 been
3392 3413 112 26 appointed
3522 3415 22 19 to
3558 3413 42 21 this

3043 3446 81 28 parish,
3134 3446 44 21 and
3187 3446 59 21 holds
3255 3446 33 22 his
3295 3447 44 22 first
3346 3448 74 20 service
3428 3448 22 21 at
3457 3447 36 24 the
3500 3447 99 27 Anglican

3044 3481 98 28 Church,
3154 3481 122 27 Roxburgh,
3285 3488 25 15 on
3321 3481 82 28 Sunday
3418 3483 51 21 next
3484 3483 116 26 (preaching

3043 3516 95 26 morning
3149 3516 40 21 and
3202 3516 93 26 evening.

3071 3555 19 21 A
3115 3554 92 28 meeting
3229 3554 23 23 of
3277 3554 37 23 the
3344 3554 123 23 Governor's
3488 3554 112 26 Reception

3043 3587 130 22 Committee
3197 3595 40 14 whs
3260 3587 47 22 held
3326 3590 23 19 at
3370 3589 36 20 the
3428 3589 124 20 Athemeum
3575 3595 24 14 on

3044 3623 77 27 Friday
3133 3624 97 27 evening,
3241 3624 31 21 his
3283 3623 95 28 Worship
3387 3624 37 22 the
3438 3624 73 26 Mayor
3524 3624 66 26 presid-

3043 3659 43 26 ing.
3118 3659 84 21 Several
3212 3660 97 20 accounts
3318 3666 52 15 were
3380 3659 70 27 passed
3457 3659 31 21 for
3495 3660 104 26 payment,

3042 3694 41 22 and
3095 3702 12 14 a
3119 3695 76 26 special
3206 3699 47 17 vole
3263 3695 22 21 of
3299 3695 76 21 thanks
3389 3702 40 14 was
3446 3697 72 24 passed
3535 3697 22 19 to
3568 3695 32 21 Mr

3045 3729 80 21 Burton
3140 3730 33 21 for
3182 3730 33 21 his
3225 3730 42 21 zeal
3279 3730 40 21 and
3328 3737 73 19 energy
3410 3730 21 21 in
3441 3730 36 21 the
3486 3731 82 24 matter,
3579 3732 21 19 to

3042 3765 32 21 Mr
3100 3765 71 28 Reilly
3188 3765 32 22 for
3236 3765 31 22 his
3281 3765 108 22 assistance
3407 3765 51 22 with
3475 3765 36 22 the
3531 3765 68 22 school

3041 3800 105 26 children,
3158 3800 41 21 and
3209 3803 23 17 to
3243 3800 36 21 the
3297 3800 101 22 members
3406 3800 22 21 of
3437 3800 36 22 the
3482 3800 116 21 decoration

3040 3833 122 22 committee
3173 3833 31 22 for
3215 3833 54 23 thtir
3279 3841 47 20 very
3337 3834 94 22 effective
3441 3834 63 22 work.

3068 3876 32 20 Ou
3116 3876 88 26 Monday
3215 3883 11 14 n
3237 3882 48 22 very
3302 3878 70 25 strong
3386 3876 104 26 northerly
3501 3876 43 25 gale
3555 3883 43 14 was

3041 3911 138 27 experienced
3190 3912 20 20 in
3225 3911 119 28 Roxburgh,
3356 3911 36 22 the
3406 3912 40 21 like
3456 3912 21 21 of
3487 3912 65 21 which
3563 3913 35 19 bus

3040 3948 37 17 not
3089 3945 51 20 been
3150 3945 38 20 felt
3204 3946 49 19 here
3272 3945 31 20 for
3322 3953 55 12 some
3396 3946 57 20 tiui*.
3483 3946 42 19 The
3535 3946 61 21 ..wind

3040 3978 36 22 did
3090 3986 11 13 a
3112 3978 54 26 large
3177 3980 87 20 amount
3276 3978 21 22 of
3300 3977 90 28 .damage
3402 3981 22 18 to
3430 3979 35 20 the
3473 3982 60 18 trees,
3542 3986 54 14 more

3041 4014 109 26 especially
3164 4018 21 16 at
3196 4014 50 21 Coal
3257 4014 70 25 Creek,
3338 4020 56 14 some
3413 4014 23 20 of
3453 4014 36 20 the
3508 4017 52 17 trees
3575 4014 21 20 in

3040 4052 53 19 most
3106 4050 22 21 of
3138 4049 36 22 the
3192 4048 96 23 Oichaids
3307 4050 59 25 being
3384 4050 74 20 broken
3478 4050 59 20 down
3555 4050 40 20 and

3041 4083 119 25 destroyed.
3189 4082 145 22 Considerable
3344 4083 63 20 havoc
3417 4090 40 12 was
3464 4083 41 19 also
3512 4082 52 20 done
3575 4085 21 17 to

3039 4117 36 21 the
3084 4117 42 21 late
3139 4117 63 27 peach
3213 4124 56 19 crop,
3282 4116 34 22 the
3326 4117 52 21 fiutt
3393 4116 59 27 being
3460 4116 86 26 shaken,
3555 4116 40 21 and

3039 4159 55 14 some
3107 4159 88 19 growers
3206 4153 42 20 will
3259 4153 24 20 be
3293 4153 64 25 heavy
3368 4153 63 20 losers
3441 4153 92 25 thereby.

3065 4194 38 21 We
3116 4201 34 14 are
3173 4194 106 22 informed
3298 4195 47 20 that
3360 4195 35 20 the
3411 4194 62 22 ladies
3488 4194 45 22 who
3542 4193 50 22 have

3039 4229 62 20 taken
3114 4229 19 20 iu
3145 4229 56 20 band
3212 4230 36 20 the
3260 4230 71 20 bazaar
3352 4229 19 22 in
3390 4229 34 22 aid
3444 4231 22 19 <>f
3484 4229 35 21 the
3536 4230 58 19 Brass

3039 4264 57 21 Bund
3109 4263 71 27 fundi:,
3192 4264 68 21 which
3271 4272 66 13 comes
3347 4265 30 21 off
3381 4272 12 14 a
3403 4264 71 26 couple
3484 4265 21 20 of
3514 4264 80 21 months

3041 4300 71 25 hence,
3128 4306 34 13 are
3185 4301 84 26 making
3288 4308 48 15 very
3354 4300 127 25 wtii-faotoiy
3496 4306 98 22 progress.

3038 4337 80 23 Sewing
3131 4335 45 20 l>ees
3187 4342 35 14 are
3236 4334 47 23 held
3295 4336 86 26 weekly,
3395 4337 39 19 and
3450 4344 10 12 a
3476 4336 38 20 Sue
3522 4337 61 19 assort-

3039 4372 56 19 ment
3113 4369 22 21 of
3166 4370 68 20 useful
3257 4377 10 14 a
3270 4371 27 21 I'd
3321 4370 124 23 ornamental
3464 4370 80 21 articles
3560 4376 34 13 are

3037 4404 160 27 accumulating,
3227 4407 17 19 A
3262 4406 35 21 fail
3309 4408 85 19 amount
3408 4405 35 21 has
3453 4405 80 25 aheady
3543 4403 49 23 been

3037 4440 86 21 realised
3139 4438 27 27 by
3177 4439 114 26 voluntary
3300 4446 24 15 su
3327 4438 4 28 I
3335 4440 66 22 -script
3404 4440 40 26 ion,
3455 4446 22 14 so
3495 4440 46 19 that
3558 4438 36 22 the

3037 4472 118 22 committee
3173 4472 22 22 of
3223 4473 63 21 ladies
3303 4480 34 14 *.re
3356 4479 47 20 very
3424 4471 81 27 hopeful
3519 4472 22 22 of
3559 4473 34 21 the

3037 4515 79 13 success
3126 4508 21 20 of
3158 4508 35 20 the
3205 4507 143 26 undertaking.

3062 4553 33 20 Mr
3104 4553 26 22 11.
3143 4553 22 23 S.
3178 4553 117 26 M'Kenzie,
3307 4553 33 21 the
3351 4553 72 29 special
3434 4553 156 27 representative

3037 4591 21 21 of
3068 4591 35 21 the
3115 4592 96 21 Citizem.'
3223 4593 44 20 Life
3280 4594 110 20 Atumraucc
3401 4593 35 21 Co.
3447 4593 35 19 h.is
3499 4593 49 20 been
3568 4593 18 20 io

3037 4626 35 21 the
3086 4626 82 22 district
3191 4627 69 26 lately,
3277 4627 40 21 aud
3333 4627 35 21 has
3382 4627 110 26 appointed
3508 4627 32 21 Mr
3555 4627 27 23 D.

3040 4660 110 23 Buchanan
3169 4660 50 23 local
3230 4664 61 24 agent
3300 4662 31 20 for
3341 4662 34 21 the
3384 4668 106 21 company.
3520 4663 67 20 While

3036 4696 20 21 in
3074 4696 35 20 the
3127 4695 81 23 district
3226 4697 32 21 Mr
3277 4697 106 21 Xl'Keizie
3402 4697 42 27 has,
3457 4704 28 14 we
3503 4697 86 26 believe,

3039 4733 61 21 taken
3120 4742 10 12 a
3150 4732 70 22 record
3241 4733 85 21 number
3344 4734 20 20 cif
3383 4732 54 24 liv?.
3469 4733 37 21 His
3522 4734 67 24 genul

3041 4774 82 15 manner
3136 4770 39 19 aid
3186 4769 51 26 good
3248 4769 90 20 business
3354 4770 81 19 address
3449 4769 140 25 undoubtedly

3039 4806 69 16 assists
3127 4801 49 27 him,
3188 4802 37 20 bui
3241 4802 26 20 be
3281 4803 43 20 also
3338 4801 36 23 Las
3390 4802 35 22 Lite
3442 4803 112 26 advantage
3569 4803 21 19 of

3039 4837 66 26 acting
3125 4837 31 21 for
3174 4845 11 13 a
3204 4845 99 19 company
3320 4838 63 21 which
3410 4846 85 18 appears
3519 4841 22 18 to
3566 4838 23 21 be

3041 4872 97 25 managed
3157 4878 24 14 on
3194 4877 24 15 nn
3227 4872 50 20 iliru
3288 4870 49 22 lium
3347 4871 40 21 and
3397 4875 21 17 l.u
3428 4871 23 21 be
3462 4872 128 20 constructed

3041 4911 24 14 on
3076 4906 65 19 sound
3249 4904 115 26 principle*.

3067 4951 27 19 At
3117 4958 12 12 a
3156 4951 119 21 summoned
3300 4951 87 21 ropetiiiir
3417 4951 21 21 of
3470 4951 35 20 the
3530 4951 59 22 Loyal

3042 4984 111 26 Roxburgh
3178 4984 77 27 Loilg,
3277 4984 22 22 M
3308 4984 139 24 U.1.0.0.F.,
3475 4985 47 20 h<.ld
3551 4985 39 20 i;.st

3043 5019 64 26 weik,
3132 5020 46 20 I'to.
3205 5019 32 22 \Y.
3262 5019 19 20 M
3285 5019 65 26 alone,
3374 5021 58 23 r'.d'.,
3457 5026 40 13 was
3515 5019 75 21 elected

3041 5057 122 24 pei-milrflit
3180 5057 101 23 secretary
3292 5061 43 13 vice
3403 5055 24 20 C
3438 5054 26 22 R.
3482 5053 108 21 M'Kenzie

3039 5088 119 27 liesigutd:.
3187 5090 46 19 Bio.
3246 5090 97 25 Andrew,
3351 5089 24 26 P.
3375 5089 36 26 0.,
3421 5088 63 27 spoke
3491 5088 20 21 in
3517 5088 73 28 eulogy

3039 5123 23 19 of
3078 5123 35 20 the
3134 5129 83 14 n.aimer
3232 5123 19 19 iu
3272 5122 64 20 *Jjicli
3357 5123 31 19 l'.i-
3399 5122 3 22 .
3425 5123 108 21 .*j'Kenzie
3552 5123 38 21 had

3041 5159 78 20 caiiifil
3130 5165 34 14 out
3176 5159 31 20 ha*
3218 5159 68 20 duties
3305 5161 31 18 tor
3353 5160 34 18 the
3407 5163 45 22 past
3465 5161 41 19 two
3524 5165 65 20 years,

3039 5191 39 21 and
3089 5199 12 12 u
3112 5191 71 26 hearty
3193 5196 45 16 vote
3247 5192 20 20 of
3279 5191 75 22 thanks
3364 5198 38 14 was
3411 5191 96 22 accorded
3517 5198 22 14 to
3549 5193 41 20 him

3037 5226 34 21 for
3085 5227 31 20 bis
3135 5231 45 21 past
3194 5235 27 13 sei
3227 5229 60 19 vices.
3323 5228 57 20 Bros.
3399 5227 25 20 D.
3444 5227 92 27 O'Leary
3550 5228 40 20 aud

3039 5261 88 24 Malone,
3148 5261 79 27 P.G.'s,
3246 5269 53 13 were
3315 5261 111 27 appointed
3444 5262 103 25 delegates
3569 5267 21 16 to

3036 5301 109 21 represent
3161 5297 35 21 the
3213 5299 57 25 lodge
3290 5303 21 15 at
3329 5297 91 27 Tcpmiui
3439 5305 25 13 on
3488 5298 34 22 the
3541 5299 48 20 l'Jth

3035 5331 47 22 inst.
3095 5336 22 15 at
3128 5333 36 19 the
3174 5332 121 25 half-yearly
3308 5338 94 15 iriecitnir.

3061 5378 32 21 Mr
3115 5379 23 21 T.
3164 5379 81 28 Brown,
3274 5379 96 26 formerly
3394 5385 94 22 manager
3509 5380 22 20 of
3555 5380 34 20 the

3035 5412 95 20 Pleasant
3145 5412 70 27 Valley
3227 5415 45 18 Co..
3293 5413 38 21 left
3350 5412 106 27 yesleiday
3475 5414 32 19 for
3524 5413 65 21 Mace*

3034 5449 62 19 towu,
3121 5444 66 20 where
3210 5443 25 22 he
3260 5445 81 20 inteuds
3359 5445 59 28 going
3444 5446 20 19 in
3484 5445 31 20 for
3535 5452 54 14 some

3035 5476 113 25 important
3168 5478 77 26 mining
3256 5481 127 19 Venturis.
3388 5478 34 22 Mr
3430 5478 22 23 J.
3464 5479 68 26 Drew,
3545 5479 44 21 who

3035 5518 40 14 was
3088 5512 48 21 with
3148 5513 35 21 the
3197 5513 112 28 Roxburgh
3329 5514 153 27 Awa'gauii.ted
3496 5515 44 22 Co.,
3552 5515 37 21 left

3035 5547 47 20 heie
3093 5554 26 13 on
3131 5547 88 27 Monday
3232 5548 31 21 for
3269 5546 109 29 Paiapara*
3385 5556 49 14 near
3440 5549 147 27 Collingwood,

3035 5582 66 21 where
3112 5582 24 21 he
3155 5583 35 20 has
3211 5584 90 21 received
3320 5593 24 13 uu
3363 5584 144 27 appoiutlneut
3522 5585 65 22 under

3037 5617 30 19 Mr
3082 5618 79 24 Peters,
3180 5621 33 17 the
3234 5620 41 19 late
3402 5619 20 21 of
3444 5620 35 20 the

3035 5652 67 21 mated
3112 5654 36 20 Co.
3178 5653 22 22 In
3221 5652 32 23 Mr
3274 5653 59 24 X>r:w
3353 5654 34 22 the
3408 5654 111 28 Roxburgh
3530 5654 59 23 Brass

3037 5689 56 20 band
3117 5689 26 20 lei
3150 5696 21 13 so
3197 5698 37 12 one
3261 5690 20 21 ui
3305 5690 54 21 their
3391 5694 52 17 Joust
3475 5694 114 22 prominent

3035 5723 108 28 numbers,
3168 5723 26 23 he
3219 5725 38 22 hav
3268 5733 24 18 i.g
3317 5725 53 21 filled
3396 5727 36 19 tne
3456 5724 86 27 (.osi.iou
3569 5725 20 21 of

3035 5762 106 22 secit-taiy
3154 5758 27 21 fei
3195 5765 56 16 tome
3259 5759 138 22 considerable
3408 5759 55 20 lime.

3637 180 81 21 Entries
3730 179 76 26 (which
3824 185 47 20 may
3886 179 24 19 be
3924 177 60 21 made
3994 177 51 21 with
4055 176 34 21 Mr
4101 176 23 21 I).
4137 176 32 21 A.-

3612 214 121 24 Buchanan)
3742 214 54 20 c'ose
3811 214 32 19 for
3852 213 36 20 the
3905 212 65 26 Clyde
3984 212 70 20 Easter
4064 216 68 21 sport*
4140 214 29 17 otf

3612 249 109 26 Saturday,
3731 247 41 23 2nd
3781 248 66 27 April,
3859 251 22 19 at
3890 246 72 27 Clyde.
3989 247 38 21 See
4036 245 56 23 advt.

3638 299 28 21 At
3676 299 121 21 the-annual
3808 303 91 17 meeuns:
3913 296 22 22 of
3953 297 36 21 the
4006 296 51 22 New
4075 294 91 24 Zealand
4167 294 1 26 1

3612 333 52 22 Rifle
3675 332 136 27 Association,
3822 332 47 21 held
3880 334 21 19 at
3911 332 89 19 OaiJK.ru
4017 338 27 14 on
4064 331 35 21 the
4118 328 48 24 17th

3613 369 58 25 inst,
3685 367 48 23 Miss
3742 368 77 26 Spiers,
3829 367 21 21 of
3862 367 119 26 Roxburgh,
3993 374 42 13 won
4043 366 35 21 the
4089 366 76 21 Lodies'

3612 402 162 29 Championship
3782 403 80 22 against
3875 402 92 21 fourtoen
3986 402 77 26 other*,
4076 401 82 27 putting

3612 445 29 21 up
3650 447 12 13 a
3673 446 55 13 wre
3737 438 23 21 of
3768 439 26 21 33
3806 445 36 14 out
3858 438 22 21 of
3896 445 12 14 a
3927 438 85 27 possible
4022 438 31 27 35,

3614 474 38 20 five
3662 473 54 21 bulls
3726 473 39 20 and
3777 475 40 17 two
3828 473 75 20 inners.
3931 472 49 20 Miss
3988 473 74 25 Spiers,
4074 478 46 19 s::ys
4130 471 37 20 the

3614 507 14 11 w
3637 508 59 26 Daily
3825 508 58 20 made
3902 507 100 21 excellent
4015 507 101 25 shooting,
4127 506 40 21 aud

3614 543 36 20 her
3659 549 56 13 seor*
3804 543 37 22 put
3852 548 59 19 many
3923 548 44 13 ;neu
3985 546 21 14 lo
4022 541 76 20 shame.
4127 540 38 19 Wa

3614 574 141 28 congratulate
3773 576 46 19 Miss
3840 575 69 26 Spiers
3918 581 26 14 <>n
3955 574 35 21 hrr
4001 574 100 21 oxco'lent
4111 579 56 14 scom

3614 611 41 20 and
3668 609 33 23 the
3711 610 79 21 honour
3800 610 35 20 she
3845 611 37 19 ht.s
3891 609 96 21 achieved
4000 609 32 20 for
4047 607 118 27 Roxburgh.

3621 646 7 15 v
3629 645 19 21 'r
3658 645 22 22 C.
3694 645 84 27 Krooks,
3789 645 21 21 of
3820 645 182 27 Lawrence,-canio
4015 644 73 21 sceoud
4098 644 21 21 iu
4131 642 34 23 tho

3614 682 91 26 Nursery
3718 680 104 28 Haudicap
3831 685 23 17 at
3864 682 35 19 the
3908 687 55 14 same
3972 680 96 26 meeting.

3638 730 43 20 The
3692 730 159 20 entertainment
3862 729 20 21 in
3892 729 33 20 aid
3941 728 21 21 of
3979 727 34 22 the
4025 727 50 22 Joe'..
4094 734 8 16 ;
4114 726 53 22 Club

3614 766 50 19 next
3673 764 75 26 Friday
3758 765 85 25 evening
3854 763 48 27 will,
3915 763 15 21 if
3937 764 69 25 report
4016 762 72 26 speaks
4099 762 65 25 truly,

3614 800 26 21 be
3650 806 38 15 one
3696 799 22 21 of
3727 799 36 21 the
3776 799 45 21 b?st
3830 799 58 26 given
3900 799 20 20 in
3930 797 112 26 Roxburgh
4059 797 31 21 for
4106 803 60 19 ma;.y

3613 839 64 21 year*.
3706 833 19 22 A
3732 835 72 24 strong,
3809 839 58 21 corps
3875 832 20 21 of
3900 831 98 22 dramatic
4007 832 101 20 amateurs
4115 830 52 20 have

3614 870 40 20 had
3664 870 21 20 in
3695 869 54 20 hand
3767 870 33 19 for
3817 875 55 14 Rome
3888 870 49 19 time
3955 868 34 19 the
4005 870 53 17 most
4075 865 92 24 amusing

3614 906 80 24 farcical
3711 905 84 28 comedy
3923 905 44 21 bait
3984 906 23 20 at
4023 901 139 26 Greenwich,'

3614 943 38 21 and
3676 942 42 21 also
3735 949 26 13 an
3780 941 129 26 exceedingly
3928 940 113 22 humorous
4059 938 108 21 dramatic'

3614 977 77 25 sketch,
3704 976 87 22 entitled
4121 971 43 21 The

3614 1013 87 21 services
3714 1013 20 19 of
3744 1018 56 14 some
3815 1011 21 20 of
3852 1017 36 13 our
3906 1011 45 19 best
3965 1007 84 22 musical
4067 1009 106 26 apateurs'

3614 1046 52 21 have
3683 1046 43 20 also
3744 1045 50 20 bpen
3821 1042 94 26 enlisted,
3938 1042 40 21 and
4005 1040 114 27 altogether
4141 1044 32 16 atr

3614 1079 149 26 exceptionally
3774 1078 51 22 cood
3835 1083 127 22 programme
3977 1076 16 21 is
4007 1073 108 30 promised.
4142 1073 23 21 It

3614 1116 17 20 is
3640 1115 48 23 safe,
3699 1114 110 23 therefore,
3826 1115 20 18 to
3857 1112 78 26 predict
3945 1118 11 13 a
3965 1112 90 19 monster
4065 1110 64 20 house
4139 1114 23 15 on-

3615 1150 35 22 the
3659 1148 98 23 occasion.
3786 1149 16 20 A
3813 1147 64 22 dance
3895 1146 80 21 follows
3993 1146 36 20 the
4048 1142 124 24 entertain--

3617 1187 64 24 meut,
3690 1184 40 22 mid
3739 1184 85 27 popular
3835 1183 64 27 prices
3908 1189 33 14 are
3951 1183 22 19 to
3986 1181 25 21 be
4022 1181 35 21 the
4072 1180 53 24 rule.,

3759 1274 126 46 Mining
3926 1273 113 37 Notes.

3652 1354 55 26 The
3732 1352 127 26 Pleasant
3882 1347 97 30 YaVey
4003 1347 35 26 Co

3619 1401 36 25 up
3669 1392 52 25 last
3733 1388 70 27 week
3819 1387 42 26 for
3875 1384 61 26 17oz
3948 1385 48 26 1(5,1
4002 1387 33 22 wt
4046 1383 67 32 (6B
4129 1383 42 26 10s

3620 1429 54 30 Gd),
3688 1424 183 37 representing
3884 1421 31 26 51
3929 1421 79 26 hours
4029 1423 88 24 water.
4160 1445 7 8 ,

3654 1466 56 26 The
3988 1458 41 26 for
4041 1459 52 25 last
4106 1465 66 26 epK

3622 1514 32 17 w<
3654 1501 171 29 >reCJolden
3840 1498 68 26 Gale
3920 1496 64 26 30oz
4008 1496 72 26 4dwfc
4104 1494 69 34 6grs,

3622 1540 99 28 Golden
3732 1538 51 28 Tre
3793 1547 68 16 -sure
3873 1536 62 25 lOoz
3946 1534 72 26 Bdwt
4029 1534 61 34 6grs
4101 1533 71 34 (both

3623 1579 74 25 these
3711 1576 111 26 dredges
3846 1573 66 24 have
3937 1571 63 25 shut
4025 1571 74 24 down
4121 1570 53 25 this

3623 1614 69 27 week
3760 1612 45 25 the
3819 1609 123 29 Jub'lee),
3970 1607 122 27 Dunedin
4106 1606 68 34 16oz;

3625 1651 86 31 Otatjo
3724 1649 69 27 270z.
3809 1647 81 34 Clyde
3904 1647 63 25 250z
3977 1646 41 25 for
4030 1646 59 24 four
4102 1646 72 33 days.

3659 1689 56 25 The
3728 1684 104 29 Ettrick
3847 1684 99 34 dredge
3958 1684 22 25 is
3993 1683 55 26 still
4062 1682 114 35 opening

3624 1729 53 25 out,
3692 1725 52 26 and
3755 1724 47 26 has
3815 1724 47 24 not
3872 1721 105 26 washed
3988 1729 34 26 up
4033 1720 53 25 this
4096 1720 77 25 week.

3658 1762 55 28 The
3728 1761 157 26 Endeavonr
3898 1759 98 33 dredge
4009 1757 99 27 shifted
4129 1756 47 27 her

3624 1801 114 36 position
3753 1809 15 18 a
3779 1798 68 28 little
3861 1797 53 27 last
3927 1796 79 28 week,
4032 1795 51 28 and
4103 1795 22 27 is
4140 1804 24 18 re-

3626 1839 92 34 ported
3731 1841 27 22 to
3772 1838 31 25 be
3816 1846 32 16 on
3862 1835 112 34 payable
3988 1834 67 30 gold.

3655 1933 184 49 Roxburgh
3872 1930 143 54 Cycling
4048 1928 91 45 Club.

3730 2027 163 30 JUBILKE
3915 2021 148 33 SPOUTS'.

3662 2110 58 27 The
3733 2108 93 37 cyling
3835 2106 62 29 club
3908 2105 108 29 catered
4028 2104 41 28 for
4080 2103 93 38 public

3627 2151 171 27 amvrsement
3807 2157 35 19 on
3853 2141 176 41 Wednesday
4034 2144 35 37 by
4080 2142 97 41 giving

3626 2202 16 19 a
3653 2191 76 28 short
3738 2197 173 30 programme
3922 2185 29 29 of
3961 2188 98 36 sports.
4099 2183 76 39 They

3628 2240 70 19 were
3706 2228 132 29 favoured
3846 2227 63 27 with
3917 2225 125 39 splendid
4050 2224 126 33 weather,

3629 2273 51 28 but
3692 2270 92 38 owing
3798 2266 142 31 doubtless
3953 2269 28 26 to
3995 2265 45 29 the
4062 2264 116 29 absence

3628 2313 29 28 of
3682 2323 15 17 a
3729 2311 76 36 large
3831 2308 118 29 number
3973 2306 29 29 of
4028 2304 96 39 people
4149 2304 29 28 in'

3628 2351 130 30 Dnnedin
3785 2350 79 29 there
3887 2358 55 19 was
3968 2346 64 37 only
4057 2356 15 18 a
4101 2343 77 31 small

3628 2393 172 29 attendance.
3822 2390 57 28 The
3892 2387 100 30 entries
4003 2396 69 18 were
4083 2384 95 39 purely

3629 2433 77 34 local,
3730 2433 52 27 but
3810 2439 75 19 some
3913 2426 98 40 capital
4040 2435 73 18 races
4138 2434 27 18 re-

3629 2473 99 33 sulled,
3742 2470 102 31 several
3856 2469 29 28 of
3895 2468 46 28 the
3954 2477 126 26 younger
4094 2465 84 28 riders

3628 2513 125 38 showing
3765 2521 65 20 verv
3841 2508 152 39 promising
4004 2506 80 28 form.
4123 2504 55 29 The

3628 2553 141 34 following
3793 2550 104 30 officers
3923 2558 70 19 were
4008 2546 124 38 untiring
4150 2544 27 29 in

3628 2595 71 28 their
3711 2593 101 33 efforts,
3826 2590 54 28 and
3895 2589 50 28 left
3965 2599 37 17 no
4028 2590 78 24 stout
4128 2596 34 17 un-

3628 2633 97 30 turned
3751 2637 28 24 to
3805 2630 81 29 make
3912 2629 46 29 the
3991 2625 148 41 gathering
4163 2636 15 17 a

3628 2684 121 19 snrcess-:
3753 2672 141 28 Messrs
3919 2666 69 32 Bain
4012 2670 106 31 starter,
4143 2665 33 29 D.

3628 2715 123 35 O'Leary
3763 2712 54 28 and
3845 2711 33 28 D.
3906 2709 147 29 Buchanan
4081 2706 80 28 handi-

3628 2765 113 29 cappcrs
3755 2753 52 28 and
3819 2751 111 41 judges,
3944 2748 52 30 and
4010 2748 44 28 W.
4070 2746 108 39 George

3626 2797 95 36 acting
3735 2798 146 33 secretary.
3920 2792 57 27 The
4003 2793 95 25 events
4123 2786 55 30 and

3628 2837 117 28 winners
3759 2844 70 18 were
3842 2844 29 18 as
3885 2831 89 29 follow
3988 2842 44 17 :

3664 2876 105 31 Novice
3909 2873 65 32 (two
4008 2867 95 35 miles).

3629 2919 115 29 George,
3920 2913 9 30 3
3947 2925 8 23 ;
3988 2912 44 28 W.
4059 2910 119 37 JeiYery,.

3633 2959 92 36 15yds,
3741 2957 17 29 2
3768 2967 7 25 j
3796 2946 145 45 G.'Reilly,
3961 2962 51 24 ecr,
4026 2953 26 26 3.
4090 2950 86 33 Time,

3631 2999 73 29 omin
3721 2999 89 28 34sec.

3667 3038 146 31 Half-mile
3843 3034 83 31 Dash.
3941 3031 92 31 W.
4062 3030 113 35 Jefferv,

3631 3080 97 39 65yds,
3756 3081 7 26 1
3777 3090 7 24 j
3805 3076 26 29 J.
3844 3073 145 39 Tamblyn,
4013 3071 51 38 110
4064 3071 64 38 yds,
4141 3071 47 33 2;,

3630 3121 140 38 J.Kyley,
3793 3114 48 41 125
3841 3114 64 41 yds,
3929 3115 25 28 3.
3994 3112 86 35 Time,
4107 3111 70 28 lmiu

3633 3163 86 28 12sec.

3667 3201 59 30 One
3752 3197 146 32 MileP.
3925 3193 115 38 George,
4063 3191 49 38 205
4112 3191 66 38 yds,

3632 3245 32 33 1;
3685 3242 47 29 W.
3747 3240 118 37 George,
3874 3246 52 27 scr,
3935 3236 37 35 2;
3992 3234 27 30 J.
4033 3232 144 39 Tamblyn,

3634 3283 112 37 180yHs,
3762 3282 25 27 3.
3826 3279 87 33 Time,
3925 3276 74 29 2min
4014 3275 90 27 20sec.

3660 3323 98 29 Ticket
3766 3313 411 43 Kace(l2oyds)W.George,

3628 3364 79 39 4yds,
3723 3363 12 28 1
3751 3374 7 25 ;
3778 3361 36 30 D.
3830 3356 144 38 Cormack,
3993 3355 78 39 Byds,
4092 3354 34 35 2;
4146 3353 27 29 J.

3627 3405 144 33 Tamblyn,
3791 3412 52 24 scr,
3857 3401 26 28 3.

3665 3446 65 28 Two
3744 3439 176 34 Miles.W.
3935 3438 115 35 George,
4064 3445 61 25 scr.,
4140 3435 50 39 1;,

3631 3486 33 31 G.
3688 3484 99 39 Reilly,
3813 3481 46 38 170
3859 3481 64 38 yds,
3949 3481 34 33 2;
4003 3478 45 29 W.
4063 3476 114 39 Jeffery,

3633 3527 48 38 180
3681 3527 66 38 yds,
3763 3526 24 28 3.
3827 3523 85 33 Time,
3928 3520 70 29 smin
4015 3519 89 28 18sec.

3667 3568 145 28 Foot-race
3822 3556 370 43 (120yds).D.Cormack,,

3631 3609 78 37 syds,
3733 3608 11 28 1
3761 3619 5 23 ;
3787 3605 27 30 J.
3835 3601 143 38 Tamblyn,
4001 3610 61 26 scr.,
4086 3600 36 34 2.;
4142 3599 50 47 A..

3629 3650 92 33 Toms,
3735 3645 118 37 2vd5,.3.

3669 3690 72 28 Slow
3751 3688 73 28 Race
3838 3688 60 33 (one
3907 3683 54 35 lip)
3969 3679 223 37 .-^J.Tamblyn,

3633 3732 6 27 ]
3682 3730 34 29 J).
3748 3727 79 29 Elder
3856 3725 25 35 2,
3910 3721 211 31 Wasserbrener
4151 3720 26 27 3.

3629 3772 73 28 Four
3711 3764 216 36 others.started.

3665 3812 87 28 Three
3775 3805 159 32 Miles.G.
3951 3803 97 38 Reilly,
4064 3801 48 40 230
4112 3801 65 40 yds,

3633 3855 5 24 !
3658 3866 6 18 ;
3709 3852 29 28 P.
3767 3850 116 33 (ieorge,
3918 3844 48 39 230
3966 3844 66 39 yds,
4065 3845 34 33 2;
4136 3844 28 26 W

3629 3893 118 33 Malovte,
3768 3887 120 39 '26oyds
3915 3886 24 29 3.
3992 3884 84 35 Time,
4103 3885 88 27 Bmm.

3627 3935 29 27 31
3664 3944 53 17 sec.

3664 4022 57 28 The
3747 4019 64 29 club
3837 4015 61 30 held
3925 4025 15 18 ft
3966 4024 64 26 very
4053 4011 120 36 pleasant

3625 4061 80 31 social
3723 4061 24 27 in
3772 4060 45 27 the
3834 4056 160 29 Ath*iW3um
4015 4053 57 27 Hull
4090 4052 24 28 in
4129 4051 44 29 the

3625 4102 125 30 evening,
3767 4099 76 26 when
3871 4096 83 27 alnur,
3980 4094 72 35 forty
4079 4090 94 39 people

3625 4139 139 33 attendrd.
3815 4134 141 32 Excellent
3982 4132 84 28 dance
4091 4141 82 17 nin.-ic

3624 4193 53 17 wns
3695 4180 78 31 given
3791 4178 36 37 by
3855 4175 66 30 Miss
3949 4171 101 30 Howell
4069 4170 101 38 (piano)

3624 4223 50 28 and
3689 4221 44 28 Mr
3741 4219 89 36 Ryan,
3841 4216 28 29 of
3878 4213 163 29 Wairahunn
4055 4211 116 34 (violin),

3622 4263 47 29 the
3684 4268 172 33 programme
3882 4255 83 35 being
3991 4250 90 31 varied
4108 4251 64 29 with

3623 4312 85 27 songs
3733 4285 69 44 from
3830 4295 100 33 several
3954 4295 28 28 of
4003 4294 45 27 the
4069 4296 103 32 guests.

3626 4344 42 28 Mr
3680 4342 35 30 D.
3733 4340 120 37 O'Leary
3879 4348 29 17 as
3934 4334 73 31 M.O.
4036 4334 66 38 kept,
4126 4333 47 29 the

3623 4382 212 30 entertainment
3851 4378 84 39 going
3949 4374 115 38 briskly,
4074 4373 52 29 and
4139 4373 33 29 he

3621 4422 53 28 and
3690 4422 45 28 Mr
3751 4419 45 30 W.
3820 4419 107 29 (Jeorire
3945 4426 70 18 were
4029 4413 144 40 especially

3622 4463 87 29 native
3723 4461 26 29 in
3767 4459 158 42 promoting
3942 4457 47 28 the
4003 4453 108 41 general
4126 4464 32 18 en-

3623 4503 128 32 iovment,.
3793 4501 27 28 It
3834 4499 95 28 should
3954 4497 35 28 be
4010 4495 87 28 stated
4113 4495 57 27 that

3622 4541 47 31 the
3693 4541 93 28 choice
3815 4538 195 30 refreshments
4038 4534 130 33 provider*

3622 4591 68 19 were
3704 4588 22 19 fit
3744 4582 47 27 the
3803 4580 101 34 charge
3930 4577 28 30 of
3981 4588 15 17 a
4019 4576 50 29 few
4084 4575 28 30 of
4127 4575 46 29 (lie

3622 4619 130 41 principal
3769 4620 135 27 members
3917 4618 28 27 of
3959 4617 46 28 the
4025 4616 72 29 club.

3796 4710 201 44 Alexandra.

3756 4796 60 27 (Own*
3830 4794 206 25 Corrksposwekt.)

3656 4838 57 30 The
3737 4836 116 29 weather
3879 4834 62 30 here
3957 4834 45 28 lias
4022 4833 66 29 been
4106 4843 60 26 very-

3619 4880 50 29 drv
3695 4878 80 29 lately
3804 4876 65 28 until
3898 4886 12 17 n
3939 4874 51 29 few
4017 4873 67 38 dtys
4107 4883 64 27 ago,

3620 4920 75 27 when
3731 4927 38 18 we
3797 4916 30 28 lim
3842 4916 5 25 1
3885 4927 15 15 :i
3927 4925 63 26 very
4018 4914 58 26 nice
4101 4913 66 26 rain.

3620 4960 64 28 This
3702 4956 141 37 (Mowing
3874 4954 125 37 morning
4025 4953 45 29 the
4097 4951 81 38 windj

3620 5000 51 28 [mil
3688 5000 63 26 dnst,
3765 5007 70 19 were
3862 5005 64 28 vpry
3953 4993 77 31 mnch
4060 4993 24 29 in
4113 4994 42 28 evi-

3620 5040 94 35 dence,
3729 5038 51 29 but
3795 5047 39 19 we
3850 5036 51 30 had
3913 5047 15 18 a
3940 5036 50 28 few
4005 5033 90 31 hours'
4110 5033 59 29 nice

3620 5080 95 35 steady
3740 5080 54 26 min
3818 5077 101 36 during
3945 5077 45 27 Hie
4016 5075 151 28 afternoon.

3620 5121 65 30 This
3699 5120 51 28 will
3766 5120 69 28 have
3848 5118 47 29 the
3909 5118 79 30 effect
4001 5115 30 30 of
4044 5115 107 29 freshen
4157 5132 10 6 -

3619 5162 48 38 ing
3689 5161 95 35 things
3811 5169 35 27 up
3862 5156 197 38 considerably,
4086 5165 28 17 as
4129 5166 41 16 we

3619 5203 69 28 have
3701 5200 53 29 had
3768 5200 117 38 nothing
3900 5200 48 28 but
3962 5198 62 28 heat
4037 5196 53 29 and
4105 5195 64 29 dust

3619 5242 44 28 for
3676 5250 74 19 some
3764 5240 73 28 time.

3657 5281 57 28 The
3726 5279 141 30 Governor
3877 5279 47 28 has
3936 5288 75 19 come
4022 5276 52 30 and
4088 5287 79 27 gone,

3619 5322 53 27 and
3688 5322 48 26 lias
3751 5320 78 27 mail?
3844 5329 12 19 n
3872 5320 73 33 gnnd
3959 5318 158 38 impression
4133 5326 32 19 on

3621 5362 46 28 the
3681 5360 96 38 people
3799 5359 28 29 of
3852 5358 165 30 Alexandra.
4057 5357 43 31 He
4114 5367 61 23 ww,

3620 5401 122 28 received
3760 5401 35 36 by
3818 5400 47 28 the
3880 5410 93 27 mayor
3985 5401 27 26 in
4027 5400 45 28 the
4094 5401 74 26 Town

3620 5440 75 35 Hall,
3718 5440 86 28 where
3818 5449 33 17 an
3866 5438 112 30 address
3992 5449 54 17 was
4063 5437 62 29 read
4142 5443 36 23 to.

3619 5481 56 28 him
3709 5480 36 33 by
3785 5479 45 28 the
3863 5478 81 28 Town
3979 5479 90 29 Clerk,
4118 5478 60 29 His.

3620 5519 163 37 Excellency
3799 5518 97 30 visited
3912 5519 44 28 the
3975 5519 125 39 dredges,
4116 5528 52 19 wart

3620 5560 169 30 entertained
3816 5563 22 23 al
3869 5569 15 17 a
3910 5558 129 40 banquet,
4053 5560 54 28 and
4122 5570 29 18 ex-

3620 5600 109 41 pressed
3756 5599 109 29 himself
3888 5599 94 37 highly
4007 5599 108 37 pleased
4141 5609 29 20 at

3620 5640 35 29 all
3683 5645 33 23 he
3743 5650 51 17 -;iv
3821 5637 51 31 and
3896 5638 65 30 with
3986 5638 46 30 the
4058 5649 58 29 way
4144 5640 26 29 iu

3620 5680 87 28 which
3724 5680 32 27 hf
3771 5690 52 16 wis
3835 5679 180 29 entertained.
4055 5679 45 29 He
4112 5680 60 33 also

3620 5718 87 30 stated
3736 5720 54 26 OiM
3827 5718 33 28 he
3889 5718 86 28 would
4012 5730 92 18 reruni
4143 5730 30 21 ta

3621 5759 154 30 Alexandra
3792 5766 23 20 u\
3834 5758 71 33 :...!.;i
3923 5758 90 30 futui'e
4028 5759 72 32 da,le,

3533 87 169 51 Friday,
3722 84 132 45 March
3878 82 69 48 25,
3972 77 108 47 1998

1796 104 199 43 MOUNT
2082 100 226 44 BENGER
2394 97 154 43 MAIL.

142 231 219 34 SATURDAY,
382 232 73 27 26th
474 230 149 36 MARCH,

295 290 24 19 at
339 281 17 29 3
373 280 100 29 o'clock.

208 355 35 28 At
262 353 41 28 the
323 353 59 27 Moa
402 352 57 29 Flat
480 351 83 30 Hotel.

167 431 155 30 ABEZ
410 428 250 33 BURTON

110 471 29 19 J
186 473 43 26 has
259 471 111 28 received
402 473 163 26 instructions
598 475 62 22 from

113 513 41 25 tbe
181 510 95 26 Ettrick
301 509 97 37 Jockey
420 510 65 26 Club
510 517 25 18 to
560 509 43 26 sell
629 509 32 34 by

113 548 82 37 public
208 548 100 27 'auction
322 553 26 21 at
361 547 42 28 the
421 548 61 26 Moa
504 546 56 29 Flat
575 546 88 33 Hotel,

114 590 41 24 the
168 586 223 27 undermentioned
405 584 174 37 Privileges--

179 635 141 28 Publican's
340 635 81 26 Booth

182 680 174 29 Refreshment
375 678 82 30 Booth

183 729 70 26 Fruit
273 727 62 28 Stall

116 841 214 31 ROXBURGH
340 839 195 33 BAKERY.&
546 838 122 30 STORE

134 1149 142 36 BAKER,
304 1145 296 33 CONFECTIONER
624 1144 25 29 &

250 1202 284 37 STOREKEEPER,

156 1272 148 24 SCOTLAND
327 1270 113 27 STREET,
462 1267 169 24 ROXBURGH.

157 1365 75 31 R.K.
243 1366 103 29 desires
359 1368 29 25 to
401 1363 88 30 thank
502 1362 48 30 the
562 1360 93 30 inhabi-

120 1411 76 25 tants
208 1407 30 28 of
252 1405 155 38 Roxburgh
419 1404 54 28 and
485 1402 183 37 surrounding

121 1447 122 30 districts
266 1446 45 29 for
330 1445 47 28 the
400 1446 116 36 support
537 1440 132 30 accorded

120 1488 56 29 him
190 1487 27 28 in
231 1487 48 28 the
291 1489 72 35 past,
376 1484 53 29 and
443 1487 30 26 to
480 1482 99 30 inform
596 1482 74 28 them

120 1529 61 28 that
195 1527 119 39 nothing
327 1526 54 29 will
395 1526 35 28 be
443 1523 124 39 wanting
579 1533 34 17 on
629 1522 41 28 his

120 1575 61 33 part
195 1569 27 28 in
233 1568 49 29 the
293 1568 93 28 future
396 1571 30 24 to
434 1565 75 30 merit
522 1576 12 16 a
546 1562 109 31 continu-

116 1618 69 20 ance
198 1609 30 28 of
240 1608 73 28 their
325 1612 123 34 support.

146 1732 143 22 WEDDING
306 1731 63 22 AND
388 1729 149 23 BIRTHDAY
556 1727 91 23 CAKES

268 1766 81 21 MADE
367 1765 35 21 TO
415 1762 104 25 ORDER.

117 1814 126 27 SOIRFES,
266 1812 112 22 PICNICS
400 1811 17 22 k
435 1810 87 22 BALLS
539 1807 132 23 CATFRED

162 1851 56 21 FOR
233 1850 37 21 ON
287 1850 57 20 THE
357 1847 145 23 SHORTEST
520 1844 113 24 NOTICE.

120 1893 128 37 Nothing
261 1893 50 27 but
327 1892 46 27 the
385 1891 63 28 best
457 1889 124 29 material
595 1888 76 28 used.

116 2002 80 25 GOOD
201 2000 195 27 .ASSORTMENT
404 2000 36 24 OE
449 1997 167 29 GROCERIES,
625 1997 46 28 fcc,

321 2056 41 21 ON
372 2055 89 22 -HAND

205 2152 121 28 Liberal
345 2150 140 30 Discount
496 2157 50 21 foe
567 2147 85 29 Cash.

135 2450 125 31 Florist,
280 2448 175 28 Wholesale
473 2456 54 19 and
549 2446 103 28 Retail

254 2488 88 29 Seeds
362 2487 169 35 Merchant,

144 2547 136 31 MORAY
299 2545 134 37 PLACE,
452 2544 193 37 DUNEDIN,

127 2617 118 27 {ScccenoT
253 2618 22 18 to
280 2616 50 20 Geo.
338 2613 267 23 Mattbtws-Established
614 2613 55 21 jf>o.

246 2682 149 31 FLORAL
414 2681 127 31 WORK.

156 2732 66 28 This
250 2731 24 27 is
299 2730 47 27 the
370 2729 125 37 Leading
519 2728 96 28 House
639 2728 28 28 in

120 2771 128 30 Dunedin
262 2770 44 29 for
324 2768 93 30 Bridal
441 2768 133 35 Showers,
596 2767 54 29 Bou-

120 2817 90 35 quets,
231 2810 141 36 Wreaths,
386 2809 111 40 Sprays,
510 2808 55 29 and
579 2808 89 30 Floral

116 2853 129 37 Designs.

156 2893 49 38 My
219 2890 140 32 continual
372 2890 52 29 and
440 2890 130 30 unvaried

118 2942 152 22 SUCCESSES
283 2940 39 22 AT
334 2940 58 21 THE
405 2939 131 22 DUNEDIN
552 2938 119 22 FLOWER

347 2966 99 23 SHOWS

123 3006 23 26 is
163 3004 135 28 sufficient
316 3003 80 39 proof
417 3003 30 28 of
459 3012 46 27 my
524 3001 147 39 capability

122 3044 27 30 in
165 3045 54 28 this
233 3044 104 29 branch
350 3043 29 29 of
391 3043 47 29 the
450 3042 136 30 business.

161 3085 49 38 My
219 3085 160 38 experience
389 3083 110 29 enables
513 3093 45 18 me
570 3088 28 23 to

155 3143 76 21 PACK
244 3142 90 22 THESE
347 3140 140 23 DELICATE
501 3140 137 22 ARTICLES

121 3179 46 28 for
184 3178 49 28 rail
254 3189 31 17 or
306 3182 116 24 steamer
434 3177 66 28 with
524 3176 66 28 such
610 3186 61 17 care

121 3219 54 29 and
198 3228 106 20 success
317 3229 31 18 as
361 3222 28 25 to
402 3228 99 19 ensure
523 3216 72 29 their
614 3217 57 28 safe

121 3260 53 28 and
185 3260 104 39 perfect
300 3259 130 38 delivery,
438 3268 68 19 even
516 3258 72 28 after
596 3267 75 19 some

119 3301 67 37 days
198 3301 28 27 in
240 3300 108 29 transit.

155 3340 15 29 I
182 3340 70 29 have
264 3349 148 20 numerous

120 3399 193 23 UNSOLICITED
322 3398 208 22 TESTIMONIALS
539 3397 79 22 FROM
628 3397 21 21 M
655 3397 16 21 V

308 3427 165 21 CUSTOMERS

119 3463 54 29 and
188 3463 117 29 Patrons
318 3462 134 40 attesting
473 3465 29 27 to
515 3472 46 29 my
574 3460 96 40 ability

115 3504 28 29 in
156 3504 56 30 this
224 3504 157 40 particular.

329 3596 129 31 SEEDS.

155 3655 15 29 I
195 3655 104 38 import
329 3653 66 39 only
427 3653 71 29 from
530 3653 48 30 the
609 3654 61 29 best

119 3695 143 40 European
279 3693 55 30 and
344 3693 177 30 Continental
536 3693 134 38 Growers,

117 3747 32 16 so
162 3737 60 27 that
235 3735 163 38 purchasers
412 3744 49 18 can
476 3735 58 37 rely
556 3745 36 18 on
608 3739 46 34 get-

117 3777 62 38 ting
191 3775 118 39 nothing
326 3775 52 29 but
393 3773 47 31 the
453 3774 62 30 best
529 3775 100 29 strains
641 3774 29 31 of

115 3817 95 29 Seeds.

156 3857 40 28 To
210 3857 79 29 those
302 3856 63 29 who
377 3855 70 30 have
464 3859 50 25 not
527 3855 83 39 given
624 3866 46 27 my

121 3898 69 28 Seed
215 3909 16 16 a
252 3897 70 34 trial,
337 3897 14 27 I
362 3895 90 28 would
475 3895 55 28 like
553 3896 75 28 them
642 3900 28 24 at

128 3942 58 24 east
201 3943 29 23 to
244 3937 66 28 send
324 3947 44 18 me
381 3947 15 18 a
410 3935 77 30 small
508 3935 62 30 trial
590 3936 80 30 order

119 3978 53 29 and
187 3987 126 30 compare
327 3977 109 35 results,
449 3976 55 28 and

140 4038 9 20 I
165 4038 39 21 AM
221 4036 129 22 WILLING
363 4036 35 20 TO
413 4036 87 21 ABIDE
513 4036 38 21 BY
563 4036 90 21 THEIR

325 4062 144 23 DECISION.

143 4184 38 42 I\[
278 4183 22 28 T
316 4206 6 7 .
400 4182 123 30 BOW
544 4182 68 30 DE
631 4182 27 29 N

194 4259 176 25 CARPENTER,
396 4258 114 26 JOINER,
537 4258 61 21 AND

294 4314 207 26 UNDERTAKER,

109 4374 107 27 rppHrw.
243 4378 25 20 to
294 4370 77 28 thank
397 4370 41 27 the
471 4369 86 28 Public
581 4370 24 26 of
629 4370 41 27 the

123 4411 99 27 F-'istrict
239 4410 37 25 for
295 4414 53 31 past
368 4414 112 29 6upport,
499 4407 48 27 and
567 4406 60 37 begs
645 4414 25 20 to

118 4450 88 25 inform
238 4447 66 26 them
340 4448 55 24 tbat
426 4445 29 26 he
485 4445 44 26 has
559 4445 111 26 resumed

120 4487 120 27 Business
252 4485 25 27 in
292 4482 150 37 Roxburgh.

118 4601 134 27 Estimates
263 4599 74 36 given
348 4597 48 28 and
407 4596 122 37 Building
538 4596 132 28 Contracts

215 4654 28 26 of
259 4651 33 29 all
311 4650 75 28 kinds
402 4649 162 29 undertaken.

154 4763 74 27 Plans
242 4762 47 27 and
308 4760 186 37 Specifications
508 4758 123 38 prepared.

249 4854 138 31 ECOBD

250 4894 137 33 'ECOKD

465 4851 116 33 EIGN.

120 5022 72 42 npO
218 5022 98 30 enable
341 5021 48 28 the
414 5018 95 40 public
533 5021 30 25 to
588 5016 82 31 Dress

129 5063 23 15 *
205 5061 119 32 suitable
332 5064 29 26 to
371 5060 48 29 the
429 5058 136 36 occasion,
577 5057 15 29 I
602 5057 68 30 have

222 5127 190 33 REDUCED
431 5124 136 32 PRICES

137 5190 7 25 {
161 5196 46 28 my
221 5186 78 35 large
315 5182 55 30 and
383 5181 95 29 varied
491 5181 97 36 fetock,
600 5183 69 27 viz.:

187 5241 89 35 Suits,
290 5239 40 30 3
348 5239 49 35 38;
418 5237 141 34 Trousers,
577 5237 56 29 15s.

188 5294 121 38 Factory
322 5310 12 5 -
347 5291 81 31 made
470 5290 86 37 Suits,
598 5291 70 36 21s;

259 5338 141 31 '.trousers,
414 5333 32 29 6s
461 5332 45 29 6d.

142 5395 72 36 Ties,
229 5392 82 39 Caps,
324 5391 112 34 Braces,
450 5390 59 36 &c,
523 5389 36 30 6d
573 5388 75 31 each.

118 5436 77 29 Hard
209 5434 55 29 and
280 5433 62 31 Soft
355 5432 63 29 Felt
433 5432 82 34 Bats,
541 5432 29 27 Is
590 5430 75 29 each.

132 5552 181 26 REDUCTIONS
327 5553 33 21 IN
374 5553 56 21 ALL
442 5550 97 22 OTHER
553 5548 89 24 LINES.

208 5660 40 43 E,
295 5659 43 42 A,
386 5656 183 51 HART,

111 5735 108 23 TAILOR
240 5734 17 21 L
280 5732 195 22 GENTLEMEN'S
499 5729 166 22 OUTFITTER.

165 5787 262 33 ScOTLAND-STfcEET,
447 5783 163 29 ROXBURGH.

692 214 30 20 IN
732 213 58 21 THE
805 212 116 21 MATTER
931 212 35 21 OF
975 211 58 21 THE
1042 210 105 21 PUBLIC
1156 209 90 21 TRUST

741 240 70 20 ACTS
826 240 56 19 FOR
894 239 58 20 THE
969 237 71 21 TIME
1066 237 96 21 BEING,
1183 235 63 21 AND

740 266 34 21 IN
786 266 59 21 THE
854 265 115 22 MATTER
979 265 37 21 OF
1024 264 58 21 THE
1096 263 104 22 ESTATE
1210 262 36 21 OF

741 294 130 21 CHARLES
886 292 161 23 CORNELIUS
1062 292 97 25 WARD,
1174 290 72 21 LATE

740 322 38 21 OF
790 321 118 22 BENGER
920 321 79 25 FLAT,
1015 320 30 21 IN
1058 319 57 22 THE
1125 317 104 24 PROVIN-

741 349 68 22 CIAL
826 348 132 22 DISTRICT
976 348 36 22 OF
1026 347 101 26 OTAGO,
1143 346 103 25 MINER,

741 376 156 23 DECEASED.

744 451 106 29 OTICE
873 451 28 27 Js
916 450 109 35 Hereby
1039 449 86 27 Given
1137 449 61 26 that
1211 448 36 27 all

709 504 6 3 -
723 494 11 14 1
778 490 135 26 Creditors
945 489 53 25 and
1028 487 89 26 others
1147 486 102 34 having

692 529 99 27 Claims
804 527 105 33 against
922 526 45 26 the
988 525 84 26 above
1095 525 84 25 estate
1204 532 45 18 are

693 565 121 36 required
828 568 27 22 to
868 564 64 26 send
943 564 28 25 in
981 565 27 24 to
1018 562 27 24 M
1065 561 27 26 J.
1103 560 144 31 STAUNTON,

694 603 118 35 Esquire,
846 602 46 26 the
917 602 91 33 Agent
1032 599 28 26 of
1083 598 46 26 the
1155 597 94 27 Public

694 642 115 28 Trustee,
824 638 91 35 Clyde,
929 638 52 26 and
995 638 28 25 in
1041 636 114 33 writing,
1175 644 34 15 on
1221 644 28 15 or

694 678 88 29 before
795 677 45 27 the
854 676 46 27 6th
915 676 51 35 day
976 675 28 26 of
1014 673 86 37 April,
1113 672 73 32 1898,
1198 671 50 27 full

694 716 159 37 particulars
866 714 28 26 of
903 714 64 27 such
979 713 109 31 Claims,
1099 710 94 36 giving
1204 710 45 26 the

695 756 77 25 items
785 753 53 26 and
851 752 45 26 the
910 754 122 24 amounts
1045 750 27 26 of
1092 748 47 27 the
1160 757 72 17 same
1244 758 5 20 ;

694 791 54 27 and
760 791 45 26 the
818 790 96 26 Public
931 789 110 25 Trustee
1065 784 65 33 will,
1152 788 28 23 at
1204 784 46 27 the

695 828 150 35 expiration
858 826 28 27 of
898 826 46 26 the
956 825 58 27 said
1026 824 65 27 time
1105 831 27 18 or
1145 831 29 17 as
1187 830 62 18 soon

696 865 143 28 thereafter
863 874 29 18 as
916 860 185 38 conveniently
1124 868 61 27 may
1210 859 39 32 be,

696 904 143 26 distribute
852 903 46 26 the
910 904 84 24 assets
1008 901 27 24 of
1053 899 46 26 the
1122 898 59 26 said
1206 897 29 25 de-

696 941 99 31 ceased,
809 950 30 17 or
860 950 52 25 any
937 941 61 33 pait
1021 936 111 31 thereof,
1157 943 94 25 among

696 978 46 26 the
755 979 100 33 parties
868 976 114 28 entitled
995 979 35 26 to,
1044 974 101 33 having
1157 972 94 34 regard

696 1016 61 35 only
771 1019 27 23 to
810 1016 46 26 the
869 1015 93 27 claims
974 1012 87 28 which
1087 1011 45 27 the
1156 1008 95 27 Public

696 1053 110 26 Trustee
818 1053 69 25 shall
900 1052 68 25 have
990 1051 63 25 then
1079 1049 52 25 had
1156 1047 93 29 notice,

696 1090 54 28 and
762 1090 146 35 according,
916 1092 28 24 to
957 1087 46 28 the
1015 1085 135 38 priorities
1172 1092 79 28 given

696 1129 35 35 by
751 1129 47 25 the
819 1127 94 30 Public
936 1125 80 30 Trust
1039 1125 79 26 Office
1130 1124 67 25 Acts
1209 1121 43 26 for

696 1165 46 28 the
765 1165 66 27 time
855 1165 81 34 being
958 1165 29 25 to
1011 1162 65 28 such
1098 1160 99 27 Claims
1221 1167 29 18 as

694 1204 119 27 between
825 1202 160 31 themselves
997 1198 182 37 respectively.

732 1249 113 28 Printed
858 1249 81 27 forms
952 1247 43 28 for
1006 1246 46 28 the
1076 1253 114 28 purpose
1203 1252 47 20 can

697 1288 32 26 be
742 1287 126 26 obtained
880 1279 68 33 froni
960 1296 52 25 any
1037 1285 27 26 of
1084 1284 47 26 the
1150 1285 101 32 Agents

696 1324 28 26 of
736 1324 54 25 this
804 1323 87 26 Office.

734 1365 44 27 All
802 1374 108 26 moneys
929 1364 113 35 payable
1063 1365 28 23 to
1111 1361 46 26 the
1170 1361 83 26 above

699 1405 83 23 estate
794 1411 61 26 may
868 1403 33 25 be
912 1401 97 34 lodged
1021 1403 28 22 to
1063 1400 43 25 the
1124 1398 85 26 credit
1226 1397 28 26 of

700 1439 46 27 the
759 1439 94 26 Public
866 1437 131 28 Trustee's
1017 1438 117 25 Account
1156 1437 28 24 at
1201 1442 52 26 any

701 1476 88 27 Postal
805 1476 95 35 Money
915 1475 87 26 Order
1013 1473 86 31 Office,
1113 1482 29 17 or
1154 1472 60 35 paid
1227 1475 27 22 to

702 1513 74 27 M.J.
791 1513 142 31 Staunton,
944 1512 118 35 Esquire,
1075 1513 88 32 Agent
1172 1508 28 27 of
1209 1508 45 28 the

701 1550 94 28 Public
806 1552 119 31 Trustee,
940 1550 89 36 Clyde.

774 1608 127 29 JAMES
929 1607 31 30 C.
981 1606 162 35 MARTIN,

987 1653 93 26 Public
1102 1652 117 26 Trustee.

769 1708 94 28 Public
877 1707 78 27 Trust
968 1706 86 32 Office,

702 1757 171 33 Wellington,
889 1756 62 26 Uth
967 1755 128 33 January,
1112 1753 73 26 1898.

700 1903 223 53 gAILEY
999 1900 33 38 k
1102 1898 149 56 RIDD,

867 1971 212 39 BTJTCHEKS,

749 2035 246 32 MILLERS
1045 2034 38 37 ?F
1084 2033 3 38 S
1098 2034 23 28 L
1136 2033 68 35 AT,

701 2117 62 38 Beg
776 2121 28 24 to
814 2126 147 19 announce
974 2119 28 24 to
1226 2113 28 27 of

701 2157 106 28 Millers
825 2156 62 29 Hat
907 2156 53 27 and
979 2153 190 32 *iittf>ii]i<lin&.'
1196 2154 55 25 \h>-

700 2198 81 29 tricts
793 2197 62 29 that
868 2197 64 38 they
957 2195 93 30 iwmii
1072 2194 125 33 caminy

699 2249 16 17 a
731 2238 140 37 Butchery
892 2237 129 28 Busin<>>
1045 2238 75 24 il.ti-
1144 2246 32 14 in
1200 2240 51 21 umi

700 2278 72 28 after
785 2277 48 29 the
854 2279 42 27 Ist
910 2276 132 30 Februnn
1055 2274 4 38 .
1075 2274 50 28 mul
1144 2275 52 37 \\<
1228 2282 26 19 r<>

700 2322 49 35 get
763 2319 46 28 the
822 2324 151 33 patronage
987 2319 28 26 of
1032 2317 43 27 flic
1091 2316 116 28 tli.-tnci.

700 2458 67 20 BEST
785 2457 71 20 BEEF
880 2455 61 21 AND
965 2454 116 22 MUTTON'
1107 2455 147 22 SUPPLIED.

701 2600 160 30 Customers
876 2600 52 28 will
945 2599 33 29 be
999 2599 97 28 waited
1119 2609 35 18 on
1178 2598 78 29 twice

916 2651 16 16 a
958 2639 86 28 week.

775 2840 25 28 R
860 2837 393 35 FINLAYSO.,

748 2888 7 4 '
784 2891 161 22 BARRISTER
958 2890 63 22 AND
1034 2889 156 26 SOLICITOR,

895 2937 164 34 Lawrenck,

703 3005 66 29 Will
797 3003 95 29 attend
918 3003 47 29 the
983 3002 154 39 Roxburgh
1160 3002 94 29 Court.

702 3148 101 39 Money
813 3152 29 23 to
851 3145 78 31 Lend
938 3158 34 17 on
983 3146 133 29 Freehold
1129 3145 125 39 Security

864 3330 28 30 J.
981 3329 37 30 W
1038 3329 27 29 A
1084 3329 22 29 L
1126 3329 23 29 L
1169 3328 23 29 E
1212 3328 41 36 S,

873 3380 74 31 Coal
986 3380 102 31 Creek.

706 3511 117 40 Repairs
843 3509 143 31 Executed
1008 3512 29 27 to
1061 3509 35 29 all
1115 3509 99 30 classes
1228 3508 28 30 of

842 3558 85 31 Small
947 3558 171 39 Machinery.

740 3629 114 38 Sewing
870 3627 142 31 Machines
1032 3627 118 31 Cleaned
1163 3627 54 30 and

859 3676 123 31 Refitted
995 3676 42 29 for
1051 3677 40 29 ss.

778 3749 87 29 Teeth
878 3751 52 36 put
942 3746 28 29 in
985 3745 60 39 Cog
1057 3745 122 32 Wheels.

878 3857 96 29 Tekms
994 3855 83 31 Cash.

738 3975 102 28 Orders
867 3982 63 28 may
958 3972 34 28 be
1023 3971 49 28 left
1097 3975 29 25 at
1150 3972 102 28 Mount

699 4016 113 28 Bengek
826 4013 77 30 Mail
915 4012 94 29 Office.

797 4108 44 36 C.
882 4107 37 35 J.
964 4106 186 50 Coombs,

718 4179 195 31 SURGICAL
934 4177 24 30 &
977 4177 256 29 MECHANICAL

891 4231 166 30 DENTIST

910 4285 38 26 (By
964 4285 80 26 Exam.)

699 4344 87 57 MR
806 4343 153 30 COOMBS
978 4354 60 26 may
1052 4343 34 29 be
1102 4342 150 30 Consulted

958 4388 28 24 at

856 4424 124 30 Heron's
1004 4424 93 30 Hotel

748 4477 42 30 On
817 4476 157 37 FRIDAY,
994 4477 74 29 22nd
1089 4474 126 31 APRIL.

736 4557 41 27 As
791 4555 14 29 I
819 4554 95 29 intend
929 4554 113 36 visiting
1061 4553 56 29 this
1137 4553 116 28 District

700 4595 187 41 periodic*}.lly,
901 4596 21 28 it
931 4596 52 28 will
993 4605 64 19 save
1072 4594 123 28 Patients
1206 4594 47 28 the

699 4647 120 29 expense
832 4637 29 29 of
874 4636 86 39 going
974 4640 29 25 to
1016 4640 73 24 town
1102 4646 8 25 ;
1129 4634 54 29 and
1197 4644 30 18 as
1239 4634 12 28 I

699 4682 152 34 guarantee
870 4677 35 28 sill
930 4676 86 36 work,
1042 4676 125 28 Patients
1190 4684 62 28 may

699 4718 56 39 rely
770 4728 34 20 on
818 4718 113 39 getting
943 4728 16 18 a
972 4715 143 30 first-class
1126 4713 116 31 denture

699 4799 91 20 TEETH
819 4798 81 21 MADE
929 4798 36 19 BY
996 4796 96 21 OTHER
1118 4794 135 22 DENTISTS

720 4824 131 23 PROVING
861 4822 254 23 UNSATISFACTORY
1126 4821 59 22 MAY
1199 4822 33 20 HE

755 4851 197 24 REA.ODELLID
965 4852 35 21 AT
1014 4850 95 22 SMALL
1122 4848 75 23 COST.

704 4922 123 28 Pinless
856 4920 162 28 Extraction
1047 4918 65 27 with
1139 4916 115 28 Nitrous

738 4961 90 30 Oxide
849 4959 65 36 Gas,
937 4958 126 35 Cocaine,
1077 4956 94 35 lather,
1186 4966 31 18 or

885 5000 183 29 Chloroform.

700 5076 133 30 Stopping
854 5082 71 20 with
945 5074 85 35 Gold,
1052 5070 148 36 Amalgam,
1220 5078 34 19 ok

916 5115 123 30 Cement.

791 5194 31 30 C.
870 5193 29 28 J.

838 5242 129 29 Surgeon
990 5237 120 29 Dentist

811 5290 50 30 112
888 5286 114 32 Princes
1028 5285 101 35 Street,

741 5330 146 40 (Opposite
901 5326 130 39 Cargill's
1044 5324 174 36 Monument)

831 5370 76 29 Near
920 5365 92 31 Grand
1028 5363 94 36 Hotel,

906 5405 143 25 DUNEWN.

819 5450 80 33 (Late
913 5446 77 30 Fidd
1004 5445 54 28 and
1073 5443 59 36 Co.)

722 5537 97 35 The
836 5533 154 37 Wife's
1005 5529 216 38 Welfare.

699 5581 80 18 Tre-.i'*.-
791 5580 65 22 |>o*a<l
870 5581 43 17 fn-o.
949 5575 4 27 I
967 5576 36 19 vill
1019 5576 53 19 wuth
1089 5580 35 14 v'U
1141 5580 48 12 more
1202 5575 44 16 than

698 5605 24 18 all
738 5605 31 18 the
784 5610 53 17 ytv.ri
854 5603 63 18 \vni'\e
933 5600 54 19 \i\-k\.
1019 5600 57 17 Kvi-rv
1094 5603 68 13 wuit'i
1181 5597 65 18 should

699 5628 42 18 read
751 5631 19 14 it.
859 5628 50 15 i'ri<-
920 5631 31 11 *or
958 5625 79 15 Ih-'inun
1047 5635 11 8 ~
1066 5623 70 17 t'reiicb
1144 5621 103 22 Spccialitt,

698 5653 21 14 4o
726 5650 100 21 UoJlins-j-l.
834 5649 26 22 <.
873 5650 20 15 M.
901 5649 43 16 i-.-iu
956 5652 30 12 tic

701 5741 55 17 Write
764 5743 21 15 to
792 5741 66 17 mef-r
867 5745 5 8 <
879 5739 71 17 :i!i.a'-<:.-
964 5742 36 12 t"'
1015 5735 168 20 HookcniMwirirg
1195 5739 44 18 yfitr-

699 5765 64 18 vh\*.
790 5767 33 14 I'ro
842 5772 17 7 .--
873 5769 7 11 r
898 5767 55 14 <:-!
969 5766 30 14 "'it.

701 5788 56 19 -1)1.'.i,
768 5786 111 18 lielUuliiiie.

1273 207 141 29 TEVIOT
1425 208 162 28 WESLEY
1589 207 53 28 AN
1657 207 171 29 CHURCH.

1275 300 76 45 (\N
1372 299 115 40 Sunday
1502 300 124 29 Services
1639 298 56 29 will
1719 298 33 29 be
1766 307 64 20 con-

1362 340 102 29 ducted
1477 351 30 18 as
1520 340 141 29 follow:

1275 400 112 28 Roxburgh
1397 400 21 27 (7
1427 400 86 28 p.m.)
1515 400 51 21 Rev.
1579 400 22 21 J.
1612 400 28 21 H.
1652 399 84 26 Hooper

1443 428 107 25 (Fnrewell
1563 427 105 24 Serrnor.)

1275 457 48 23 Coal
1334 456 65 23 Creek
1408 454 21 29 (3
1439 455 137 26 p.m.)-Rev.
1590 454 21 23 J.
1625 455 26 21 H.
1666 454 83 25 Hooper

1278 484 113 26 Ettrick(ll
1404 483 83 26 a.m.)
1489 483 44 20 Rev
1550 484 23 20 J.
1583 484 27 20 H.
1624 483 82 25 Hooper

1372 512 21 21 (7
1407 510 122 25 p.m.)Mr
1536 510 22 22 J.
1569 510 61 21 Kitto

1280 569 392 52 Roxburgh-Lawrence
1696 563 151 67 Carrier]

1287 656 28 26 T
1343 654 28 30 J.
1386 653 147 30 HARRIS
1546 653 70 40 begs
1628 656 28 25 to
1670 651 90 39 notify
1773 651 60 29 that

1279 738 80 29 Inst.,
1392 736 34 29 he
1461 736 100 28 WILL
1600 735 82 29 RUN
1715 733 94 29 REGU-

1280 776 127 30 LARLY
1429 787 17 17 a
1468 776 169 29 Four-horse
1652 776 121 36 Express
1786 773 32 28 be-

1280 823 87 25 tween
1382 816 154 39 Roxburgh
1551 816 54 28 :md
1619 816 155 28 Lawrence.

1317 858 57 30 The
1402 856 180 40 Conveyance
1608 854 55 32 will
1689 854 75 30 leave
1792 853 43 29 Mr

1280 898 124 30 Harris's
1417 898 152 29 Residence
1580 908 36 18 on
1630 896 137 38 Mondays
1780 895 53 27 and

1280 939 168 37 Thursdays.

1318 979 119 36 Parcels,
1464 979 144 39 Packages
1637 977 56 29 and
1719 976 114 34 General

1281 1020 92 29 Goods
1398 1020 30 29 of
1461 1030 82 28 every
1578 1019 68 29 kind
1670 1017 107 30 carried
1807 1022 28 23 at

1281 1060 144 29 Moderate
1444 1060 94 29 Rates.

1281 1142 46 26 W
1332 1138 110 30 Parcels
1455 1138 44 29 for
1512 1138 121 38 delivery
1648 1147 62 28 may
1730 1136 34 28 be
1786 1136 52 28 left

1317 1184 29 25 at
1359 1179 47 30 the
1422 1178 55 31 Mt.
1492 1180 112 29 Bengkb
1618 1179 75 29 Mail
1706 1177 94 29 Office.

1359 1349 255 30 ASSESSMENT
1635 1347 134 32 COURT.

1336 1420 108 27 OTTCE
1461 1422 34 26 -Is
1524 1420 102 37 Hereby
1748 1420 52 25 that
1827 1428 11 16 a

1307 1456 4 38 -
1319 1462 9 11 1
1372 1458 97 36 Sitting
1482 1458 28 27 of
1520 1459 41 26 the
1584 1460 159 25 Asspssmmt
1762 1456 77 26 Court

1287 1497 36 26 for
1337 1496 42 26 the
1395 1496 119 33 Borough
1529 1496 28 27 of
1574 1496 137 34 Roxburgh
1736 1494 48 26 will
1811 1493 28 25 be

1287 1533 55 30 beld
1356 1540 25 21 at
1396 1533 41 28 the
1462 1534 171 35 Magistrate's
1660 1535 85 26 f*.urt,
1773 1531 51 28 Rx

1286 1573 128 31 burgh.on
1426 1572 207 29 THURSDAY,
1643 1575 63 24 2.167
1722 1570 115 26 APRIL.

1289 1610 73 27 1898.
1378 1616 24 20 at
1416 1610 42 26 the
1471 1611 62 25 hour
1552 1609 27 27 of
1600 1610 30 26 10
1653 1620 11 16 u
1678 1618 21 17 in
1712 1629 5 8 ,
1741 1609 37 25 br
1797 1607 40 27 the

1285 1657 105 26 purpose
1404 1648 23 26 of
1442 1647 105 36 hearing
1558 1647 50 27 and
1623 1646 169 33 nvtwmining
1806 1644 29 26 all

1285 1684 145 38 Objections
1461 1684 59 37 duly
1549 1684 90 36 lodged
1665 1684 100 28 airainst
1798 1683 39 26 ibe

1285 1723 136 27 Valuation
1437 1723 54 27 List
1504 1723 79 27 of.the
1596 1722 52 27 6aid
1666 1721 124 28 Bornuyb.

1317 1768 81 27 Given
1413 1769 78 26 under
1506 1778 40 18 uiv
1561 1767 66 29 bond
1649 1768 49 26 this
1718 1768 56 25 10b
1788 1766 47 30 day

1282 1806 24 28 of
1325 1807 99 33 March,
1443 1806 72 29 IBPB.

1413 1858 29 28 S.
1464 1858 32 28 E.
1517 1855 209 36 M'CARTHY,

1384 1904 88 31 Judge
1495 1905 26 24 of
1539 1906 158 24 Assessment
1718 1904 83 25 Court.

1379 1969 144 31 ONIONS
1545 1970 74 30 FOR
1640 1969 105 31 SALE.

1287 2068 91 53 POR
1402 2069 96 29 SALE
1523 2069 8 28 I
1534 2068 118 42 Cheap),
1675 2069 43 29 six
1736 2072 62 26 tons
1813 2068 28 29 of

1369 2114 6 22 (
1385 2112 97 33 hiioiis,
1493 2118 28 20 at
1538 2114 30 25 8s
1583 2122 49 27 per
1644 2115 62 25 cwt.
1716 2111 124 38 Apply

1447 2166 103 28 JOHN
1573 2166 92 29 HARI
1682 2166 46 37 IS,

1674 2207 130 38 Halwyn.

1389 2279 19 28 F
1428 2279 69 30 OR
1574 2278 173 30 SALE.

1289 2356 15 36 1
1331 2356 99 36 000
1451 2352 157 28 MANUKA
1633 2352 116 33 RAILS,
1771 2352 30 26 10
1816 2360 24 17 to

1289 2379 141 35 I,UUU
1470 2392 30 26 ]4
1520 2391 187 36 feet.Apply,

1484 2429 38 28 H.
1545 2428 184 35 CROSSAN,

1656 2468 150 26 R^anmont.

1484 2557 38 39 [A
1543 2556 99 39 Card.]

1428 2707 27 28 H
1495 2707 25 28 U
1563 2707 22 27 B
1625 2706 22 27 E
1680 2704 25 29 K
1743 2704 19 28 E
1797 2705 21 27 R
1835 2726 7 13 ,

1362 2766 134 22 TEACHER
1518 2765 35 21 OF
1574 2765 58 21 THE
1655 2764 111 27 VIOLIN,

1290 2819 68 30 Will
1372 2819 65 29 visit
1450 2817 161 38 Roxburgh*
1618 2816 106 38 weekly
1751 2817 91 36 (every

1489 2864 143 39 Monday.)

1268 3029 2 42 I
1288 3031 97 31 Terms
1398 3043 34 17 on
1442 3031 164 40 application
1618 3035 28 25 to
1657 3031 52 29 self
1719 3042 30 18 or
1760 3029 85 31 Office

1466 3081 29 28 of
1508 3080 56 28 this
1578 3080 97 38 Paper.

1490 3192 38 39 [A
1550 3192 97 40 Card.]

1291 3306 130 50 PRED.
1491 3307 48 30 W.
1606 3306 241 37 SHOKTLAND,

1486 3358 156 24 FOLICITOR,

1438 3400 25 30 A
1476 3409 15 20 L
1504 3408 190 21 EXANDKA.

1327 3495 46 30 Mr
1388 3494 151 31 Shortland
1555 3491 111 31 attends
1680 3492 47 29 the
1748 3492 99 30 Courts

1284 3539 29 25 at
1339 3535 157 35 Cromwell,
1511 3534 97 38 Clyde,
1624 3533 155 39 Roxburgh
1792 3532 53 29 and

1284 3575 113 30 Blacks.

1283 3693 46 53 R
1334 3736 12 12 #
1367 3694 34 40 J.
1433 3695 45 38 B.
1511 3693 163 42 YULE,
1699 3692 144 43 L.D.S.,

1371 3777 195 45 Surgeon
1602 3772 163 45 Dentist,

1414 3844 301 34 INVERCARGILL.

1388 3950 45 27 Mr
1458 3948 78 29 Yui.B
1559 3945 54 30 will
1635 3946 62 28 visit

1295 4017 257 36 DISPENSARY,
1579 4014 248 35 ALEXANDRA,

1526 4077 63 29 And

1281 4132 166 33 HERON'S
1463 4130 136 35 HOTEL,
1616 4129 222 33 ROXBURGH,

1282 4222 223 58 JONES'S
1596 4217 243 58 COALPIT,

1432 4296 99 31 COAL
1553 4293 139 32 CREEK.

1284 4382 120 28 T>EST
1425 4377 158 31 MGNITK
1603 4377 26 28 in
1656 4376 46 29 the
1724 4374 113 30 District

1284 4413 46 23 -*-*
1371 4423 44 27 for
1449 4417 143 34 Steaming
1618 4428 31 17 or
1679 4413 157 31 Household

1282 4472 133 27 purposes
1433 4458 138 30 delivered
1587 4462 27 24 at

1545 4498 80 30 Cash.
1695 4494 123 31 Booked.

1282 4541 155 39 Roxburgh
1508 4563 29 6 ...
1566 4539 45 28 10s
1672 4537 46 28 lis
1732 4546 49 28 per
1792 4541 44 23 ton

1282 4584 57 29 The
1355 4583 45 28 Pit
1510 4604 28 5 ...
1582 4590 30 18 Os
1689 4579 30 26 ti<

1281 4623 155 36 Roxburgh
1476 4621 68 28 East
1566 4621 47 27 lis
1675 4619 44 27 12s
1774 4640 15 9 ~

1281 4665 57 28 The
1354 4663 127 33 Dredges
1510 4685 29 5 ...
1564 4659 129 30 Contract
1722 4657 96 29 I'rices.

1265 4764 3 40 i
1320 4770 58 28 The
1400 4767 159 37 Proprietor
1572 4766 48 28 has
1635 4764 99 35 special
1750 4764 73 28 fa<ih-

1266 4801 3 49 j
1282 4811 52 27 ties
1345 4810 44 27 for
1402 4807 122 37 delivery
1539 4806 25 27 in
1580 4816 53 25 any
1658 4809 61 33 p?irt
1743 4804 29 27 of
1793 4805 46 27 the

1266 4842 2 40 !
1282 4849 127 33 District,
1436 4846 53 29 and
1519 4844 159 31 Customers
1707 4854 58 28 may
1781 4842 56 40 rely

1266 4880 50 39 lon
1333 4889 85 36 being
1429 4886 138 39 promptly
1583 4884 135 38 supplied.

1322 4929 102 27 Orders
1437 4937 62 26 inay
1515 4926 33 27 be
1563 4925 48 28 left
1626 4929 28 23 at
1675 4924 47 28 the
1738 4925 100 26 Mount

1267 4965 3 40 j
1284 4969 116 28 Bexger
1415 4966 76 29 Mail
1505 4965 93 28 Office.

1320 5052 12 23 >
1453 5047 352 40 WINN

1320 5084 15 18 j

1291 5119 135 27 PALMER,
1451 5117 131 28 OLAZIEB,
1605 5117 93 22 PAPER
1719 5116 122 23 HANGER

1359 5155 67 22 SIGN
1447 5153 116 23 WRITER
1587 5152 60 21 AVD
1671 5151 93 24 HOUSE

1473 5185 177 26 DECORATOR,

1377 5243 70 28 Ross
1468 5242 99 34 Place,
1588 5239 160 31 Lawbkxce.

1324 5369 41 28 On
1383 5366 63 28 Sale
1459 5376 13 17 a
1486 5365 75 37 large
1572 5362 53 29 and
1637 5360 90 31 varied
1739 5364 86 24 assort
1831 5377 10 6 -

1268 5393 2 57 I
1287 5415 76 23 ment
1376 5408 29 27 of
1419 5406 67 29 Oils.
1503 5405 103 34 Paints,
1630 5402 99 34 Scrim,
1752 5400 88 36 Glnw*,

1268 5440 2 47 i
1287 5446 229 41 Paperbangicga
1539 5444 53 28 and
1614 5442 135 29 Painters'
1769 5440 55 28 Sun-

1268 5489 2 35 ;
1286 5489 83 30 dries.

1324 5529 68 30 New
1402 5527 52 30 and
1464 5524 172 32 fashionable
1644 5522 73 30 Wall
1731 5521 111 39 Papers,

1288 5570 71 29 from
1374 5569 36 28 5d
1432 5578 50 29 per
1502 5567 76 39 piece
1602 5564 136 40 upwards,
1782 5564 3 43 i
1802 5568 27 21 at-

1287 5617 77 22 terns
1378 5614 62 24 sent
1452 5619 34 18 on
1509 5606 176 39 application,
1700 5610 59 32 post
1776 5602 66 28 free.

1325 5650 148 29 Estimates
1487 5647 84 40 given
1583 5646 44 29 for
1650 5642 117 31 General
1790 5641 36 28 Re-

1287 5692 84 37 pairs.

1327 5728 161 32 Celebrated
1505 5727 130 32 Lustruss
1654 5725 91 34 Paint,
1760 5722 81 39 ready

1266 5769 2 37 ;
1285 5771 101 35 mixed,
1400 5769 35 30 all
1451 5769 122 29 Colours.

2009 329 370 67 Tidings

1862 512 264 72 Chris

2148 531 221 48 omK

1867 718 89 54 W.
1987 718 56 56 T.
2078 714 339 58 TALBOYS

1863 790 114 39 Having
1997 791 79 31 made
2095 804 15 17 a
2130 790 92 40 Large
2239 788 138 29 Purchase
2390 788 28 28 of

1881 871 222 39 SAMPLE
2128 867 277 43 CLOTHING

1865 937 83 30 From
1962 939 46 29 the
2032 939 172 32 Wellington
2227 936 128 29 Woollen
2371 935 47 29 Co.

1954 1071 131 47 Large
2126 1069 208 44 Discount,

1870 1179 338 40 ORIGINAL
2252 1178 169 39 COST.

1871 1418 90 29 Men's
1983 1418 99 29 Tweed
2103 1418 143 36 Trousers,
2259 1418 36 29 all
2317 1418 107 28 sizes

1934 1462 37 26 .6s
1991 1459 49 28 lid
2074 1454 6 34 I

1871 1507 91 29 Men's
1975 1506 87 30 Black
2075 1505 130 31 Worsted
2218 1506 84 30 Vests
2304 1506 69 28 6s
2387 1505 35 29 Gd

2027 1588 134 38 Splendid
2180 1588 54 28 Lot
2246 1588 29 28 of

1873 1644 108 29 BOYS'
1992 1644 122 29 SERGE
2123 1643 177 30 KNICKER
2310 1642 112 30 SUITS

2079 1691 45 29 All
2139 1691 77 29 sizes.

1929 1779 117 30 MKN'S
2079 1779 110 36 HATS,
2219 1777 147 36 SHIRTS,

1957 1833 181 37 SCARVES,
2153 1832 187 30 BRACES

1985 1886 50 27 %In
2056 1885 108 28 endless
2178 1885 113 37 variety.

1871 1964 91 41 Large
1995 1964 158 42 Shipments
2184 1964 30 31 of
2248 1966 48 30 the
2328 1967 94 30 Latest

1910 2007 92 30 Goods
2020 2009 69 28 from
2103 2007 46 30 the
2163 2007 222 32 Manufacturers

2096 2047 103 29 in

1871 2087 121 31 DRESS
2008 2088 151 38 STUFFS,
2170 2089 147 38 PRINTS,
2328 2089 71 31 MUS-

1907 2145 102 36 LINS,
2024 2145 192 35 VEILINGS,
2231 2145 160 37 GLOVES,
2406 2156 16 18 u

2080 2185 57 38 &c,
2158 2185 60 38 &c,

1900 2241 39 27 At
1954 2239 92 29 Prices
2058 2239 87 29 which
2161 2243 72 24 must
2246 2239 50 29 sell
2310 2239 84 29 them.

1983 2321 25 27 A
2036 2320 135 28 Beautiful
2205 2320 53 29 Lot
2283 2321 31 28 of

2033 2378 241 30 UMBRELLAS.

1919 2501 217 38 Trimmed
2159 2501 230 48 Millinery,

1870 2563 31 29 of
1924 2564 90 29 which
2041 2573 40 19 we
2105 2563 68 30 lmve
2199 2575 15 17 a
2239 2575 66 28 very
2331 2563 94 31 choice

2055 2610 137 36 selection,
2213 2615 28 24 at

1875 2667 169 51 Greatly
2067 2668 188 42 Reduced
2278 2669 147 39 Prices.

2149 2903 143 36 7RGH,

1872 2999 205 31 TRANSFER
2108 2998 48 30 OF
2185 2997 242 32 GOLDFIELDS

2086 3031 136 39 HbTEL.

1884 3123 29 57 J
1943 3124 28 26 A.
2005 3120 97 29 BOYD
2128 3119 61 34 begs
2220 3125 25 22 to
2275 3119 79 28 thank
2386 3119 41 29 the

1966 3159 120 28 residents
2112 3158 28 27 of
2161 3158 134 34 Roxburgh
2312 3157 47 26 and
2373 3168 41 17 sur-

1875 3197 127 30 rounding
2021 3196 110 27 districts
2154 3194 48 29 and
2227 3195 41 27 the
2294 3195 134 37 travelling

1862 3232 1 42 [
1876 3236 83 38 public
1973 3236 35 26 for
2023 3235 63 27 their
2105 3232 86 30 liberal
2214 3239 103 30 support
2339 3234 24 26 in
2387 3235 41 26 the

1862 3270 1 40 !
1876 3280 62 30 past,
1952 3273 48 28 and
2014 3277 26 21 to
2053 3272 79 34 notify
2147 3271 56 27 that
2223 3270 31 27 he
2267 3270 45 27 has
2336 3271 75 28 Trans-

1862 3308 1 36 i
1875 3311 79 27 ferred
1969 3310 40 28 the
2034 3310 120 28 Business
2177 3308 75 36 lately
2277 3309 95 26 carried
2396 3317 31 19 on

1862 3345 1 32 I
1876 3349 31 28 bv
1921 3349 52 28 him
1987 3353 25 22 at
2025 3348 42 27 the
2081 3345 139 30 Goldfields
2241 3345 76 27 Hotel
2342 3352 25 20 to
2385 3347 43 26 Mr

1862 3387 55 31 |W.
1943 3386 32 29 G.
2001 3385 196 32 Bransobove,
2223 3384 38 27 for
2287 3384 81 27 whom
2399 3384 29 26 he

1862 3422 1 29 ;
1876 3425 80 26 would
1970 3424 82 27 solicit
2064 3432 15 19 a
2091 3423 167 28 continuance
2268 3422 29 27 of
2307 3422 42 27 the
2361 3431 67 17 same

1875 3461 84 30 liberal
1978 3467 146 32 patronage.

1909 3535 42 28 W.
1971 3535 30 29 G.
2025 3533 245 29 BRANSGROVE
2290 3537 44 23 has
2354 3532 73 27 much

1874 3574 112 36 pleasure
2010 3573 26 28 in
2058 3572 164 34 announcing
2246 3570 56 29 that
2328 3571 30 27 he
2383 3570 45 28 has

1874 3612 73 27 taken
1961 3620 59 19 over
2032 3610 43 28 the
2094 3608 139 29 Goldfields
2256 3608 89 33 Hotel,
2361 3608 50 28 Rox-

1874 3650 90 35 burgh,
1978 3648 49 28 and
2045 3648 26 27 in
2084 3647 92 33 asking
2189 3647 36 27 for
2236 3656 14 18 a
2262 3647 166 27 continuance

1872 3688 28 26 of
1910 3688 40 26 the
1963 3691 104 32 support
2088 3683 120 29 accorded
2229 3690 26 21 to
2277 3684 38 27 bis
2337 3684 73 37 prede-

1871 3734 90 22 cessor,
1977 3725 29 25 he
2020 3723 90 27 wishes
2124 3728 26 21 to
2172 3731 84 17 assure
2279 3723 42 26 the
2344 3721 84 37 public

1872 3763 56 27 that
1953 3761 42 28 the
2018 3759 78 29 Hotel
2118 3759 52 28 will
2192 3759 30 28 be
2239 3759 140 28 conducted
2392 3768 33 19 on

1870 3799 133 28 first-class
2016 3800 63 27 lines
2092 3799 49 27 and
2161 3798 54 27 that
2229 3799 41 26 the
2284 3807 123 18 accommo-

1870 3839 86 26 dation
1970 3836 50 28 will
2034 3836 29 28 be
2076 3836 28 28 of
2114 3836 41 28 the
2169 3845 58 27 very
2242 3835 61 29 best.

1960 3913 187 31 TUAPEKA
2171 3913 166 31 COUNTY.

1869 3998 12 11 r
1883 3991 173 28 PENDERS
2076 3992 50 26 will
2150 3991 28 26 be
2201 3991 109 27 received
2335 3991 31 37 by
2382 3991 42 27 rhe

1945 4029 120 37 Tuapeka
2088 4029 99 34 County
2219 4029 104 28 Council
2357 4030 64 27 until

1869 4077 63 18 noon
1956 4078 29 16 on
2206 4068 71 26 11th
2303 4067 121 32 APRIL,

1873 4107 71 31 1808,
1964 4106 72 26 for

1903 4154 122 28 Contract
2039 4155 49 26 464
2107 4154 182 33 (Government
2312 4154 77 33 Vote)

1975 4191 94 34 Filling
2083 4193 46 26 and
2145 4191 106 33 Carting
2265 4191 73 31 1,500
2352 4192 71 27 cubic

1973 4231 73 26 vards
2060 4232 80 32 (more
2158 4239 28 16 or
2209 4229 58 33 lens)
2285 4230 24 25 of
2331 4229 91 26 Oravei

1973 4267 110 28 between
2097 4267 93 28 Allen's
2204 4266 51 27 Hill
2263 4267 47 26 and
2325 4266 99 28 Elliot's

1971 4306 72 27 Gate.

1903 4356 122 28 Contract
2039 4356 50 28 455
2112 4356 183 33 (Government
2309 4354 80 33 Vote)

1972 4393 98 33 Filling
2084 4393 48 27 and
2144 4393 106 33 Carting
2265 4392 76 30 1,400
2353 4393 71 26 cubic

1971 4431 75 36 yards
2060 4432 80 33 (more
2152 4440 28 17 or
2204 4429 59 33 less)
2286 4429 27 26 of
2329 4429 91 28 Gravel

1972 4468 112 27 between
2099 4467 97 28 Elliot's
2211 4466 64 27 Gate
2288 4466 49 27 and
2362 4466 59 27 Coal

1971 4507 88 26 Creek.

1902 4556 120 28 Contract
2036 4555 50 27 45G
2108 4554 184 34 (Go/ernment
2311 4551 76 35 Vote)

1972 4593 95 34 Filling
2080 4593 49 27 and
2143 4591 107 33 Carting
2263 4589 74 32 1,250
2350 4589 71 27 cubic

1972 4632 74 34 yards
2060 4633 80 31 (more
2152 4638 28 17 or
2203 4628 58 34 less)
2284 4626 28 28 of
2331 4625 91 29 Gravel

1971 4669 61 26 from
2058 4668 44 26 Mr
2116 4666 110 28 William
2244 4664 84 27 Rain's
2350 4663 58 27 Resi-

1971 4706 77 26 dence
2062 4704 108 28 towards
2185 4702 150 36 Roxburgh.

1905 4757 122 26 Contract
2049 4754 103 29 4578
2183 4753 86 28 chains
2303 4751 27 28 of
2355 4750 69 27 Road

1973 4793 146 26 Formation
2159 4800 59 17 near
2256 4791 42 25 Mr
2332 4788 93 27 Robert

1972 4830 131 27 Crossan's
2126 4828 139 28 Residence
2279 4836 30 18 on
2325 4826 60 28 road
2401 4831 24 21 to

1972 4867 119 37 Nobby'*.

1904 4916 190 35 Specifications
2109 4923 23 19 to
2145 4916 30 26 be
2188 4923 56 18 seen
2269 4920 24 20 at
2317 4913 108 27 Mount

1871 4956 118 27 Bender
2013 4953 80 27 Ma-l
2115 4953 84 30 Office,
2216 4950 147 31 Roxburgh,
2378 4949 47 28 and

1869 5001 25 21 at
1909 4991 120 35 Tuapeka
2052 4991 101 38 County
2167 4989 98 33 Oifices,
2280 4989 145 26 Lawrence.

1905 5039 42 27 Mr
1959 5036 69 28 John
2053 5037 121 36 Wringer,
2194 5035 101 35 County
2310 5033 100 28 Surface-

1870 5085 66 22 man,
1951 5073 49 28 will
2015 5080 64 21 meet
2092 5073 131 36 intending
2255 5072 132 27 lenderers
2401 5077 24 20 at

1871 5112 60 29 Coal
1945 5111 79 28 Creek
2038 5120 31 18 on
2083 5111 123 37 Tuesday,
2226 5109 43 30 sth
2295 5108 82 37 April,
2401 5115 24 20 at

1873 5151 29 27 10
1916 5159 67 23 am.,
1996 5148 48 29 and
2059 5150 49 27 will
2127 5151 58 35 give
2208 5149 32 28 all
2264 5146 161 30 information

1870 5187 120 37 required.

2016 5222 118 30 JAMES
2159 5223 158 32 BENNET,

1912 5261 137 27 Chairman
2061 5262 119 37 Tuapeka
2194 5262 101 35 County
2306 5260 116 29 Council.

1902 5310 142 33 Lawrence,
2059 5313 61 27 25th
2134 5312 96 30 March,
2247 5311 72 28 1898.

1954 5379 186 33 TUAPEKA
2177 5380 166 32 COUNTY.

1922 5456 104 28 OTICK
2053 5459 26 26 Is
2112 5458 100 29 Herebv
2249 5457 81 28 Given
2368 5456 54 26 that

1957 5494 145 29 ALFRED
2136 5494 205 30 STEVENSON
2380 5492 43 28 has

1872 5532 58 26 hepn
1945 5534 134 35 appointed
2096 5544 14 18 a
2129 5534 73 28 DOG
2219 5530 205 31 REGISTRAR

1871 5572 36 24 tor
1920 5570 121 35 Tuapeka
2053 5572 108 37 County,
2185 5572 40 26 the
2255 5567 167 38 Registration

1872 5607 74 27 Office
1978 5609 75 35 being
2081 5610 39 26 his
2160 5611 95 35 private
2286 5607 138 31 residence,

1875 5643 144 30 Beaumont.

2036 5683 95 30 JOHN
2145 5685 25 28 J.
2187 5682 132 31 WOODS,

1972 5721 100 37 County
2086 5723 84 34 Clerk,
2182 5721 118 37 Tuapeka
2314 5718 99 34 Couniy

1905 5769 141 35 Lawrence,
2060 5772 61 28 16th
2136 5770 98 34 March,
2249 5769 72 28 189?.

2521 188 53 31 ST.
2594 188 135 33 JAMbS'
2753 188 172 31 CHURCH.

2660 279 30 17 on
2706 270 103 32 Sunday
2826 268 66 26 N\-xt
2908 267 47 27 will
2971 268 28 25 lw

2469 320 9 5 -
2519 308 139 27 conducted
2685 309 30 35 by
2742 307 41 26 the
2811 307 60 25 Ifev.
2899 305 38 28 VV.
2967 306 29 25 11.

2447 344 129 29 Browne.

2481 393 122 36 Morning
2617 395 55 34 (11)
2676 393 104 36 Holy
2799 392 165 29 Communion

2481 431 115 37 Evening
2610 439 24 20 at
2649 433 13 26 7
2675 431 98 28 (/clock.

2653 481 101 26 THUS*.
2773 480 90 26 COOP

2656 519 26 25 L.
2706 517 27 27 E.
2753 516 144 33 HAINES,

2742 556 99 26 Church
2844 555 119 26 wttnlpn*.

2448 629 272 30 PRELIMINARY
2742 652 90 7 ....

2553 701 92 8 ....
2666 676 335 32 ANNOUNCEMENT.

2449 760 110 42 Grand
2573 760 172 41 Dramatic
2760 759 241 42 Performance

2469 819 39 34 (in
2521 818 45 27 aid
2579 818 27 25 of
2620 817 147 36 Roxburgh
2781 817 99 35 Jockey
2895 817 90 34 Club).

2542 896 158 36 FRIDAY,
2723 898 45 27 Ist
2789 895 125 30 APkIL.

2452 977 168 54 MONSTER
2630 976 147 29 TROUBLE
2787 975 216 30 T)KOGRAMMR

2510 1004 110 23 ONSTER
2629 997 146 34 JL/OUBLE
2788 1003 25 28 J_
2834 1004 170 21 ROGRAMME.

2618 1088 46 24 out
2692 1085 39 26 for
2761 1085 50 26 full
2838 1082 167 37 Programme

2653 1125 63 23 next
2735 1123 77 25 issue.

2469 1160 26 27 A
2505 1159 131 36 Splendid
2650 1158 143 37 Evening's
2806 1159 183 27 Amusement.

2453 1235 139 28 Dramatic
2620 1235 221 28 Entertainment
2860 1243 49 18 and
2929 1233 76 27 Ball.

2648 1313 32 28 P.
2700 1313 27 28 J.
2749 1311 146 35 DUxnNE,

2819 1351 74 30 Hon.
2909 1351 60 28 Sec.

2502 1416 127 29 CLYDE
2649 1416 149 29 EASTER
2819 1416 151 28 SPORTS.

2503 1492 131 29 NTRIES
2666 1493 36 27 for
2731 1493 99 36 Bicycle
2859 1492 75 28 Knees
2960 1492 47 26 and

2454 1528 43 40 '
2537 1531 48 37 100
2585 1531 48 37 yds
2650 1531 131 36 Handicap
2794 1531 64 27 close
2881 1538 25 20 at
2929 1530 78 28 Clvde

2452 1579 31 16 on
2528 1569 207 30 SATURDAY,
2784 1569 58 26 2nd
2890 1571 19 23 A
2916 1569 84 25 PHIL

2455 1605 101 27 Entries
2570 1615 57 27 may
2642 1606 29 27 be
2691 1605 70 27 made
2782 1605 59 27 with
2867 1605 41 26 Mr
2933 1606 29 27 D.
2979 1608 27 24 A.

2452 1644 146 32 Buchanan,
2614 1644 150 32 Roxburgh.

2588 1689 27 28 J.
2636 1691 31 26 D.
2690 1687 217 33 BUCHANAN,

2556 1728 71 25 Hon.
2637 1728 55 26 Sec.
2706 1727 79 34 Clyde
2799 1727 87 32 Sports
2901 1725 73 28 Clul.
