2571 3983
43 54 2498 143 THE

43 197 395 74 NEW
569 197 920 74 ZEALAND
1621 197 920 74 GAZETTE

43 271 2498 74 AND

43 345 1189 74 WELLINGTON
1351 345 1190 74 SPECTATOR.

575 462 221 41 PUBLISHED
840 459 132 40 EVERY
1016 452 257 44 WEDNESDAY
1317 451 87 38 AND
1447 448 230 39 SATURDAY
1721 444 206 41 MORNJNG.

86 590 66 31 NO.
172 587 94 39 309.]

598 579 110 28 PORT
730 574 257 33 NICHOLSON,
1009 567 226 36 SATURDAY
1256 563 211 37 MORNING,
1487 563 229 32 DECEMBER
1736 565 52 32 23,
1813 563 88 29 1843.

2241 556 95 41 [Vol;
2355 554 54 32 IV.

54 672 18 33 '-.
82 670 87 40 .".s&'*
192 678 4 6 '
229 668 195 44 Tot.pma.don,

65 719 45 24 For
118 715 59 28 light
184 703 279 39 freigbtlan&passengers
473 707 60 29 only,
543 707 43 22 has
595 707 30 22 all

35 745 51 23 her-
93 744 59 22 dead
165 742 86 27 weight
266 738 111 28 engaged,
387 737 46 22 and
448 735 46 23 will
506 733 119 30 positively,

37 771 30 23 be
76 769 133 28 dispatched
217 775 32 14 on
550 789 5 3 .

68 797 22 28 .'
109 785 16 13 *
153 801 53 22 sth
217 794 207 28 JANUARY,
449 795 62 27 1844,

200 829 45 24 Tt\
260 827 25 27 !H
299 830 21 23 E
328 849 4 7 ,
409 827 45 24 fine'
491 846 29 7 ...
540 827 88 27 barque

207 866 30 16 -*-
307 854 258 27 INDEMNITY,

47 877 145 39 JJJBmS&L
213 887 43 22 312
272 888 51 19 ton3
324 900 6 11 '
341 884 22 22 R
384 882 116 28 Sedgwick
515 886 115 17 comraan-

215 913 46 27 der,
275 912 44 22 has
338 917 42 16 one
395 913 61 18 stern
470 908 66 23 cabin
554 907 76 21 diSen-

40 931 158 38 BH^^^H|
215 938 80 29 gaged,
304 937 46 24 and
360 935 103 29 splendid
475 932 157 25 accommoda-

216 967 59 29 t^ons
281 965 36 22 for
325 963 159 24 intermediate
491 965 139 24 passengers,

41 992 56 32 With
147 999 80 24 liberal
242 998 94 27 dietary.
366 997 43 22 For
424 999 68 19 terms
510 994 24 22 of
548 990 83 27 which,

42 1029 69 27 apply
119 1030 23 19 to
167 1037 6 6 •

261 1060 134 23 RtDGWAYS,
407 1056 107 25 GIJYTON,
529 1053 21 22 &
565 1052 39 22 Co.

73 1094 147 27 Wellington,
230 1092 128 23 December
369 1092 32 26 19,
413 1090 62 22 1843.

93 1137 196 30 PASSAGE
317 1136 51 21 TO
396 1130 189 26 LONDON.

191 1172 60 27 Fox,
259 1169 119 22 London
393 1168 96 21 direct.

58 1208 104 28 <<»35i,
202 1210 93 26 rpHE
318 1209 51 22 fine'
383 1208 44 22 fast
445 1206 82 28 sailing
548 1205 87 27 barque

65 1227 111 39 ;Jg?gL
209 1227 29 33 JL
357 1235 166 23 TYRIAN,

50 1258 151 37 >ffigi3»'
215 1266 41 22 225
266 1267 52 19 tons
327 1262 101 28 register,
444 1261 86 23 Robert
539 1260 98 26 August.

49 1286 152 37 ■■HS&
219 1291 110 23 Clarkson
340 1288 151 25 commander,
500 1288 42 21 has
557 1286 32 23 all
598 1286 42 21 her

49 1310 146 37 VS^ttar
217 1324 67 21 cargo
294 1316 108 28 engaged,
411 1315 45 23 and
465 1314 47 23 will
520 1312 120 29 positively

216 1345 29 22 be
256 1343 136 28 despatched
402 1349 29 15 on
441 1342 37 22 the
483 1342 53 22 26th
541 1341 99 22 Decem-

48 1377 48 21 ber.
122 1375 47 22 For
178 1372 66 24 cabin
261 1377 103 22 passage,
374 1369 68 28 apply
451 1372 24 18 to
492 1368 39 22 the
545 1366 95 29 Captain

49 1410 31 14 on
89 1401 78 27 board,
179 1408 26 14 or
216 1403 22 19 to

344 1424 96 22 Samuel
454 1422 47 22 and
515 1425 97 18 Joseph.

77 1453 133 24 November
219 1453 34 26 21,
266 1452 62 22 1843.

82 1502 55 21 For
155 1498 129 25 London,
297 1497 47 21 via
363 1495 166 24 Newcastle,
546 1493 70 23 New

245 1524 87 23 South
350 1522 102 23 Wales*

97 1554 82 30 Td^tail
187 1565 28 15 on
225 1561 26 18 ot
259 1557 64 20 about
332 1555 42 22 the.
378 1554 41 21 lsf
421 1554 105 25 January,
536 1552 66 21 1844.

95 1590 73 29 .jgflSr
224 1593 93 26 HPHE
343 1592 47 23 fine
417 1591 44 24 fast
487 1589 82 28 sailing
596 1588 52 27 brig,

85 1610 110 42 £BB|k
231 1610 30 34 A
358 1610 202 37 GANNETT,

82 1641 135 37 iTrafsß''
237 1649 41 22 has
287 1654 62 16 room
358 1647 37 22 for
404 1646 69 22 about
482 1652 44 15 one
539 1643 108 22 hundred

74 1667 133 30 M/nUMWr
237 1679 52 19 tons
308 1674 60 23 dead
383 1672 91 28 weight,
492 1671 45 23 and
552 1671 40 22 she
602 1669 45 24 will

60 1695 162 38 £s§33tS&
237 1705 61 20 meet
316 1701 55 23 with
388 1699 130 24 immediate
536 1697 109 28 dispatch,

119 1731 5 5 *
151 1747 4 4 .
231 1729 70 28 being
310 1728 74 23 uftder
393 1728 151 26 engagement
557 1728 24 19 to
595 1724 53 22 load

57 1758 57 24 wool
125 1761 24 19 at
158 1756 135 24 Newcastle.
313 1754 57 30 <*L~'

84 1793 46 22 For
135 1792 88 28 freight
231 1798 26 15 or
271 1782 101 37 pasfsjfe)
389 1787 67 33 apply
465 1790 22 20 to
503 1786 48 23 Mr.
562 1785 85 23 Nichol

56 1827 33 16 on
98 1820 78 26 board,
187 1826 27 15 or
223 1822 24 18 to

376 1843 84 22 Waitt
475 1840 45 24 and
534 1839 87 23 Tyser.

86 1879 148 27 Wellington,
245 1878 58 22 Dec.
313 1877 35 26 15,
360 1876 61 22 1843.
555 1879 3 4 '

56 1931 57 21 For
126 1929 116 24 Nelson,
254 1925 175 27 Valparaiso,
443 1924 55 21 and
513 1921 137 39 England.

51 2024 4 4 '
70 2000 146 42 Jra&fn&,
231 2010 94 28 Captain
334 2008 79 27 Smith,
420 2009 41 20 650
471 2010 57 23 tons,
539 2005 46 22 will
593 2008 59 19 meet

259 2074 44 23 For
311 2072 84 28 freight
404 2079 25 14 or
442 2078 99 21 passage,
553 2069 66 28 apply
632 2072 20 18 to

233 2101 38 22 the
282 2101 96 27 Captain
386 2107 30 14 on
426 2099 77 26 board,
514 2105 24 14 or
549 2100 23 19 to

347 2134 36 22 W.
399 2133 26 23 B.
441 2133 96 22 Rhodes
552 2132 20 20 &
586 2131 40 21 Co.

86 2164 131 23 December
227 2165 34 24 12,
273 2163 61 22 1843.

216 2215 64 26 Ship

87 2245 66 34 rjtet
182 2247 225 32 /CONSIGNEES
421 2246 31 27 by
458 2245 38 22 the
506 2245 73 22 above
585 2247 67 18 vessel

77 2268 97 38 JbSL
183 2282 41 18 v^
254 2283 38 15 are
302 2274 120 29 requested
431 2278 24 17 to
473 2272 56 23 send
545 2271 37 22 for
600 2269 52 23 their

195 2303 79 23 Goods
292 2302 94 22 without
400 2300 74 28 delay,
491 2307 24 14 as
530 2298 38 22 the
585 2297 67 22 vessel

65 2323 112 34 llggggpr
195 2330 46 23 will
255 2330 29 22 he
299 2337 30 14 on
343 2329 133 25 demurrage
490 2326 59 22 after
563 2325 38 22 the
611 2325 41 21 21st

184 2358 6 4 *
198 2359 94 21 instant.
383 2356 8 9 v

93 2394 86 23 Parties
188 2393 83 22 known
283 2396 22 17 to
316 2391 38 22 the
372 2391 87 26 Agents
470 2388 44 23 will
527 2387 28 23 he
565 2386 87 23 allowed

66 2426 24 19 to
101 2422 51 22 take
162 2420 59 23 their
236 2419 77 23 Goods
331 2425 29 15 on
377 2417 89 28 signing
482 2415 69 23 blank
567 2413 56 24 Bills
637 2415 15 19 oi

69 2449 87 25 Lading
165 2448 34 22 for
210 2448 38 21 the
257 2453 69 16 same.

141 2461 13 15 fa
245 2493 4 5 .
350 2472 36 21 W.
401 2471 27 22 B.
444 2471 96 22 Rhodes
557 2469 21 22 &
592 2469 40 21 Co.

95 2507 128 25 December
233 2507 34 26 15,
283 2506 62 22 1843.

295 2556 130 25 Wanted,

101 2596 62 19 '-aa,
215 2594 15 20 A
251 2593 14 22 S
283 2593 34 21 Ist
332 2589 135 23 OFFICER
479 2589 36 22 for
529 2588 38 22 the
578 2587 74 28 barque

96 2615 83 24 .ami
205 2608 35 31 A
358 2618 105 21 glen
466 2617 88 21 arm.

79 2639 112 43 JB^Ht
211 2647 66 29 apply
289 2650 22 19 to
321 2645 39 23 the
371 2645 94 28 Captain
475 2651 28 15 on
515 2642 78 27 board,
604 2649 26 15 or
637 2644 15 19 tc

397 2679 23 22 J«
437 2678 108 22 Boucott
560 2677 21 22 &
597 2676 40 22 Co.

99 2719 68 23 None
186 2716 60 24 need
264 2714 67 30 apply
352 2714 95 22 without
465 2720 14 15 a
497 2711 61 29 good
580 2717 72 16 recom

71 2746 138 24 mendation.
269 2754 5 4 -

440 2768 70 21 Capt.
526 2766 32 22 H.
576 2765 61 22 Goy.

100 2805 149 28 Wellington,
259 2802 57 23 Dec.
328 2803 34 25 12,
374 2801 61 22 1843.

225 2855 142 23 Schooner

297 2887 147 24 NOTICE.

101 2922 61 22 :I£A
211 2925 72 23 all
313 2921 136 25 PARTIES
475 2920 85 28 having
584 2918 68 29 .Claim

88 2945 154 32 flSkxX
269 2951 93 28 against
381 2949 38 23 the
443 2948 73 23 above
538 2946 81 28 vessel,
644 2953 8 15 o

205 2979 100 28 against-
309 2978 42 24 the
367 2977 94 22 Owners
470 2974 95 27 thereof,
578 2974 27 22 of
609 2973 43 23 wha

77 2998 111 40 WjßKr
205 3009 82 20 nature
304 3010 87 21 soever,
390 3001 3 7 1
408 3010 38 15 are
461 3001 121 30 requested
592 3003 24 19 to
624 3001 28 21 fot

105 3038 4 3 '
142 3035 4 5 '
205 3031 61 24 ward
275 3031 63 23 them
350 3037 22 15 to

306 3061 54 27 J\fov
364 3062 116 22 'Richard
495 3060 91 25 Eagar,

444 3087 114 23 Lanibton
569 3086 74 27 Quay,

286 3118 97 21 Without
396 3116 70 25 delay*

106 3154 130 25 December
246 3155 35 26 19,
292 3153 63 21 1843.

81 3205 117 28 (3PARS
214 3204 62 24 FOR
290 3202 89 27 SALE,
387 3202 27 22 of
416 3201 104 23 dWerent
527 3199 125 23 dimension!

80 3234 35 24 »J
144 3233 66 28 lying
224 3235 25 19 at
267 3231 46 23 Kai
332 3229 87 23 Warra.
456 3228 75 27 Large
549 3225 103 30 quarititic

78 3268 44 16 can
131 3261 29 22 be
174 3258 118 24 furnished
307 3260 24 20 to
348 3256 74 28 order,
438 3255 35 23 for
489 3257 145 25 exportation
649 3259 3 16 t

78 3288 69 23 home
156 3292 49 18 use:
229 3294 4 4 •

342 3318 65 20 ALSO,

106 3349 50 23 The
165 3349 78 22 Lease
253 3347 25 23 of
285 3347 72 25 about
364 3346 28 22 50
402 3352 63 15 acres
473 3344 28 23 of
506 3342 56 25 land
575 3345 24 20 at
612 3342 40 22 Oru

79 3375 92 25 Motera
182 3377 25 26 (a
216 3375 45 23 fine
276 3373 143 29 bay'district
433 3372 70 22 about
513 3373 14 21 6
541 3369 66 24 miles
615 3369 37 22 froi

80 3402 159 29 Wellington),
256 3401 54 23 with
326 3401 41 21 the
383 3400 71 22 house
470 3406 29 15 on
517 3398 39 22 the
569 3398 83 26 ground

80 3432 64 22 there
154 3438 37 15 are
202 3430 70 22 about
280 3431 39 20 ten
335 3435 63 15 acies
411 3426 97 27 cleared,
528 3424 47 23 and
591 3424 51 22 four
651 3430 1 15 i

79 3457 144 25 cultivation.
253 3456 44 22 For
306 3454 88 24 further
402 3453 141 30 partidtdturb;
553 3450 70 30 apply
633 3454 19 19 to

275 3490 120 23 Kenneth
410 3489 154 25 Mathibson,

191 3523 56 30 Ship
263 3522 109 27 Building
385 3520 46 24 and
442 3519 122 30 Repairing
577 3517 71 28 Yard,

329 3546 15 29 -.'
362 3554 46 23 Kai
422 3553 89 23 Warra.

110 3591 132 23 November
251 3592 21 25 6,
283 3590 63 22 1843.
355 3596 3 7 •
458 3602 3 5 •

79 3643 72 23 'X'XT
152 3641 118 28 ANTED,
290 3640 31 28 by
338 3639 39 23 the
395 3637 160 31 undersigned,
577 3635 75 24 Tende

92 3661 47 33 VV
174 3670 42 22 for
231 3668 39 23 the
286 3666 100 29 delivery
405 3666 26 23 of
446 3666 58 23 Flax
522 3664 50 23 leaf
591 3667 23 19 at
633 3663 19 22 X

80 3697 82 23 Warra
168 3705 6 20 ;
190 3697 20 22 it
219 3699 61 20 must
288 3696 30 22 be
328 3695 24 22 in
360 3694 139 23 convenient
504 3692 63 23 sized
576 3690 76 24 bundle

81 3725 39 23 the
137 3725 76 23 leaves
229 3723 82 28 sound,
330 3722 46 23 and
390 3721 79 23 within
484 3720 64 23 three
561 3718 81 23 inches

81 3753 69 26 equal
163 3751 93 30 lengths
269 3751 23 23 in
309 3749 59 23 each
381 3748 92 24 bundle.
501 3746 103 25 Tenders
618 3752 34 16 mv

82 3779 87 30 specify
177 3779 40 23 the
226 3772 105 36 quantity
344 3784 41 22 per
399 3776 64 24 week
478 3774 50 24 that
542 3774 40 24 the
595 3772 57 30 parti

81 3812 44 18 can
137 3805 92 25 deliver.
336 3817 4 4 ■
367 3807 4 5 '
415 3806 2 4 '

88 3847 6 3 -
122 3839 3 11 :
154 3834 48 10 •"*■'•
283 3833 11 14 "'
360 3831 120 23 KENHfeTk
497 3835 154 17 MATHIESON.

108 3861 47 24 Kai
165 3861 89 27 Warra,
266 3861 59 28 Pec;
332 3859 112 28 12JJ843.
451 3871 4 8 >

86 3908 88 22 TUST
189 3901 136 33 OPE^fiD',
332 3906 46 24 and
389 3912 29 16 on
428 3904 52 24 Sale
489 3907 25 20 at
523 3901 39 25 the
573 3902 72 23 Office

80 3939 28 19 V
141 3935 48 23 'this
198 3935 80 30 Paper,
289 3935 41 23 ink
340 3933 112 24 stands'ot
461 3930 92 25 various
563 3935 65 18 sizes.

838 667 37 23 W.
892 666 23 22 S.
930 663 138 27 EOXLEY,

739 700 275 26 Custom-House
1042 697 121 27 Agent,

675 728 48 39 rigL
856 740 84 15 PARISH
956 738 95 15 STREET.
1062 732 4 8 v

665 754 150 45 flflcember
824 767 33 25 19,
870 766 62 20 1843.
1210 781 3 4 ■

714 820 103 22 Messrs.
842 813 155 25 HOLROYD
1023 820 45 15 and
1094 811 98 29 HART,

823 849 131 23 Notaries
977 846 109 26 Public,

753 890 38 17 TE
819 889 72 19 ARO,
920 884 184 18 WELLINGT
1115 884 47 15 ON.

690 914 132 30 September
829 913 95 27 4,lß43.
1009 908 44 32 /.'
1126 905 29 35 '',
1191 909 3 6 '

849 964 29 23 W
871 980 15 14 j4
902 964 33 23 M.
950 962 109 26 SMITH,

665 1014 58 15 LATB
734 1008 237 20 SURVEYOR-QENERAL
981 1007 28 15 TO
1021 1007 46 15 THE
1082 1005 48 16 NEW

891 1050 6 5 t
902 1034 115 19 COMPANY,

693 1072 143 23 Surveyor,
850 1067 213 26 Draughtsman,
1078 1063 53 21 and
1144 1061 79 22 Xand

911 1093 101 27 Agent.

666 1130 179 27 Tinakori-road,
856 1130 101 26 January
968 1130 22 25 4,
1003 1129 62 21 1843.
1242 1157 9 2 _

813 1180 34 22 H.
876 1177 235 27 HARDEMAN,

690 1218 95 22 Tailor
799 1215 56 22 and
866 1214 114 26 Draper,
994 1212 234 25 tambton-quay.

800 1286 3 2 .
830 1267 117 29 Superfine
957 1267 74 26 Coats,
1042 1266 59 21 from
1115 1265 33 23 £3
1162 1266 14 20 0
1189 1265 14 19 0

670 1303 116 30 Superfine
796 1300 103 23 Doeskin
908 1299 120 26 Trowsers,
1043 1298 59 21 from
1116 1296 60 25 £15
1190 1297 14 19 0

697 1344 65 15 MADE
772 1342 28 15 TO
810 1340 108 16 MEASURE
918 1343 28 5 —
947 1339 43 15 FOR
998 1338 59 15 CASH
1068 1338 30 14 ON
1108 1334 123 17 DELIVERY.

754 1401 20 13 
798 1385 4 3 '
825 1373 172 36 SAMUEpR.
1010 1372 104 45 iffrEN,
1158 1371 42 31 *-.
1214 1402 3 4 .
1253 1385 10 17 <

691 1426 36 21 No
737 1425 25 21 10
774 1423 67 21 South
847 1421 72 26 Place,
930 1420 102 25 Finsiury
1032 1418 101 26 'Square,
1143 1415 97 22 London.

813 1456 84 22 Agent
911 1462 30 15 by
955 1453 174 26 Appointment,

664 1479 21 41 ''[
770 1490 47 24 TO
846 1482 79 30 hIR
954 1483 214 27 MAJESTY'S

676 1524 160 27 Colonial
863 1524 23 21 It
891 1522 66 23 and
986 1521 57 21 and
1075 1515 198 39 Em^gratioa:

852 1548 237 24 Conunissifrners.
1136 1544 42 29 WS;

680 1589 29 24 O
748 1588 28 21 R.
791 1583 100 28 EWEN,
901 1583 56 27 begs
974 1575 115 38 tonsure
1104 1578 64 23 those
1181 1575 84 24 friends

678 1616 52 21 O,
765 1613 24 22 in
809 1611 37 23 the
866 1609 103 23 Colonies
987 1605 124 34 wHiggnay
1119 1606 81 22 favour
1217 1605 49 20 him

676 1642 55 22 with
741 1637 165 26 Commissions,
918 1636 49 22 that
983 1632 174 25 tbeirHfterests
1170 1630 57 23 shall
1237 1633 28 18 be

677 1667 114 27 faithfully
801 1665 45 23 and
857 1662 134 30 punctually,
999 1661 107 23 attended
1120 1662 30 23 to,
1162 1661 45 18 and
1216 1661 52 17 tftat

678 1695 129 23 immediate
819 1691 142 23 remittances
977 1696 53 20 may
1038 1688 29 23 be
1084 1688 69 21 relied
1163 1691 59 21 upon
1231 1688 35 17 tor

679 1722 30 23 all
720 1721 169 26 consignments
898 1717 26 22 of
930 1716 80 28 goods.

707 1756 125 25 December
841 1756 35 25 19,
889 1753 63 39 1843^
1092 1759 31 18 jr.

796 1808 42 21 On
852 1806 71 24 Sale,
937 1809 37 16 eat
1014 1792 133 31 Ganxte#'

688 1849 27 25 k
720 1848 30 14 a
776 1844 102 23 BOXES
903 1841 97 24 assorted
1014 1837 144 25 TOBACCO
1173 1834 97 28 PIPES,

782 1874 41 20 100
835 1872 81 21 tierces
925 1867 124 24 American
1059 1864 61 28 beef,

783 1901 28 20 20
825 1898 54 23 coils
889 1895 99 24 assorted
998 1894 89 26 Europe
1096 1897 61 22 rope.

1001 1935 86 21 Waitx
1101 1932 43 21 and
1158 1931 85 22 Tyser.
1271 1950 2 6 ,

652 1961 12 26 V
710 1964 148 33 Wellnigton,
869 1968 52 21 Oct.
932 1968 34 24 10,
978 1965 64 21 1843.

651 2008 2 17 fc
807 2020 54 20 For
875 2017 71 25 Sale,
961 2021 37 15 ex

687 2050 257 55 RUTHERFORD,
986 2046 118 27 DRURY,
1145 2046 21 21 &
1201 2044 72 23 CO.'S

767 2079 98 30 superior
875 2078 76 25 wines,
962 2076 37 22 viz
1007 2083 6 14 :
1016 2086 28 5 —

715 2110 59 26 Port,
785 2102 83 31 sherry,
880 2104 45 22 and
941 2102 104 24 Madeira
1054 2109 23 14 in
1087 2102 77 24 bottle,

715 2136 55 22 Pale
779 2134 46 22 and
834 2133 76 22 brown
921 2131 78 26 sherry
1009 2130 23 21 in
1043 2127 72 27 wood,

716 2164 55 21 Port
779 2161 24 22 in
814 2159 71 28 wood,

717 2188 104 24 Madeira
830 2187 24 22 in
864 2185 72 27 wood,

718 2215 140 27 Hennessy's
867 2220 85 20 cognac
962 2211 24 22 in
997 2210 71 26 wood,

652 2247 5 18 I
718 2243 45 23 Old
772 2241 51 29 pale
833 2241 70 22 bottle
914 2238 96 27 brandy.

652 2277 7 14 r
1008 2271 83 22 Waitt
1105 2269 46 22 and
1165 2269 84 22 Tyser.

652 2297 7 48 J
689 2310 111 25 Wellingt
813 2315 39 20 on,
865 2305 137 28 September
1013 2304 33 27 19,
1058 2303 63 21 1843.

891 2363 45 20 Ex

652 2413 12 14 f
693 2400 72 27 i°\N
783 2397 77 23 SALE
875 2397 29 27 by
918 2395 38 22 the
971 2391 182 29 undersigned—

652 2420 8 14 II
693 2424 48 26 V_/
773 2424 84 23 Hunt's
865 2424 100 27 superior
976 2420 37 23 old
1023 2424 51 24 port
1084 2426 62 20 wine,
1162 2420 84 19 bottled
1257 2424 16 14 in

694 2456 95 27 Oporto,

722 2480 104 27 Hosiery,
836 2479 57 26 lace,
904 2476 46 23 and
958 2478 98 24 netting.

722 2507 167 24 Earthenware,
900 2504 51 22 well
960 2502 109 26 assorted.

722 2533 125 28 Champion
856 2533 22 21 &
889 2531 59 22 Co.'s
957 2531 95 25 vinegar
1061 2529 25 21 in
1095 2528 50 22 half
1151 2528 122 26 hogsheads

1076 2561 91 23 Willis
1181 2561 21 22 &
1215 2560 39 22 Co.

652 2594 10 14 c
723 2601 146 28 Wellington,
881 2599 90 26 August
981 2598 35 26 14,
1027 2597 62 21 1843.

652 2649 9 14 0
948 2651 94 21 Seeds.

698 2693 53 49 A
764 2688 85 24 VERY
865 2685 160 25 SUPERIOR
1040 2683 44 24 and
1094 2683 102 22 valuable
1205 2684 68 20 assort

777 2719 63 21 ment
857 2715 26 22 of
898 2713 62 24 fresh
977 2711 70 23 Seeds
1062 2711 47 28 just
1123 2709 108 28 received,
1248 2708 25 23 thi

697 2747 51 21 first
762 2744 27 24 of
805 2751 14 15 a
833 2741 90 29 regular
937 2740 89 28 supply,
1036 2745 50 16 now
1103 2745 27 14 on
1148 2737 47 22 sale
1209 2740 24 19 at
1248 2735 25 23 thi

699 2773 72 26 Office
790 2770 27 22 of
831 2770 45 22 this
895 2769 71 27 Paper
986 2766 30 28 by
1032 2765 39 22 the
1090 2763 157 29 undersigned,
1262 2770 11 15 v

699 2798 122 31 quantities
830 2801 23 18 to
863 2796 44 23 suit
915 2794 135 30 purchasers
1057 2800 6 15 :
1064 2803 30 5 —

652 2833 13 5 ~
727 2834 57 23 Fine
794 2831 53 23 seed
855 2837 61 22 peas,
926 2835 69 17 seven
1005 2826 112 28 varieties,
1148 2852 7 7 #
1181 2852 6 6 #

728 2862 45 22 Do.
802 2859 36 22 do.
866 2856 73 23 broad
946 2856 80 26 beans,
1037 2853 62 23 three
1109 2856 111 23 varieties,

728 2889 44 22 Do.
802 2886 36 22 do.
865 2885 67 22 horse
941 2883 80 26 beans,

652 2925 17 15 as
729 2916 45 23 Do.
802 2913 35 22 do.
865 2911 82 23 scarlet
953 2916 98 16 runners
1061 2907 46 23 and
1117 2907 87 22 French
1212 2907 61 21 beam

652 2951 17 17 or
729 2943 44 23 Do.
802 2940 37 23 do.
867 2938 77 29 spring
953 2937 82 26 wheat,
1046 2939 67 22 tares,
1124 2934 45 23 and
1180 2937 54 23 oats,

652 2975 18 20 at
729 2968 86 24 Round
824 2966 45 23 and
878 2965 87 29 prickly
968 2963 105 29 spinach,

652 3007 17 15 r-
731 2998 65 24 Long
804 2993 82 24 scarlet
893 2992 45 23 and
948 2996 77 23 turnip
1033 2991 84 25 radish,

729 3022 116 26 Rhubard,
858 3020 66 23 white
941 3018 47 23 and
1003 3017 42 23 red
1059 3017 54 22 beet
1127 3016 45 22 and
1186 3016 87 25 mangol

701 3050 101 26 wuitzel,

731 3078 126 25 Carraway,
867 3074 49 23 Dill
925 3073 46 23 and
981 3073 94 26 Burnet,

732 3103 108 26 Seocale,
852 3107 129 22 asparagus,
991 3102 81 23 carrot,
1084 3097 45 23 and
1140 3104 97 21 parsnip,

836 3128 53 23 leek
898 3128 46 22 and
953 3127 78 25 onion,
1042 3125 94 29 Spanish
1150 3124 34 22 do.

652 3182 21 4 _
733 3153 124 33 Vegetable
873 3161 96 17 marrow
985 3153 45 22 and
1038 3153 56 27 long
1106 3151 88 29 prickly
1204 3155 69 18 cucum

652 3205 11 15 ts
664 3213 6 8 '
732 3210 148 27 Cauliflower,
890 3208 89 28 endive,
990 3207 48 23 and
1050 3206 80 28 celery,
1188 3210 3 6 '

734 3238 120 29 Virginnia
867 3237 102 25 tobacco,
984 3234 153 28 mignionette,
1158 3233 46 23 and
1227 3238 46 15 swei

705 3276 29 21 Pe
734 3283 40 34 Aft
784 3296 56 20 sorts
850 3291 26 23 of
883 3290 86 29 garden
979 3288 47 23 and
1035 3287 55 24 field
1099 3287 105 28 cabbage,

735 3323 44 21 Do.
792 3323 3 6 '
890 3318 36 22 do.
1011 3316 37 23 do.
1106 3314 80 28 turnip,

652 3342 23 21 vi
735 3347 39 25 All
784 3349 54 21 sorts
847 3346 27 22 of
880 3346 91 26 lettuce,
983 3343 71 27 salad,
1064 3341 150 34 andjbrocoli,
1251 3350 3 4 ■

651 3378 2 10 '
652 3375 22 16 m
735 3375 39 24 All
784 3377 56 19 sorts
849 3373 27 23 of
881 3373 76 28 lupins
967 3370 47 23 and
1022 3370 152 25 nasturtiums,

652 3395 7 25 &
666 3403 7 20 i
735 3402 40 24 All
785 3404 57 20 sorts
852 3400 26 22 of
885 3402 68 20 sweet
963 3398 76 27 herbs,

652 3430 21 15 in
736 3431 51 22 One
796 3427 105 24 hundred
910 3426 78 23 choice
998 3424 92 23 varities
1102 3423 26 24 of
1139 3422 78 23 flower
1226 3422 47 21 seed

652 3457 4 14 J
736 3459 22 21 A
768 3463 55 18 very
835 3454 106 23 Valuable
957 3454 135 21 assortment
1106 3450 25 22 of
1144 3448 61 24 fresh
1221 3448 52 22 chou

706 3491 88 22 grasses
802 3483 36 22 for
846 3480 151 29 gentlemen's
1010 3479 72 22 lawns
1096 3477 45 23 and
1150 3475 123 29 -agricultur

708 3517 115 22 purposes,
1168 3530 6 6 .
1239 3528 8 11 ,

737 3537 112 28 Cabbage,
878 3534 94 27 brocoli,
1001 3532 108 27 rhubard,
1137 3537 76 21 onion,
1240 3532 33 19 lee

708 3567 85 23 lettuce
810 3564 82 29 plants,
911 3562 50 27 &c,
981 3567 53 16 now
1052 3559 72 28 ready
1140 3561 25 20 to
1181 3558 30 23 be
1224 3558 49 23 tran

708 3592 101 32 planted,
820 3590 74 24 raised
903 3589 58 23 from
970 3587 98 29 samples
1080 3586 27 23 of
1110 3586 68 22 these
1184 3586 75 21 .seeds.

1128 3619 36 23 W.
1179 3619 94 23 Moody.

652 3643 26 42 [2
739 3654 100 25 October
847 3654 22 27 6,
882 3650 63 26 1543.
1193 3651 9 30 ',
1215 3664 7 15 ;
1230 3648 7 16 ;
1243 3659 21 10 -'

652 3697 17 16 cs
669 3706 13 28 {,
876 3703 79 22 Meat
988 3701 165 27 Company*,

652 3748 27 19 ast
947 3733 128 26 BUTTER
1125 3758 2 7 ,

652 3772 26 23 ies
730 3775 16 19 A
764 3770 111 27 LWAYS
888 3776 30 16 on
927 3767 72 28 hand,
1015 3765 46 24 and
1077 3768 23 20 to
1111 3765 31 22 be
1157 3763 54 28 had,
1220 3760 53 25 who!

659 3805 33 153 I
711 3791 52 34 A.
792 3799 46 23 sale
858 3796 43 24 ana
921 3795 72 28 retail,
1014 3797 24 19 at
1057 3793 39 22 the
1119 3791 80 23 lowest
1216 3791 57 21 mart

710 3830 69 24 price,
796 3834 14 15 a
828 3826 61 28 large
908 3822 82 29 supply
1003 3821 28 22 of
1046 3820 39 22 the
1096 3817 138 24 celebrated'
1242 3817 31 21 Co

710 3861 93 24 pasture
812 3849 176 27 andTTerawitte
1002 3848 72 27 Dairy
1083 3847 87 22 Butter.
1194 3863 17 5 ..
1224 3862 4 4 .

866 3894 5 15 :
876 3896 10 13 ,,
988 3882 38 24 W.
1040 3882 106 26 Flyger,
1161 3879 112 26 Manager.

741 3921 98 27 October
848 3920 35 27 27,
896 3919 62 22 1843.
1026 3934 3 6 ,
1089 3933 2 4 .
1118 3937 6 3 .
1220 3942 4 7 ,
1243 3936 2 5 .

1289 656 11 23 ;'
1343 656 87 24 THIS
1458 654 87 29 DAY,
1570 652 220 25 SATURDAY.

1475 687 95 22 Public
1586 686 72 21 Sale.

1344 722 42 22 EX
1405 720 66 23 THE
1495 719 136 22 WILLIAM
1637 716 153 23 .STOVEM*,.

1278 755 160 53 MESSRS.
1463 750 149 26 BEtPHUNE
1634 740 71 33 kND
1729 748 130 23 HUNTER

1367 781 45 23 will
1422 780 41 24 sell
1471 781 32 26 by
1512 780 78 22 Public
1600 777 106 26 Auction,
1717 779 23 20 at
1749 775 110 24 Lambton

1278 809 73 27 Quay,
1360 816 30 14 on
1405 806 180 29 Saturdaynext,
1606 804 39 23 the
1663 802 54 23 23rd
1733 801 127 26 December

1278 838 94 25 purrent,
1383 837 23 19 at
1414 833 110 24 half-past
1533 833 27 21 12
1569 840 12 14 0
1590 830 73 28 clock,

1278 864 4 11 !
1306 863 84 26 Cyprus
1399 860 45 22 and
1453 856 64 26 other
1527 856 73 29 wii»&,
1611 863 86 21 cognac
1706 856 94 26 brandy,

1305 889 94 22 Geneva
1412 887 25 22 in
1454 886 54 22 cask
1521 884 45 24 and
1581 891 69 20 cases,
1665 882 86 23 bottled
1767 881 35 23 ale
1816 881 45 22 and

1278 919 68 22 stout,
1581 924 2 7 '
1700 921 2 5 '
1716 929 4 2 -
1777 917 6 6 '

1306 943 102 21 Tobacco
1409 952 28 4 —
1437 938 133 29 negrohead,
1581 938 62 26 shag,
1655 936 44 23 and
1704 938 96 23 .returns,

1305 968 61 23 Beef
1372 969 25 21 in
1407 968 89 24 tierces,

1302 996 112 25 'Canvass,
1423 994 61 26 hoop
1492 993 57 27 iron,
1559 992 99 25 whaling
1666 995 61 22 gear,
1737 992 89 22 oaKum,
1840 1009 2 7 ,
1853 996 2 5 ■

1309 1021 131 26 Hardware,
1451 1019 93 28 cutlery,
1555 1025 52 15 axes
1614 1025 6 20 ;
1635 1018 45 26 pit;
1687 1023 60 15 cross
1764 1018 45 22 cut,
1819 1014 44 21 and

1282 1048 67 24 hand,
1355 1054 55 16 saws
1416 1055 7 20 ;
1432 1047 34 28 pit
1476 1053 44 15 saw
1531 1045 43 22 and
1583 1042 64 25 other
1656 1043 56 26 files,
1722 1046 75 22 rivets,
1807 1042 56 25 shot,

1311 1074 105 29 Superior
1424 1077 45 19 sets
1478 1073 27 22 of
1510 1072 77 22 knives
1596 1070 48 23 and
1652 1069 67 23 silver
1727 1068 70 27 forks,

1313 1101 106 32 Assoijted
1436 1100 58 22 nails
1512 1100 24 21 in
1554 1098 54 28 kegs
1625 1097 26 22 of
1666 1097 11 20 1
1699 1099 56 23 cwt.,
1776 1095 57 22 from
1852 1100 14 15 a

1282 1134 69 23 pump
1353 1125 4 12 :
1359 1124 52 26 taM
1420 1124 111 30 upwards,
1632 1148 162 10 ,,....
1852 1147 11 11 j

1313 1155 70 23 Black
1398 1154 47 23 and
1459 1160 70 21 green
1540 1152 62 28 paint
1611 1159 7 21 ;
1632 1150 75 27 black,
1724 1150 80 26 bright,
1821 1150 46 19 and

1285 1182 65 27 copal
1357 1181 100 27 varnish,

1314 1209 80 22 Scotch
1401 1208 109 29 plaiding,
1521 1206 94 28 hosiery,
1625 1206 69 26 fancy
1703 1202 75 26 scarfs,
1781 1202 48 25 -fee.

1315 1234 153 24 Gentlemen's
1487 1232 110 29 superfine
1616 1231 102 27 clothing
1736 1230 47 21 and
1802 1230 67 20 white

1285 1263 82 22 beaver
1378 1261 59 27 hats,

1317 1290 10 20 1
1343 1296 75 20 organ-,
1426 1289 30 21 30
1465 1289 72 24 tunes,

1315 1315 137 27 Telescopes,
1463 1315 106 24 sextants,
1579 1311 113 23 medicine
1701 1310 80 25 chests,
1839 1331 4 4 .

1316 1341 53 23 And
1384 1341 89 23 various
1492 1339 65 22 other
1574 1337 52 24 well
1641 1335 98 24 assorted
1755 1335 116 22 merchan-

1289 1369 57 22 dize.
1358 1375 4 11 '

1318 1400 145 27 Wellington,
1474 1399 57 21 Dec.
1542 1399 32 25 19,
1585 1397 63 22 1843.

1292 1451 161 51 MESSRS.
1469 1448 94 28 HORT,
1578 1446 159 26 MOCATTA,
1762 1444 45 23 and
1826 1444 47 21 CO.

1382 1477 46 23 will
1447 1477 42 22 sell
1505 1476 31 27 by
1553 1474 74 29 public
1652 1473 95 26 auction,
1772 1474 24 19 at
1818 1470 57 23 then-

1293 1507 81 26 Stores,
1384 1505 34 23 Te
1428 1505 54 25 Aro,
1495 1510 28 15 on
1532 1502 104 26 Tuesday
1645 1502 63 26 next,
1718 1498 53 23 26th
1779 1498 97 22 Decem-

1292 1532 48 28 ber,
1351 1536 23 18 at
1384 1538 42 15 one
1437 1530 88 22 o'clock
1532 1536 6 15 :
1539 1540 28 5 —

1322 1566 61 23 Bass'
1392 1564 88 23 bottled
1489 1563 35 22 ale
1534 1562 45 23 and
1591 1564 83 26 porter,

1322 1592 92 28 Brandy
1423 1592 24 22 in
1457 1598 34 21 qr.
1502 1590 69 26 casks,

1323 1620 61 28 Very
1393 1625 101 21 superjor
1503 1618 76 26 sherry
1589 1616 24 21 in
1624 1617 97 24 octaves,

1325 1649 10 19 1
1348 1654 48 16 case
1407 1646 77 23 chintz
1492 1645 77 27 prints,

1325 1676 27 20 10
1360 1674 59 28 pairs
1430 1674 53 21 10-4
1492 1671 107 26 blankets,

1326 1700 98 24 Colonial
1435 1699 87 27 cheese,

1301 1740 2 5 ■
1327 1730 26 20 10
1360 1728 56 26 bags
1426 1726 77 27 coffee,

1326 1757 27 21 50
1360 1754 94 23 bushels
1463 1752 80 28 maize,
1851 1757 1 11 !

1327 1785 13 20 8
1349 1782 55 27 bags
1413 1784 55 23 oats,

1327 1811 13 20 5
1350 1816 61 15 cases
1421 1806 129 24 Cavendish
1559 1806 99 25 tobacco,

1329 1839 11 19 1
1351 1835 53 23 cask
1412 1834 58 27 lard,

1329 1864 23 22 A
1360 1863 42 22 few
1413 1862 64 22 casks
1487 1859 96 24 colonial
1590 1858 62 27 beef,

1331 1889 52 23 And
1390 1896 14 15 a
1409 1888 90 28 variety
1508 1888 26 21 of
1545 1886 62 23 other
1617 1884 79 28 goods.

1511 1920 80 22 Terms
1605 1919 72 21 Cash.
1795 1925 26 27 *^

1330 1952 145 26 Wellington,
1486 1950 59 22 20th:
1548 1948 134 25 December,
1694 1947 61 21 1834.
1800 1952 6 6 •

1545 2000 107 22 Notice.

1306 2038 161 50 MESSRS.
1489 2034 151 24 BETHUNE
1664 2032 67 23 AND
1757 2030 125 23 HUNTER

1395 2065 45 22 will
1449 2063 40 23 sell
1501 2063 30 27 by
1541 2062 76 22 Public
1630 2059 104 27 Auction,
1744 2061 24 19 at
1777 2057 105 24 Lambton

1306 2094 72 26 Quay,
1395 2092 25 22 in
1436 2091 69 22 about
1518 2097 15 14 a
1547 2088 115 27 fortnight,
1677 2087 30 27 by
1727 2086 65 22 order
1810 2084 26 22 of
1851 2084 31 21 the

1387 2119 116 26 Registrar
1513 2117 26 21 of
1546 2116 109 22 Intestate
1666 2114 94 26 Estates,
1771 2112 38 22 the

1438 2147 202 25 SCHOONER
1667 2146 95 25 ERIN,

1308 2178 51 24 with
1369 2178 40 23 her
1419 2177 73 22 tackle
1502 2175 44 22 and
1555 2177 185 25 appurtenances,
1752 2179 26 15 as
1791 2171 40 21 she
1840 2177 42 15 now

1307 2206 41 23 lies
1357 2213 29 14 on
1397 2206 38 21 the
1444 2203 73 22 beach
1527 2206 24 18 at
1559 2203 31 22 Te
1602 2202 55 21 Aro.

1336 2233 61 26 Also,
1407 2231 86 27 sundry
1503 2229 75 23 effects
1588 2230 154 27 appertaining
1752 2229 24 19 to
1786 2226 96 22 Intestate

1311 2261 94 22 Estates.

1378 2287 52 27 Day
1439 2285 26 22 of
1473 2284 50 23 Sale
1532 2283 44 23 will
1584 2283 29 22 be
1624 2282 53 28 duly
1688 2282 138 21 announced.

1338 2318 146 27 Wellington,
1496 2316 56 22 Dec.
1562 2315 106 27 12,-1843.

1403 2363 150 26 Wesleyan
1566 2360 111 25 Sunday
1692 2357 109 25 School,

1543 2393 38 22 TE
1596 2392 73 21 ARO.

1271 2424 9 14 n
1315 2429 90 22 mHE
1419 2427 86 23 friends
1515 2425 26 23 of
1547 2424 92 27 Sunday
1649 2422 91 24 Schools
1750 2429 37 14 are
1802 2423 80 26 respect

1322 2455 29 25 X
1387 2455 58 28 fully
1452 2453 114 23 informed
1583 2451 49 23 that
1653 2458 13 14 a
1684 2451 47 21 Tea
1750 2448 103 27 Meeting
1872 2455 10 14 11

1313 2484 80 23 behalf
1398 2483 26 22 of
1431 2481 39 23 the
1480 2481 70 22 above
1560 2478 139 24 Institution,
1712 2476 43 22 will
1769 2476 28 21 be
1806 2475 53 22 held
1872 2481 10 14 11

1315 2512 45 22 Mr.
1380 2509 93 22 Wade's
1497 2508 75 27 Upper
1595 2506 64 21 Store
1682 2502 80 28 Room,
1788 2502 94 22 Lomban

1271 2533 11 14 St
1316 2540 79 24 Street,
1411 2537 33 22 Te
1460 2537 54 24 Aro,
1532 2541 29 15 on
1575 2532 105 27 Tuesday
1696 2533 61 23 next,
1774 2528 108 23 Decembe

1315 2565 59 27 26th,
1391 2567 23 20 at
1423 2565 14 20 5
1447 2562 88 23 o'clock
1552 2568 45 15 p.m.
1627 2558 92 24 Several
1734 2558 113 21 Ministers
1862 2562 20 15 ar

1317 2591 107 29 expected
1437 2594 21 18 to
1466 2590 30 21 be
1506 2590 95 27 present.
1864 2610 6 4 .

1344 2619 90 23 Tickets
1444 2618 31 21 Is.
1486 2616 62 27 each,
1559 2622 51 24 may
1625 2613 30 23 be
1664 2612 46 23 had
1719 2615 23 19 at
1749 2611 41 22 the
1807 2611 75 21 Mibsio

1318 2647 120 22 House.at
1453 2645 46 22 Mr.
1510 2641 125 27 Luxford's,
1647 2639 110 23 Lambton
1774 2638 72 27 Quay,
1858 2643 24 15 an

1271 2684 14 18 t,
1318 2674 26 23 of
1350 2673 37 23 the
1397 2672 120 23 Teachers.

1271 2716 15 15 Ie
1345 2705 128 23 December
1482 2705 34 25 19,
1530 2704 60 21 1843.

1270 2763 2 5 •
1275 2744 11 14 c
1395 2752 67 21 Free
1478 2750 55 22 and
1547 2747 141 28 Accepted
1701 2745 124 23 Masons.

1321 2786 91 50 THE
1423 2784 109 23 Brethren
1543 2782 24 23 of
1574 2782 38 22 the
1620 2780 57 23 New
1688 2780 112 21 Zealand
1809 2777 73 23 Pacifj

1395 2813 82 23 Lodge
1492 2810 46 23 will
1552 2808 112 24 celebrate
1680 2806 38 23 the
1729 2804 97 24 Festival
1837 2804 25 21 of
1875 2804 7 21 S

1321 2841 62 23 John
1396 2840 26 22 in
1437 2838 59 25 their
1513 2836 62 28 Hall,
1591 2843 29 14 on
1635 2832 151 28 Wednesday,
1801 2832 36 21 the
1856 2832 26 20 271

1320 2867 134 26 December,
1466 2866 61 26 1843,
1538 2864 29 28 by
1577 2861 122 24 command
1708 2860 26 23 of
1740 2860 39 21 the

1271 2912 16 20 "'
1348 2922 48 23 The
1416 2919 135 25 attendance
1573 2917 27 22 of
1620 2915 111 24 Brethren
1754 2911 116 30 generally

1322 2949 111 23 solicited.
1745 2966 8 11 ,
1779 2967 11 10 3
1830 2966 45 11 -_,

1350 2977 90 22 Tickets
1459 2976 46 20 10s.
1518 2972 38 22 6d.
1574 2970 64 28 each,
1659 2973 21 19 to
1699 2969 28 22 be
1746 2969 46 21 had
1814 2969 25 19 of
1855 2969 27 19 at

1271 3012 18 14 ij
1324 3003 94 27 Suisted,
1430 3005 22 20 at
1461 3001 39 22 the
1510 2999 75 23 Hotel.
1611 2999 4 4 '
1662 3022 96 4 ....
1844 3023 3 4 .
1875 3020 7 7 ,

1351 3030 77 27 Lodge
1442 3032 24 19 to
1482 3026 87 29 opened
1584 3028 23 20 at
1616 3026 16 21 4
1646 3022 94 28 o'clock,
1749 3022 102 27 banquet
1863 3022 19 19 at

1324 3057 92 23 o'clock.

1351 3088 127 25 December
1489 3088 33 26 19,
1534 3086 61 22 1843.
1739 3100 4 5 •

1271 3156 11 15 n
1282 3159 11 6 .
1333 3156 4 5 ,
1558 3135 109 24 Notice.
1678 3154 3 3 .

1327 3173 92 52 THE
1433 3170 141 30 partnership
1598 3167 99 27 existing
1713 3166 103 22 between
1834 3163 48 23 Day

1400 3200 113 26 Nathan,
1533 3196 52 24 and.
1597 3196 90 21 Israel.
1814 3198 25 15 as
1849 3193 33 19 Me

1271 3232 25 20 set
1326 3229 78 23 chants
1421 3226 46 24 and
1487 3223 98 25 General
1609 3220 148 25 Commission
1777 3219 94 26 Agents,

1327 3253 130 28 Auckland,
1467 3253 25 22 in
1501 3252 39 22 the
1551 3250 86 27 Colony
1647 3248 27 23 of
1684 3248 56 23 New
1750 3245 109 26 Zealand,
1870 3252 12 14 ai

1327 3283 87 23 Nelson
1431 3281 25 22 in
1476 3280 38 22 the
1532 3285 60 16 same
1610 3275 98 27 Colony,
1727 3281 19 16 is
1765 3274 68 21 about
1847 3274 35 20 bsi.

1328 3304 123 29 dissolved;
1485 3304 40 25 All
1540 3311 92 22 persons
1648 3302 86 27 having
1750 3300 78 22 claims
1843 3306 25 15 or
1877 3299 5 21 i

1327 3337 80 23 mands
1418 3335 89 28 against
1516 3333 39 22 the
1564 3331 47 23 said
1629 3330 71 25 Firm,
1719 3327 45 23 will
1779 3327 75 27 please
1872 3327 10 20 f<

1329 3363 60 24 ward
1398 3363 39 23 the
1447 3368 63 16 same
1518 3359 75 23 before
1599 3358 39 21 the
1642 3358 56 26 first
1707 3356 27 25 of
1738 3356 104 24 January,
1853 3354 29 20 18<

1329 3395 24 19 to
1372 3391 92 22 Messrs.
1484 3388 94 22 Samuel
1594 3384 49 23 and-
1656 3384 96 24 Joseph,
1772 3383 110 25 Wellingti

1271 3419 26 26 3s,
1329 3419 34 22 for
1371 3416 134 29 liquidation
1511 3422 6 19 ;
1529 3413 43 23 and
1581 3412 30 23 all
1618 3418 94 22 persons
1717 3410 108 22 indebted
1832 3410 50 20 then

1271 3447 27 22 ice
1331 3445 44 24 will
1384 3445 75 28 please
1470 3443 65 22 settle
1555 3440 57 22 their
1628 3440 125 26 respective
1770 3438 105 20 amounts

1271 3473 29 22 ral
1331 3473 49 22 that
1388 3472 60 22 date.
1800 3490 11 11 T

1697 3492 86 26 Israel.
1797 3490 85 22 Joseph

1271 3527 28 27 ek,
1358 3531 147 27 Wellington,
1516 3527 56 24 New
1581 3523 110 28 Zealand,
1703 3522 52 24 19th
1765 3522 65 26 Dec,
1842 3522 40 22 184!

1271 3561 30 16 UB-
1332 3571 38 5 —
1370 3569 36 6 —
1406 3569 39 6 —
1527 3561 11 14 ■■'•

1334 3586 92 52 THE
1449 3579 233 29 UNPERSIGNED
1699 3577 44 24 will
1762 3577 30 23 be
1810 3576 72 34 happy

1408 3614 105 22 contract
1531 3613 24 19 to
1572 3607 82 32 supply,
1669 3605 98 24 families
1786 3604 46 22 and
1847 3604 35 20 oth

1334 3641 54 24 with
1403 3640 41 23 fire
1460 3637 72 27 wood,
1542 3639 67 27 posts,
1621 3633 60 29 rails,
1692 3632 46 23 and
1753 3632 90 26 fencing
1852 3637 30 15 ma

1271 3680 30 5 —
1334 3669 61 23 rials.
1424 3667 45 23 For
1480 3664 82 27 orders,
1573 3661 68 30 apply
1652 3664 23 19 to

1652 3691 4 15 :
1715 3692 50 26 Mr,
1781 3691 101 22 Johnson

1336 3735 62 23 Next
1417 3733 55 22 door
1491 3734 23 19 to
1532 3729 44 23 Mr.
1593 3725 133 28 M'Gregor,
1745 3721 137 25 Watch-mal

1271 3760 36 23 >le-
1364 3765 128 25 December
1502 3764 34 24 19,
1549 3762 59 23 1843.
1812 3784 3 5 ,

1271 3789 37 22 ket
1339 3798 10 12 j
1583 3787 26 21 '-4
1694 3794 33 6 —

1271 3822 37 16 >w-
1332 3833 18 10 
1383 3833 2 7 ,
1531 3814 84 24 Fresh
1631 3813 106 24 Butter,

1354 3857 22 26 A
1391 3853 50 25 LW
1442 3852 63 23 AYS
1520 3857 30 16 on
1563 3848 51 29 .Sale
1630 3850 26 19 at
1671 3845 57 26 the;
1728 3845 57 26 Meat
1797 3844 85 27 Compai

1271 3883 25 16 :.'
1338 3871 73 37 Av
1418 3879 120 30 premises,
1563 3874 5 3 ■
1597 3872 5 4 '

1890 649 44 23 Sx
1955 650 45 20 the
2301 649 55 22 and
2373 647 90 25 i«Wit-

2073 675 66 21 liam
2327 693 9 7 v
2404 680 3 4 ■

1947 711 29 20 To
1981 710 84 26 private
2066 708 97 27 families
2180 708 42 21 and
2232 708 81 21 Tavern
2323 708 93 26 keepers.,
2441 719 6 13 >

1890 743 141 50 WINES
2046 750 45 15 and
2111 741 117 23 SPIRITS
2243 741 27 22 of
2288 741 94 22 choicest
2396 740 71 31 quali-

1973 770 41 22 ties
2020 769 26 26 .in
2054 769 71 22 bottle
2133 776 26 14 or
2167 769 24 22 in
2197 767 40 23 the
2245 767 73 27 wood,
2327 771 23 19 at
2356 774 58 21 very
2420 774 47 14 mo-

1891 796 75 23 derate
1976 796 77 28 prices,
2065 795 121 27 consisting
2194 795 51 21 of—
2308 814 122 9 .,,....
2460 814 3 3 ■

1917 823 81 26 Claret,
2009 822 88 27 Lafitte,
2108 822 31 22 St.
2150 821 110 27 Emelion,
2270 820 90 28 Medue,
2371 819 54 23 and'
2434 819 31 22 Si.

1892 849 94 28 George,
2001 863 5 5 -
2405 867 4 3 .

1919 877 107 21 Sauterne
2035 874 43 22 and
2088 875 92 26 Graves,
2338 885 4 4 •
2352 877 12 12 •'
2423 883 6 3 -

1920 901 105 30 Superior
2047 901 59 27 Port,
2131 900 110 27 Madeira,
2266 899 59 28 light
2347 899 44 22 and
2415 898 55 22 dark

1893 928 90 28 Sherry.

2138 960 94 16 SPIRITS.

1921 981 57 23 Fine
1988 980 225 33 overproof.Cogniac
2220 980 9 21 1
2242 980 72 22 either
2324 980 52 27 duty
2386 978 53 28 paid
2450 985 25 15 or
2536 989 12 17 4

1922 1006 44 24 Do.
1977 1007 101 23 Jamaica
2086 1014 58 20 rum,
2224 1012 12 16 >
2263 1007 25 21 in
2300 1005 67 28 bond,
2375 1005 25 22 in
2414 1004 38 23 the
2529 1010 19 17 ■

1922 1035 45 22 Do.
1979 1034 100 27 Geneva,
2218 1030 12 30 J
2241 1032 65 23 wood
2313 1032 42 23 and
2364 1032 25 22 in
2399 1031 76 23 bottle.

1896 1066 64 23 With
1969 1074 13 14 a
1992 1066 60 27 large
2062 1068 131 19 assortment
2201 1065 27 22 of
2238 1065 100 27 Dantzig
2353 1063 44 23 and
2413 1063 64 23 other

1896 1096 68 20 sweet
1972 1093 102 28 liqueurs'
2086 1093 26 22 of
2124 1091 29 23 all
2162 1092 73 27 kinds,
2244 1091 116 28 including
2375 1090 101 29 superior

1898 1120 78 27 cherry
1985 1119 94 28 brandy.
2106 1120 34 21 At
2147 1118 38 23 the
2194 1122 58 20 store
2267 1117 25 23 of

2181 1152 120 21 Abraham
2310 1149 74 27 Hort,
2395 1155 57 20 sen.,

2329 1176 75 26 Kuiqu
2414 1175 64 22 Toto.

1900 1224 41 21 To
1966 1223 166 24 Merchants,
2159 1221 134 25 Whalers,
2317 1220 52 22 and
2390 1220 89 21 Store-

2128 1249 122 26 keepers.

1901 1281 199 49 WHALING
2117 1280 47 21 and
2176 1279 64 22 lance
2256 1279 57 22 lines
2328 1277 24 23 of
2362 1284 67 21 every
2440 1276 40 24 de-

1985 1307 111 28 scription,

1931 1334 125 27 Harpoonsj
2072 1333 81 27 lances,
2170 1332 46 23 and
2232 1331 87 29 spades,
2335 1331 24 22 of
2376 1330 38 23 the
2428 1331 51 22 best

1903 1360 115 28 tempered
2026 1361 56 26 iron.

1934 1387 131 22 Warranted
2069 1386 96 22 London
2171 1385 71 27 made,
2251 1383 101 29 together
2356 1384 53 22 with
2415 1390 67 21 every

1905 1415 66 22 other
1979 1413 135 28 description
2124 1413 24 22 of
2156 1413 95 26 whaling
2261 1411 146 28 implements,
2418 1409 69 29 slops,

1906 1440 169 23 manufactured
2090 1439 77 28 goods,
2178 1438 108 23 Hambro'
2296 1437 61 28 pork,
2367 1437 118 27 groceries,

1906 1467 108 22 Florence
2025 1467 35 26 oil,
2070 1467 47 21 and
2126 1472 118 16 numerous
2260 1464 64 23 other
2333 1464 93 22 articles.
2434 1473 3 4 -
2454 1464 33 22 At

1906 1495 39 21 the
1955 1497 58 18 store
2023 1493 24 22 of

2279 1519 29 21 A.
2320 1518 74 27 Hort,
2404 1524 55 19 sen.,

2339 1545 77 22 Kumu
2423 1544 66 23 Toto.

2004 1594 53 21 For
2072 1593 69 25 Sale,
2150 1592 44 22 Ex

1913 1620 195 51 SUPERFINE
2123 1618 70 24 broad
2207 1618 68 26 cloth,
2293 1617 71 27 black,
2373 1616 61 27 blue,
2444 1615 45 23 and

1969 1647 101 23 invisible
2086 1653 81 21 green;
2189 1645 100 27 superior
2303 1644 54 28 pilot
2371 1642 78 27 cloths,
2467 1646 25 18 at

1912 1674 100 23 reduced
2033 1674 70 27 prices
2110 1681 6 19 ;
2146 1672 90 29 printed
2265 1670 80 24 scarlet
2353 1679 2 7 '
2371 1670 45 22 and
2428 1669 63 22 -blue

1914 1701 84 27 cloths;
2018 1700 59 22 table
2100 1707 90 19 covers;
2211 1698 71 23 above
2296 1700 42 20 600
2353 1696 101 23 varieties
2470 1695 26 22 of

1913 1728 82 26 flower,
2013 1727 90 27 garden,
2119 1726 47 23 and
2180 1733 60 20 grass
2255 1725 72 27 seeds,
2343 1724 23 23 in
2382 1722 113 24 excellent

1915 1754 149 26 preservation
2072 1761 7 19 ;
2094 1753 112 27 shingling
2216 1752 64 26 nails,
2291 1750 108 28 blankets,
2410 1750 41 23 &c.

2246 1779 36 22 W.
2294 1778 35 22 W.
2339 1778 101 26 Taylor,

2314 1805 180 22 Herbert-street.

1944 1855 43 21 Ex
2043 1852 143 23 Mandarin
2240 1852 56 20 and
2350 1849 121 24 William
2481 1860 5 12 >

1919 1916 73 48 ©N
2006 1915 85 27 SALE,
2105 1913 99 29 superior
2214 1919 87 22 cognac
2315 1912 23 21 in
2350 1910 70 24 dozen
2428 1916 69 20 cases,

1997 1942 82 21 Choice
2089 1941 91 26 Hqtfers:
2350 1963 3 5 ,
2402 1940 4 5 '
2432 1955 4 4 -

1947 1968 61 22 Neat
2017 1967 43 22 and
2070 1966 89 28 elegant
2168 1965 101 22 Parisian
2282 1963 80 26 clocks,

1948 1996 77 26 Fancy
2036 1994 60 28 cigar
2108 2000 68 20 cases,

1885 2030 4 21 I
1948 2022 87 27 Jockey
2045 2021 44 22 and
2100 2020 63 23 other
2173 2027 57 20 caps,

1885 2064 4 13 !
1949 2049 102 26 Pruning
2059 2048 46 22 and
2114 2047 84 23 sailor's
2207 2046 88 26 knives,
2455 2045 6 9 '

1885 2091 5 14 3
1950 2076 100 27 Fencing
2059 2075 45 22 and
2114 2074 64 22 other
2186 2074 64 25 nails,

1950 2103 80 27 Locks,
2042 2102 93 26 various,

1952 2131 79 21 Gents,
2042 2130 73 26 riding
2124 2128 76 28 whips,

1952 2157 52 23 And
2025 2157 45 22 also
2089 2164 29 14 on
2136 2155 68 26 show,
2224 2153 83 28 during
2324 2153 36 22 the
2383 2153 123 22 Christinas

1885 2177 5 14 '
1923 2185 110 27 holidays,
2052 2191 14 14 a
2084 2183 61 27 large
2164 2182 42 22 and
2225 2181 91 22 various
2334 2182 133 21 assortment
2477 2178 33 23 ,of

1924 2213 77 26 Fancy
2013 2211 81 26 Goods,
2105 2209 94 25 suitable
2216 2208 34 22 for
2260 2207 120 23 Christmas
2388 2206 47 23 and
2449 2206 58 23 New

1924 2240 61 22 Year
1994 2241 107 25 presents.
2275 2250 4 3 •
2396 2248 79 7 ....

2276 2262 27 21 B.
2319 2262 33 22 M.
2367 2262 113 22 Peheira.

1954 2300 189 27 Lambton-quay,
2155 2298 54 22 Dec.
2221 2298 34 26 19,
2267 2298 60 20 1843.
2422 2304 3 26 |

2018 2345 101 23 Snuffs!
2148 2342 113 23 Snuffs!!
2292 2340 125 24 Snuffs!!!

1929 2378 210 53 HJERVIS,
2159 2384 106 17 GENERAL
2282 2384 95 19 DEALER,
2395 2375 115 23 LAMBTON

1993 2419 10 10 •
2035 2408 73 24 Quay,
2119 2406 40 21 has
2170 2412 27 15 on
2208 2404 47 22 sale
2262 2411 30 14 an
2301 2406 134 19 assortment
2440 2401 27 23 of
2474 2401 37 23 the

1930 2436 99 22 choicest
2042 2433 82 27 Dutch,
2146 2431 94 27 French,
2258 2431 46 22 and
2320 2430 81 23 British
2418 2431 93 23 Snuffs,

1885 2481 10 9 „
1929 2463 58 22 from
1997 2462 83 22 Barton
2090 2460 46 22 and
2145 2460 45 26 Co.,
2202 2462 23 19 at
2235 2457 96 29 English
2338 2458 78 27 prices.

1885 2483 13 40 J
1958 2489 125 23 December
2093 2488 32 26 15,
2138 2488 60 21 184&
2336 2501 2 6 ,
2470 2483 44 42 j|_

1885 2544 2 5 '
1889 2535 10 14 r
2026 2546 3 4 '
2155 2541 53 20 For
2219 2539 70 22 Sale.
2494 2554 6 7 ,

1885 2562 14 15 re
1932 2577 71 30 «T%£\
2030 2575 78 22 TUNS
2123 2574 25 22 of
2160 2573 37 22 the
2206 2573 52 22 best
2266 2578 49 16 new
2327 2570 35 22 Oil
2371 2570 81 23 Butts;-

1885 2617 16 13 »n
2140 2601 74 27 Apply
2223 2603 23 19 to

1885 2621 18 37 [£
2219 2630 3 4 •
2246 2626 85 22 Waitt
2347 2632 45 15 and
2402 2624 85 22 TysMi.

1962 2662 143 27 Wellington,
2121 2660 125 22 December
2254 2659 37 26 15,
2302 2658 60 22 1843.

1885 2725 20 5 —
2028 2715 52 20 For
2096 2713 69 24 Sale,
2179 2718 37 15 ex

1939 2747 170 53 BOTTLED
2133 2746 62 23 ALE
2220 2745 68 23 AND
2310 2742 128 26 PORTER,

2016 2776 60 27 Very
2086 2774 100 27 superior
2194 2772 87 27 brandy
2290 2771 23 22 in
2329 2769 130 28 hogsheads,
2477 2768 45 22 and

1885 2803 21 22 st.
1939 2805 78 27 sherry
2026 2803 23 21 in
2060 2805 96 22 octaves,

1885 2829 23 22 th
1967 2832 38 21 An
2014 2831 134 22 assortment
2158 2827 27 23 of
2190 2827 66 27 slops;

1968 2859 72 21 Gents
2049 2856 64 23 shoes
2124 2855 45 23 and
2178 2860 87 22 pumps,

1968 2885 88 22 Pickles
2059 2883 49 23 ;and
2117 2881 108 23 mustard;

1887 2911 20 22 is
1969 2912 27 23 17
2009 2915 50 19 tons
2070 2907 113 26 Gordon's
2188 2916 52 15 mew
2251 2907 31 22 oil
2287 2907 75 22 -casks.
2413 2917 4 6 •
2465 2916 4 4 ■
2482 2917 4 4 ■

2219 2941 81 22 W.-B.
2315 2940 101 24 Rhodes/
2421 2937 77 24 *C6.
2495 2950 9 15 ;

1885 2973 2 14 r
1888 2972 20 15 °*
1971 2977 126 25 December
2105 2978 36 25 12,
2152 2976 62 22 1843.
2323 2994 5 4 ,
2359 2994 4 4 .
2405 2994 3 3 .
2442 2975 6 20 :
2476 2964 7 15 :

1885 3022 3 19 1
1896 3021 14 20 6
2105 3023 43 22 Ex

1943 3061 52 49 A
2009 3055 116 25 CHOICE
2135 3055 133 21 assortment
2278 3051 26 22 of
2313 3050 97 26 ribbons,

2023 3085 59 22 Gros
2091 3082 28 23 de
2131 3081 90 28 Naples,

1971 3114 72 28 Paper
2049 3110 119 27 hangings,

1969 3141 93 25 Cheese,
2376 3161 2 4 .
2406 3154 3 4 -
2432 3159 6 6 v

1885 3170 27 15 nn
1972 3166 91 28 Brandy
2072 3165 24 22 in
2106 3171 34 21 qr.
2150 3163 72 26 casks,
2239 3173 2 6 >
2375 3173 3 6 -
2491 3184 6 9 s
2500 3179 5 3 -

1885 3197 26 15 »-
1973 3195 46 22 Gin
2028 3194 24 22 in
2059 3190 121 30 hogheads,
2244 3201 5 3 -
2400 3187 6 8 '
2504 3193 8 19 ;

1889 3220 24 19 at
1973 3223 113 23 Currants,
2098 3217 87 28 raisins,
2194 3217 49 28 figs,
2256 3217 59 25 &c.,-
2346 3222 28 12 «<■-
2386 3238 6 12 }
2387 3222 11 20 \
2411 3219 5 10 '
2505 3221 7 6 J

1885 3243 30 23 ad
1975 3255 38 22 On
2027 3252 45 24 sale
2091 3254 24 20 at
2124 3250 22 23 J.
2156 3248 154 26 Johnston's,
2322 3244 111 25 likmbton
2446 3244 73 27 Quay.

1885 3278 32 42 £*
1975 3285 126 24 December
2106 3285 42 25 ,l9;
2156 3283 62 22 1843.
2363 3273 73 30 '".■
2454 3290 3 3 •
2489 3276 7 26 ?

1885 3332 32 15 or-
2056 3332 43 21 on
2108 3330 59 21 sale
2251 3323 174 26 Mandarin.?'
2455 3323 4 8 '

1885 3353 23 21 44
1910 3367 7 11 '
1951 3367 43 25 T>
2004 3362 94 25 OMAN
2112 3363 97 24 cement,
2369 3352 5 7 s
2405 3354 18 12 li

1885 3387 8 14 °
1894 3387 15 15 n
1911 3396 6 11 '
1952 3391 52 25 XV
2032 3391 71 26 Guns,
2244 3401 4 4 -
2337 3403 3 5 .
2370 3406 4 6 .
2411 3389 6 3 '
2441 3387 4 9 l

1885 3414 34 27 V°
2034 3415 149 30 Gunpowder,

1889 3435 16 21 b
1905 3441 15 21 y
2035 3444 76 26 Shoes,
2414 3462 4 4 .

2034 3472 43 23 Tin
2087 3471 79 28 plates,

1884 3496 2 15 [
1887 3504 6 7 *
2037 3499 90 26 Cheese,
2224 3520 6 7 .
2244 3520 6 6 .
2354 3518 4 5 ,
2453 3497 4 4 '

1885 3522 18 22 3-
2037 3523 264 27 Preservea^provisions,
2360 3523 4 7 '
2506 3544 4 3 .

1885 3558 34 6 —
2037 3554 22 22 A
2068 3553 61 24 large
2139 3550 133 22 assortment
2281 3547 26 21 of
2430 3554 5 4 •
2485 3551 4 5 '

1884 3582 2 7 '
1899 3578 24 19 to
2038 3582 28 21 60
2083 3580 48 21 iron
2146 3575 99 26 hurdles,
2264 3572 54 24 with
2333 3574 49 20 nuts
2396 3570 57 33 and;
2453 3570 86 33 Screws

1885 3609 39 43 £
1957 3608 118 30 COltaplete<
2214 3625 161 27 SmoNDsand
2388 3621 130 38 HooeA^p:

1986 3667 161 27 Farish-atreefc
2160 3663 127 24 December
2295 3661 105 27 20,1843.
2432 3662 39 7 "'""
2494 3683 5 5 ,
2509 3655 5 6 '
2517 3674 4 13 t

1892 3728 25 16 er
2072 3705 76 31 /To
2164 3711 33 21 be
2211 3708 69 22 Sold
2291 3707 111 25 Cheap,.
2451 3709 28 18 tu
2491 3714 15 19 v

1963 3752 51 49 A
2027 3744 151 28 COTTAGE,
2186 3741 129 31 pleasanlly
2327 3739 102 26 sitii'atea,
2444 3737 103 24 contain-

2038 3777 41 25 ing
2087 3773 164 25 setting-«room,
2260 3768 123 27 bed-ropmi
2392 3768 46 21 aHd
2444 3768 103 30 *«^he,n,

1963 3805 53 24 with
2036 3812 13 14 a
2066 3801 51 23 well
2136 3796 122 26 cultivaited
2461 3790 87 36 f«#«

1885 3849 26 20 ny
1914 3842 24 22 .g.
1962 3830 138 32 particnlats,
2110 3827 67 29 apply
2187 3829 22 19 to
2220 3822 105 33 Mr.,Rde
2327 3836 12 21 >:

1884 3891 2 22 i
1887 3904 11 16 r
1898 3912 7 8 .
1924 3885 3 8 '
1943 3871 2 8 '
2174 3885 59 24 1843.
2265 3883 7 12 f
2298 3881 9 13 L
2310 3881 3 4 '
2333 3882 7 10 f
2355 3873 25 20 ''*
2388 3877 58 34 P!*
