2580 4090
1924 1734 44 14 ar;
1983 1727 44 21 Coa

1924 3909 77 18 Printed
2013 3909 37 16 and
2064 3909 97 19 published
2178 3910 54 15 every
2248 3909 115 15 Wednesday
2379 3909 38 10 ana
2427 3909 84 13 &aturq»y

1889 3925 6 20 D
1915 3944 4 2 .
1945 3931 91 19 morning,
2050 3929 23 20 by
2092 3929 85 16 Skuvsl
2191 3927 89 18 B*va*s,
2297 3927 20 14 at
2332 3925 31 16 the
2380 3923 55 17 Office
2452 3920 20 19 of
2483 3924 28 14 tne

1889 3959 8 13 n
1942 3953 54 17 Nsw
2009 3951 100 17 Zbaiand
2119 3949 92 17 Gasssttb
2222 3951 42 13 and
2278 3946 137 18 Wsmihotov
2427 3944 78 16 «mcta

1889 3967 8 12 *
1945 3978 44 14 tor.
2000 3971 158 18 Mannert-ntreet,
2167 3969 116 20 Wellington,
2297 3968 44 17 Port
2349 3963 163 27 ,Nieholsott,vNtf

1889 3992 8 21 7
1947 3993 86 20 Zealand.
2199 3987 5 12 *

65 159 24 20 to
110 155 57 23 have
188 154 56 23 been
263 153 107 32 provided
390 152 31 31 by
449 151 79 32 thrifty
548 152 95 24 dealers.

65 188 52 23 The
128 191 77 20 ascent
216 192 23 17 to
251 187 46 22 this
308 185 125 24 celebrated
440 185 42 23 hill
492 186 20 22 is
519 193 24 15 so
550 183 94 33 gradual

65 221 29 30 by
105 220 38 23 the
153 219 110 24 southern
274 219 62 29 road,
348 219 49 23 that
404 226 43 16 one
456 218 19 23 is
485 222 39 19 not
534 216 110 33 prepared

64 253 35 23 for
112 253 36 23 the
160 252 117 24 extended'
287 256 124 27 prospects,
423 251 74 24 which
514 258 30 16 on
555 250 39 24 the
605 255 39 26 top

64 285 73 24 break
148 293 60 23 upon
221 285 39 24 the
270 284 61 32 sight
340 292 28 17 on
380 284 31 24 all
422 284 69 23 sides.
527 283 50 24 The
586 283 58 23 view

64 319 21 22 is
96 318 53 31 only
160 318 88 24 limited
258 318 29 31 by
305 317 38 24 the
360 318 102 27 horizon,
481 316 52 29 and,
550 317 94 30 passing

65 359 54 16 over
129 352 64 23 lands
204 351 26 24 of
244 350 38 25 the
293 350 85 24 richest
387 354 130 27 pasturage,
526 349 20 24 is
557 349 50 24 said
618 353 26 18 to

63 390 133 25 encompass
218 385 102 30 portions
336 383 24 24 of
381 390 30 16 uo
427 383 47 23 less
493 382 54 24 than
564 382 80 23 twelve

66 418 110 23 counties.
230 416 50 25 The
308 416 72 32 plain,
400 423 29 16 on
447 415 39 24 the
506 415 93 24 summit
621 415 26 23 of

63 450 40 23 the
129 450 49 29 hill,
206 449 123 32 comprises
362 449 87 24 fiifteen
479 456 63 16 acres
552 457 8 20 ;
602 448 42 24 but

65 491 29 16 on
122 483 63 24 these
204 484 20 23 it
247 484 21 23 is
286 483 26 24 in
327 483 54 23 vain
402 490 47 23 you
464 481 56 25 seek
542 481 35 24 for
599 488 45 25 any

64 517 53 30 sign
129 524 24 15 or
164 516 56 23 relic
231 516 27 24 of
266 516 49 23 that
326 516 116 23 extensive
454 514 63 32 regal
527 514 117 25 residence

63 556 28 16 so
101 549 96 31 proudly
206 548 92 33 spoken
308 548 25 24 of
348 549 23 22 in
381 548 64 24 Irish
456 547 86 31 history
552 556 7 20 ;
577 547 22 24 if
611 554 32 17 we

63 586 82 27 except
155 586 43 20 two
205 582 110 29 mounds,
326 589 43 16 one
387 582 26 22 of
427 580 73 25 which
519 589 14 15 a
549 586 95 26 peasant

62 615 93 31 pointed
166 618 40 20 out
218 619 23 19 to
251 622 29 16 us
293 623 24 15 as
336 615 7 11 '
351 614 37 23 the
409 618 52 27 spot
475 614 73 23 where
559 614 52 31 fifty
620 615 27 22 of

63 648 39 24 the
113 648 58 31 boys
181 655 59 17 were
250 648 81 23 buried
340 648 24 23 in
375 654 43 17 one
427 654 76 25 grave,
524 646 49 24 who
584 654 58 16 were

63 681 54 24 shot
127 686 23 19 at
160 681 39 24 the
209 681 71 23 battle
292 680 79 32 fought
383 680 64 24 there
460 684 22 19 at
491 680 40 24 the
546 681 55 22 time
620 680 26 23 of

63 713 38 25 the
109 714 100 24 troubles
219 715 23 23 in
255 714 58 24 '98.'
340 737 3 4 .
358 714 35 23 To
409 713 44 24 .the
470 713 66 24 north
556 712 25 24 of
603 712 39 24 the

62 747 43 24 hill
118 755 56 16 were
183 747 90 24 erected
284 752 43 18 two
339 746 117 32 platforms
464 754 8 20 ;
491 754 43 16 one
551 746 36 24 for
603 745 39 25 the

61 780 193 24 accommodation
275 780 26 23 of
326 779 69 24 ladies
404 788 7 20 ;
443 778 44 25 and
508 778 39 25 the
569 778 72 30 other,
650 789 3 5 -

62 813 92 32 capable
167 813 25 23 of
206 813 133 31 containing
353 813 47 23 five
418 812 104 24 hundred
538 819 103 25 persons,

61 846 37 24 for
115 846 38 24 the
173 846 109 31 speakers
305 846 44 24 and
366 845 65 24 other
447 844 90 32 leading
548 844 94 25 charac-

96 913 159 24 O'Connell
262 920 33 16 at
305 912 82 24 Taba.
388 924 35 5 —
502 911 140 31 Wellington

61 959 33 5 —
96 945 106 32 (groans)
203 958 34 5 —
237 946 74 31 began
321 945 30 31 by
362 944 150 31 threatening,
516 944 69 29 them,
599 945 43 23 and

61 979 77 27 talked
158 980 26 23 of
207 978 54 25 civil
280 986 46 16 war
336 987 6 20 ;
369 978 42 25 but
429 978 31 24 he
480 978 49 25 said
547 977 97 32 nothing

61 1013 70 24 about
148 1013 18 23 it
184 1020 58 17 now.
279 1011 40 25 He
340 1019 45 16 was
404 1011 89 32 getting
508 1010 146 29 inlet-holes,

61 1046 67 24 made
139 1046 23 23 in
174 1050 66 19 stone
251 1044 117 25 barracks.
403 1044 59 25 Now
474 1044 53 32 only
539 1043 68 26 think
620 1044 27 23 of

61 1087 30 16 an
103 1079 36 24 old
150 1079 94 31 general
256 1078 69 31 doing
336 1078 55 24 such
404 1086 14 15 a
438 1077 73 32 thing.
547 1078 40 24 He
598 1078 46 24 had

61 1112 71 24 heard
145 1112 48 24 that
204 1120 15 15 a
229 1116 65 27 great
306 1111 49 26 deal
366 1111 26 24 of
399 1111 88 31 brandy
498 1110 43 25 and
551 1111 93 24 biscuits

61 1146 46 24 had
115 1146 60 23 -been
186 1150 52 19 sent
245 1149 23 20 to
275 1145 38 23 the
320 1144 117 30 barracks,
447 1144 42 25 and
497 1144 28 25 be
533 1144 111 31 sincerely

60 1180 60 31 hope
129 1179 6 23 i
147 1179 48 24 that
207 1178 39 24 the
258 1186 55 23 poor
333 1178 94 25 soldiers
447 1177 73 26 would
532 1182 37 27 get
581 1185 63 16 some

61 1213 27 24 of
97 1212 69 26 them.
203 1211 71 25 Their
286 1211 81 24 honest
378 1211 111 28 brothers,
499 1210 37 24 the
550 1210 94 24 soldiers

61 1246 51 23 who
124 1245 43 24 had
179 1246 56 23 been
244 1249 52 20 sent
308 1250 23 18 to
341 1244 99 29 Ireland,
451 1252 56 16 were
517 1252 25 16 as
555 1244 89 31 orderly

61 1279 44 25 and
125 1279 67 25 brave
210 1286 53 17 men
284 1286 26 16 as
330 1285 44 24 any
391 1278 24 23 in
433 1278 101 25 Ireland,
569 1276 85 33 (hear/

61 1313 57 23 hear
125 1312 6 24 !
143 1312 45 24 and
200 1311 101 32 cheers.)
325 1311 39 25 He
376 1319 45 16 was
431 1319 53 17 sure
495 1311 50 24 that
555 1316 40 19 not
601 1319 43 16 one

61 1346 30 24 of
111 1345 62 25 them
191 1345 45 23 had
258 1353 13 15 a
298 1345 72 31 single
390 1345 124 31 complaint
535 1349 24 19 to
576 1344 69 25 make

62 1380 90 31 against
164 1377 71 24 them.
253 1376 86 32 (Hear,
352 1378 61 28 hear,
425 1377 83 32 hear!)
526 1377 26 26 If
564 1385 47 23 any
621 1377 26 25 of

61 1419 46 26 ysu
127 1412 58 24 hare
200 1419 42 23 say
263 1419 34 16 so.
321 1409 79 32 (Loud
418 1411 59 23 cries
497 1411 26 24 of
536 1419 38 21 no,
585 1419 30 15 no
625 1410 31 32 !)>

62 1446 69 31 They
141 1453 58 18 were
218 1445 39 26 the
275 1445 91 24 bravest
383 1452 65 23 army
459 1445 24 23 in
505 1445 38 23 the
554 1443 69 26 world
635 1453 7 19 ;

63 1479 44 25 and
129 1478 111 26 therefore
257 1477 29 24 he
306 1478 38 24 did
361 1481 40 20 not
419 1478 118 31 disparage
548 1478 63 24 them
621 1482 25 19 at

63 1512 31 25 all
106 1512 65 25 when
182 1511 30 24 he
224 1511 74 25 stated
310 1511 44 24 this
362 1511 54 29 fact,
427 1511 50 24 that
487 1511 20 24 if
522 1511 52 31 they
586 1518 60 17 were

63 1551 52 19 sent
127 1551 22 19 to
160 1545 69 24 make
239 1552 47 16 war
306 1545 88 31 against
404 1544 40 24 the
461 1544 87 32 people,
561 1544 28 24 he
601 1544 45 24 had

63 1587 87 18 women
166 1579 91 30 enough
273 1582 24 20 to
313 1579 52 23 beat
376 1578 71 24 them.
487 1577 98 31 (Cheers
601 1577 46 25 and

64 1612 127 33 laughter.)
226 1612 76 24 There
319 1619 46 17 was
376 1619 30 16 no
423 1611 109 31 mockery
543 1619 24 16 or
581 1610 64 26 delu-

64 1648 51 23 sion
126 1647 22 24 in
161 1645 62 25 what
233 1645 30 24 he
282 1645 58 24 said.
374 1645 35 23 At
427 1644 40 25 the
487 1645 44 23 last
541 1644 59 32 fight
610 1645 36 23 for

63 1679 101 30 Ireland,
176 1679 67 24 when
261 1678 54 31 they
326 1686 57 16 were
402 1678 110 31 betrayed
522 1678 31 31 by
564 1686 14 16 a
589 1677 54 25 reli-

65 1721 55 16 ance
133 1721 28 16 on
173 1712 102 32 English
294 1711 88 26 honour
382 1724 34 6 —
416 1711 75 24 which
507 1711 54 31 they
571 1711 75 24 would

63 1754 70 17 never
144 1747 67 31 again
224 1744 88 26 confide
329 1746 31 29 in,
373 1746 35 24 for
423 1745 34 24 he
466 1745 73 23 would
551 1753 25 15 as
587 1753 57 15 soon

64 1780 88 25 confide
162 1780 25 23 in
199 1779 38 24 the
248 1779 88 24 honour
348 1779 25 24 of
387 1787 13 15 a
413 1779 85 24 certain
508 1777 68 26 black
587 1786 58 22 gen-

63 1814 85 24 tleman
160 1813 50 24 that
221 1813 45 23 had
277 1817 40 26 got
335 1817 43 20 two
395 1812 70 24 horns
487 1811 43 25 and
548 1811 65 24 hoofs
614 1824 33 4 —

63 1846 129 33 (laughter)
193 1859 33 5 —
226 1846 42 24 but
279 1853 25 16 as
315 1846 28 23 he
355 1853 44 16 was
418 1846 88 31 saying,
519 1850 23 19 at
553 1845 38 24 the
602 1845 45 24 last
654 1855 3 7 •

63 1881 72 24 battle
146 1881 35 23 for
193 1880 101 29 Ireland,
306 1880 73 29 when,
391 1879 59 24 after
461 1883 44 19 two
517 1878 61 31 day's
590 1878 57 24 hard

63 1914 106 32 fighting,
182 1914 40 24 the
234 1913 62 25 Irish
314 1921 58 16 were
390 1913 78 24 driven
488 1911 57 26 back
565 1912 31 32 by
608 1911 39 24 the

63 1948 63 24 fresh
148 1953 77 26 troops
242 1947 51 24 that
313 1954 57 16 were
387 1946 100 31 brought
506 1954 30 23 up
555 1946 30 31 by
606 1945 41 24 the

63 1980 102 33 English
175 1986 25 18 to
219 1980 40 24 the
276 1980 80 31 bridge
375 1979 25 24 of
414 1979 127 28 Limerick,
554 1983 24 18 at
599 1979 49 22 that

63 2015 66 32 point
139 2014 66 24 when
218 2014 38 24 the
268 2013 63 24 Irish
342 2012 95 24 soldiers
449 2012 82 24 retired
541 2012 105 30 fainting,

63 2050 20 22 it
101 2056 45 16 was
166 2047 52 24 that
235 2047 38 24 the
291 2054 87 16 women
397 2045 27 24 of
439 2045 118 24 Limerick
576 2044 78 24 threw

64 2081 136 25 themselves
220 2081 23 23 in
256 2080 39 24 the
306 2087 58 24 way,
373 2079 47 25 and
431 2078 68 24 drove
518 2078 37 25 the
567 2085 80 24 enemy

63 2115 68 29 back,
143 2114 87 29 fifteen,
242 2118 92 27 twenty,
347 2113 107 31 orthirty
465 2120 75 24 paces.
573 2111 74 24 Seve-

63 2149 35 24 ral
121 2149 25 23 of
173 2148 38 24 the
238 2155 56 25 poor
322 2154 86 16 women
435 2153 59 17 were
521 2144 71 25 killed
621 2146 25 22 in

63 2183 40 24 the
123 2182 119 32 struggle;;
268 2181 47 24 and
341 2180 54 24 then
417 2179 91 24 shrieks
527 2179 26 23 of
573 2186 83 24 agony,

63 2217 70 30 being
157 2215 72 25 heard
257 2214 30 32 by
317 2214 61 23 their'
401 2217 157 27 countrymen,
595 2212 54 32 they

64 2251 67 30 again
159 2248 80 25 rallied
268 2248 45 23 and
341 2246 139 25 determined
507 2250 23 20 to
560 2246 35 23 die
623 2247 25 23 in

63 2284 60 24 their
134 2283 92 23 defence
236 2291 6 20 ;
262 2281 44 25 and
317 2280 83 31 doubly
418 2280 85 24 valiant
520 2280 25 23 in
557 2279 38 24 the
606 2279 40 24 de-

63 2318 66 23 fence
139 2316 25 24 of
179 2316 39 24 the
229 2323 95 21 women,
337 2314 53 32 they
400 2313 105 32 together
517 2313 80 24 routed
608 2313 39 24 the

64 2351 100 24 Saxons.
199 2348 81 32 (Loud
292 2347 99 33 cheers.)
425 2347 59 30 Yes,,
489 2346 36 25 .he
540 2344 116 34 repeated'

64 2384 51 24 that
125 2383 28 24 he
164 2383 46 24 had
232 2389 86 17 women
337 2381 90 32 enough
446 2385 22 20 to
486 2380 52 24 beat
559 2380 30 24 all
609 2379 40 24 the

63 2426 66 23 army
139 2418 24 23 in
178 2416 101 25 Irelaud.
316 2414 127 33 (Renewed
461 2412 127 34 cheering.)
595 2435 3 3 .
622 2413 26 24 It

63 2451 48 25 idle
120 2451 36 24 for
167 2458 46 23 any
340 2457 24 16 or
376 2452 123 20 statesman
515 2452 23 20 to
550 2455 98 25 suppose

63 2485 36 24 for
112 2493 14 16 a
135 2488 102 21 moment
248 2483 50 24 that
315 2483 30 23 he
362 2482 67 24 could
447 2486 44 28 put
508 2482 65 24 down
592 2481 56 25 such

39 2518 41 37 c||£
90 2518 102 32 struggle
203 2525 27 16 as
241 2517 46 24 this
293 2516 35 25 for
338 2516 89 32 liberty.
465 2515 50 25 The
523 2515 53 33 only
584 2515 64 32 thing

63 2545 31 38 jfe
106 2552 75 24 feared
193 2559 47 16 was
257 2551 39 23 the
314 2549 97 25 conduct
429 2549 26 25 of
472 2557 63 17 some
553 2549 95 24 ruffians

64 2586 51 24 who
135 2593 58 17 were
213 2584 71 25 called
305 2584 146 24 Ribbonmen
461 2592 7 20 ;
487 2583 45 24 and
547 2582 29 25 he
588 2587 60 20 went

64 2628 30 16 on
106 2624 23 20 to
140 2627 62 16 warn
214 2619 39 24 the
265 2617 126 33 Repealers
400 2617 92 32 against
609 2616 39 24 He

65 2653 94 24 claimed
169 2653 37 23 for
218 2652 39 24 the
275 2652 82 25 Queen
374 2651 42 24 the'
430 2650 63 32 tight
510 2654 24 20 at
550 2658 57 16 once
625 2654 23 20 to

64 2694 106 17 summon
181 2694 30 16 an
223 2685 64 25 Irish
307 2685 142 24 Parliament
458 2693 6 20 ;
484 2684 44 24 and
539 2683 49 25 said
601 2683 47 25 that

63 2721 23 23 if
126 2720 59 31 dirty
197 2718 96 33 Sugden
326 2718 72 24 would
409 2722 42 19 not
462 2718 51 31 sign
529 2716 38 25 the
578 2718 69 29 writs,

65 2762 31 15 an
107 2753 63 24 Irish
181 2752 138 25 Chancellor
331 2751 66 24 could
409 2758 56 17 soon
475 2751 30 23 be
516 2750 71 24 found
597 2751 51 23 who

66 2787 74 24 would
150 2796 7 20 ;
176 2786 46 24 and
233 2786 30 23 he
274 2785 79 29 added,
402 2784 14 25 I
427 2784 87 25 believe
527 2784 12 24 I
551 2792 36 16 am
599 2784 49 25 able

66 2826 24 19 to
102 2828 118 16 announce
232 2824 22 19 to
266 2827 46 24 you
329 2819 49 24 that
396 2817 81 25 twelve
491 2817 92 25 months
595 2825 53 17 can-

64 2859 43 19 not
117 2854 102 31 possibly
231 2853 75 32 elapse
315 2852 94 24 without
418 2852 86 37 haying
513 2859 14 16 a
534 2851 71 24 hurra
614 2851 34 24 for

65 2896 42 16 our
120 2887 141 24 Parliament
271 2887 24 23 in
308 2885 92 32 College
555 2885 39 24 He
605 2892 43 17 an-

65 2920 110 30 nounced,
189 2920 50 24 that
249 2927 30 17 on
291 2919 101 32 Monday
400 2923 58 20 next
468 2918 39 25 the
513 2919 135 24 association

65 2955 76 24 would
150 2955 116 23 nominate
468 2953 25 23 in
505 2952 39 24 the
554 2960 94 24 persons

65 2989 28 24 of
100 2989 39 23 the
150 2988 116 32 displaced
277 2987 99 24 Justices
393 2986 26 24 of
435 2986 42 24 the
496 2986 82 29 Peace,
598 2986 50 24 who

65 3021 165 25 would-decide
230 3026 3 9 1
245 3021 106 31 disputes
361 3019 96 25 without
472 3026 97 25 expense
578 3029 7 20 ;
604 3019 43 24 and

65 3056 29 24 he
106 3054 287 26 eihortedliis'hearers'to
404 3061 66 23 carry
479 3053 58 24 their
547 3052 101 33 disputes

45 3088 5 4 '
65 3089 77 24 before
153 3088 67 25 those
230 3089 132 24 arbitrators
373 3087 36 24 for
420 3086 137 24 settlement.

99 3123 164 29 Sheerness,
274 3122 104 24 August
389 3122 41 22 21.
432 3132 35 5 —
467 3120 25 24 It
502 3121 20 23 is
533 3120 115 31 currently

65 3156 105 32 reported
181 3156 51 23 that
243 3164 14 15 a
267 3156 67 23 letter
343 3155 42 24 has
402 3155 59 23 been
471 3153 104 24 received
585 3153 62 30 here,

65 3191 60 23 from
145 3190 73 24 H.M.
239 3193 73 20 steam
331 3188 83 33 packet
432 3186 103 33 Cyclops,
554 3188 93 31 stating,

65 3223 50 24 that
143 3223 50 24 she-
205 3223 46 24 had
273 3223 82 23 seized,
371 3230 14 16 a
406 3221 92 24 French
526 3220 122 24 merchant

65 3257 118 29 schooner,
195 3256 67 24 laden
274 3256 54 23 with
347 3263 60 17 arms
425 3254 46 24 and
491 3254 156 30 ammunition,

65 3291 46 24 and
119 3288 118 26 boun&Tdr
246 3289 102 25 Ireland.'
374 3287 105 26 H.M;S.
490 3287 158 32 Camperdown

63 3325 23 22 is
99 3323 94 24 ordered
201 3327 24 19 to
233 3323 44 23 sail
287 3323 59 23 from
357 3322 128 24 Shearness
494 3329 30 16 on
536 3321 112 24 Wednes-

65 3358 45 34 day
120 3361 63 25 next,
200 3356 41 24 she
260 3357 19 22 is
299 3364 54 15 now.
367 3355 82 32 taking
466 3355 26 24 in
509 3355 41 24 her
566 3360 82 24 stores,

63 3391 144 33 provisions/
214 3390 54 29 &c,
285 3389 35 24 for
336 3389 63 25 three
415 3388 93 24 months
518 3396 9 16 r
543 3388 42 24 her
593 3388 56 24 des-

63 3424 97 25 tiriation
179 3425 21 24 is
212 3428 41 20 not
270 3427 40 28 yet
326 3422 92 29 known,
435 3421 93 32 beyond
546 3421 51 25 that
606 3421 43 24 she

64 3459 57 24 calls
132 3463 24 19 at
173 3458 49 24 Pof
223 3456 102 25 tsniouth
341 3454 44 25 and
402 3454 132 32 Plymouth*
569 3455 49 24 She
627 3456 22 23 is

65 3500 29 16 an
116 3493 102 23 instance
231 3491 24 24 of
272 3490 39 24 the
321 3489 88 31 facility
414 3488 63 24 "with'
484 3488 73 24 which
572 3496 14 16 a
595 3488 54 32 ship

65 3534 41 16 can
130 3527 27 23 be
165 3529 40 28 got
216 3523 70 32 ready
295 3523 45 25 and
347 3527 51 19 sent
409 3526 23 19 to
440 3529 47 16 sea.
524 3522 37 23 No
571 3522 78 24 orders

65 3567 60 17 were
136 3560 67 30 given
216 3558 59 24 until
286 3557 39 25 the
336 3557 53 24 visit
400 3556 26 23 of
439 3555 40 23 the
491 3554 74 25 Lords
576 3555 26 24 of
611 3555 38 24 the

63 3592 141 32 Admirality
216 3599 29 17 on
258 3591 121 30 Saturday.
382 3590 54 28 last;
447 3588 67 24 when
529 3588 41 24 the
580 3596 69 24 ques-

64 3628 49 23 tion
124 3634 46 17 was
190 3625 81 29 asked,
319 3623 61 26 How
390 3623 58 31 long
458 3621 46 24 will
521 3622 20 23 it
559 3622 57 23 take
625 3627 24 18 to

63 3660 70 25 malce
152 3659 41 25 the
211 3656 162 35 Camperdmm
389 3656 74 31 ready
477 3659 23 19 to
520 3659 40 27 get
578 3655 72 25 under

63 3694 83 32 weigh,
170 3698 23 20 to
217 3691 100 33 proceed
333 3696 23 19 to
547 3696 26 16 or
590 3689 60 24 else-

63 3729 76 23 where
147 3726 27 26 V
209 3725 54 25 The
270 3732 89 20 answer
366 3731 56 22 was,
433 3723 18 24 V
461 3722 51 32 Slip
522 3722 42 24 her
573 3730 78 16 moor-

63 3763 62 30 ings,
137 3760 44 26 and
193 3759 42 25 she
244 3763 56 20 <San-
303 3763 40 29 get
352 3757 73 25 under
437 3756 74 32 weigh
521 3756 26 23 in
557 3755 51 24 half
618 3764 33 16 an

63 3795 17 24 }i
82 3803 41 16 Our
120 3800 4 3 -
124 3807 31 5 —
157 3795 56 23 tidir
221 3790 134 35 permitting
374 3791 42 25 her
432 3795 24 19 to
476 3797 29 24 go
520 3792 41 20 out
571 3789 27 23 of
610 3789 41 24 the

222 3826 54 25 The
292 3824 163 33 Cmperdovn
473 3824 21 23 is
511 3827 23 20 to
552 3821 54 25 take
621 3830 29 16 an

63 3861 124 26 additional
200 3859 100 26 number
311 3859 26 24 of
352 3858 101 26 marines
464 3861 25 20 to
507 3856 41 24 her
557 3861 94 27 present

63 3896 181 31 comiAimtnU—
243 3891 138 31 -Standard,
393 3890 145 32 Augustus,

97 3929 159 24 Government
275 3926 59 24 have
352 3926 19 24 it
387 3925 26 24 in
433 3924 175 33 contemplation
626 3928 24 19 to

61 3962 111 28 establish
184 3970 14 15 a
209 3960 93 32 regular
312 3959 46 24 line
368 3959 27 23 of
411 3964 72 18 steam
494 3957 155 24 communica-

61 4000 49 22 tion
123 3995 53 26 with
188 3995 41 24 the
247 3993 96 27 Brawls.

571 63 107 47 Wifr
699 60 122 44 Wi*6
846 62 209 41 ZtalauU
1079 60 191 47 iKa^ttc
1294 61 91 39 anfr
1408 58 300 47 aattrtttngioit
1733 55 254 49 £*wtat<u%

1284 147 123 25 Country
1420 145 126 23 Sections
1565 145 44 21 for
1629 145 61 21 Sale
1712 150 36 16 on
1768 144 101 22 Libexa

1354 186 25 11 *,
1526 173 102 22 Terms.

1286 195 162 53 SEVERAL
1482 197 101 24 Sections
1610 198 27 22 of
1667 198 101 26 Country
1795 197 72 27 Land,

1326 232 4 2 '
1347 225 92 27 already
1448 223 82 23 chosen
1538 225 25 21 in
1573 223 38 23 the
1624 223 93 23 Porirua
1731 223 93 27 district,
1834 223 36 22 for

1284 252 57 27 Sale,
1351 258 76 16 terms
1437 258 104 15 liberal.
1571 250 76 29 Apply
1656 253 23 19 to

1351 282 52 32 '^JF.
1417 282 30 22 A.
1460 282 172 27 Molesworth,
1648 282 186 28 Murphy-street,
1845 288 25 15 or

1351 310 62 36 *4fjjW.
1429 314 27 22 V.
1470 314 108 27 Brewer,
1589 314 196 23 Manners-street.

1464 381 5 6 ,
1508 366 58 26 For,
1576 366 71 23 Sale,

1285 399 91 50 THE
1392 399 143 23 COTTAGE
1550 399 96 22 situated
1655 399 23 21 in
1696 399 100 21 Oriental
1813 399 56 27 Bay,

1346 436 4 3 -
1358 425 46 23 and
1417 425 69 28 lately
1494 425 108 28 occupied
1616 426 30 27 by
1657 425 36 22 the
1710 425 159 27 undersigned.

1284 453 21 22 A
1319 451 54 29 long
1390 451 60 23 lease
1468 452 25 22 of
1510 451 38 24 the
1563 452 85 22 section
1662 459 58 20 upon
1740 451 73 23 which
1832 452 37 21 the

1279 476 74 25 'bouse
1363 478 75 23 stands
1446 478 45 23 will
1499 479 29 21 be
1537 478 104 27 granted.

1309 505 71 23 Town
1388 505 55 22 land
1451 505 45 22 will
1504 505 29 22 be
1541 505 69 22 taken
1619 505 24 23 in
1652 505 123 28 exchange.

1310 532 44 22 For
1363 531 84 23 further
1455 531 135 28 particulars,
1602 532 67 27 apply
1677 535 24 18 to

1603 565 97 23 George
1715 566 91 25 Duppa,
1821 572 25 15 or

1603 592 36 21 W.
1656 592 28 22 V.
1700 592 102 22 Brewer

1286 636 91 48 THE
1400 636 78 21 Nelton
1500 632 123 25 Examiner'
1640 636 43 21 and
1703 636 53 20 New
1780 635 94 20 Zealand

1359 662 110 22 Chronicle
1483 662 160 33 (publishedat
1651 658 103 30 Nelson,)
1770 661 19 22 is
1806 669 67 20 regu-

1284 689 56 28 larly
1359 690 139 22 transmitted
1514 693 24 19 to
1552 689 146 28 Wellington,
1718 688 45 22 and
1778 695 52 21 may
1844 688 28 24 be

1284 716 44 22 had
1337 719 25 19 at
1369 716 39 22 the
1418 716 63 22 office
1490 716 26 22 of
1527 716 44 22 this
1580 723 76 21 paper.

1310 742 49 24 The
1368 744 80 21 Nelton
1455 744 117 20 Examiner
1587 740 45 24 will
1641 743 28 21 be
1677 742 71 22 found
1758 749 29 14 an
1797 742 76 22 excel-

1284 770 47 22 lent
1338 770 102 23 medium
1448 771 35 21 for
1493 770 140 22 advertisers.

1310 802 80 23 Terms
1398 803 36 21 for
1442 802 37 22 the
1488 809 75 21 paper,
1574 804 37 20 ten
1620 801 101 27 shillings
1735 807 39 21 per
1782 803 92 25 quarter

1278 829 100 29 -payable
1386 829 25 22 in
1420 829 108 22 advance.

1311 860 84 23 Orders
1416 860 35 22 for
1470 860 38 22 the
1530 867 68 21 paper
1620 859 46 22 and
1688 858 186 23 advertisements

1285 886 103 25 received
1397 890 23 19 at
1430 887 37 22 the
1477 886 72 23 Office
1559 887 26 21 of
1597 886 45 22 this
1650 893 76 20 paper.

1446 933 78 21 Meat
1554 932 155 26 -Company.

1277 955 2 35 !
1446 956 4 7 '
1514 966 131 22 CHEESE.

1287 992 93 51 THE
1392 992 91 24 MEAT
1503 992 155 23 COMPANY
1677 994 93 25 expects
1789 991 85 28 shortly

1361 1023 24 19 to
1394 1020 87 22 receive
1484 1020 95 27 'regular
1583 1019 98 28 supplies
1687 1020 26 21 of
1720 1018 86 23 Cheese
1817 1018 56 22 from

1287 1048 37 22 the
1334 1047 143 28 Cowpasture
1486 1047 46 22 and
1540 1047 122 22 Terawitte
1668 1046 97 22 Dairies.

1557 1080 37 23 W.
1608 1079 105 28 Flyger,
1727 1079 119 28 Manager.

1314 1108 132 28 September
1451 1109 36 26 29,
1499 1109 62 21 1843.

1459 1154 78 21 Meat
1550 1154 150 26 Company.

1288 1189 184 50 WANTED,
1488 1196 15 14 a
1509 1187 71 23 vessel
1590 1188 27 22 of
1630 1187 68 23 about
1707 1189 28 20 30
1744 1189 58 24 tons,
1815 1190 21 18 to
1846 1187 28 21 be

1380 1216 59 22 tent
1453 1215 127 27 constantly
1596 1214 118 29 employed
1727 1214 23 22 in
1770 1213 105 28 bringing

1289 1243 53 28 pigs,
1354 1246 24 19 at
1386 1250 15 14 a
1410 1239 60 26 fixed
1479 1243 59 26 price
1547 1250 42 19 per
1597 1241 83 28 pound,
1688 1241 59 22 from
1756 1241 38 22 the
1805 1245 67 22 coast,

1288 1271 34 21 for
1330 1270 45 22 this
1385 1269 177 23 establishment.

1557 1302 37 22 W.
1610 1302 103 27 Flyger,
1727 1302 119 26 Manager.

1315 1330 129 28 September
1453 1331 34 25 29,
1500 1330 61 22 1843.

1290 1376 174 29 /CHARTER,
1473 1373 176 27 PARTIES,for
1658 1372 45 22 sale
1714 1377 23 17 at
1742 1375 38 19 the
1789 1372 86 20 Gazette

1290 1395 41 30 \J/
1345 1403 81 21 Office.

1289 1444 127 51 PLANS
1440 1444 25 21 of
1484 1443 39 23 the
1545 1444 71 21 Town
1636 1443 26 21 of
1679 1442 168 22 Wellington.

1361 1471 57 22 Plan
1440 1471 25 21 of
1472 1470 37 24 the
1519 1470 110 22 Harbour
1639 1469 25 23 of
1677 1468 56 24 Port
1749 1468 125 22 Nicholson

1495 1532 171 25 POSTAGE.

1315 1587 34 22 To
1364 1587 163 25 Subscribers,
1544 1593 78 15 other
1637 1586 145 21 Newspaper
1803 1585 73 21 Esta-

1290 1622 152 19 blishments,
1453 1621 46 15 and
1515 1613 161 22 Commanders
1693 1620 27 14 of
1736 1612 110 22 Vessels.
1850 1622 26 5 —

1290 1642 28 22 In
1328 1649 40 15 our
1377 1648 69 21 paper
1455 1641 26 21 of
1493 1639 132 28 September
1639 1641 37 25 30,
1685 1647 34 15 we
1728 1639 101 22 inserted
1838 1639 38 22 the

1289 1669 65 22 latest
1363 1668 139 27 regulations
1511 1667 69 22 about
1589 1667 103 27 Postage.
1721 1666 45 24 For
1775 1666 39 22 the
1824 1674 52 14 con-

1290 1696 107 22 venience
1415 1695 26 22 of
1456 1692 41 25 bur
1513 1694 132 22 mercantile
1662 1693 92 27 friends,
1770 1700 33 15 we
1820 1693 56 23 have

1289 1723 89 28 printed
1387 1723 62 21 them
1463 1729 61 20 upon
1540 1729 14 14 a
1567 1721 55 23 half
1632 1720 63 23 sheet
1709 1721 27 21 of
1745 1727 77 26 paper,
1832 1720 44 23 and

1289 1750 53 28 they
1347 1757 43 15 can
1400 1757 49 15 now
1457 1749 29 23 be
1496 1748 158 27 conveniently
1661 1747 77 28 posted
1746 1755 25 15 in
1777 1755 30 15 an
1813 1747 63 23 office

1289 1778 35 22 for
1331 1777 93 27 general
1434 1777 122 22 reference.

1316 1805 43 22 We
1369 1807 84 19 cannot
1462 1803 113 24 ourselves
1584 1802 79 28 gather
1673 1803 58 22 from
1742 1801 38 23 the
1789 1802 87 27 regula-

1290 1832 58 22 tions
1358 1832 38 21 the
1404 1835 92 24 postage
1507 1826 134 32 chargeable
1651 1837 61 20 upon
1837 1837 40 20 pa-

1289 1866 49 24 pers
1347 1859 80 26 posted
1443 1861 23 19 at
1482 1857 147 28 Wellington,
1639 1857 41 22 but
1697 1864 32 14 we
1744 1856 59 22 have
1819 1857 58 21 been

1289 1885 114 24 informed
1412 1886 48 21 that
1469 1884 38 23 She
1516 1892 52 14 sum
1578 1883 132 28 chargeable
1720 1884 20 22 is
1749 1890 45 16 one
1801 1890 76 21 penny

1290 1921 38 20 per
1336 1920 77 21 paper.
1441 1912 54 23 This
1505 1911 19 23 is
1533 1919 14 14 a
1556 1911 74 28 heavy
1640 1914 45 24 tax,
1697 1910 46 23 and
1752 1911 83 22 indeed
1844 1918 33 15 we

1291 1944 87 24 suspect
1387 1940 38 22 the
1434 1939 136 28 regulations
1580 1937 45 24 will
1639 1938 28 22 be
1683 1937 70 23 found
1762 1938 115 27 generally

1289 1970 23 19 to
1321 1968 57 21 bear
1387 1967 99 26 severely
1497 1973 62 20 upon
1568 1966 38 21 the
1618 1965 113 22 colonists.

1318 1994 49 20 One
1375 2000 76 19 penny
1467 1993 56 21 each
1538 1993 45 19 T*ill
1598 1995 93 17 amount
1706 1995 24 17 to
1746 1991 62 25 eight
1824 1991 53 20 shil-

1290 2019 57 26 lings
1356 2018 47 22 and
1412 2017 62 27 eight
1481 2023 70 21 pence
1568 2023 40 21 per
1623 2022 84 15 annum
1717 2022 62 20 upon
1789 2022 41 14 our
1838 2022 39 19 pa-

1290 2052 46 21 per.
1364 2045 56 22 This
1429 2051 51 15 sum
1493 2050 33 15 we
1542 2042 57 23 shall
1614 2043 29 21 be
1658 2042 89 27 obliged
1763 2045 23 18 to
1796 2041 81 28 charge

1291 2071 115 29 quarterly
1414 2071 25 23 in
1454 2071 100 22 advance
1569 2070 35 22 for
1612 2077 79 20 papers
1709 2068 94 23 ordered
1818 2071 22 19 to
1850 2069 27 22 be

1291 2102 48 19 sent
1345 2102 43 19 out
1397 2099 25 22 of
1430 2098 36 22 the
1475 2097 88 28 colony,
1571 2097 30 28 by
1606 2104 93 21 persons
1708 2095 100 23 resident
1816 2095 61 23 here.

1292 2127 62 22 More
1366 2126 54 22 than
1437 2132 42 15 one
1493 2131 54 21 year
1559 2124 64 22 since
1634 2131 33 15 we
1681 2123 136 23 announced
1830 2123 48 22 that

1291 2161 31 15 we
1330 2153 78 24 .would
1416 2156 40 19 not
1466 2151 79 29 supply
1556 2158 79 21 papers
1651 2155 24 17 to
1688 2151 83 28 parties
1781 2150 98 27 residing

1292 2184 38 19 out
1346 2181 27 22 of
1384 2180 39 22 the
1433 2179 91 28 .oolony,
1535 2179 76 21 unless
1628 2178 54 22 such
1697 2177 137 23 subscribers
1844 2184 34 15 ar-

1291 2207 85 28 ranged
1386 2207 35 22 for
1431 2207 42 22 >the
1487 2208 109 26 payment
1609 2205 35 22 for
1657 2205 63 22 them
1735 2204 97 27 through
1849 2212 28 14 an

1292 2240 66 22 agent
1367 2234 62 23 here.
1457 2233 60 28 Only
1527 2236 43 30 tyro
1579 2233 87 27 foreign
1676 2232 137 22 subscribers
1822 2231 56 23 have

1292 2262 107 23 attended
1408 2264 24 20 to
1442 2261 43 22 this
1494 2260 83 27 notice,
1590 2259 44 23 and
1644 2259 37 22 the
1696 2259 75 29 heavy
1781 2266 97 21 expence

1292 2290 25 22 of
1328 2292 92 25 postage
1430 2292 22 18 to
1462 2287 73 23 which
1545 2294 33 15 we
1594 2287 57 22 shall
1660 2287 27 22 be
1698 2286 93 28 subject,
1801 2286 80 27 makes,

1292 2318 18 21 it
1319 2316 125 28 absolutely
1454 2321 120 21 necessary
1582 2314 36 22 for
1628 2321 27 15 us
1662 2321 50 14 now
1726 2316 23 19 to
1764 2320 64 24 carry
1839 2320 40 15 our

1292 2344 74 23 notice
1374 2344 48 22 into
1432 2342 71 23 effect.
1524 2341 29 22 In
1563 2341 74 22 future
1646 2340 91 28 English
1743 2340 135 21 subscribers

1293 2371 49 23 who
1357 2370 59 23 have
1433 2372 39 20 not
1486 2368 54 29 paid
1550 2368 58 23 their
1624 2367 160 28 subscriptions
1802 2367 23 21 in
1843 2374 36 15 ac-

1294 2398 109 23 cordance
1429 2397 52 22 with
1504 2403 41 15 our
1562 2396 82 26 notice,
1665 2395 45 22 and
1734 2394 50 22 who
1808 2394 71 21 desire

1294 2429 22 21 to
1343 2425 61 22 have
1427 2432 41 15 our
1492 2424 88 21 Gazette
1602 2426 61 19 must
1691 2421 66 28 apply
1785 2423 25 20 to
1841 2428 39 15 our

1295 2452 96 24 London
1414 2452 82 27 Agent,
1522 2451 46 22 Mr.
1593 2450 95 26 Bowler,
1717 2452 24 18 at
1764 2447 38 22 the
1825 2448 55 22 New

1295 2479 101 23 Zealand
1411 2478 136 28 Company's
1564 2477 78 26 Office,
1655 2476 102 27 London,
1773 2479 24 18 to
1808 2475 72 22 whom

1295 2515 31 15 we
1342 2507 57 22 have
1415 2506 59 21 been
1483 2505 137 27 forwarding
1636 2504 34 22 for
1685 2511 62 14 some
1762 2502 55 23 time
1832 2505 50 25 past

1296 2534 43 23 and
1347 2537 24 19 to
1379 2533 72 22 whom
1460 2539 33 16 we
1503 2532 58 22 shall
1576 2532 105 21 continue
1692 2534 23 19 to
1724 2529 100 23 forward
1832 2527 50 30 fifty

1295 2562 74 29 copies
1387 2560 25 22 of
1429 2560 41 22 the
1491 2560 94 21 Gazette.
1623 2558 49 23 The
1690 2558 54 27 only
1763 2556 119 23 difference

1296 2589 44 23 will
1348 2589 30 22 be
1388 2586 51 28 this,
1448 2587 50 22 that
1505 2586 128 23 heretofore
1643 2593 33 14 we
1690 2584 59 23 have
1761 2588 52 18 sent
1822 2584 60 23 them

1295 2615 99 28 through
1403 2614 38 23 the
1450 2617 57 25 post,
1517 2614 46 22 and
1577 2620 52 16 now
1640 2621 32 14 we
1690 2615 58 20 must
1757 2611 57 22 send
1822 2610 61 24 them

1296 2644 29 28 by
1333 2643 87 29 private
1430 2642 148 27 opportunity,
1587 2648 24 15 as
1620 2640 19 22 it
1648 2647 51 20 may
1707 2638 62 27 offer,
1778 2638 27 22 of
1812 2638 71 23 which

1297 2671 37 22 the
1344 2671 94 26 Postage
1448 2669 147 27 Regulations
1604 2667 82 29 permit
1694 2675 6 19 ;
1710 2666 54 27 they
1774 2665 46 22 will
1830 2673 53 15 con-

1296 2697 118 28 sequently
1423 2699 39 19 not
1471 2696 29 22 be
1510 2695 106 23 obtained
1625 2702 25 15 so
1658 2693 136 29 frequently.

1324 2727 33 20 As
1364 2732 33 14 we
1407 2723 57 23 shall
1472 2722 58 23 have
1540 2726 22 18 to
1571 2730 44 21 pay
1624 2725 92 25 postage
1726 2728 30 14 on
1767 2720 29 22 all
1806 2727 78 21 papers

1296 2760 33 15 we
1345 2751 58 24 send
1416 2754 25 18 to
1455 2758 25 14 or
1493 2750 88 22 receive
1596 2750 59 22 from
1676 2748 38 22 the
1728 2748 108 27 colonies,
1853 2755 31 14 we

1298 2782 59 20 must
1367 2777 88 23 decline
1464 2777 39 23 the
1512 2780 89 25 greater
1615 2778 52 26 part
1679 2776 26 22 of
1718 2782 41 16 our
1768 2774 116 28 exchange

1297 2813 86 22 papers,
1393 2812 25 16 as
1429 2804 36 23 the
1476 2807 39 19 tax
1523 2803 77 23 -would
1607 2803 42 23 fall
1658 2810 55 21 very
1719 2802 101 27 severely
1825 2809 59 20 upon

1298 2842 40 15 our
1353 2833 65 23 small
1438 2831 175 23 establishment.
1650 2830 74 23 Those
1744 2829 50 22 who
1815 2836 69 20 cease,

1298 2861 57 22 after
1364 2860 45 22 this
1417 2863 23 19 to
1448 2859 87 25 receive
1545 2866 42 15 our
1590 2865 77 22 paper,
1676 2857 43 23 will
1728 2856 76 28 please
1814 2856 71 23 there-

1298 2887 46 24 fore
1354 2890 23 20 to
1387 2886 139 23 understand
1536 2894 42 14 our
1586 2893 81 15 reason
1677 2892 23 15 as
1710 2891 51 15 now
1770 2883 76 28 given.

1326 2920 41 23 We
1382 2919 57 22 have
1452 2919 58 22 been
1526 2918 26 23 in
1571 2918 38 22 the
1627 2917 64 23 habit
1705 2916 26 23 of
1749 2916 78 28 giving
1847 2923 40 14 our

1297 2955 69 22 paper
1380 2950 23 19 to
1420 2946 37 23 the
1472 2949 96 20 masters
1583 2946 27 21 of
1622 2945 29 22 all
1668 2944 60 28 ships
1741 2943 25 22 in
1780 2941 104 24 harbour.

1298 2975 54 23 This
1361 2974 42 22 has
1411 2974 57 22 been
1477 2981 14 14 a
1500 2973 93 22 heavier
1608 2975 42 20 tax
1662 2972 57 21 than
1733 2976 70 21 many
1813 2969 73 22 would

1298 3009 103 22 suppose,
1411 3001 45 22 and
1465 3000 39 23 the
1514 3003 40 20 tax
1561 3000 43 23 has
1611 3000 59 21 been
1687 2998 38 21 the
1735 3003 61 16 more
1813 2996 41 21 felt
1863 3003 23 14 as

1298 3030 37 22 the
1344 3031 95 20 masters
1455 3028 26 22 of
1491 3028 63 27 ships
1569 3027 58 22 hare
1643 3024 73 28 rare.ly
1724 3023 128 22 forwarded
1861 3030 26 15 us

1297 3063 80 22 papers
1385 3056 24 22 in
1418 3059 85 23 return,
1514 3062 26 14 or
1550 3052 99 24 afforded
1662 3059 28 16 us
1702 3050 147 23 information
1864 3057 13 15 o

1299 3091 44 21 any
1353 3082 142 29 description.
1522 3081 35 22 To
1566 3080 57 23 such
1632 3078 157 24 commanders
1798 3085 25 14 as
1831 3077 56 22 send

1298 3119 26 15 us
1332 3118 87 22 papers,
1432 3118 23 14 or
1463 3108 83 23 render
1561 3114 33 16 us'
1603 3107 75 23 useful
1692 3104 152 28 information,
1854 3111 33 16 we

1298 3137 58 24 shall
1365 3139 28 21 be
1401 3137 75 28 happy
1485 3136 46 23 still
1538 3139 25 18 to
1573 3135 51 27 give
1633 3134 39 23 the
1683 3134 88 21 Gazette
1778 3140 6 19 ;
1800 3132 42 22 but
1850 3132 37 22 the

1298 3166 73 26 heavy
1382 3172 94 20 expense
1486 3164 26 22 of
1517 3165 93 26 postage
1614 3164 25 20 to
1644 3161 75 23 which
1727 3168 34 15 we
1771 3159 58 23 shall
1837 3166 51 15 now

1298 3194 28 21 be
1336 3191 105 30 exposed,
1451 3191 78 23 makes
1538 3190 19 22 it
1564 3197 119 20 necessary
1694 3188 34 22 for
1737 3195 26 15 us
1773 3190 24 19 to
1807 3194 81 20 econo-

1298 3220 56 23 mise
1364 3219 31 22 all
1409 3218 38 22 the
1462 3225 78 16 means
1554 3217 24 22 in
1593 3224 41 15 our
1649 3223 81 22 power.
1757 3214 44 23 We
1817 3214 73 22 there-

1298 3247 47 23 fore
1361 3251 118 17 announce
1493 3245 51 22 that
1557 3243 173 23 henceforward
1744 3242 45 22 this
1803 3244 87 20 custom

1299 3274 140 23 terminates.

1298 3341 221 27 WHOLESALE
1548 3339 128 26 PRICES
1709 3338 177 25 CURRENT.

1398 3381 133 15 CORRECTED
1546 3379 30 16 OP
1590 3372 35 22 To'
1634 3378 56 16 LAST
1707 3376 82 17 NIGHT.

1640 3404 17 17 £
1679 3408 16 13 S.
1720 3404 19 16 d.
1794 3404 18 17 £
1877 3405 11 15 d

1299 3437 65 24 Alb:
1376 3443 42 21 per
1427 3435 49 22 hhd
1643 3435 14 21 0
1684 3435 14 19 0
1726 3435 15 20 0
1757 3445 20 9 ..
1796 3435 15 21 0
1837 3436 16 20 0
1879 3437 12 19 0

1475 3474 41 21 per
1519 3466 104 23 barrel..
1641 3468 14 20 0
1682 3468 16 19 0
1726 3468 14 19 0
1757 3480 20 7 ..
1796 3468 15 21 0
1838 3469 15 20 0
1879 3462 14 27 6

1474 3499 92 27 perdoz
1644 3500 14 21 0
1673 3499 24 21 11
1728 3500 15 20 0
1759 3513 19 7 ..
1797 3501 15 20 0
1827 3501 26 21 13
1879 3502 14 20 0

1289 3526 5 35 |
1354 3533 57 22 .N.
1421 3532 25 23 Z.
1457 3531 126 29 pergallon
1603 3546 19 7 ..
1641 3532 56 22 02
1724 3532 15 27 Q
1757 3534 52 20 ..0
1836 3534 14 20 0
1879 3535 14 20 0

1300 3567 100 23 Arrack
1408 3573 5 15 :
1429 3564 43 23 Per
1480 3564 45 28 gal.
1534 3564 25 22 in
1568 3563 63 23 bond
1644 3564 135 27 0.1,6..
1796 3566 15 20 0
1838 3565 15 21 2
1879 3569 14 21 0

1299 3600 95 22 Bread:
1409 3597 43 23 Per
1459 3597 46 22 21b.
1516 3596 52 23 loaf
1593 3611 35 7 ...
1646 3598 14 21 0
1686 3597 15 21 0
1728 3597 14 21 5
1760 3611 20 7 ..
1797 3598 16 20 0
1840 3599 13 20 0
1881 3598 13 21 6

1299 3632 84 22 Beef:.
1389 3629 77 29 Fresh,
1484 3636 92 16 carcase
1591 3636 42 21 per

1415 3661 69 24 lb.'..
1641 3663 15 20 0
1683 3662 14 19 0
1725 3663 15 20 8
1758 3675 19 7 ..
1797 3664 15 20 0
1839 3664 14 20 0
1869 3663 23 21 11

1290 3715 3 4 ,
1319 3690 35 16 '"-
1408 3694 54 28 Salt,
1471 3701 41 21 per
1524 3694 71 23 tierce
1608 3708 19 7 ..
1645 3694 56 25 110
1728 3696 85 21 0..3
1839 3696 15 21 0
1879 3697 14 20 0

1298 3730 110 23 Butter:
1423 3725 67 28 Irish,
1499 3721 82 33 perlb.
1606 3726 19 21 .i
1627 3729 2 8 l
1629 3729 4 8 0
1686 3727 94 21 09..
1797 3729 16 19 0
1841 3729 12 21 1
1881 3729 14 19 0

1290 3780 4 11 t
1420 3759 207 24 Fre5h.....:....
1646 3760 15 21 0
1688 3760 12 21 1
1730 3760 15 21 6
1761 3773 20 7 ..
1799 3761 16 20 0
1841 3757 14 25 6
1881 3761 15 20 0

1298 3795 114 23 Branoy:
1427 3792 59 24 First
1491 3792 95 29 quality,
1593 3798 42 22 per
1665 3816 2 3 ,
1773 3798 5 27 ;
1829 3793 3 26 ;

1289 3835 4 9 <
1320 3825 5 3 *
1448 3825 78 29 gallon
1534 3825 25 22 in
1569 3823 63 24 bond
1645 3826 15 21 0
1686 3825 14 21 5
1729 3820 167 28 0.^076

1289 3854 4 28 i
1298 3859 88 25 Brown
1404 3860 89 22 Stout:
1517 3865 41 22 per
1571 3856 56 24 hhd.
1642 3858 15 21 5
1683 3859 20 25 0,
1724 3857 17 23 0
1754 3867 9 12 -.
1770 3872 6 7 .
1798 3859 22 21 6*
1827 3859 28 21 10
1882 3852 13 28 6

1289 3890 4 20 i
1299 3894 89 22 Cigars
1395 3899 6 16 :
1412 3891 105 28 Manilla,
1524 3898 42 21 per
1571 3891 63 26 1000,

1289 3915 37 28 !•«
1396 3932 4 7 '
1447 3922 140 30 inbond..,:
1646 3923 134 22 200..
1799 3924 57 21 30
1883 3925 12 20 0

1289 3952 4 28 I
1396 3955 264 28 'ehinsurahperlOOOil
1690 3957 25 20 0*
1729 3954 18 22 6
1763 3949 19 27 .'.
1842 3957 29 21 0'
1882 3959 15 20 0

1289 3982 112 33 Icoffsb:
1412 3986 156 30 Java,^erlb.
1581 4001 47 8 ....
1645 3990 15 19 0
1684 3988 28 24 fi'
1731 3989 13 20 3
1761 4002 19 6 ..
1799 3990 15 19 0
1842 3991 14 20 0
1884 3992 13 21 7

2225 144 21 25 £
2272 150 19 15 s.
2306 143 24 22 d.
2384 143 21 23 £
2424 151 20 15 s.
2462 143 24 23 &.

1895 171 104 23 Cheese:
2014 169 107 23 Cheshire
2235 173 14 20 0
2277 171 11 19 1
2317 171 15 20 4
2350 183 18 7 ..
2386 171 16 21 0
2430 171 11 20 1
2470 172 15 19 6

2013 196 56 22 Pine
2078 195 73 29 Apple
2173 211 5 6 .
2185 211 6 5 .
2199 211 6 6 .
2211 211 6 7 .
2235 200 14 20 0
2275 198 14 20 1
2318 197 83 21 2..0
2429 199 14 19 0
2470 199 15 19 0

2013 223 77 22 Dutch
2236 226 14 19 0
2277 226 14 20 0
2319 224 13 21 8
2350 236 18 8 ..
2387 225 14 19 0
2429 225 14 19 0
2459 223 27 21 10

2007 249 147 32 N.Z.perlb
2236 252 15 19 0
2278 252 10 20 1
2315 251 88 20 6..0
2429 251 56 20 OX)

1895 277 109 23 Candles
2010 283 7 15 :
2023 276 96 27 English
2125 282 56 21 wax,
2187 282 41 21 per

2039 302 25 23 lb
2237 304 15 20 0
2278 304 14 20 2
2311 304 22 23 .3
2349 317 19 7 ..
2387 304 16 20 0
2429 304 16 20 3
2472 304 15 20 9

2006 329 78 28 Sperm
2238 330 15 20 0
2280 330 12 20 1
2308 331 26 19 10
2351 343 18 8 ..
2387 331 16 20 0
2429 329 17 21 3
2472 330 14 20 0

2005 356 81 22 Mould
2236 357 16 19 0
2278 357 14 19 0
2319 357 16 19 6
2351 371 17 6 ..
2386 358 16 20 0
2429 357 17 19 0
2471 356 15 20 8

2006 383 58 27 Dips
2238 383 15 21 0
2278 383 15 21 0
2319 382 14 20 5
2351 396 18 6 ..
2386 385 16 19 0
2429 383 16 20 0
2471 383 15 20 0

1898 410 95 22 Flour:
2001 410 36 21 Ist
2040 409 91 27 quality,
2142 411 83 25 perton
2341 420 4 9 .■

2019 436 27 21 of
2056 437 55 21 2000
2119 435 33 22 lbs
2221 436 27 21 20
2273 436 17 20 0
2317 437 15 19 0
2352 436 51 20 ..22
2431 437 15 19 0
2471 437 15 21 0

1997 462 46 22 2nd
2052 462 57 22 ditto
2238 463 15 20 0
2280 464 14 19 0
2322 463 14 20 0
2353 476 18 6 ..
2390 463 16 19 0
2431 463 14 19 0
2472 464 14 20 0

1898 490 77 22 Flax:
1990 489 66 23 N.Z.
2066 491 84 26 perton
2175 489 78 21 ....15
2279 490 15 19 0
2321 490 14 20 0
2354 502 18 7 ..
2389 489 14 20 0
2431 488 16 21 0
2472 490 16 19 0

1926 516 73 23 Do.—
2000 516 130 22 onboard—
2130 514 119 29 pressedl7
2276 516 15 20 0
2318 516 14 20 0
2351 529 18 6 ..
2386 516 15 20 0
2429 516 14 19 0
2470 516 15 19 0

1900 543 62 22 Gin:
1982 543 53 23 Pale
2051 542 171 22 inbond......
2240 543 15 20 0
2280 543 15 20 3
2323 543 14 20 6
2353 556 20 7 ..
2389 542 15 20 0
2431 541 15 20 5
2472 542 17 21 6

1949 570 62 26 Case,
2018 571 15 21 4
2039 569 38 28 gal
2084 570 39 21 4-5
2128 570 25 21 in
2162 568 62 22 bond
2239 569 11 20 1
2278 570 15 19 0
2321 570 14 19 0
2352 582 18 7 ..
2389 569 12 19 1
2430 567 16 21 5
2472 570 14 19 0

1888 601 2 22 !
1899 596 83 22 Hams:
1997 596 128 28 Yorkshire,
2137 595 88 28 perlb.
2239 597 14 20 0
2280 597 16 20 0
2321 595 14 21 5
2352 609 19 6 ..
2390 597 14 19 0
2431 596 15 19 0
2471 593 14 23 7

1984 622 148 28 N.Z.perlb
2241 624 25 20 0.
2282 623 18 21 0.
2324 623 14 20 0
2355 636 18 6 ..
2392 623 14 20 0
2433 622 15 20 0
2474 621 13 21 5

1898 650 129 23 Mustard:
2043 650 43 22 Per
2095 650 70 22 dozen
2177 663 19 7 ..
2205 663 18 7 ..
2241 649 56 22 016
2324 650 81 19 0..0
2420 648 28 21 18
2474 650 15 19 0

1899 676 102 23 Mutton
2010 685 5 13 :
2035 676 93 23 Carcase
2137 683 41 20 per
2186 675 24 23 lb
2220 691 7 6 .
2241 677 14 20 0
2281 677 15 20 0
2324 676 13 21 7
2354 690 6 5 .
2366 689 7 6 .
2391 676 14 20 0
2433 676 15 19 0
2474 676 15 19 9

1899 703 124 23 Muskets:
2038 703 92 23 Walnut
2135 702 94 22 stocked
2241 702 54 22 015
2324 703 14 21 0
2354 716 19 7 ..
2392 702 12 21 1
2434 703 14 19 0
2476 703 14 19 0

1900 730 79 22 Milk;
1994 731 44 21 Per
2043 730 50 27 pint
2240 731 15 20 0
2281 730 15 20 0
2323 730 14 20 2
2355 742 18 7 ..
2391 728 14 22 0
2433 729 15 20 0
2471 728 18 21 3

1900 757 94 22 Maize:
2009 764 40 21 per
2058 757 77 22 bushel
2241 757 14 21 0
2281 757 15 20 3
2325 757 13 19 0
2356 769 19 8 ..
2392 756 16 21 0
2434 756 14 19 3
2475 755 16 20 6

1901 784 45 22 Oil
1954 791 6 14 :
1975 784 104 27 Linseed,
2088 791 38 20 per
2134 784 76 27 gallon
2220 785 36 19 .0
2282 784 15 20 6
2325 784 13 19 6
2356 797 5 6 .
2368 796 6 7 .
2392 784 15 19 0
2434 781 14 22 7
2475 782 15 21 6

1975 810 78 27 Black,
2057 810 24 22 in
2085 810 172 27 cask,pertonlß
2283 811 15 20 0
2325 811 15 19 0
2356 810 51 20 ..20
2435 810 14 19 0
2475 810 15 19 0

2010 837 78 27 Sperm
2223 835 28 23 50
2279 837 13 18 0
2321 837 12 18 9
2352 836 51 21 ..75
2432 836 13 18 0
2474 836 14 19 0

1901 864 78 22 Pork:
1994 863 77 28 Fresh,
2088 870 89 16 carcase
2191 869 41 22 per

2017 890 24 22 Ib
2241 891 14 20 0
2282 891 14 20 0
2321 890 17 20 .0
2356 902 17 7 ..
2391 890 15 21 0
2434 890 56 19 0-4

1901 917 78 23 Pork:
1996 917 66 28 Irish,
2071 924 41 21 per
2120 916 73 22 barrel
2205 917 52 20 ..0
2283 917 15 20 0
2326 917 14 20 0
2357 929 18 7 ..
2392 916 17 21 4
2423 916 27 22 10
2477 917 14 20 0

1982 944 60 22 N.Z
2239 944 14 20 2
2268 944 27 20 10
2322 944 14 20 0
2351 956 20 7 ..
2389 944 15 20 3
2432 944 14 19 0
2472 944 14 19 0

1901 971 132 23 Potatoes:
2053 971 58 22 New
2123 970 108 28 Zealand,

2078 1005 40 20 per
2126 1001 39 19 ton
2177 1011 47 7 ....
2241 997 16 21 4
2283 999 15 19 0
2326 998 14 20 0
2356 1010 5 7 .
2368 1010 7 8 .
2392 998 16 20 6
2435 998 15 19 0
2476 998 16 19 0

1902 1025 96 23 Porter
2006 1032 5 15 :
2040 1025 102 27 Dunbar,
2152 1025 25 21 in
2184 1025 47 21 bot.

2069 1051 90 28 perdoz
2242 1052 15 20 0
2283 1052 15 20 9
2325 1052 14 20 0
2356 1064 18 7 ..
2392 1052 14 20 0
2421 1051 28 20 12
2475 1051 15 21 6

2010 1079 87 28 Bryant
2106 1078 43 22 and
2158 1078 71 22 Davis
2243 1079 14 20 0
2283 1079 14 20 9
2325 1079 14 21 0
2356 1091 6 7 .
2368 1091 7 7 .
2394 1079 56 20 012
2476 1079 14 19 0

1902 1106 100 22 Pickles
2012 1114 6 14 :
2050 1105 115 28 Assorted,
2193 1112 40 21 per

2074 1132 68 28 doz.,|
2154 1135 77 25 quarts
2244 1134 14 20 0
2272 1132 26 21 15
2326 1134 14 19 0
2357 1145 19 7 ..
2395 1133 14 19 0
2423 1131 28 22 17
2478 1130 15 20 0

1902 1160 75 22 Pitch
1989 1167 7 15 :
2027 1160 138 28 Stockholm,
2193 1166 41 22 per

2050 1187 72 23 barrel
2243 1187 14 21 2
2285 1189 13 18 0
2326 1187 14 19 0
2356 1198 20 7 ..
2394 1185 16 20 0
2436 1185 14 20 0
2478 1186 15 19 0

1902 1214 82 22 Plank
1992 1222 6 14 :
2026 1214 54 22 Port
2102 1214 130 25 Nicholson,

2050 1248 41 21 per
2100 1243 38 19 100
2147 1241 47 19 feet
2207 1253 5 6 .
2220 1252 6 7 .
2244 1240 14 20 0
2285 1239 15 21 6
2327 1239 13 20 0
2358 1252 5 6 .
2370 1252 6 6 .
2394 1238 56 20 010
2476 1240 14 19 0

1902 1268 71 22 Rick:
1985 1269 111 20 Common
2104 1272 38 21 per
2147 1267 51 20 cwt.
2208 1279 19 7 ..
2245 1265 56 21 010
2328 1266 50 20 0..
2396 1266 14 20 0
2437 1267 14 19 0
2478 1267 14 19 0

1985 1293 67 21 Good
2244 1295 14 19 0
2273 1292 27 20 15
2329 1293 14 20 0
2359 1305 18 7 ..
2395 1293 15 20 0
2436 1293 16 19 0
2477 1294 14 19 0

1902 1319 57 23 Rum
1965 1327 6 14 :
1987 1319 26 22 P.
2022 1319 28 22 B.
2060 1319 35 26 P.,
2109 1326 38 20 per
2156 1319 77 27 gallon

2024 1346 25 22 in
2062 1345 61 23 bond
2245 1347 14 21 0
2285 1347 17 21 4
2327 1347 83 20 3..0
2438 1347 14 20 0
2478 1347 14 19 0

1902 1373 90 23 Sugar:
2009 1373 119 22 Mauritius
2137 1380 41 21 per
2185 1376 48 20 cwt.
2248 1375 14 20 0
2289 1375 15 20 0
2331 1375 49 19 0..
2413 1379 58 15 none

2011 1401 83 21 Brown
2108 1400 53 22 ditto
2178 1402 78 20 ....0
2284 1403 14 19 0
2326 1401 81 21 0..0
2436 1401 14 19 0
2478 1401 13 21 0

2012 1427 97 23 Refined
2124 1427 53 28 loaf,
2194 1435 40 20 per

2038 1455 24 21 lb
2245 1457 14 20 0
2286 1457 15 19 0
2328 1455 13 21 5
2359 1468 18 7 ..
2396 1455 14 20 0
2438 1455 13 20 0
2479 1456 15 20 6

2014 1481 97 23 Manilla
2127 1489 40 21 per
2180 1485 48 19 cwt.
2245 1483 10 21 1
2285 1484 14 19 0
2326 1483 14 20 0
2358 1495 18 7 ..
2396 1482 10 20 1
2440 1482 54 20 16

1904 1509 74 21 Salt:
1995 1508 126 29 Liverpool,
2129 1516 41 19 per
2178 1512 39 19 ton
2225 1509 35 22 .15
2286 1511 16 19 0
2328 1510 14 20 0
2359 1509 51 20 ..18
2438 1509 15 20 0
2479 1510 16 20 0

1904 1536 60 22 Soap
1973 1544 5 14 :
2006 1535 103 23 Hawes's
2129 1531 104 32 London,

2029 1566 87 24 perton
2230 1565 29 20 40
2286 1565 14 19 0
2328 1565 14 19 0
2359 1575 19 7 ..
2396 1563 15 21 0
2439 1563 14 19 0
2482 1565 11 19 0

2022 1589 118 30 Liverpool
2232 1591 27 21 35
2287 1592 15 20 0
2329 1591 14 20 0
2359 1603 20 7 ..
2397 1591 14 19 0
2438 1590 14 20 0
2480 1591 14 19 0

1904 1617 105 22 Starch:
2024 1617 75 22 Perlb
2247 1619 14 20 0
2288 1619 14 19 0
2329 1617 13 21 5
2361 1630 18 8 ..
2397 1618 14 20 0
2439 1618 14 20 0
2480 1618 14 20 0

1904 1645 144 22 Scantling:
2064 1645 43 22 Per
2114 1646 38 21 100
2161 1645 68 22 feet..
2247 1646 15 20 0
2288 1645 16 20 6
2331 1645 14 20 0
2361 1657 19 7 ..
2399 1645 14 20 0
2441 1645 13 20 8
2482 1645 12 20 0

1905 1672 127 23 Shingles;
2049 1672 44 22 Per
2100 1673 59 22 1000.
2168 1672 64 22 N.Z.
2247 1673 14 20 0
2288 1673 15 20 6
2330 1673 14 19 0
2361 1685 19 7 ..
2398 1673 14 19 0
2427 1671 27 21 10
2481 1673 13 19 0

2034 1699 72 27 Ditto,
2126 1699 28 22 V.
2166 1699 29 22 D.
2206 1699 26 22 L.
2247 1700 14 19 0
2288 1700 16 19 0
2330 1699 15 20 0
2361 1699 19 20 ;.
2398 1699 14 20 0
2427 1699 26 20 12
2479 1700 15 19 0

1904 1726 64 23 Tar:
1983 1726 55 23 Coal
2248 1726 11 20 1
2288 1728 14 19 0
2330 1727 15 19 0
2361 1739 19 6 ..
2400 1726 11 20 1
2441 1726 12 20 5
2481 1727 13 19 0

1987 1753 131 23 Stockholm
2248 1754 15 21 2
2290 1754 14 20 0
2332 1754 81 19 0..0
2441 1754 12 19 0
2481 1754 14 19 0

1904 1780 50 23 Tea
1963 1789 5 14 :
1977 1780 81 28 Hyson
2063 1780 56 27 skin,
2125 1787 40 21 per
2173 1780 64 23 chest
2249 1780 15 21 4
2290 1782 14 19 0
2332 1781 14 19 0
2362 1793 18 7 ..
2399 1781 13 19 6
2440 1780 13 20 6
2481 1781 14 19 0

1980 1808 95 27 Congou
2209 1813 22 16 v.
2249 1808 13 21 8
2290 1808 15 20 0
2332 1809 13 19 0
2361 1807 51 21 ..13
2439 1809 15 19 0
2480 1808 13 19 0

1904 1834 121 23 Tobacco:
2038 1834 142 28 Negrohead,
2197 1841 41 23 per

2064 1861 33 23 lb.
2109 1862 22 22 in
2147 1862 61 21 bond
2249 1864 14 19 0
2291 1862 18 21 1.
2332 1863 36 20 6.
2375 1875 6 6 .
2399 1863 14 20 0
2441 1862 11 19 1
2481 1862 13 19 9

1905 1888 166 23 Turpentine:
2086 1888 145 28 Pergallon..
2250 1890 14 20 0
2292 1888 13 23 7
2332 1890 14 19 6
2363 1902 19 6 ..
2400 1890 15 19 0
2441 1889 16 20 8
2481 1890 14 19 0

1905 1916 164 23 Whalebone:
2085 1916 42 22 Per
2135 1920 41 18 ton
2186 1931 5 6 .
2199 1931 5 6 .
2212 1930 6 7 .
2225 1931 6 6 .
2238 1917 40 20 100
2292 1918 15 19 0
2333 1917 14 20 0
2363 1916 65 21 ..120
2441 1917 14 19 0
2481 1918 14 18 0

1906 1942 84 23 Wine:
2006 1944 89 27 Sherry,
2105 1951 39 20 per
2150 1944 82 27 pipe..
2236 1944 28 21 20
2292 1945 15 20 0
2333 1945 14 19 0
2363 1944 51 21 ..40
2441 1944 14 19 0
2483 1944 13 19 0

2016 1970 72 28 Ditto,
2103 1978 39 20 per
2156 1970 80 22 dozen.
2252 1971 10 20 1
2292 1972 15 20 0
2333 1972 14 19 0
2363 1983 19 6 ..
2399 1971 14 20 2
2441 1972 14 18 0
2482 1971 13 18 0

2016 1997 61 23 Port,
2086 2004 40 17 per
2133 1997 52 23 pipe
2210 1997 51 18 ..35
2288 1998 16 16 O
2329 1998 14 16 O
2359 1996 52 18 .-40
2437 1998 15 16 O
2478 1998 14 16 O

2083 2020 99 27 perdoz.
2211 2021 50 20 ..1
2290 2021 15 19 0
2332 2021 14 19 0
2362 2033 18 6 ..
2398 2020 14 20 2
2439 2020 14 19 0
2479 2020 14 20 0

2017 2047 150 27 Champagne,
2182 2046 55 22 ditto
2251 2048 14 20 0
2292 2048 15 19 0
2333 2048 14 19 0
2363 2059 19 7 ..
2400 2048 13 19 0
2441 2047 14 20 C
2482 2048 14 18 0

2018 2074 75 22 Claret
2251 2075 14 20 0
2279 2074 28 21 10
2334 2075 50 19 0..
2401 2074 14 20 0
2443 2074 14 20 0
2483 2074 14 20 0

1908 2102 122 22 Poultry:
2045 2102 80 26 Fowls,
2130 2108 41 21 per
2177 2100 60 28 pair.
2252 2102 14 20 0
2293 2102 14 21 3
2335 2102 13 19 6
2365 2114 19 6 ..
2403 2101 13 20 0
2443 2099 14 21 5
2484 2102 13 18 0

2043 2128 83 28 Ducks,
2137 2128 57 22 ditto
2213 2143 5 6 .
2226 2143 6 6 .
2251 2130 13 19 0
2292 2128 13 21 5
2333 2129 14 20 0
2364 2141 6 6 .
2377 2141 6 6 .
2401 2128 14 20 0
2443 2128 14 19 8
2484 2128 14 20 0

2044 2156 80 27 Geese,
2133 2155 57 22 each
2212 2170 5 5 .
2225 2168 6 8 .
2249 2156 56 21 010
2332 2156 14 20 0
2363 2168 5 6 .
2375 2168 7 6 .
2399 2156 14 19 0
2429 2154 26 21 12
2483 2156 14 19 0

2043 2182 107 28 Turkeys,
2161 2182 55 23 each
2252 2183 10 21 1
2292 2184 14 19 0
2333 2184 51 19 0..
2404 2182 10 21 1
2443 2182 14 20 5
2485 2184 14 18 0

2044 2210 103 26 Pigeons,
2157 2209 79 28 (wild,)

2070 2244 41 20 per
2119 2237 47 27 pair
2187 2238 77 19 ....0
2291 2238 14 19 0
2333 2238 82 19 0..0
2443 2238 14 20 0
2484 2238 14 18 0

2043 2264 83 26 Ducks,
2135 2263 36 22 do.
2182 2264 50 22 do..
2251 2265 14 20 0
2292 2264 13 21 5
2333 2265 14 19 0
2364 2277 20 6 ..
2401 2264 14 20 0
2443 2265 16 20 0
2485 2264 14 19 0

1907 2292 75 22 Eggs:
1999 2292 44 22 Per
2052 2291 72 22 dozen
2252 2292 14 20 0
2295 2292 10 20 1
2334 2292 15 21 6
2364 2304 20 7 ..
2402 2292 15 19 0
2444 2292 15 19 0
2485 2292 14 19 0

1907 2320 79 22 Cows:
2001 2318 72 23 Milch
2239 2318 26 22 12
2293 2320 16 19 0
2334 2320 14 19 0
2365 2319 52 20 ..20
2444 2320 15 19 0
2486 2320 14 18 0

1908 2347 98 22 Mares:
2021 2346 76 22 Brood
2238 2346 27 21 20
2293 2347 14 20 0
2334 2346 14 20 0
2365 2344 52 22 ..70
2445 2346 14 20 0
2485 2346 14 19 0

1908 2373 117 23 Working
2043 2373 132 22 Bullocks:
2197 2372 43 22 Per

1935 2401 50 28 pair
2240 2400 28 21 30
2295 2400 14 20 0
2337 2400 14 20 0
2366 2398 52 21 ..35
2446 2400 14 20 0
2486 2400 13 19 0

1909 2428 66 22 Hire
1985 2435 26 14 of
2022 2435 69 14 ditto
2098 2435 6 13 :
2119 2427 42 22 Per
2168 2427 50 27 day,
2228 2434 13 14 a

1937 2459 61 18 team
2008 2454 45 22 and
2060 2454 72 22 driver
2254 2455 15 20 0
2283 2454 26 21 15
2337 2455 15 20 0
2367 2467 18 7 ..
2405 2454 13 21 0
2446 2455 14 18 0
2486 2455 14 18 0

1911 2482 88 22 Sheep:
2015 2480 63 23 Each
2253 2483 14 19 0
2281 2481 26 21 15
2336 2482 15 20 0
2366 2494 19 7 ..
2405 2481 10 20 1
2444 2480 14 21 5
2485 2481 14 20 0

1911 2509 64 23 Boat
1985 2509 75 22 Hire:
2075 2508 43 22 Per
2123 2508 50 31 day,
2178 2508 63 22 with-

2103 2539 38 19 out
2149 2535 89 23 hands.
2253 2536 56 21 010
2336 2537 49 19 0..
2405 2535 8 20 1
2445 2536 15 20 0
2485 2535 15 20 0

1911 2563 100 23 Wages:
2039 2562 139 28 Mechanics,
2203 2570 40 20 per

2073 2590 45 28 day
2256 2591 15 20 0
2297 2591 14 19 6
2338 2591 14 19 0
2368 2602 18 7 ..
2405 2590 14 20 0
2446 2589 14 21 8
2485 2590 15 19 0

2049 2617 126 23 Labourers
2191 2631 46 7 ....
2255 2619 14 19 0
2295 2617 14 21 3
2337 2617 14 19 0
2366 2629 19 7 ..
2404 2617 14 19 0
2445 2616 14 20 5
2485 2617 14 19 0

1912 2645 84 23 Bark:
2010 2645 68 22 N.Z.
2088 2647 86 25 perton
2187 2659 45 6 ....
2250 2645 14 21 3
2292 2645 14 20 0
2332 2645 15 19 0
2364 2657 19 6 ..
2399 2643 15 21 4
2441 2645 15 19 0
2482 2644 14 20 0

1912 2673 82 22 Black
2003 2672 52 22 Dye
2063 2672 47 22 :N.
2119 2672 23 22 Z.
2151 2679 40 21 per
2198 2675 39 19 ton
2250 2671 14 21 5
2292 2673 15 19 0
2333 2672 15 20 0
2364 2684 19 6 ..
2401 2671 15 20 6
2443 2671 14 20 0
2485 2671 14 19 0

1912 2700 74 22 Wool
1996 2708 5 14 :
2017 2699 29 23 N.
2058 2699 25 23 Z.
2093 2706 37 21 per
2140 2699 23 22 lb
2252 2700 13 20 0
2293 2700 14 19 0
2333 2699 83 19 9..0
2447 2699 10 19 1
2485 2698 15 20 0

1912 2727 108 22 Timber:
2046 2727 29 21 N.
2096 2727 25 21 Z.
2130 2725 112 23 furniture

1940 2761 42 21 per
1991 2756 41 20 100
2041 2754 46 22 feet
2255 2754 14 21 2
2296 2754 15 20 0
2338 2753 15 20 0
2370 2766 6 6 .
2383 2766 6 6 .
2406 2752 57 20 210
2488 2753 14 19 0

1914 2781 125 22 Cordage:
2049 2781 92 27 English
2145 2788 41 22 per
2192 2786 49 17 cwt.
2255 2781 15 21 3
2297 2780 13 20 5
2338 2781 14 19 0
2370 2793 17 5 ..
2408 2780 13 19 0
2449 2781 14 18 0
2488 2780 14 20 0

2043 2807 62 23 N.Z.
2111 2809 92 21 -without
2210 2811 34 18 tar
2257 2808 14 21 3
2299 2807 15 21 0
2340 2807 14 21 0
2372 2821 19 5 ..
2408 2807 14 19 0
2450 2807 14 19 0
2489 2807 14 20 0

1914 2835 120 22 Canvass:
2050 2842 40 26 per
2104 2835 45 22 bolt
2259 2835 10 21 1
2286 2834 26 22 15
2340 2835 15 19 0
2372 2846 20 8 ..
2408 2834 14 20 2
2450 2833 13 21 5
2490 2833 13 21 0

1916 2863 94 21 Copper
2017 2870 5 13 :
2038 2863 102 27 sheeting
2159 2869 40 21 per
2211 2861 32 22 lb.
2258 2863 14 21 0
2302 2862 9 20 1
2341 2861 15 21 6
2372 2875 6 5 .
2385 2874 6 6 .
2407 2861 16 20 0
2450 2861 15 20 0
2490 2861 14 19 0

2035 2889 64 23 Bolts
2259 2890 14 20 0
2301 2889 11 21 1
2341 2889 15 20 9
2372 2901 19 6 ..
2409 2888 15 20 0
2451 2888 14 20 0
2493 2888 13 20 0

2035 2916 64 22 Nails
2258 2917 14 20 0
2299 2915 13 21 5
2341 2916 15 19 0
2372 2928 19 6 ..
2410 2915 14 19 0
2453 2915 14 19 6
2493 2915 13 20 0

1915 2943 82 23 Lsad:
2013 2943 63 22 sheet
2084 2949 41 19 per
2133 2946 42 18 ton
2194 2943 78 20 ...,30
2298 2943 14 20 0
2340 2943 15 19 0
2373 2941 50 21 ..35
2452 2942 13 19 0
2492 2942 14 19 0

1915 2970 61 21 Iron
1985 2977 6 14 :
2002 2969 95 27 English
2105 2969 40 22 bar
2153 2976 42 20 per
2203 2969 68 21 tonl4
2299 2969 14 20 0
2341 2969 14 19 0
2373 2981 5 7 .
2385 2981 6 6 .
2410 2969 14 19 0
2451 2968 14 20 0
2492 2968 14 20 0

1998 2996 159 28 Hoopperton
2240 2995 26 22 25
2295 2996 15 20 0
2337 2995 14 20 0
2373 3008 19 6 ..
2410 2995 14 20 0
2451 2995 14 20 0
2491 2995 13 20 0

1915 3024 47 22 Oil
1974 3023 78 23 Butts
2060 3031 7 14 :
2090 3023 112 22 Gordon's
2220 3030 26 14 or

2061 3050 69 23 Mills'
2137 3057 41 21 per
2187 3050 57 27 imp.

2062 3080 42 20 tun
2256 3077 14 21 3
2297 3077 15 20 0
2339 3076 14 21 0
2370 3089 19 7 ..
2407 3076 14 20 3
2437 3075 25 21 15
2491 3076 13 20 0

2151 3104 122 23 DUTIES.

1916 3134 101 23 British
2027 3133 92 22 Spirits
2333 3132 32 19 4s.
2374 3136 40 21 per
2422 3127 82 29 gallon.

1917 3162 107 22 Foreign
2035 3160 56 22 ditto
2333 3157 32 22 ss.
2375 3163 38 21 per
2422 3155 82 28 gallon.

1917 3189 106 22 Tobacco
2032 3186 177 28 manufactured,
2337 3186 28 20 Is.
2374 3191 41 20 per
2422 3182 33 23 ib.

2004 3217 4 14 '
2032 3212 206 25 Unmanufactured
2332 3210 37 23 9d.
2380 3217 40 21 per
2428 3210 32 21 lb.

1919 3244 77 22 Snuff
2333 3240 32 20 2s.
2374 3237 79 28 perlb.

1919 3271 89 21 Cigars
2335 3266 31 21 2s.
2376 3263 79 29 perlb.

1919 3297 84 23 Wines
2326 3292 25 21 15
2364 3292 106 26 percent.

1919 3325 58 26 Tea,
1991 3325 85 25 Sugar,
2091 3324 86 24 Flour,
2195 3321 98 25 Wheat,

1921 3354 4 4 '
1938 3351 46 23 and
1994 3351 63 21 other
2067 3350 84 26 Grain,
2162 3349 14 20 5
2185 3354 40 22 per
2234 3349 59 20 cent.
2306 3346 5 21 I
2337 3359 29 22 ad
2376 3366 29 15 va
2405 3358 8 23 i
2415 3366 68 15 orem#

1921 3378 40 23 All
1970 3377 62 23 other
2041 3377 104 22 Foreign
2150 3376 144 27 productions
2306 3376 6 33 [

1935 3405 45 23 and
1984 3404 164 23 manufactures
2156 3404 26 20 10
2186 3408 42 23 per
2235 3404 59 19 cent.
2300 3398 12 29 J

2123 3427 186 25 EXCHANGE.

1922 3475 19 9 ■a
1999 3473 37 11 fii
2098 3472 30 12 t«
2146 3471 44 13 a~~
2229 3456 76 24 f3O&
2316 3458 28 20 60
2357 3456 55 28 days
2422 3455 64 29 sight,
2497 3457 12 20 2

1922 3475 69 21 Bank
1999 3473 51 23 bills
2059 3479 28 15 on
2098 3471 94 23 London
2223 3469 18 41 |
2273 3478 235 33 percent/premium.

1923 3515 36 22 On
1968 3514 89 28 Sydney
2344 3510 72 22 Ditto.

1923 3542 89 22 Private
2020 3540 51 23 bills
2319 3537 115 23 Nominal.

1944 3591 39 18 The
1994 3590 48 17 New
2052 3589 97 16 Zkaxahd
2160 3589 93 16 Gazette
2260 3588 37 17 and
2308 3588 137 16 Wellington
2457 3587 55 17 Spec*

1922 3616 65 14 tator
1992 3612 16 17 if
2014 3610 98 22 published
2118 3614 53 17 every
2178 3609 114 21 Wednesday
2302 3609 37 17 and
2349 3608 96 21 Saturday.
2466 3608 43 17 Sub-

1920 3634 64 20 joined
1989 3637 31 13 are
2027 3632 31 16 the
2064 3632 57 16 terms
2125 3635 3 13 :
2129 3639 23 5 —

1944 3656 64 16 Price
2014 3652 153 18 osthsPapsk.
2166 3658 2 5 I—Forty1
2168 3660 21 5 —
2189 3651 56 21 Forty
2249 3651 87 20 shillings
2341 3654 32 17 per
2384 3654 76 16 annum,
2469 3653 42 18 pay-

1923 3677 41 17 able
1970 3677 20 16 in
1996 3675 90 19 advance;
2097 3678 21 13 or
2123 3673 85 22 sixpence
2215 3673 29 17 tot
2249 3673 61 21 single
2319 3671 95 18 numbers.

1945 3696 157 19 Advertisements
2108 3694 36 17 will
2150 3696 35 15 not
2189 3698 67 18 appear
2265 3694 20 16 in
2296 3694 33 16 the
2338 3692 80 21 ensuing
2427 3692 78 16 number

1923 3719 18 18 if
1949 3717 82 19 received
2035 3717 49 16 later
2090 3716 43 17 than
2145 3717 22 16 10
2173 3715 74 19 o'clock,
2254 3718 51 16 aan.,
2311 3718 27 13 on.
2342 3714 31 17 the
2380 3712 94 21 mornings
2481 3713 28 16 be-

1923 3741 40 17 fore
1975 3738 120 22 publication.
2115 3736 158 19 Advertisements
2286 3735 39 18 will
2334 3735 23 17 be
2366 3733 101 18 continued
2474 3732 33 18 and

1923 3760 80 21 charged
2011 3758 51 18 until
2070 3757 168 21 counter-ordered;
2248 3757 47 17 such
2301 3756 53 17 order
2359 3755 51 17 must
2415 3755 24 16 be
2446 3755 41 17 sent
2493 3755 17 16 to

1923 3783 33 17 the
1965 3781 55 17 Office
2031 3781 37 16 two
2086 3780 43 21 dayi
2148 3779 62 18 before
2220 3778 119 21 publication,
2349 3776 38 17 and
2397 3777 53 16 must
2457 3776 24 16 be
2490 3776 19 16 in

1923 3804 80 19 writing.
2025 3801 159 17 Advertisements
2196 3799 83 18 received
2297 3797 53 23 after
2366 3798 22 16 10
2404 3797 69 17 o'ctook
2488 3800 20 12 on

1923 3824 85 21 Tnesday
2019 3823 38 17 and
2067 3822 65 22 Friday
2142 3821 97 21 mornings
2248 3819 38 18 will
2296 3820 23 17 be
2330 3818 80 21 charged
2419 3818 53 17 twice
2481 3817 29 16 th»

1923 3851 14 13 U
1937 3851 39 34 'all
1981 3866 68 19 orders,
2059 3864 159 18 advertisements,
2229 3861 36 18 and
2276 3859 166 19 communications
2445 3854 8 9 L
2453 3862 19 13 to
2483 3859 27 16 thi

1924 3889 72 16 Editor,
2000 3891 31 14 are
2036 3885 98 20 requested
2138 3887 21 15 to
2165 3883 24 19 be
2194 3882 100 19 addressed
2298 3884 20 15 to
2325 3882 38 17 this
2369 3881 69 24 Office^

749 164 4 5 .
773 149 41 21 To
842 149 87 21 Cover
955 148 58 21 this
1040 149 112 24 Season,

874 176 33 20 At
918 175 135 26 Wellington,

674 209 92 50 THE
816 208 278 26 THOROUGHBRED
1150 207 105 24 HORSE

875 236 227 25 WANDERER,

673 262 37 22 the
721 265 105 26 property
835 262 26 22 of
867 262 85 22 Robert
962 262 105 22 Jenkins.

698 293 125 23 Wanderer
831 301 45 15 was
884 296 39 25 got
931 293 31 28 by
971 293 84 28 Young
1063 292 131 27 Wanderer,
1201 292 55 24 bred

672 321 29 26 by
719 320 61 22 Lord
798 321 128 26 Egremont,
946 319 46 23 and
1009 319 112 24 imported
1138 319 47 22 into
1200 318 56 22 -Van

672 347 111 22 Diemens
801 347 74 25 fLand
893 347 36 27 by.
944 346 69 23 Thos.
1037 346 85 28 Henty,
1149 346 60 27 Esq.,
1233 346 27 21 of

674 374 150 22 Launceston.
1037 392 4 5 ,

699 400 62 23 Dam
774 400 130 27 Thalestris,
916 400 31 27 by
963 399 116 27 Octavius,
1097 399 93 27 Orville,
1206 399 48 27 &c,

672 427 41 22 &c.
1035 443 3 4 .

700 453 99 23 Bollivar
814 461 46 15 was
868 453 112 28 imported
995 453 30 29 by
1035 452 39 23 the
1083 452 52 22 Van
1149 451 107 24 Diemens

672 480 66 22 Land
757 481 122 28 Company,
900 479 45 24 and
962 480 20 22 is
999 479 39 23 the
1056 479 42 23 sire
1117 479 27 21 of
1164 477 91 24 Donald

672 507 74 26 Caird,
763 507 52 22 Yon
831 507 91 28 Trump,
938 507 45 22 and
992 506 65 23 other
1072 505 97 27 winning
1180 505 76 23 horses

672 540 29 15 on
711 533 38 22 the
760 533 51 22 Van
821 533 107 23 Diemens
939 533 65 22 Land
1013 533 52 23 turf.

667 561 2 5 '
698 560 49 22 The
756 559 124 28 proprietor
889 559 75 23 deems
979 560 19 22 it
1006 566 149 20 unnecessary
1164 561 23 19 to
1202 557 54 23 offer

672 590 122 23 comment,
804 594 25 14 as
841 587 81 27 judges
931 586 28 22 of
971 586 78 22 horses
1062 585 45 23 will
1120 589 25 18 at
1159 592 56 15 once
1227 584 29 22 be

672 613 125 23 convinced
813 613 51 24 that
881 613 36 22 his
935 613 75 26 blood,
1029 612 65 27 bone,
1110 611 46 23 and
1173 612 84 27 beauty

671 639 93 23 reaches
771 646 81 16 nearer
858 639 127 28 perfection'
992 636 57 25 than
1057 639 81 24 thatof
1143 645 44 22 any
1192 637 65 23 other

671 666 67 22 horse
746 667 25 22 in
780 666 45 22 this
835 666 93 28 Colony.

698 693 85 27 Terms,
795 700 14 15 a
818 693 70 28 single
896 700 63 16 mare
968 693 36 24 £4
1022 694 41 25 45.,
1074 692 94 28 payable
1178 698 30 16 on
1218 690 38 24 the

672 721 33 21 Ist
715 720 123 27 February,
850 721 61 21 1844.

698 747 131 22 November
839 749 32 24 10,
882 748 62 21 1843.
1130 764 4 5 ,

841 792 78 22 Meat
938 792 150 26 Company.

673 825 91 50 THE
785 825 236 27 UNDERSIGNED,
1039 823 85 29 having
1141 824 58 22 been
1219 832 39 20 ap-

746 852 91 29 pointed
851 853 110 26 Manager
970 851 26 23 of
1009 851 39 22 the
1060 851 64 23 Meat
1133 851 123 28 Company,

671 879 55 27 begs
734 882 25 19 to
768 886 117 16 announce
894 879 49 22 that
956 885 15 15 a
980 878 88 27 regular
1076 877 79 29 supply
1163 878 27 22 of
1198 878 59 26 beef,

671 909 96 24 mutton,
787 906 45 22 and
848 905 57 29 pork
920 912 61 21 may.
992 905 83 27 always
1091 905 29 22 be
1140 904 125 29 depended'

672 940 61 20 upon
743 936 25 18 at
776 932 45 23 this
830 932 174 24 establishment.

699 959 34 23 As
757 959 43 23 this
823 959 115 28 Company
956 965 108 26 purposes
1082 958 79 27 selling
1180 961 24 19 at
1221 955 38 25 the

671 986 79 22 lowest
755 986 74 28 .prices
839 990 23 18 at
875 985 73 23 which
957 989 19 18 it
989 985 20 22 is
1017 985 71 22 found
1097 985 38 22 the
1145 988 60 19 meat
1218 992 42 15 can

672 1013 28 22 be
710 1013 108 28 afforded,
828 1013 39 22 the
875 1011 151 28 undersigned
1034 1012 19 22 is
1067 1011 53 28 only
1129 1011 129 23 authorized

673 1043 22 19 to
705 1041 52 26 give
762 1047 54 20 very
821 1039 87 23 limited
917 1039 77 27 credit,
1002 1039 46 22 and
1055 1038 39 23 has
1098 1039 59 22 been
1166 1039 94 22 ordered

673 1070 22 19 to
712 1070 49 25 stop
775 1067 32 22 all
819 1069 105 20 accounts
938 1065 74 23 which
1025 1072 38 16 are
1078 1069 41 19 not
1132 1065 53 28 paid
1199 1073 61 20 upon

673 1093 103 23 demand.

700 1120 48 22 The
757 1120 101 23 business
868 1119 26 23 of
901 1119 37 23 the
948 1119 115 28 Company
1068 1119 23 22 is
1100 1119 87 22 carried
1196 1126 30 15 on
1235 1119 25 22 in

674 1147 58 23 their
746 1154 50 16 new
810 1147 108 27 building,
929 1146 89 22 erected
1035 1146 101 22 between
1155 1146 105 22 France's

674 1173 70 23 Hotel
762 1173 44 23 and
825 1173 37 23 the
881 1173 57 22 head
955 1173 27 22 of
995 1173 39 22 the
1049 1173 55 27 Bay,
1122 1172 46 23 and
1182 1173 79 28 nearly

674 1201 99 28 opposite
783 1204 24 18 to
817 1201 44 22 Mr.
872 1200 83 28 Lyon's
966 1201 69 21 Store.

946 1227 36 22 W.
997 1227 101 26 Flyger,
1115 1227 117 27 Manager.

701 1255 131 23 November
841 1257 34 25 23,
888 1256 60 21 1842.

903 1301 42 20 On
959 1300 71 25 Sale,

675 1335 93 50 THE
797 1334 72 23 NEW
893 1333 153 25 ZEALAND
1074 1333 186 26 PORTFOLIO,

749 1361 127 23 conducted
893 1361 30 28 by
939 1361 36 23 H.
990 1361 22 22 S.
1032 1361 122 26 Chapman,
1174 1360 37 27 (of
1222 1359 40 22 the

675 1388 87 24 Middle
769 1388 111 28 Temple,)
891 1387 214 22 Barrister-at-Law.

701 1416 45 22 No.
759 1415 19 22 I.
779 1425 29 5 —
808 1415 22 21 A
845 1414 77 22 Letter
936 1417 24 18 to
978 1413 38 21 the
1032 1413 71 26 Right
1119 1413 63 21 Hon.
1200 1412 62 22 Lord

674 1441 99 28 Stanley,
793 1442 117 26 Secretary
928 1441 27 21 of
971 1441 61 21 State
1051 1439 34 22 for
1103 1439 39 22 the
1161 1439 101 22 Colonial

674 1469 156 28 Department,
834 1467 65 24 -'VOn
907 1467 37 24 the
950 1466 188 25 Administration
1145 1466 24 22 of
1174 1466 87 22 Justice

674 1497 23 22 in
708 1495 56 23 New

701 1522 46 23 No.
760 1521 34 23 II.
794 1533 29 4 —
823 1522 77 22 Letter
915 1524 22 19 to
952 1520 61 23 John
1028 1520 60 22 Abel
1103 1519 79 28 Smith,
1199 1520 61 28 Esq.,

675 1549 70 28 M.P.,
823 1549 38 21 the
868 1548 145 27 Advantages
1019 1547 72 23 which
1097 1547 75 23 would
1181 1554 80 16 accrue

674 1580 23 19 to
707 1576 95 28 English
813 1575 125 28 Capitalists
947 1575 57 22 from
1015 1574 38 23 the
1063 1574 168 23 establishment
1239 1575 26 21 of

674 1612 14 14 a
696 1605 62 21 Loan
768 1605 102 24 Company
880 1603 35 22 for
923 1603 53 21 New
985 1603 98 26 Zealand,
1095 1601 85 23 similar
1191 1605 24 18 to
1223 1601 39 23 the

675 1631 130 23 Australian
813 1630 68 23 Trust

702 1659 44 22 No.
758 1658 76 22 III.—
907 1657 97 22 Address
1015 1660 22 18 to
1048 1656 36 22 the
1095 1655 57 23 New
1161 1655 102 23 Zealand

675 1685 66 23 Land
751 1685 138 28 Proprietors
898 1684 98 22 resident
1009 1683 25 22 in
1042 1683 39 22 the
1090 1683 85 22 United
1190 1682 72 27 King-

675 1713 59 26 dom,
747 1719 29 15 on
792 1711 85 23 several
891 1714 92 19 matters
993 1711 26 21 of
1025 1711 137 28 importance
1172 1713 23 19 to
1205 1709 58 23 their

702 1766 45 23 No.
764 1766 42 22 IV.
806 1777 29 5 —
862 1765 36 22 On
919 1765 36 22 the
972 1764 119 23 'Financial
1110 1763 113 23 condition
1239 1763 28 23 of

675 1794 56 21 New
875 1793 31 26 by
915 1791 92 24 Charles
1016 1791 75 28 Terry,
1103 1791 60 28 Esq.,
1173 1791 89 26 F.R.S.,

676 1820 81 23 F.S.A.

703 1848 44 21 No.
762 1847 30 22 V.
793 1859 28 4 —
822 1849 20 20 1.
894 1845 159 23 Observations
1077 1852 29 15 on
1130 1844 134 28 facilitating

675 1874 141 28 Emigration
841 1876 22 19 to
887 1873 56 22 New
967 1873 107 27 Zealand,
1093 1873 31 27 by
1143 1879 79 15 means
1240 1872 26 21 ookf
1268 1893 4 4 k

676 1902 118 23 Moderate
812 1901 100 27 Charges
926 1900 35 22 for
980 1900 68 21 Chief
1063 1899 44 22 and
1123 1899 139 22 Fore-Cabin

837 1928 28 22 In
875 1935 14 14 a
900 1928 76 21 Letter
985 1930 23 19 to
1018 1926 84 28 Joseph
1112 1928 85 25 Somes,
1208 1926 54 28 Esq.

675 1956 42 22 &c.
728 1956 41 22 &c.
798 1955 35 27 By
842 1955 32 22 H.
886 1955 22 22 S.
919 1954 123 28 Chapman.

703 1984 21 20 2.
766 1982 21 21 A
798 1982 76 21 Letter
882 1989 29 13 on
922 1980 106 27 Banking
1035 1980 26 21 in
1068 1980 59 21 New

677 2009 35 27 By
721 2008 88 22 Arthur
817 2008 26 22 T.
855 2007 174 27 Holroyd,.Esq.

703 2035 45 22 No.
764 2034 42 22 VI.
808 2045 27 5 —
859 2033 158 22 Observations
1032 2039 28 15 on
1069 2031 38 23 the
1118 2031 145 26 Advantages

677 2062 26 22 of
715 2069 14 14 a
746 2060 183 30 Representative
945 2059 120 28 Assembly
1074 2059 41 21 .for
1134 2058 56 22 New
1204 2057 59 23 Zea-

705 2115 99 23 General
814 2115 48 23 title
872 2114 46 23 and
926 2113 150 24 introduction
1087 2116 23 19 to
1120 2112 37 22 the
1168 2113 81 22 Series.

867 2149 68 15 PRICE
952 2148 120 15 SIXPENCE.

706 2172 88 20 Gazette
804 2170 78 26 Office,
895 2170 67 26 Sept.,
975 2170 61 20 1843.

679 2216 72 50 ON
768 2215 90 23 SALE,
858 2218 26 19 at
902 2214 38 22 the
959 2214 71 22 Office
1051 2214 23 21 of
1091 2213 45 21 this
1154 2219 110 21 paper:—

759 2243 61 27 Keys
830 2242 25 22 of
862 2242 39 22 the
910 2241 69 22 Town
989 2241 26 21 of
1021 2240 56 22 New
1087 2239 127 29 Plymouth,

705 2270 68 23 Plans
783 2270 26 22 of
816 2270 99 27 Country
926 2268 66 23 Land
1001 2267 73 23 round
1084 2266 145 28 Wellington,
1238 2266 25 22 in

677 2305 60 19 case,

705 2325 69 21 Plans
785 2323 26 23 of
817 2323 93 27 Nelson,
921 2323 23 22 in
954 2330 59 19 case,

698 2351 87 26 •Copies
802 2351 26 21 of
840 2350 38 23 the
894 2346 55 26 New
969 2348 100 24 Zealand
1083 2348 102 27 Journal,
1202 2349 61 26 1842,

678 2381 118 24 complete,
807 2377 83 27 bound,

705 2401 136 32 Chapman's
850 2403 115 28 Portfolio,
975 2402 87 28 bound,
1265 2422 4 14 {

705 2433 75 22 Prints
787 2433 26 21 of
818 2431 93 28 Nelson,

705 2459 76 22 Prints
792 2459 26 22 of
821 2458 143 27 Wellington,

703 2487 71 23 Plans
784 2486 27 22 of
817 2485 86 23 Nelson
912 2486 24 22 in
945 2485 86 27 Sheets,

706 2514 69 22 Plans
785 2513 27 22 of
816 2513 101 27 Country
928 2511 65 23 Land
1003 2515 24 19 at
1040 2511 142 28 Wellington,

705 2541 69 22 Plans
784 2541 25 21 of
816 2540 38 22 the
863 2540 68 22 Town
943 2539 26 23 of
976 2539 56 22 New
1043 2539 126 28 Plymouth.

705 2574 131 29 September
845 2575 34 27 19,
891 2575 61 21 1843.

891 2621 164 22 Almanack.

678 2656 75 50 AN
773 2655 181 23 ALMANACK
973 2655 34 21 for
1025 2654 136 28 Wellington
1180 2652 45 23 will
1239 2653 29 22 be

748 2683 119 29 published
877 2685 23 19 at
908 2682 44 22 this
962 2682 72 22 Office
1044 2683 33 21 Ist
1086 2681 111 27 January,
1205 2681 62 21 18441

910 2723 76 20 price,
1002 2717 30 21 Is.

729 2744 94 23 Gazette
855 2743 71 22 Office
927 2760 6 10 >
943 2742 127 23 December
1079 2742 19 27 7,
1109 2743 63 22 1843.

882 2786 39 25 £S
935 2789 128 21 Reward.

678 2824 53 50 A
744 2823 138 24 REWARD
896 2823 27 22 of
938 2823 35 27 £p
992 2822 46 23 will
1058 2822 28 23 be
1102 2822 69 28 given
1186 2822 36 22 for
1230 2822 40 23 the

759 2851 115 27 discovery
884 2850 27 22 of
921 2850 37 22 the
974 2857 93 21 persons
1076 2849 52 23 who
1143 2857 39 15 are
1193 2850 25 21 in
1230 2849 40 22 the

678 2878 65 23 habit
760 2878 25 22 of
799 2877 94 28 stealing
903 2877 57 22 from
975 2876 39 23 the
1029 2876 57 23 back
1096 2877 28 22 of
1136 2876 39 25 the
1184 2874 86 30 garden

678 2906 26 21 of
715 2905 39 22 the
762 2904 158 28 undersigned,
930 2905 24 22 in
969 2904 98 28 Murphy
1077 2905 80 22 Street.

1004 2938 26 23 T.
1047 2938 32 22 M.
1095 2938 146 22 Partridge.

705 2966 130 25 November
844 2967 35 25 15,
891 2967 62 21 1843.

677 3013 40 22 To
733 3014 164 21 Gentlemen
911 3012 149 28 intending
1072 3014 29 19 to
1117 3014 78 19 enter
1209 3012 61 21 into

704 3040 46 22 the
777 3040 145 28 profitable
949 3040 111 26 pursuit
1088 3039 31 22 of
1145 3040 126 26 Grazing

705 3068 56 21 and
780 3068 137 26 Breeding
935 3067 94 25 Stock,
1051 3066 42 22 for
1112 3066 92 23 which
1225 3067 45 21 the

705 3094 90 23 fertile
814 3094 110 21 Islands
945 3094 32 22 of
993 3094 70 22 New
1080 3094 125 22 Zealand
1224 3099 46 16 are

703 3127 34 17 so
752 3122 152 26 peculiarly
917 3122 128 26 adapted.

678 3149 93 49 THE
781 3148 153 28 undersigned
943 3148 44 28 beg
996 3151 23 19 to
1026 3147 84 23 inform
1119 3147 152 24 theirfriende

749 3176 46 22 and
811 3176 38 22 the
863 3174 75 35 public
954 3175 123 27 generally,
1093 3174 50 23 that
1159 3174 56 28 they
1225 3175 46 22 will

677 3206 102 20 contract
802 3202 36 23 for
855 3197 39 27 the
918 3202 101 28 delivery
1044 3202 26 22 of
1089 3202 40 22 the
1153 3202 119 28 following

677 3229 136 29 description
827 3229 26 22 of
859 3228 74 28 Stock;
940 3229 25 22 in
973 3236 45 21 any
1028 3229 54 22 Port
1091 3229 26 21 of
1131 3228 38 22 the
1180 3228 92 24 Islands

678 3257 27 22 of
710 3257 58 22 New
777 3256 102 23 Zealand
886 3264 6 14 :
893 3268 29 4 —

672 3300 2 3 ■
705 3282 97 24 Horned
817 3284 67 22 cattle
902 3282 126 29 (improved
1041 3282 90 28 breeds)
1147 3282 27 22 of
1185 3282 32 23 all
1232 3282 40 29 de^

678 3311 127 28 scriptions,

705 3339 93 27 Horses,
818 3338 61 23 from
898 3337 40 23 the
958 3337 53 23 best
1029 3336 95 28 English
1143 3336 48 23 and
1205 3337 67 24 Arab

677 3365 71 28 studs,
766 3365 94 23 suitable
875 3365 36 22 for
928 3365 87 27 racing,
1029 3364 84 27 saddle,
1124 3371 26 15 or
1161 3363 109 29 harness,;

677 3393 47 23 and
732 3393 109 27 breeding
849 3400 81 19 mares,
1120 3396 5 16 :
1149 3413 3 5 .

705 3420 60 22 Pure
774 3420 76 22 Saxon
860 3419 47 23 and
914 3419 88 22 merino
1012 3423 64 24 ewes,

705 3447 123 23 Half-bred
842 3447 114 22 Leicester
969 3445 57 26 and/
1030 3445 87 23 merino
1137 3452 65 19 ewes,
1219 3452 52 21 par-

678 3474 105 29 ticularly
792 3473 96 29 adapted
898 3473 38 23 for
944 3473 45 25 this
998 3475 102 25 country,
1111 3479 25 16 as
1144 3472 57 29 they,
1206 3473 64 25 unite

679 3501 82 28 weight
769 3501 33 22 of
803 3508 87 15 carcass
898 3499 54 23 with
961 3499 99 23 fineness
1069 3498 26 23 of
1102 3499 64 23 wool.
1189 3515 3 3 -

672 3544 3 4 .
705 3529 49 21 The
776 3527 152 28 undersigned
950 3534 44 15 can
1021 3525 169 23 accommodate
1215 3533 55 21 pur-

679 3555 90 23 chasers
783 3555 28 23 of
823 3554 58 23 their
891 3553 67 24 Stock
975 3553 55 23 with
1046 3553 115 23 extensive
1175 3553 96 28 grazing

678 3590 62 20 runs,
750 3582 80 23 within
839 3583 41 21 100
888 3581 66 23 miles
962 3581 28 22 of
994 3580 46 23 this
1049 3580 61 23 Port.
1236 3586 4 4 •
1249 3602 6 7 ,M,
1258 3593 17 11 M

940 3614 36 23 W.
990 3614 28 23 B.
1032 3614 98 23 Rhodes*
1143 3614 46 23 and
1202 3614 40 23 Co.

851 3662 78 22 Meat
945 3662 150 26 Company.

808 3689 22 22 V
844 3689 20 22 E
880 3689 22 21 G
916 3688 20 24 E
949 3688 92 22 T'JLB
1055 3687 95 23 LBS.
1174 3703 18 5 ..

681 3715 175 52 SHIPPING
870 3714 47 24 and
931 3714 107 25 Families
1055 3722 41 15 can
1109 3715 29 22 lie
1154 3715 116 28 regularly

734 3743 103 28 supplied
846 3742 55 23 with
908 3741 30 23 all
946 3741 148 29 descriptions
1101 3741 27 23 of
1133 3741 137 29 vegetables.

961 3775 36 23 W.
1008 3776 102 27 Flyger,
1122 3776 119 28 Manager.

707 3804 131 29 September
846 3804 36 27 29,
893 3804 61 21 1843.
1083 3807 11 23 \

851 3849 78 21 Meat
943 3849 152 27 Company,

680 3884 74 50 AN
782 3882 202 26 APPRENTICE
1011 3885 24 17 to
1063 3882 38 24 the
1120 3884 108 22 business
1237 3884 34 22 4s

759 3910 97 24 wanted.
884 3910 45 23 For
946 3910 139 30 particulars,
1102 3908 76 31 apply.;
1185 3918 30 15 on
1232 3911 38 25 the

673 3938 3 16 :
677 3938 99 29 premiae
773 3938 6 8 r
778 3945 18 15 s.
832 3939 4 7 '
886 3935 6 10 *
969 3947 4 5 ■
1069 3936 149 31 ''/«.,••
1232 3938 5 22 '•

884 3966 5 5 '
919 3964 12 13 ''-
952 3963 36 23 W.
1004 3964 103 28 FfxoEß,
1124 3965 118 27 Manager.

706 3991 263 31 Septembe*£9,-|B43;r?
1070 3996 18 15 oi
1100 3997 7 13 /.
1118 3996 51 15 :-\aj
