3550 4580
105 184 91 23 church
209 184 85 28 except
306 184 71 21 those
395 184 73 28 given
480 184 28 22 m
519 184 86 23 favour
617 184 23 23 of

103 221 112 24 national
228 219 151 24 Prohibition
393 219 31 31 by
436 221 59 24 bare
505 220 135 32 majorities

102 259 21 24 it
135 259 21 24 is
168 261 68 29 quite
250 259 50 24 safe
313 261 26 22 to
351 267 44 23 say
417 259 56 26 that
494 260 96 25 neither
602 261 38 25 Mr

102 297 91 28 Lewis,
221 297 40 24 the
274 297 137 24 successful
433 298 139 31 candidate,
596 307 44 17 nor

102 336 41 25 Mr
165 337 29 24 R.
219 337 35 24 M.
279 337 98 32 Taylor,
403 337 44 26 the
464 339 115 31 rejected,
600 341 40 23 ob-

102 377 82 24 tained
199 385 14 16 a
224 379 76 31 single
322 379 152 24 Prohibition
486 384 56 25 vote,
556 379 84 26 whilst

102 417 42 25 the
169 421 47 21 two
245 419 74 24 latter
348 419 144 31 gentlemen'
511 421 129 24 combined

102 456 82 31 polled
193 456 85 31 nearly
292 456 88 26 double
392 457 43 25 the
447 460 69 23 votes
528 457 57 28 that
598 459 42 25 the

102 494 88 26 former
202 496 115 25 obtained
328 505 5 20 ;
346 497 87 29 hence,
456 506 61 17 even
530 499 26 24 m
570 499 68 26 Chri-

102 536 127 29 stchurcb,
253 537 42 25 the
308 538 151 31 prohibition
472 543 56 21 vote
549 541 21 24 is
582 541 26 24 m
625 550 15 15 a

102 576 110 31 hopeless
236 578 127 31 minority.

134 614 53 25 The
200 617 60 23 next
283 616 98 31 general
405 617 106 25 election
531 618 52 26 will
605 626 33 17 no

102 652 75 26 doubt
198 653 28 25 be
250 654 100 33 bitterly
370 656 89 31 fought
477 658 43 24 out
540 657 32 31 by
595 657 43 25 the

102 693 107 24 euemies
222 693 28 24 of
260 694 42 24 the
314 696 94 29 people,
422 696 56 23 who
486 703 42 16 are
541 696 97 31 getting

102 740 118 17 ravenous
229 733 38 25 for
279 734 102 24 another
390 734 41 31 big
438 734 59 25 loan
509 736 26 24 to
546 743 90 16 scram-

102 772 37 24 ble
162 772 38 25 for
222 774 26 24 to
260 774 109 31 improve
392 774 60 24 their
469 776 56 22 vast
547 775 90 23 landed

102 813 146 31 posessions.

168 967 139 21 OXFORD
325 967 99 21 FARM
448 967 117 21 NOTES.

132 1030 54 24 The
208 1030 51 24 late
282 1031 67 23 rains
373 1030 80 25 which
481 1031 64 25 have
573 1031 61 25 been

98 1073 111 25 followed
238 1074 30 31 by
292 1082 75 16 warm
394 1074 110 31 growing
522 1075 110 28 weather,

97 1117 49 23 will
163 1117 27 23 m
208 1125 68 16 some
301 1125 112 16 measure
431 1118 156 29 compensate
606 1125 28 16 us

97 1160 38 24 for
154 1160 42 24 the
224 1160 50 25 loss
292 1160 26 25 of
345 1168 44 16 our
418 1168 70 23 crops
500 1168 4 16 :
547 1160 34 24 As
599 1169 35 16 we

96 1203 83 25 before
196 1203 138 32 suggested,
363 1203 42 25 the
423 1203 80 25 blown
523 1205 43 23 out
579 1205 54 23 oats

97 1247 62 23 need
177 1248 44 23 not
250 1254 74 23 prove
342 1255 14 15 a
374 1246 123 31 thorough
524 1246 60 29 loss,
613 1247 21 24 if

98 1289 42 24 the
158 1289 94 31 ground
269 1292 42 28 got
329 1298 15 15 a
361 1289 61 32 drag
439 1297 57 16 over
515 1289 60 25 with
589 1290 42 25 the

97 1334 117 27 harrows,
233 1334 49 23 and
301 1334 48 23 this
367 1334 59 30 plan
444 1334 46 23 has
508 1333 60 24 been
586 1334 45 24 fol-

95 1376 75 24 lowed
200 1376 24 24 m
244 1384 74 23 many
346 1376 133 29 instances,
504 1376 61 24 with
589 1376 42 25 the

95 1419 78 24 result
186 1419 54 25 that
263 1419 126 24 abundant
412 1426 75 24 green
504 1419 56 24 food
588 1419 42 25 has

94 1464 61 23 been
179 1462 122 31 produced
323 1462 37 25 for
383 1462 112 25 Autumn
523 1462 106 32 feeding.

96 1505 114 31 Turnips,
223 1513 66 23 rape,
303 1505 92 24 clovers
415 1505 48 24 and
475 1513 97 23 grasses
589 1513 40 17 are

94 1548 102 31 making
207 1548 70 31 rapid
289 1548 96 31 growth
397 1548 50 25 and
459 1550 104 23 autumn
576 1549 53 24 f«ed

93 1599 51 17 was
155 1599 75 17 never
241 1599 69 17 more
319 1591 114 32 plentiful
445 1592 49 24 and
503 1592 41 24 the
553 1592 76 25 result

94 1635 50 23 ■will
156 1635 28 23 be
198 1637 24 22 to
239 1635 95 25 harden
345 1636 79 30 prices
444 1635 37 25 for
503 1636 70 24 stock
596 1636 32 24 all

92 1678 88 23 round.
200 1678 100 24 Milkers
312 1679 58 23 have
382 1679 131 24 freshened
525 1686 32 24 up
570 1687 57 16 con-

93 1720 117 31 siderably
222 1720 49 24 and
283 1720 40 25 the
335 1722 89 30 output
436 1722 26 23 at
474 1720 42 26 the
527 1721 100 25 Cream-

92 1771 40 23 ery
145 1763 21 24 is
182 1763 146 32 increasing.

126 1807 96 30 Closely
234 1807 134 24 connected
379 1807 61 24 with
450 1808 70 24 stock
531 1808 97 31 feeding

91 1849 22 23 is
126 1856 15 16 a
153 1849 61 30 good
226 1851 75 22 water
314 1849 87 31 supply
414 1850 48 24 and
475 1851 43 23 the
530 1858 53 23 way
602 1851 24 24 m

91 1892 83 25 which
186 1893 42 24 the
236 1893 115 31 Cooper's
362 1893 76 25 Creek
449 1893 66 26 Race
525 1894 21 24 is
555 1894 72 33 being

90 1936 94 30 pushed
197 1944 40 20 on,
248 1936 119 31 promises
379 1937 56 25 well
447 1938 37 24 for
502 1938 43 24 the
567 1945 60 17 near

90 1979 91 25 future.
200 1980 109 31 Judging
320 1980 61 24 from
396 1980 43 25 the
451 1980 64 25 work
527 1981 101 32 already

91 2023 70 28 •lone,
175 2023 51 24 this
238 2031 56 16 race
313 2024 120 30 promises
457 2025 25 23 to
494 2025 31 23 be
545 2032 46 16 one
603 2025 26 24 of

90 2065 43 24 the
146 2067 54 22 best
208 2066 26 23 m
247 2065 41 26 the
299 2067 125 30 province.
459 2067 113 32 Posßibly
584 2067 43 26 the

77 2110 78 22 crates
168 2115 58 25 may
238 2108 30 25 be
280 2108 83 25 rather
374 2108 62 32 high
447 2110 27 24 m
486 2109 43 25 the
541 2110 85 31 begin-

50 2154 10 20 i
90 2150 68 31 ning,
178 2150 44 25 but
240 2152 42 23 the
304 2152 80 24 works
414 2160 40 16 are
475 2152 27 25 of
528 2153 62 25 such
612 2161 15 17 a

215 2194 137 29 character,
382 2195 54 25 that
464 2195 44 25 the
532 2197 53 24 cost
603 2197 26 24 of

273 2237 49 25 will
335 2239 30 24 be
377 2246 58 24 very
457 2238 49 25 low
528 2239 50 24 and
600 2239 25 24 m

212 2288 47 13 ~uu
273 2281 185 23 (jln»-rates~wlll
478 2281 30 24 be
520 2289 15 16 a
557 2289 68 17 mere

50 2328 4 4 ■
87 2318 47 24 flee
141 2318 51 25 bite
204 2321 131 29 compared
348 2322 25 23 to
385 2321 43 25 the
439 2322 149 33 advantages
600 2326 26 23 to

87 2361 28 24 be
127 2361 92 31 gained
231 2362 31 32 by
274 2371 14 16 a
300 2362 126 27 bountiful
437 2366 77 24 water
526 2367 98 31 supply.

87 2403 145 27 Grumblers
243 2408 69 22 must
323 2408 45 24 not
379 2407 80 32 forget
478 2408 54 26 that
556 2418 70 24 ev?ry

87 2454 55 17 acre
154 2448 27 23 of
198 2449 68 28 land,
287 2450 110 25 whether
415 2451 73 33 along
508 2452 43 25 the
574 2453 51 25 line

86 2491 25 23 of
124 2491 41 24 the
177 2499 56 17 race
245 2500 27 16 or
283 2493 27 24 m
330 2494 138 33 contiguity
485 2497 26 24 to
522 2497 29 28 it,
575 2496 50 26 will

85 2533 30 25 be
128 2534 128 25 enhanced
279 2536 25 24 m
316 2536 79 30 value,
421 2537 43 25 but
485 2539 77 32 really
581 2540 51 24 the-

85 2577 153 32 advantages
250 2587 40 17 are
308 2583 41 22 too
370 2589 134 18 numerous
516 2584 26 24 to
554 2591 69 17 men-

85 2621 61 28 tion,
160 2622 50 23 and
227 2622 22 24 if
258 2630 69 18 some
341 2624 24 24 of
388 2632 45 16 our
444 2626 97 25 readers
554 2627 70 24 don't

84 2663 95 26 believe
191 2673 37 20 us,
252 2674 36 17 we
312 2667 61 24 refer
396 2668 71 25 them
490 2670 26 24 to
536 2670 87 32 people

83 2707 57 24 who
163 2707 64 26 have
250 2711 72 29 spent
345 2719 15 15 a
372 2712 88 24 month
484 2720 27 16 or
534 2714 49 24 two
596 2714 28 23 m

87 2750 153 32 Coolgardie.

168 2902 183 26 POLITICAL
379 2903 149 27 TIT-BITS.

59 2970 21 13 ■•■*•
118 2967 21 23 A
152 2968 109 31 meeting
284 2976 48 17 was
344 2969 59 25 held
426 2971 26 23 at
476 2970 92 32 Napier
590 2980 32 16 on

85 3005 42 24 the
139 3005 62 24 30fch
213 3006 51 23 insfc
276 3007 79 23 under
367 3007 43 24 the
421 3008 113 31 auspices
546 3009 24 24 of
581 3010 41 23 the

83 3044 118 25 National
226 3045 162 25 Association.
424 3046 54 26 The
507 3048 114 31 speakers

62 3095 14 19 4
83 3091 60 16 wore
156 3083 70 31 Capt.
254 3084 99 25 Russell
375 3085 120 25 Newman
508 3087 49 24 and
582 3087 40 25 Mr

82 3127 29 24 P.
127 3128 25 24 S.
178 3127 112 25 McLean
311 3129 126 30 president
458 3131 25 24 of
503 3130 43 25 the
558 3131 63 25 local

57 3175 11 9 A
84 3170 104 26 branch.

116 3214 54 25 The
190 3215 115 31 speeches
319 3223 63 18 were
395 3224 14 17 a
421 3216 92 25 rehash
536 3218 27 25 of
572 3218 49 25 for-

82 3266 53 17 mer
147 3258 84 25 effects
255 3258 49 25 arid
325 3259 87 25 shouts
435 3260 65 25 from
523 3262 42 24 the
577 3270 42 16 au-

82 3302 84 24 dience
200 3302 105 25 "what's
339 3311 63 24 your
563 3306 58 32 only

50 3369 18 14 r
82 3345 108 31 brought
213 3354 13 14 a
250 3346 69 31 reply
426 3349 58 23 turn
508 3350 45 24 out
577 3349 44 25 the

83 3389 98 24 Seddon
207 3389 175 26 Government.
431 3391 54 25 The
509 3393 112 32 meeting

54 3455 2 2 .
81 3439 51 17 was
144 3431 64 31 good
227 3431 143 31 humoured,
395 3433 45 25 but
452 3442 73 25 every
547 3436 72 24 refer-

81 3482 60 17 ence
153 3477 26 21 to
199 3476 104 31 turning
320 3476 43 25 the
384 3477 171 27 Government
575 3484 44 20 out

81 3520 52 22 met
151 3517 61 25 with
235 3517 103 27 derisive
360 3519 118 32 laughter
496 3522 65 25 from
577 3523 42 25 the

81 3562 125 23 audience.
242 3561 46 24 We
310 3561 91 26 believe
419 3563 83 26 efforts
516 3565 50 25 will
588 3566 30 25 be

80 3606 74 24 made
174 3604 31 32 by
229 3604 44 25 the
296 3604 94 26 Oxford
412 3606 95 26 branch
530 3608 26 26 of
576 3610 42 25 the

80 3648 119 26 National
217 3648 56 24 Ass.
296 3650 26 23 to
345 3651 42 30 get
407 3650 70 26 these
499 3652 118 31 platform

81 3698 102 25 blatters
196 3698 26 23 to
234 3697 65 25 visit.
304 3697 51 26 this
379 3698 104 26 district.

232 3740 131 26 Protected
392 3742 76 26 birds.
505 3764 3 3 .

113 3784 24 24 It
149 3784 22 24 is
183 3784 146 24 announced
347 3785 56 25 that
425 3786 44 25 the
491 3787 126 33 following

80 3828 67 25 birds
170 3835 42 16 are
235 3826 140 34 absolutely
397 3831 133 29 protected,
566 3831 50 25 and

80 3878 106 25 anyone,
220 3870 115 32 shooting
358 3879 28 18 or
408 3872 88 33 taking
518 3882 49 23 any
591 3875 27 25 of

80 3915 69 25 them
162 3914 22 24 is
196 3912 75 25 liable
288 3914 26 24 to
326 3921 15 17 a
360 3915 102 32 penalty
475 3916 26 24 of
521 3918 52 24 £10
575 3931 32 5 —
609 3926 5 15 :

78 3972 33 3 —
113 3957 56 27 Tui,
193 3956 69 29 huia,
297 3956 76 25 white
395 3958 85 29 heron,
515 3960 99 29 bittern,

78 3999 96 25 crested
207 3998 80 32 grebs,
322 3999 50 25 bell
394 4000 61 30 bird,
486 4002 56 25 blue
565 4003 50 24 and

78 4050 91 24 orange
181 4041 99 26 wattled
294 4050 84 22 crows,
403 4045 94 31 ground
508 4048 106 30 parrots,

78 4088 64 29 kiwi,
156 4086 85 26 saddle
254 4084 61 27 back
327 4087 47 25 and
388 4088 76 26 stitch
475 4088 64 27 bird.
567 4090 48 26 We

78 4133 63 30 hope
164 4130 50 25 this
234 4130 50 24 will
308 4129 30 26 be
350 4139 13 15 a
387 4132 111 33 warning
520 4137 26 22 to
562 4130 53 29 lour

78 4174 95 26 Oxford
195 4173 62 32 boys
268 4176 44 22 not
334 4175 27 23 to
372 4174 73 27 shoot
468 4184 27 17 or
506 4179 54 31 trap
571 4178 44 25 the

78 4219 56 27 Tui,
161 4217 79 26 whicb
263 4217 22 26 is
308 4217 50 26 fast
380 4219 127 33 becoming
528 4223 87 24 exter-

76 4261 114 27 minated
202 4262 26 23 m
240 4261 50 25 this
302 4260 103 27 district.

683 1310 174 31 OXFORD
880 1311 117 31 ROAD
1020 1312 153 30 BOARD.

693 1413 60 24 This
783 1413 81 25 Board
904 1414 60 24 held
992 1415 66 23 their
1082 1415 115 32 ordinary

659 1457 110 32 meeting
793 1464 32 18 on
854 1457 156 33 Wednesday
1040 1460 47 23 Ist.
1117 1459 78 31 April.

658 1502 111 28 Present,
789 1501 40 25 Mr
847 1500 74 25 Thos.
939 1501 86 28 Harle,
1053 1502 140 29 Chairman,

657 1544 50 24 and
724 1543 95 25 Messrs
831 1543 108 30 Basseit,
964 1543 114 30 Hawker,
1104 1544 90 25 Siubbs

657 1587 50 24 and
736 1586 80 26 Weld.

690 1630 110 25 Minutes
818 1630 26 23 of
858 1631 50 23 last
926 1631 107 31 meeting
1053 1639 64 16 were
1134 1632 58 23 read

656 1674 47 23 and
716 1672 143 25 confirmed.

689 1715 54 25 The
762 1715 141 32 Surveyor's
915 1718 81 29 report
1013 1716 38 24 for
1072 1716 41 25 the
1136 1719 56 29 past

656 1758 88 25 month
763 1766 47 17 was
828 1758 59 25 read
904 1759 49 24 and
971 1760 131 31 approved.

689 1801 75 24 Thos.
794 1801 110 25 Osborne
934 1802 74 25 asked
1030 1803 38 24 for
1096 1811 33 16 an
1153 1811 38 16 ex-

655 1844 97 25 tension
771 1843 26 26 of
818 1843 61 26 time
902 1851 32 18 on
964 1844 38 25 his
1026 1846 112 24 contract
1160 1853 32 17 on

655 1888 104 24 account
777 1887 27 24 of
819 1888 41 24 the
878 1888 115 24 weather.
1037 1888 120 25 Granted.

689 1931 40 25 Mr
746 1931 54 25 Jeff
812 1931 89 25 waited
927 1940 31 16 on
985 1931 42 25 the
1045 1931 81 26 Board
1144 1933 49 24 and

655 1974 125 32 requested
798 1974 68 25 them
896 1975 25 23 to
950 1975 55 24 take
1023 1982 126 17 measures
1167 1977 26 23 to

654 2019 101 30 prevent
783 2018 45 23 the
853 2018 71 23 Main
953 2018 61 25 Oust
1031 2018 79 24 Drain
1130 2018 62 25 from

655 2060 166 32 encroaching
832 2068 33 17 on
877 2060 40 25 his
930 2062 123 30 property,
1066 2062 32 31 by
1122 2069 71 17 scour

655 2104 47 23 aod
719 2102 53 26 also
784 2105 25 23 to
821 2103 70 24 mark
903 2106 43 22 out
958 2111 15 17 a
985 2107 17 27 £
1010 2104 74 25 chain
1096 2105 60 23 road
1167 2106 25 24 to

655 2147 55 31 give
721 2146 55 24 him
788 2154 82 16 access
882 2149 26 21 to
931 2147 39 24 his
991 2149 115 30 property
1129 2148 64 24 from

655 2190 48 24 Me'
706 2189 112 25 Jarrah's
824 2190 69 24 road.

689 2233 51 25 The
752 2232 82 26 Board
845 2233 89 32 agreed
947 2234 25 25 to
990 2235 64 24 meet
1078 2234 40 25 Mr
1141 2234 55 26 Jeff

654 2283 31 17 on
698 2274 43 26 the
753 2274 105 33 ground,
870 2275 60 25 with
941 2283 15 17 a
969 2276 59 26 view
1045 2276 28 26 of
1082 2277 112 32 deciding

655 2326 62 23 upon
730 2318 43 24 the
796 2318 56 25 best
873 2319 63 30 plan'
955 2321 24 22 to
1003 2320 29 24 be
1045 2319 113 33 adopted.

687 2361 115 31 Cooper's
821 2361 77 25 Creek
920 2361 75 25 Race.
1030 2363 54 24 The
1106 2363 86 25 Board

653 2403 105 33 though*
770 2403 107 35 thatjthe
889 2404 40 26 W.
940 2405 26 28 S,
985 2405 85 24 Board
1082 2413 52 18 was
1146 2407 46 24 not

653 2447 92 33 paying
761 2447 47 24 due
824 2448 89 32 regard
941 2450 26 23 to
998 2448 43 25 the
1059 2448 79 33 safety
1167 2450 27 25 of

652 2490 42 26 the
711 2490 134 33 travelling
868 2490 93 32 public,
990 2492 49 24 and
1056 2492 44 25 the
1118 2492 74 26 Clerk

652 2542 49 17 whs
718 2533 103 26 ordered
830 2534 72 25 tocall
920 2535 66 25 their
1015 2536 121 24 attention
1166 2539 26 22 to

652 2578 43 25 the
724 2577 96 26 various
861 2579 165 25 obstructions
1060 2579 27 26 m
1117 2580 75 25 detail

652 2621 155 32 complained
826 2622 32 24 of.
875 2616 10 11 '

686 2664 40 26 Mr
738 2664 96 25 Gorton
847 2666 155 31 complained
1019 2666 109 32 through
1152 2667 40 24 Mr

652 2707 100 25 Bassett
770 2707 56 25 that
843 2716 70 23 gorse
931 2718 47 15 was
997 2709 73 32 being
1082 2710 109 32 brought

652 2759 33 16 on
696 2751 40 24 his
753 2751 61 24 land
825 2752 31 30 by
873 2751 41 25 the
927 2752 86 25 Water
1030 2753 75 24 Race.
1141 2754 48 24 Re-

652 2794 85 25 solved
765 2794 44 24 the
831 2794 83 25 Board
950 2795 90 25 adhere
1071 2797 26 23 to
1125 2797 65 23 their

651 2836 104 33 original
766 2837 134 25 resolution
923 2839 27 23 to
972 2838 61 32 keep
1056 2838 43 25 the
1123 2838 67 26 Race

651 2881 67 25 clear
734 2880 38 25 for
789 2882 15 23 8
822 2881 49 25 feet
894 2889 33 17 on
951 2881 61 25 each
1029 2882 53 24 side
1103 2883 26 24 of
1146 2882 44 25 the

651 2932 64 17 race.

685 2967 40 24 Mr
742 2967 89 31 King's
849 2967 149 31 application
1011 2969 25 24 to
1054 2968 42 25 the
1108 2968 82 24 Board

650 3011 37 23 for
704 3010 139 24 additional
860 3018 82 23 wages
960 3019 51 15 was
1029 3010 100 25 refused
1157 3019 31 16 on

650 3054 44 24 the
711 3053 97 32 ground
831 3053 56 25 that
917 3053 43 25 the
983 3054 104 24 Board's
1118 3054 71 24 usual

650 3099 52 24 rate
720 3097 26 26 of
762 3105 76 24 wages
856 3097 47 25 had
934 3097 62 26 been
1021 3097 67 26 fixed
1106 3099 26 24 at
1152 3099 35 24 6s.

650 3149 43 23 per
710 3141 56 30 day.

684 3183 40 25 Mr
753 3183 106 25 Smith's
897 3184 150 31 application
1085 3185 39 23 for
1153 3193 35 16 re-

649 3227 158 25 muneration
819 3227 38 25 for
874 3228 74 31 using
965 3227 134 25 additional
1112 3236 76 24 quan-

649 3271 68 25 tities
734 3271 26 24 of
775 3272 98 23 cement
884 3271 27 24 m
930 3271 140 31 Weyland't
1087 3271 101 26 Culvert

648 3322 51 17 was
716 3315 45 24 not
779 3314 163 25 entertained.

682 3358 54 24 The
753 3357 74 25 Clerk
854 3365 51 17 was
923 3357 103 25 ordered
1055 3359 25 23 to
1098 3358 88 24 inform

648 3401 32 24 all
696 3409 104 23 persons
818 3401 57 25 that
893 3409 63 17 were
990 3402 127 30 polluting
1145 3402 43 24 the

647 3445 77 23 water
741 3443 95 32 supply,
866 3443 32 32 by
924 3443 116 33 allowing
1058 3444 44 25 the
1126 3446 60 23 tres-

646 3494 57 24 pass
721 3486 27 25 of
774 3494 78 24 geese,
882 3487 54 32 pigs
965 3488 41 24 &c.
1024 3487 162 33 proceedings

647 3530 80 26 would
744 3531 30 24 be
791 3530 75 25 taken
885 3532 99 30 against
1008 3531 79 25 them.
1131 3532 54 24 The

646 3581 69 17 same
731 3573 83 25 would
831 3573 50 25 also
906 3574 74 32 apply
997 3576 26 22 to
1044 3574 142 25 sawmillers

647 3617 54 26 who
735 3624 63 19 were
826 3617 117 33 allowing
970 3617 123 33 pollution
1122 3618 63 25 with

645 3661 113 25 sawdust.

678 3705 226 32 Correspondence.
943 3706 74 23 From
1031 3707 43 23 the
1087 3705 98 32 Ashley

645 3749 70 25 Road
731 3748 89 29 Board,
839 3749 95 31 stating
959 3748 55 26 that
1032 3748 65 25 their
1114 3749 69 31 opin-

644 3793 42 24 ion
703 3800 48 17 was
770 3792 56 25 that
860 3791 43 26 the
933 3791 92 25 Oxford
1054 3792 49 25 and
1120 3792 64 25 Cust

644 3836 71 25 Road
743 3835 106 26 Board's
878 3843 63 18 were
958 3835 156 32 responsible
1144 3836 39 25 for

644 3879 43 25 the
704 3878 104 32 making
825 3878 49 25 and
892 3880 51 23 cost
962 3879 26 24 of
1005 3878 176 32 maintaining,

644 3922 43 24 the
844 3921 61 25 Pole
1096 3929 86 17 across

644 3966 41 24 ihe
703 3964 92 31 Ashley
812 3964 83 30 River,
923 3964 78 24 under
1029 3964 43 24 the
1088 3964 93 31 provis-

642 4008 57 25 ions
716 4007 28 25 of
758 4007 44 24 the
830 4007 29 24 P.
878 4006 40 25 W.
948 4006 48 25 Act
1133 4007 50 24 and

642 4052 57 25 that
716 4050 42 27 the
782 4051 106 24 amount
922 4051 26 23 to
976 4049 31 25 be
1024 4049 159 26 contributed

642 4096 33 31 by
692 4095 44 25 the
754 4093 94 25 Oxford
865 4092 72 26 Road
953 4092 85 26 Board
1054 4092 81 26 would
1151 4092 32 26 be

643 4138 74 33 equal
733 4138 27 24 to
785 4137 33 25 20
846 4143 44 25 per
917 4137 59 23 cent
1001 4143 34 17 on
1052 4136 42 24 the
1122 4136 58 25 esti-

642 4181 85 26 mated
743 4179 161 33 expenditure
921 4179 26 24 of
974 4178 50 25 five
1051 4178 96 32 pounds
1167 4186 15 18 a

642 4233 65 25 year.

676 4268 53 26 The
757 4265 121 33 proposed
906 4264 131 26 allocation
1064 4264 27 25 of
1117 4266 64 24 costs

642 4320 42 18 are
685 4327 33 4 —
718 4310 91 31 Ashley
828 4308 72 26 Rond
913 4308 82 25 Board
1013 4310 31 23 50
1061 4316 44 23 per
1116 4309 64 24 cent.

743 4353 64 26 Cust
818 4351 72 27 Read
912 4351 83 25 Board
1016 4352 31 24 30
1058 4358 44 25 per
1115 4353 65 23 cent.

710 4396 92 26 Oxford
819 4395 71 25 Road
901 4394 83 25 Board
1004 4395 33 23 20
1060 4401 43 24 per
1114 4396 65 23 cent.

676 4440 143 33 Objections
830 4438 22 25 if
871 4445 58 25 any,
948 4445 42 18 are
1007 4438 26 25 to
1056 4437 31 26 be
1108 4437 73 25 made

641 4485 88 27 within
751 4484 17 24 2
795 4481 104 27 months
929 4482 25 25 to
972 4480 42 26 the
1043 4480 136 30 Governor,

1240 182 47 23 and
1299 189 16 17 a
1335 189 62 25 copy
1421 184 25 23 to
1459 182 30 25 be
1513 184 54 23 sent
1590 184 26 23 to
1628 182 42 25 the
1683 183 94 32 Ashley

1238 224 70 25 Road
1336 225 90 25 Board.

1272 269 52 24 The
1346 269 82 25 Board
1450 269 38 25 for
1508 270 94 25 several
1625 277 102 17 reasons
1739 278 35 17 re-

1237 311 116 32 pudiated
1381 320 49 23 any
1464 312 175 31 responsibilty
1668 312 107 32 relating

1237 355 94 24 thereto
1351 364 115 23 amongst
1478 356 82 25 which
1578 363 41 17 are
1638 355 41 25 the
1692 356 82 32 Gorge

1236 398 99 32 Bridge,
1355 399 49 25 and
1421 401 47 23 two
1498 399 71 25 other
1586 399 75 25 forda.

1269 442 75 24 From
1374 442 40 24 Mr
1442 442 134 29 Meredith,
1628 450 26 16 re
1682 442 90 31 Ashley

1236 485 83 31 Gorge
1347 485 146 25 Recreation
1534 484 115 31 Reserve,
1678 485 94 32 stating

1235 528 55 25 that
1317 536 128 17 measures
1461 528 83 25 would
1571 527 31 25 be
1631 527 74 25 taken
1735 528 36 25 for

1234 572 97 30 vesting
1347 572 20 23 it
1384 572 27 23 m
1429 571 42 24 the
1489 571 92 24 Board.
1625 571 127 24 Received.

1266 614 76 25 From
1360 614 43 24 the
1421 614 115 25 Carleton
1554 613 109 26 Dcmain
1679 614 89 30 Board,

1233 657 88 31 asking
1338 657 50 24 this
1406 656 82 25 Board
1505 659 26 23 to
1549 656 62 32 grub
1630 657 43 25 the
1696 665 72 23 gorse

1231 707 33 17 on
1290 700 42 23 the
1360 699 71 23 drain
1449 700 110 30 running
1587 699 110 31 through
1725 699 44 25 the

1231 743 122 30 property.
1389 742 59 25 Also
1465 741 143 32 requesting
1625 742 44 24 the
1686 742 83 24 Board

1231 786 26 23 to
1273 791 98 19 remove
1389 785 43 25 the
1461 786 64 30 gate.
1572 784 128 25 Received.

1263 828 76 24 From
1362 828 41 23 Mr
1425 828 115 28 Vincent,
1571 828 94 31 Ashley
1684 828 81 31 Gorge

1230 871 95 28 Estate,
1351 870 125 32 objecting
1505 875 26 20 to
1558 871 41 24 his
1628 870 137 26 yaluation.

1230 914 82 25 Board
1329 913 50 26 had
1397 922 33 17 no
1454 922 83 24 power
1565 916 26 23 to
1608 915 124 25 interfere.

1263 958 75 25 From
1357 957 40 25 Mr
1414 958 25 24 J.
1460 958 72 25 Weld
1558 958 89 32 asking
1663 958 39 25 for
1720 966 45 23 ap-

1220 1017 2 12 !
1228 1002 92 30 proach
1338 1003 24 23 to
1375 1001 39 25 his
1432 1001 67 25 drire
1501 1016 31 3 —
1534 1001 73 25 Clerk
1623 1003 26 23 to
1661 1002 104 31 inspect.

1262 1044 75 25 From
1367 1043 73 26 Land
1475 1044 50 24 and
1565 1044 96 32 Surrey
1690 1044 76 25 Office

1228 1087 89 31 asking
1333 1087 38 25 for
1387 1087 146 31 particulars
1552 1089 27 23 of
1605 1087 161 31 expenditure

1228 1138 31 17 on
1289 1129 109 26 Crown's
1427 1129 85 25 Lands
1542 1130 92 25 Roads.
1680 1131 36 24 To
1736 1130 30 25 be

1228 1173 136 26 furnished.

1228 1219 47 24 595
1313 1218 131 32 Shingling
1478 1218 27 25 C.
1529 1218 122 28 Johnson,
1675 1219 34 23 £7
1729 1219 36 24 ss.

1228 1263 47 23 597
1311 1261 105 31 Getting
1428 1261 50 24 aud
1490 1261 119 30 breaking
1631 1260 65 31 rock,
1733 1261 32 24 R.

1227 1305 98 25 Resden
1338 1306 36 23 3s.
1388 1313 43 23 per
1454 1305 40 31 yd.

1227 1350 48 22 5D9
1378 1349 39 23 W.
1440 1348 89 31 Doody
1630 1348 47 24 £5.

1259 1392 125 24 Accounts
1409 1393 24 23 to
1454 1392 44 24 the
1522 1393 103 23 amount
1649 1392 26 24 of
1695 1392 72 24 £150

1224 1436 37 23 4s.
1297 1442 62 16 were
1383 1434 88 31 passed
1495 1435 37 23 for
1553 1436 126 30 payment,
1716 1435 49 24 and

1225 1478 42 25 the
1290 1478 110 31 meeting
1432 1478 156 25 terminated.

1221 1689 189 59 LOCAL
1444 1691 25 53 and
1498 1689 271 59 GENERAL

1257 1812 133 26 Warning.
1394 1828 31 4 —
1426 1814 162 25 Inhabitants
1617 1815 27 25 of
1672 1815 92 25 Oxford

1226 1863 41 17 are
1297 1857 99 23 warned
1436 1858 98 31 against
1573 1858 101 33 leaving
1702 1859 65 25 their

1224 1899 95 25 clothes
1332 1899 114 33 hanging
1472 1903 44 23 out
1534 1901 34 26 all
1597 1902 82 32 night.
1726 1903 40 24 Mr

1225 1942 87 25 Alfred
1331 1943 50 24 Lee
1407 1944 47 25 has
1483 1944 62 25 been
1552 1953 25 16 -a
1595 1946 103 25 sufferer
1714 1946 51 25 this

1226 1986 67 24 week
1310 1986 33 32 by
1360 1995 112 17 someone
1490 1988 118 32 suffering
1625 1989 64 25 from
1702 1989 62 25 Clei-

1222 2030 130 29 ptomania
1381 2039 48 23 pay
1458 2039 14 16 a
1490 2032 134 24 nocturnal
1651 2033 58 25 visit
1738 2035 25 23 to

1220 2072 40 35 jhi3
1296 2073 93 30 garden
1435 2074 50 24 and
1530 2075 130 31 collecting
1688 2075 77 26 calico

1221 2120 115 28 garment
1352 2116 45 25 left
1415 2125 30 16 on
1464 2117 43 24 the
1533 2117 51 26 line
1602 2119 26 24 to
1650 2117 95 26 bleach.

1221 2167 2 21 i
1255 2164 142 25 Political.
1400 2180 32 4 —
1433 2166 47 25 We
1524 2166 61 26 hear
1631 2167 56 25 that
1722 2167 40 25 Mr

1222 2207 106 30 Renner,
1350 2207 37 33 (of
1406 2208 42 25 the
1469 2210 130 24 Kaikoura
1623 2211 68 32 Star)
1715 2211 47 24 has

1222 2249 101 26 decided
1343 2253 46 23 not
1417 2253 26 24 to
1472 2254 97 23 contest
1598 2253 42 25 the
1669 2253 92 33 Ashley

1223 2296 61 26 seat,
1319 2295 98 31 against
1439 2295 43 25 Mr
1505 2296 131 31 Meredith,
1669 2299 26 23 at
1718 2297 43 25 the

1222 2338 99 31 coming
1338 2338 113 24 election.

1256 2390 137 25 Football.
1396 2406 32 3 —
1429 2392 22 23 A
1474 2392 106 31 practice
1603 2393 84 25 match
1711 2402 48 16 was

1222 2427 56 25 held
1289 2428 49 25 last
1352 2428 132 33 Saturday,
1504 2432 25 23 at
1540 2430 132 26 Pearson's
1681 2432 77 30 Park,

1222 2475 15 16 a
1248 2467 47 25 fair
1307 2468 104 25 number
1434 2478 45 16 tvas
1497 2473 106 28 present,
1630 2472 49 24 and
1691 2480 69 16 some

1222 2515 58 25 very
1315 2510 82 23 useful
1420 2510 58 31 play
1502 2519 50 16 was
1584 2512 120 29 indulged
1723 2513 35 23 m.

1222 2545 21 24 A
1255 2547 142 24 committee
1418 2549 109 31 meeting
1549 2549 28 25 of
1598 2550 42 24 the
1665 2550 95 25 Oxford

1221 2589 114 25 Football
1349 2590 56 24 club
1417 2599 52 17 was
1477 2592 60 24 held
1549 2601 33 16 on
1592 2593 165 32 Wednesday,

1221 2630 112 31 evening,
1347 2630 49 24 and
1419 2631 20 24 it
1457 2639 51 17 was
1531 2633 131 31 suggested
1674 2635 26 23 to
1712 2634 47 24 add

1220 2676 49 22 two
1279 2681 64 17 more
1352 2674 77 25 to'the
1439 2675 99 31 general
1546 2676 150 29 committee,
1709 2678 50 23 and

1220 2717 40 23 Mr
1272 2717 23 23 A
1317 2717 120 24 Prichard
1462 2719 50 23 and
1536 2719 25 24 J.
1587 2719 171 26 Summerfield

1220 2762 61 17 were
1293 2755 103 25 elected.
1432 2756 53 24 The
1507 2757 108 31 meeting
1634 2757 61 25 then
1708 2760 50 23 ter-

1220 2797 120 25 minated.

1255 2847 130 25 Wedding.
1389 2862 32 4 —
1423 2848 53 25 The
1487 2849 116 32 wedding
1614 2849 26 25 of
1650 2850 64 25 Miss
1726 2851 30 24 L.

1219 2890 125 29 Burrows,
1380 2891 78 24 eldest
1501 2893 119 31 daughter
1654 2894 26 24 of
1716 2894 40 24 Mr

1218 2933 126 29 Burrows,
1380 2935 26 24 of
1433 2935 63 24 East
1526 2935 99 30 Oxford,
1661 2938 27 23 to
1717 2936 41 24 Mr

1220 2973 84 29 Ward,
1317 2974 58 24 took
1387 2975 69 30 place
1469 2982 31 17 on
1513 2975 132 31 Saturday.

1253 3022 223 26 Entertainment.
1479 3038 33 4 —
1514 3023 38 25 On
1573 3024 89 25 Easter
1685 3025 73 25 Mon-

1218 3066 47 32 day
1277 3066 44 25 the
1342 3066 82 32 Eoger
1436 3067 84 25 Hollis
1532 3068 129 25 Dramatic
1685 3069 72 25 Com-

1218 3118 66 25 pany
1302 3110 47 25 will
1361 3112 58 31 play
1431 3111 44 25 the
1498 3111 138 33 Charming
1648 3112 110 33 Comedy

1218 3154 26 24 of
1264 3154 82 24 Caste.
1382 3154 54 25 The
1454 3154 129 34 Company
1613 3156 51 25 will
1683 3154 73 26 make

1218 3197 66 25 their
1317 3197 56 25 first
1407 3206 154 23 appearance
1596 3201 26 23 at
1655 3199 101 30 Oxford,

1218 3241 50 24 and
1291 3249 71 17 come
1382 3241 61 26 with
1474 3251 14 16 a
1522 3243 65 31 good
1604 3244 152 32 reputation,

1218 3286 178 31 consequently
1418 3285 33 25 all
1485 3286 53 25 who
1562 3287 128 31 patronize
1714 3288 43 24 the

1217 3328 167 31 performance
1402 3329 51 25 will
1485 3329 62 26 have
1571 3338 15 17 a
1606 3331 150 32 thoroughly

1218 3372 131 32 enjoyable
1372 3373 114 31 evening.
1534 3373 22 24 A
1589 3373 88 26 Public
1702 3375 45 23 Bal

1217 3415 51 24 will
1291 3415 93 25 follow.
1437 3415 53 25 The
1512 3418 177 30 management
1711 3418 45 23 has

1216 3458 129 32 requested
1369 3466 28 16 us
1422 3460 26 23 to
1472 3460 65 23 state
1560 3459 57 25 that
1637 3460 51 24 this
1705 3460 51 24 will

1215 3500 120 33 probably
1366 3501 30 25 be
1428 3501 43 25 the
1504 3502 49 25 last
1587 3502 88 26 Public
1698 3503 58 27 Ball

1215 3544 38 24 for
1284 3544 43 24 the
1356 3552 96 17 season.
1500 3545 71 25 Good
1603 3547 81 24 music
1706 3548 50 24 and

1214 3587 178 26 refreshments
1416 3588 51 25 will
1489 3587 30 26 be
1544 3589 126 31 provided,
1707 3591 48 24 and

1215 3630 148 34 everything
1385 3631 65 26 done
1473 3634 25 23 to
1521 3632 75 26 make
1610 3632 42 26 the
1673 3634 82 26 whole

1214 3684 18 15 a-
1252 3683 107 17 success.

1246 3716 150 23 Influenza.
1398 3730 27 4 —
1432 3716 62 24 Now
1513 3716 51 25 this
1593 3718 120 30 epidemic
1732 3719 22 25 is

1213 3758 130 31 becoming
1354 3758 129 31 prevalent
1491 3767 37 17 we
1540 3760 113 31 strongly
1662 3769 90 18 recom-

1213 3802 71 24 mend
1297 3801 43 25 the
1351 3802 50 24 free
1413 3809 44 17 use
1469 3802 28 24 of
1506 3802 123 32 Platypus
1636 3803 85 26 Brand
1729 3806 26 25 of

1211 3844 155 31 Eucalyptus
1382 3844 123 25 Globulus
1535 3846 112 29 Extract,
1676 3849 76 24 taken

1213 3896 66 22 upon
1302 3895 75 23 sugar
1405 3896 29 16 or
1452 3888 28 24 m
1503 3889 71 24 milk.
1610 3890 54 25 The
1686 3894 67 23 most

1211 3930 115 31 pleasant
1337 3937 54 25 way
1403 3931 25 24 to
1437 3930 58 25 tako
1506 3931 156 33 Eucalyptus
1685 3934 21 24 is
1725 3936 27 24 m

1211 3972 44 25 the
1287 3972 117 32 Platypus
1432 3973 87 25 Brand
1547 3976 28 24 of
1596 3976 155 33 Eucalyptus

1211 4016 116 31 Jujubes.
1363 4016 70 32 They
1445 4024 42 18 are
1498 4017 26 25 m
1540 4019 63 24 sueh
1606 4027 2 5 1
1615 4026 15 18 a
1641 4020 111 32 portable

1210 4056 71 27 form,
1294 4056 116 31 pleasant
1421 4057 26 25 to
1459 4058 75 29 taste,
1553 4059 51 24 and
1621 4061 129 32 antisepti-

1211 4099 142 24 stimulant.

1244 4152 53 25 The
1307 4154 118 29 Lyttetton
1449 4155 76 24 Times
1547 4154 47 26 has
1605 4155 78 26 found
1706 4160 43 23 out

1210 4199 14 15 a
1236 4190 41 25 Mr
1289 4190 93 26 Arthur
1394 4191 87 32 Withy
1492 4192 45 25 has
1549 4193 140 26 discovered
1696 4195 53 26 tkat

1211 4229 44 25 the
1266 4228 58 25 land
1337 4228 22 25 is
1382 4229 42 25 the
1441 4230 52 24 sol«
1517 4238 85 19 source
1613 4232 25 24 of
1660 4234 89 25 wealth

1211 4271 50 22 and
1272 4268 101 31 capital.
1403 4268 88 32 Eeally
1502 4270 5 24 I
1523 4270 137 34 According
1671 4274 26 24 to
1709 4273 40 25 Mr

1211 4306 87 31 Withy
1311 4305 43 26 the
1375 4306 93 31 figures
1479 4306 28 25 m
1523 4308 106 26 relation
1651 4311 27 24 to
1689 4310 59 26 land

1210 4345 27 25 m
1260 4344 118 31 England
1401 4353 41 17 are
1465 4353 27 18 as
1514 4346 94 26 follows
1618 4355 6 17 :
1626 4362 33 5 —
1660 4348 35 26 Of
1716 4350 31 24 72

1210 4383 109 24 millions
1330 4383 27 24 of
1366 4390 68 17 acres
1446 4390 34 18 no
1500 4383 49 26 less
1561 4384 62 27 than
1635 4388 32 23 50
1686 4387 60 25 mil-

1210 4422 62 27 lions
1284 4430 42 17 are
1338 4421 87 26 owned
1437 4421 32 33 by
1486 4430 48 19 one
1545 4423 127 28 thousand
1691 4435 55 23 per-

1211 4471 65 17 sons.
1312 4463 76 25 Some
1401 4463 107 29 180,527
1531 4471 102 24 persons
1655 4467 91 30 practi-

1805 184 64 30 cally
1877 191 54 17 own
1939 184 43 25 the
1991 184 80 25 whole
2079 186 96 25 surface
2183 186 26 24 of
2216 186 127 33 England,

1805 221 127 31 Scotland,
1972 224 99 25 Ireland
2097 226 50 24 and
2171 226 92 30 Wales,
2301 226 42 25 the

1802 262 145 29 population
1960 262 26 24 of
1996 263 80 24 which
2092 268 26 20 at
2130 264 49 24 last
2191 271 88 18 census
2292 273 49 16 was

1803 307 69 18 some
1894 303 33 22 40
1950 302 118 24 millions.

1835 371 80 25 Three
1933 373 114 25 hundred
2075 383 101 22 persons
2200 383 54 17 own
2280 377 58 24 two-

1802 409 80 26 thirds
1894 411 27 24 of
1932 411 127 30 Scotland,
2083 414 49 23 and
2143 414 117 24 nineteen
2272 414 64 25 hun-

1800 449 59 24 dred
1888 459 103 23 persons
2011 461 55 16 own
2090 454 141 24 two-thirds
2251 455 26 23 of
2295 455 43 24 the

1892 489 96 25 surface
2000 490 25 24 of
2046 490 109 26 Ireland.
2190 492 63 25 This
2265 492 69 25 looks

1801 525 46 25 bad
1859 527 37 24 for
1908 527 44 24 the
1963 529 99 24 mother
2074 531 111 30 country,
2205 530 49 24 and
2266 532 70 23 tends

1799 565 26 23 to
1837 564 69 25 show
1919 565 43 24 the
1974 573 96 23 process
2084 567 31 30 by
2134 568 82 24 which
2228 569 43 24 the
2284 569 52 23 rich

1798 611 66 24 grow
1887 605 109 24 richer—
2000 605 40 25 the
2061 613 68 23 poor,
2153 615 95 23 poorer.
2284 609 51 24 But

1798 647 56 25 that
1866 655 37 17 we
1920 656 26 16 m
1970 648 49 25 this
2040 657 84 23 young
2147 652 106 30 country
2275 652 59 24 with

1797 693 14 15 a
1833 686 143 29 population
1990 686 26 24 of
2037 687 57 30 only
2115 694 68 17 some
2206 689 128 28 £600,000

1797 722 63 24 have
1873 722 98 32 already
1995 723 63 25 done
2069 724 148 32 immensely
2241 726 55 24 well
2306 727 27 24 m

1797 760 43 24 the
1852 769 68 16 same
1943 761 118 25 direction
2074 762 42 24 the
2138 762 127 33 following
2287 764 45 32 fig-

1797 807 56 17 urys
1876 800 51 25 will
1948 800 82 26 show:
2033 817 32 3 —
2067 803 140 28 35,000752
2231 811 102 24 persons

1796 847 56 17 own
1871 840 142 26 allotments
2037 842 26 24 of
2082 842 61 24 land
2165 844 77 24 under
2265 845 66 25 £200

1795 878 27 24 m
1833 878 82 30 value,
1928 879 43 24 the
1983 883 131 28 aggregate
2127 883 25 23 of
2174 883 72 24 value
2258 884 75 32 being

1797 918 156 30 £2,955086,
1971 920 84 25 whilst
2068 922 145 31 forty-eight
2232 931 99 23 persons

1795 967 55 16 own
1863 960 59 24 each
1945 960 85 26 blocks
2047 962 27 23 of
2094 965 103 29 country
2219 965 27 23 of
2266 966 66 22 from

1797 1000 106 27 100,000
1917 1002 24 21 to
1951 1000 109 25 200.000
2069 1009 68 17 acres
2146 1002 27 24 m
2184 1005 92 26 extent,
2291 1005 40 24 the

1795 1039 132 30 aggregate
1938 1038 73 25 value
2023 1039 26 24 of
2061 1039 43 25 the
2120 1040 80 25 whole
2212 1041 75 32 being
2298 1051 33 16 no

1795 1077 47 24 less
1854 1078 62 23 than
1929 1078 158 29 £9,788,180
2099 1080 4 24 !
2124 1080 52 25 The
2202 1083 128 30 monopol-

1793 1115 46 24 ists
1852 1115 27 24 of
1889 1116 48 23 the'
1951 1117 41 24 old
2003 1117 76 24 world
2091 1118 51 23 will
2159 1118 64 25 have
2235 1120 26 23 to
2273 1121 58 24 take

1795 1169 14 16 a
1821 1160 62 25 back
1904 1163 63 23 seat-

1911 1195 14 14 *
2005 1196 14 15 *
2106 1198 14 14 *
2200 1199 14 15 #

1828 1243 40 23 Mr
1886 1244 30 23 T.
1929 1244 32 24 E.
1976 1244 90 31 Taylor
2078 1247 25 23 at
2115 1246 42 25 the
2170 1247 162 33 unemplojed

1795 1284 109 31 meeting
1915 1285 147 25 announced
2076 1285 67 25 that:
2147 1301 32 4 —
2251 1289 81 24 would

1795 1322 80 26 admit
1894 1323 57 25 that
1974 1325 41 24 the
2039 1328 100 28 present
2163 1327 170 26 Government

1796 1362 47 24 had
1861 1362 120 33 probably
2005 1364 63 25 done
2089 1373 67 17 more
2181 1369 24 23 to
2217 1367 116 33 abrogate

1797 1400 41 24 the
1860 1402 166 31 unemployed
2049 1403 120 32 difficulty
2204 1406 60 24 than
2286 1415 47 24 any

1797 1440 169 26 Government
1977 1442 56 24 that
2052 1442 47 26 has
2112 1452 55 17 ever
2185 1445 57 25 held
2256 1447 76 25 office.

1797 1480 41 24 Mr
1852 1480 107 31 Seddon,
1983 1482 21 24 it
2015 1491 21 16 is
2054 1484 158 30 understood,
2235 1488 44 23 has
2292 1492 41 20 not

1797 1517 85 25 cabled
1904 1519 39 24 his
1966 1520 92 25 thanks
2077 1522 39 24 for
2137 1524 61 23 such
2222 1525 112 30 gracious

1797 1557 202 24 condescension.

2109 1612 13 14 £
2208 1614 13 12 £,

1831 1623 148 27 Maoriland.
1993 1626 41 24 the
2046 1630 104 28 country
2162 1628 54 25 that
2227 1629 22 25 is
2261 1629 74 33 being

1797 1664 88 24 ruined
1905 1664 32 32 by
1959 1665 142 26 Protection
2122 1668 49 24 and
2196 1670 138 25 Socialistic

1797 1701 145 32 legislation,
1988 1703 51 24 had
2067 1712 15 17 a
2102 1713 107 18 revenue
2232 1707 37 25 for
2292 1708 42 25 the

1796 1741 51 24 last
1866 1741 102 31 quarter
1991 1742 25 24 of
2040 1743 63 25 1895
2127 1743 28 25 of
2176 1744 156 37 £1,216,511

1795 1795 32 4 —
1830 1788 32 18 an
1873 1781 112 26 increase
2002 1782 27 25 of
2050 1783 129 31 £811,000
2203 1793 65 24 upon
2293 1788 40 23 the

1795 1821 191 32 corresponding
1997 1823 99 30 quarter
2108 1823 26 24 of
2155 1825 73 24 1894.
2265 1825 66 31 Also,

1794 1858 25 23 m
1832 1858 43 25 the
1892 1867 69 18 same
1972 1861 124 31 province,
2120 1862 79 25 where
2210 1870 56 18 men
2291 1872 40 17 are

1795 1897 72 32 being
1879 1898 86 25 driven
1986 1901 44 23 out
2053 1900 130 26 wholesale
2204 1903 31 31 by
2247 1902 85 25 demo-

1793 1936 75 24 cratic
1880 1940 171 27 gorernment,
2073 1939 138 32 meddling'
2222 1941 50 23 and
2294 1943 35 26 ty-

1793 1981 80 24 ranny
1886 1974 63 32 (vide
1961 1983 50 24 any
2028 1975 65 32 Tory
2105 1985 76 23 paper
2200 1985 49 24 any
2270 1979 60 25 time

1792 2013 26 24 m
1827 2014 43 24 the
1882 2014 47 25 last
1937 2014 49 25 five
1997 2017 89 30 years),
2099 2017 43 24 the
2150 2018 104 24 arrivals
2266 2027 63 17 were

1790 2053 50 25 last
1851 2062 58 23 year
1920 2056 49 24 895
1990 2063 68 17 more
2079 2056 62 25 than
2165 2058 43 24 the
2232 2058 95 31 depart-

1791 2100 67 17 ures.
1893 2094 70 25 Even
1988 2095 42 24 the
2049 2097 134 24 attraction
2202 2098 24 23 of
2247 2098 81 25 West-

1790 2133 62 24 ralia
1863 2133 94 25 doesn't
1975 2142 67 17 seem
2054 2135 56 26 able
2122 2138 26 23 to
2171 2137 60 31 keep
2242 2139 85 31 people

1789 2170 63 25 from
1865 2172 76 32 going
1963 2172 227 27 Maorilandwards.
2193 2190 32 4 —
2228 2176 99 32 Sydney

1788 2212 117 24 Bulletin.

1788 2438 70 24 THE
1888 2439 239 27 TEMPERANCE
2153 2441 159 26 CRUSADE.

1821 2504 54 25 The
1886 2505 113 25 Bulletin
2010 2514 57 24 says
2076 2515 6 16 :
2085 2522 32 4 —
2118 2508 31 24 N.
2165 2509 25 24 S.
2204 2508 40 25 W.
2254 2517 68 24 grog-

1788 2545 123 29 secretary
1923 2543 80 25 Bevill
2013 2552 58 17 now
2092 2545 76 33 fights
2187 2546 71 25 tooth
2275 2547 47 24 and

1787 2583 51 25 nail
1847 2583 98 32 against
1958 2584 238 34 Woman-suffrage,
2221 2587 101 24 because

1787 2621 74 32 likely
1873 2623 26 23 to
1911 2622 117 25 interfere
2040 2623 59 25 with
2121 2623 40 26 his
2173 2629 149 27 paymaster,

1787 2660 82 32 Bung.
1904 2660 48 25 Yet
1973 2660 33 26 he
2019 2669 49 17 was
2091 2670 61 17 once
2170 2670 14 17 a
2206 2663 116 28 foremost

1786 2698 130 31 champion
1929 2699 28 25 of
1972 2700 41 24 the
2033 2699 125 26 Primrose
2181 2701 108 31 League.

1820 2738 52 25 The
1883 2741 83 28 report
1978 2740 28 24 of
2014 2741 44 23 the
2069 2740 58 24 New
2141 2741 82 24 South
2236 2741 86 25 Wales

1786 2777 81 25 Police
1879 2778 163 31 Department
2055 2779 81 25 shows
2159 2780 56 24 that
2238 2781 84 25 reduc-

1787 2818 52 23 tion
1852 2818 25 24 of
1887 2818 83 31 public
1982 2818 90 25 houses
2095 2819 59 24 does
2174 2821 45 23 not
2242 2820 80 25 lessen

1787 2855 161 26 drunkeness.

1820 2894 81 25 There
1912 2895 21 24 is
1942 2897 68 29 great
2032 2895 157 31 indignation
2213 2897 26 23 at
2252 2896 70 24 Mon-

1786 2932 100 31 gaweka
1903 2941 11 15 j»
1918 2933 83 31 gainst
2024 2933 43 24 the
2078 2934 116 30 proposal
2213 2936 25 23 to
2250 2936 72 29 grant

1786 2978 15 17 a
1812 2971 90 24 license
1914 2971 78 24 there.

1819 3008 33 25 At
1864 3008 92 24 Nelson
1969 3009 43 23 the
2024 3009 61 24 Rev.
2099 3009 32 24 E.
2146 3009 26 25 C.
2186 3009 72 25 Isaac
2271 3010 51 24 said

1785 3048 32 24 he
1831 3049 108 24 thanked
1953 3048 57 26 God
2027 3049 55 25 that
2105 3049 69 25 there
2187 3058 63 16 were
2262 3049 60 25 such

1785 3096 60 18 men
1857 3096 27 18 as
1905 3089 42 25 the
1970 3089 121 26 Brothers
2111 3089 68 30 Isifefc,
2198 3090 57 26 who
2276 3090 46 25 had

1785 3131 46 29 put
1842 3129 44 25 the
1900 3133 156 28 temperance
2074 3131 115 30 question
2212 3139 27 17 so
2262 3131 51 24 fore

1785 3173 49 30 ibly
1846 3173 82 24 before
1941 3173 43 24 the
1996 3174 94 30 people.

1784 3359 22 24 A
1824 3358 78 25 FEW
1920 3358 106 25 LINES
2053 3359 46 24 BY
2121 3359 72 24 THE
2213 3358 107 25 LOCAL

1784 3403 90 24 POET
1893 3403 45 23 ON
1956 3403 71 23 THE
2047 3403 185 24 OBSEEVER
2245 3402 75 24 CAR-

1784 3444 94 23 TOON
1895 3445 38 22 IN
1950 3444 87 23 LAST
2056 3445 134 22 WEEK'S
2208 3444 112 23 ISSUE.

1782 3533 94 20 Thanks
1890 3532 36 21 for
1940 3539 57 20 your
2017 3532 106 27 splendid
2141 3533 127 26 engraving

1810 3570 61 20 That
1884 3576 30 14 no
1927 3570 88 26 picture
2034 3570 67 20 could
2121 3576 53 14 ever
2188 3575 92 21 surpass

1782 3608 38 20 An
1842 3614 64 20 army
1929 3607 24 21 of
1975 3608 102 26 troopers
2099 3607 113 28 parading

1809 3647 117 20 Would'nt
1940 3647 67 26 equal
2029 3647 42 20 the
2093 3647 110 21 National
2217 3647 49 21 Ass.

1782 3701 57 21 How
1860 3701 74 27 proud
1952 3701 95 27 Tommy
2079 3701 42 21 sits
2140 3701 26 21 m
2184 3702 40 20 the
2242 3702 79 21 saddle

1809 3739 32 21 As
1864 3739 29 21 he
1925 3746 113 20 scampers
2071 3740 69 26 along
2167 3739 26 21 m
2213 3739 37 21 his
2270 3740 51 26 glee

1781 3779 57 20 Like
1857 3785 14 14 a
1890 3778 92 21 shearer
2010 3778 70 20 about
2098 3778 25 20 to
2143 3777 123 21 skeddadle

1808 3817 68 19 From
1895 3817 41 19 the
1945 3816 56 20 shed
2019 3817 26 19 to
2059 3822 15 13 a
2081 3817 45 25 pub
2136 3816 37 19 for
2191 3821 17 14 a.
2222 3821 70 21 spree.

1780 3870 52 20 And
1841 3876 45 20 my,
1899 3869 71 22 won't
1978 3870 30 20 he
2018 3870 53 20 dine
2081 3869 57 21 with
2156 3869 40 20 the
2210 3869 42 25 big
2259 3868 60 26 bugs

1807 3908 53 19 And
1869 3908 54 19 take
1932 3908 51 25 nips
1993 3908 57 19 with
2067 3907 40 20 the
2126 3907 63 25 pests
2199 3906 25 20 of
2233 3909 87 25 society

1779 3945 53 20 And
1850 3945 57 24 perk
1925 3944 67 21 while
2015 3944 56 26 they
2089 3944 70 21 tickle
2187 3945 36 20 his
2238 3946 53 26 lugs

1806 3982 66 20 With
1890 3982 87 26 praises
1996 3981 24 21 of
2038 3988 65 14 sense
2128 3981 46 21 and
2184 3982 106 27 sobriety.

1779 4036 48 20 But
1849 4035 55 21 wait
1930 4035 39 21 till
1996 4035 41 21 the
2056 4035 97 21 election
2171 4035 20 20 is
2210 4041 54 15 over

1805 4072 49 21 The
1874 4071 47 22 Sec.
1944 4073 48 19 will
2010 4072 28 21 be
2056 4072 44 21 left
2117 4072 25 20 m
2162 4079 15 13 a
2195 4073 39 20 rut

1778 4110 61 20 Next
1855 4110 57 20 time
1933 4110 29 20 he
1985 4110 56 20 calls
2063 4110 25 20 at
2106 4117 15 13 a
2145 4109 89 21 Station

1777 4146 62 22 He'll
1848 4146 28 21 be
1894 4146 51 21 told
1962 4147 26 20 to
2007 4153 29 20 go
2056 4146 66 21 down
2140 4147 25 20 to
2184 4146 27 21 th
2214 4153 10 14 3
2241 4147 18 20 h
2266 4157 17 15 u
2284 4151 31 21 fc..

1777 4200 62 21 With
1858 4200 93 27 damper
1960 4200 47 21 and
2024 4201 39 20 tea
2071 4200 83 27 they'll
2172 4200 77 26 regale
2267 4204 49 23 him

1802 4237 53 21 And
1882 4238 89 21 tumble
2008 4238 49 20 him
2085 4238 51 20 into
2165 4245 15 14 a
2206 4240 46 21 bed

1775 4275 67 21 With
1860 4280 14 15 a
1883 4275 85 26 ragged
1978 4275 39 21 old
2035 4275 107 21 woo.bale
2151 4276 24 20 to
2186 4283 70 16 warm
2266 4278 49 23 him

1804 4311 126 27 Swarming
1944 4327 3 3 .
1952 4312 58 20 with
2028 4312 59 20 ticks
2115 4312 59 22 from
2193 4315 40 21 the
2252 4317 64 22 shed.

1775 4364 54 20 And
1856 4371 25 14 so
1911 4365 37 21 Sir
1976 4365 39 21 I'll
2041 4366 48 25 buy
2117 4372 15 14 a
2159 4369 55 19 neat
2242 4369 74 23 frame

1803 4401 68 20 With
1899 4402 87 26 twenty
2013 4402 54 20 four
2093 4403 79 21 inches
2201 4411 21 15 or
2253 4407 63 26 glass

1775 4438 53 21 And
1855 4439 39 20 I'll
1920 4440 66 19 make
2024 4439 115 22 immortal
2166 4442 42 21 the
2235 4450 68 16 name

1803 4477 29 20 Of
1859 4477 41 21 the
1929 4477 88 21 Oxford
2045 4478 109 22 National
2177 4480 43 20 Asa

75 4388 60 26 MR.
155 4384 51 26 MONTGOMERY
206 4384 9 26 AT
215 4384 18 26 SOUTH-

273 4422 71 26 BRIDGE.

108 4493 41 27 He
160 4499 52 19 was
224 4490 107 32 entirely
353 4490 61 25 with
426 4490 43 26 the
491 4492 59 25 land
562 4493 49 30 leg-

671 176 100 25 islation
783 177 26 25 of
832 177 43 26 the
896 179 179 30 Government,
1094 181 50 24 and
1162 189 47 17 was

672 216 27 25 of
717 217 102 32 opinion
842 218 56 26 that
920 220 41 25 the
984 220 68 25 Hon.
1076 221 68 26 John
1167 221 42 26 Me

673 255 94 26 Konzie
780 264 47 18 wae
840 265 14 17 a
873 260 66 23 most
960 263 105 26 earnest,
1083 260 126 30 painstak-

670 296 44 31 iug
732 296 50 24 and
805 297 115 30 patriotic
941 298 122 30 Minister,
1084 299 57 25 who
1159 300 50 24 had

670 333 43 25 the
725 334 96 25 welfare
830 334 27 26 of
875 335 41 25 the
928 337 84 30 people
1025 336 149 33 thoroughly
1183 340 26 22 at

669 372 78 25 heart.
789 373 41 24 He
854 375 142 23 considered
1020 375 41 23 the
1081 376 126 31 improved

668 413 59 24 farm
741 416 102 29 system,
856 414 34 31 by
912 416 83 23 which
1008 416 61 23 hard
1094 417 113 30 working

669 459 54 16 men
744 452 105 24 without
869 452 89 31 capital
983 461 60 16 were
1061 454 104 24 assisted
1183 456 23 22 to

669 490 73 24 make
754 489 85 26 homes
863 490 38 25 for
925 490 149 25 themselves
1087 499 32 17 on
1142 492 63 25 bush

668 528 69 27 land,
755 536 50 17 was
824 536 14 17 a
855 529 67 24 most
948 529 112 24 valuable
1083 537 120 23 measure,

668 567 49 23 and
729 566 32 24 he
774 573 49 17 wag
844 566 52 24 also
909 566 148 32 thoioughly
1069 568 25 23 m
1107 568 97 25 accord-

668 614 61 17 ance
753 606 59 24 with
836 606 42 25 the
898 606 81 32 policy
1002 607 26 24 of
1049 609 156 31 compulsory

667 644 121 31 purchase
812 644 27 24 of
864 645 92 23 estates
978 652 61 17 near
1063 649 95 22 centres
1181 647 26 24 of

666 683 144 30 population
835 684 36 24 for
895 684 161 24 sub-division
1079 684 27 24 m
1130 684 73 24 small

666 728 69 16 areas
754 722 27 22 to
805 720 89 25 relieve
907 721 41 24 the
972 720 164 32 unemployed
1159 721 43 23 dif-

664 758 94 30 ficulty.

698 838 24 25 It
734 838 75 31 spoke
821 838 113 25 volumes
956 838 39 25 for
1012 838 42 25 the
1067 840 135 23 soundness

664 878 26 23 of
711 878 44 24 the
779 879 86 31 colony
887 878 64 30 that,
981 878 222 32 notwithstanding

666 919 40 24 the
732 918 17 25 11
769 918 80 25 round
861 918 47 26 low
919 918 66 32 price
996 918 37 25 for
1043 919 103 31 produce
1160 920 39 23 &c.

664 958 90 31 during
774 958 49 25 last
843 965 57 25 year
920 958 50 24 and
999 958 43 25 the
1070 967 131 16 enormous

664 1002 103 19 amount
774 997 26 22 to
812 995 29 25 be
850 998 54 22 sent
916 997 26 24 to
949 995 105 26 London
1064 1005 26 16 as
1099 997 102 24 interest

666 1037 40 24 the
718 1037 101 30 country
832 1044 48 17 was
892 1037 193 31 comparatively
1099 1045 26 17 so
1133 1045 66 23 pros-

662 1084 89 23 perous
771 1075 51 24 and
833 1075 54 25 able
900 1078 25 22 to
949 1075 66 26 show
1033 1077 59 24 such
1116 1085 15 16 a
1143 1077 56 24 sub-

662 1113 104 25 stantial
789 1115 97 29 surplus
910 1113 27 25 of
958 1114 104 24 rerehuo
1080 1122 57 16 over
1160 1122 38 17 ex-

662 1153 138 31 penditure.

2439 203 398 28 CORRESPONDENCE.

2376 255 64 16 While
2450 258 41 14 oicr
2500 255 89 17 columns
2602 260 35 13 are
2650 260 51 19 open
2715 258 20 17 to
2744 256 37 23 all,
2796 262 28 13 we
2834 257 25 19 do
2873 259 34 17 not

2398 290 90 25 identify
2507 291 99 19 ourselves
2623 292 51 19 tcith
2693 292 94 25 opinions
2802 294 105 24 expressed

2397 326 88 18 therein.

2422 365 33 23 To
2468 365 35 23 the
2521 366 87 23 Editor
2620 367 31 28 of
2661 367 35 23 the
2710 367 143 24 'Observer.'

2403 425 48 27 Sir,
2454 438 32 5 —
2488 426 68 23 Your
2579 426 99 32 leading
2701 428 86 24 article
2806 428 28 24 m
2856 428 37 24 las

2368 468 79 24 weeks
2470 468 75 27 issue,
2568 468 22 24 is
2603 477 47 16 one
2669 470 26 24 of
2710 471 42 23 the
2775 471 55 24 best
2851 472 26 23 th

2366 511 44 24 Las
2434 512 120 30 appeared
2596 512 27 24 m
2647 520 61 23 your
2730 521 73 24 paper
2826 514 38 25 for
2887 523 13 16 a

2366 555 58 29 long
2443 554 59 24 time
2514 563 6 21 ;
2538 554 133 25 inasmuch
2692 556 53 24 that
2767 557 21 23 it
2833 558 67 24 deals

2365 592 60 23 with
2438 599 45 17 one
2503 592 27 24 of
2549 593 44 24 the
2605 595 64 22 most
2680 594 136 31 important
2838 596 61 30 poli-

2365 636 57 24 tical
2434 636 107 31 subjects
2554 638 24 22 of
2591 638 41 23 the
2650 638 45 31 day
2707 648 5 20 ;
2748 639 52 24 The
2812 648 87 24 money

2363 676 122 29 question.
2532 676 13 24 I
2557 677 61 23 have
2638 678 134 24 conversed
2800 679 61 23 with
2884 688 15 15 a

2362 713 88 31 goodly
2472 713 105 24 number
2600 714 27 24 of
2669 716 85 29 people
2794 723 31 16 on
2849 716 49 24 this

2362 752 72 31 topic,
2470 753 48 24 and
2537 752 63 26 have
2623 754 140 25 discovered
2786 756 55 25 that
2852 756 45 25 few

2361 792 89 25 indeed
2473 792 89 26 realize
2591 794 42 24 the
2666 794 57 29 fact,
2770 794 42 26 the
2836 796 60 24 New

2362 830 110 25 Zealand
2496 831 166 26 Government
2691 835 86 29 grants
2806 836 26 22 to
2855 836 41 24 the

2360 868 85 25 Banks
2469 869 42 25 the
2534 870 118 31 privilege
2683 876 23 19 to
2729 871 66 24 issue
2816 874 78 28 notes,

2362 912 87 33 (under
2479 913 95 24 certain
2616 914 149 34 conditions)
2798 923 31 17 on
2854 916 41 25 the

2361 954 117 30 payment
2502 952 27 25 of
2549 954 49 23 two
2621 961 41 23 per
2685 956 57 23 cent
2754 965 6 19 ;
2795 956 50 24 and
2868 965 27 16 as

2360 1003 47 16 one
2419 995 62 30 good
2495 997 57 22 turn
2565 996 112 25 deserves
2694 998 109 29 another,
2825 999 70 25 there

2360 1038 63 24 have
2444 1038 60 25 been
2524 1039 125 25 instances
2673 1041 72 25 when
2769 1042 43 25 the
2823 1043 72 24 Bank

2360 1081 45 24 has
2428 1082 105 31 charged
2556 1083 40 24 the
2622 1083 168 26 Government
2821 1088 12 21 6
2852 1095 43 22 per

2360 1123 55 19 cent
2427 1126 32 17 on
2477 1120 32 24 its
2530 1121 132 23 overdraft.

2395 1157 69 24 Your
2482 1156 84 26 arfiele
2589 1159 92 24 sounds
2705 1167 32 16 an
2760 1160 136 32 important

2362 1197 46 31 key
2419 1200 58 21 note
2489 1198 79 24 where
2588 1198 21 25 it
2619 1206 62 24 says,
2779 1201 43 24 the
2840 1210 55 23 peo-

2361 1237 39 31 ple
2424 1238 74 32 study
2521 1238 51 25 this
2594 1247 92 24 money
2708 1240 120 31 problem,
2847 1243 49 23 and

2362 1280 104 24 demand
2463 1286 4 6 1
2491 1280 63 25 from
2577 1282 43 24 the
2654 1283 174 25 Government'
2842 1285 54 25 that

2363 1318 58 32 they
2444 1318 63 25 shall
2530 1319 56 25 deal
2605 1320 59 25 with
2687 1321 20 25 it
2732 1322 26 24 m
2771 1331 15 15 a
2810 1325 86 23 states-

2362 1361 111 25 manlike
2612 1364 33 23 To
2669 1372 43 23 say
2736 1365 68 24 there
2827 1367 20 23 is
2864 1374 32 18 no

2363 1405 80 24 better
2454 1409 93 27 system
2560 1405 26 25 of
2596 1407 124 31 financing
2737 1409 41 24 the
2791 1410 105 30 colony's

2363 1443 75 24 needs
2452 1443 59 24 than
2526 1444 41 24 the
2580 1447 99 28 present
2699 1454 54 21 one,
2767 1447 129 25 establish-

2364 1496 25 15 es
2413 1487 40 24 the
2477 1489 150 29 proposition
2639 1496 5 21 ;
2692 1490 55 23 that
2770 1491 41 24 the
2831 1491 65 26 lar^e

2364 1533 68 17 mass
2455 1526 26 24 of
2504 1526 82 24 toilers
2610 1534 41 16 are
2674 1527 114 25 enslaved
2812 1531 24 22 to
2855 1529 41 25 the

2355 1572 1 4 •
2365 1563 104 31 wealthy
2503 1563 55 25 few.
2605 1563 76 25 What
2700 1572 41 17 are
2772 1565 43 25 the
2837 1567 59 25 facts

2365 1602 81 26 before
2469 1611 30 17 us
2511 1604 10 24 ?
2557 1604 104 32 roughly
2694 1605 125 33 speaking,
2855 1611 41 21 out

2364 1644 25 24 of
2401 1651 72 23 every
2485 1644 72 24 £100
2580 1645 89 23 earned
2693 1647 31 30 by
2744 1646 42 24 the
2802 1649 94 30 colony,

2365 1683 55 23 £40
2442 1689 58 23 goes
2513 1684 42 22 out
2579 1682 26 24 of
2626 1683 42 23 the
2688 1685 104 30 country
2812 1685 37 24 for
2860 1686 36 24 in-

2364 1724 76 23 terest
2450 1731 5 20 ;
2475 1722 49 24 and
2545 1722 36 28 f.or
2593 1731 45 15 our
2650 1723 111 30 comfort,
2786 1732 36 17 we
2834 1725 62 25 have

2364 1764 41 23 the
2427 1762 68 25 Hon.
2516 1762 41 24 Mr
2580 1762 75 25 Ward
2685 1763 88 32 telling
2793 1772 38 21 us,
2856 1765 40 25 the

2363 1802 88 30 colony
2470 1802 22 23 is
2513 1802 52 24 still
2582 1802 92 24 certain
2697 1804 24 22 to
2745 1804 93 24 borrow
2870 1804 26 24 m

2364 1839 41 24 the
2417 1839 83 24 future
2554 1839 52 24 The
2629 1839 115 25 Minister
2764 1840 38 25 for
2824 1840 72 26 lands

2362 1887 64 24 says,
2506 1879 22 25 is
2539 1879 138 31 legitimate
2699 1881 23 23 to
2743 1879 94 26 borrow
2859 1882 37 24 tor

2361 1919 71 24 roads
2445 1919 49 23 and
2519 1918 96 30 bridges
2675 1918 41 24 Mr
2739 1919 113 24 Cadman
2875 1921 21 24 is

2360 1958 112 31 reported
2484 1960 25 22 to
2531 1958 62 23 hare
2616 1958 61 28 said,
2701 1959 20 23 it
2733 1959 20 24 is
2767 1967 128 24 necessary

2359 2000 26 23 to
2405 1998 96 25 borrow
2523 1998 38 24 for
2584 1998 80 27 future,
2678 1999 179 30 requirements

2359 2038 50 25 The
2427 2037 60 26 Hon
2510 2038 40 24 Mr
2568 2037 99 26 Sedlon
2690 2038 57 24 tells
2771 2046 37 22 us,

2359 2075 166 25 Government
2548 2084 40 16 are
2600 2077 45 23 not
2668 2076 75 31 going
2755 2078 26 22 to
2800 2077 93 24 borrow

2357 2124 13 15 a
2380 2115 69 31 large
2582 2115 52 25 But
2654 2115 44 25 the
2721 2116 50 25 fact
2794 2117 30 28 is,
2849 2118 43 24 the

2357 2155 116 33 Colony's
2506 2156 111 30 political
2659 2156 71 31 pulse
2752 2157 22 24 is
2821 2157 72 33 being

2356 2194 108 24 coached
2475 2194 38 24 for
2525 2202 14 16 a
2551 2195 66 23 loan.

2389 2232 70 33 They
2471 2233 64 24 have
2558 2232 62 25 been
2632 2240 59 25 very
2710 2232 60 26 loud
2788 2233 27 25 m
2827 2233 64 27 their

2356 2272 175 33 protestations
2554 2272 56 24 that
2634 2272 59 31 they
2715 2280 60 17 were
2793 2281 15 17 a
2831 2282 59 17 non-

2356 2311 137 30 bonowing
2516 2310 183 30 Government;
2732 2310 51 26 But
2806 2313 85 31 briefly

2355 2349 88 28 stated,
2484 2356 60 17 even
2578 2348 129 32 accepting
2741 2348 150 26 Ministerial

2356 2388 144 24 statements
2514 2395 6 21 ;
2554 2394 37 16 we
2624 2386 64 25 have
2711 2394 30 15 an
2765 2387 126 26 increased

2355 2427 111 25 national
2488 2427 57 24 debt
2563 2426 27 25 of
2608 2434 68 17 more
2689 2426 62 25 than
2769 2435 48 17 one
2840 2429 50 24 and

2354 2475 15 16 a
2386 2467 53 24 half
2459 2466 109 25 millions
2579 2474 6 21 ;
2623 2466 90 32 during
2737 2467 64 24 their
2825 2470 65 23 term

2354 2515 14 17 o
2371 2507 8 19 f
2401 2507 79 28 office,
2521 2506 60 32 they
2603 2507 63 24 have
2689 2507 79 24 seized
2788 2508 102 32 sinking

2353 2547 82 29 funds,
2466 2548 63 23 over'
2552 2555 48 16 one
2622 2547 103 28 million,
2761 2548 38 24 six
2824 2548 63 25 hun-

2353 2587 60 25 dred
2433 2587 123 25 thousand
2579 2587 107 31 pounds,
2732 2588 62 24 such
2819 2596 69 17 sums

2353 2631 73 32 being
2448 2631 44 24 the
2525 2630 108 32 colony's
2667 2631 98 31 savings
2778 2639 5 21 ;
2820 2632 68 33 They

2354 2669 98 25 boasted
2475 2670 25 24 at
2519 2677 48 16 one
2587 2669 61 25 time
2667 2668 27 26 of
2713 2677 14 16 a
2749 2670 98 31 surplus
2865 2671 26 25 of

2353 2716 68 16 more
2444 2707 63 25 than
2529 2707 55 24 half
2594 2715 15 16 a
2624 2707 103 28 million,
2751 2715 56 17 now
2824 2708 20 25 it
2867 2709 21 24 is

2352 2747 104 26 reduced
2486 2748 26 23 to
2547 2748 135 28 £150,000.
2725 2747 61 24 This
2808 2748 23 25 is
2855 2749 33 24 all

2353 2786 123 24 exclusive
2489 2785 27 24 of
2526 2785 42 24 the
2591 2793 67 16 sums
2669 2785 116 31 provided
2805 2787 29 29 by
2847 2787 42 23 the

2492 2830 40 22 act
2614 2828 43 24 the
2692 2827 61 24 land
2784 2828 37 25 for
2841 2830 47 23 set-

2352 2867 128 24 tlement's
2492 2867 40 23 act
2542 2874 6 21 ;
2570 2866 49 24 and
2641 2866 40 25 the
2694 2873 67 17 sams
2782 2874 105 23 guaran-

2353 2907 55 24 teed
2420 2908 26 23 to
2469 2905 43 25 the
2534 2905 66 24 bank
2609 2913 6 22 ;
2640 2905 69 29 Now,
2721 2905 41 25 Sir
2772 2914 5 21 ;
2801 2906 21 24 if
2831 2907 58 30 they

2353 2947 62 24 have
2438 2947 63 23 been
2521 2946 77 31 going
2627 2954 32 15 on
2680 2946 208 32 non-borrowing,

2352 2987 70 28 lines,
2460 2986 66 24 whai
2554 2994 58 22 may
2647 2994 34 15 we
2704 2990 87 26 expect
2814 2987 71 24 when

2353 3025 59 31 they
2435 3030 142 18 commence
2612 3024 24 24 to
2668 3024 95 24 borrow
2782 3025 12 23 ?
2830 3032 60 16 even

2353 3065 79 24 unclar
2455 3063 65 25 their
2543 3071 55 17 own
2633 3063 130 25 definition
2786 3064 27 24 of
2847 3067 44 22 not

2352 3103 68 31 large
2444 3102 143 31 borrowing.

2386 3142 67 23 lam
2469 3142 45 22 not
2526 3140 75 31 going
2620 3142 26 22 to
2669 3140 73 32 deny,
2778 3142 57 22 that
2848 3142 42 24 the

2351 3181 101 31 present
2476 3179 114 31 Ministry
2622 3179 27 24 m
2672 3188 75 22 many
2782 3183 108 28 respects

2352 3226 41 18 are
2406 3218 26 25 m
2453 3218 110 24 advance
2575 3217 26 24 of
2610 3218 113 30 previous
2736 3218 137 25 Ministries
2883 3227 5 21 ;

2352 3258 132 32 excluding
2517 3258 43 25 the
2596 3260 40 22 too
2672 3258 70 25 short
2771 3258 119 25 Ballance

2352 3298 167 24 Government
2530 3304 6 21 ;
2572 3297 44 24 but
2629 3296 18 24 if
2669 3304 36 16 we
2723 3304 42 16 are
2778 3298 24 23 to
2826 3297 63 24 have

2351 3343 55 22 true
2430 3340 49 25 and
2500 3342 146 29 permanent
2668 3340 148 31 prosperity,
2852 3349 36 16 we

2351 3393 36 17 we
2416 3386 68 23 must
2509 3384 62 25 hare
2597 3392 15 16 a
2635 3384 173 25 Government
2832 3384 56 25 who

2350 3430 68 22 must
2439 3427 136 31 absolutely
2596 3434 69 17 cease
2689 3428 25 23 to
2726 3427 103 24 borrow.
2865 3427 26 24 If

2350 3471 60 32 they
2434 3479 41 16 are
2497 3474 26 21 to
2540 3471 65 24 raise
2634 3478 96 24 money,
2761 3470 35 24 let
2818 3470 70 24 them

2350 3511 97 25 finance
2470 3511 43 25 the
2524 3518 126 17 resources
2673 3510 27 25 of
2720 3511 42 23 the
2785 3509 101 32 Colony,

2350 3551 50 23 and
2422 3552 45 22 not
2495 3550 62 30 keep
2585 3550 87 29 taxing
2699 3557 45 16 our
2765 3549 122 29 strength,

2350 3588 95 29 wewlfch,
2481 3587 50 26 and
2542 3595 125 17 resources
2686 3587 38 25 for
2736 3587 43 25 the
2790 3586 96 26 British

2349 3627 179 26 bond-holder,
2547 3626 54 25 who
2618 3626 66 32 gives
2702 3634 31 17 us
2749 3625 41 26 his
2803 3634 82 24 paper,

2349 3671 45 25 but
2422 3671 120 24 demands
2587 3672 85 23 return
2714 3671 119 31 payment
2861 3671 25 22 m

2349 3712 71 31 gold!

2382 3751 139 31 According
2543 3754 26 22 to
2597 3751 44 24 the
2665 3751 130 31 expressed
2811 3751 75 24 views

2347 3789 28 24 of
2389 3789 43 25 the
2449 3791 101 29 present
2571 3790 111 24 member
2698 3789 37 24 for
2752 3789 49 24 this
2825 3789 59 24 elec-

2347 3829 88 27 torate,
2473 3827 33 25 he
2529 3828 60 24 does
2608 3830 42 22 not
2679 3827 91 25 believe
2787 3827 26 24 m
2842 3827 42 25 the

2347 3866 92 28 above;
2469 3866 50 24 still
2543 3873 16 17 a
2589 3866 174 31 constituency
2798 3865 22 24 is
2840 3866 44 24 not
2893 3861 2 35 j

2346 3904 104 31 pledged
2462 3905 92 30 always
2578 3906 26 22 to
2622 3912 47 16 one
2691 3912 91 23 person
2806 3910 25 18 to
2844 3912 39 16 re-

2346 3945 98 29 present
2456 3944 25 24 m
2494 3944 156 31 parliament.

2511 3982 14 24 I
2542 3991 43 16 am
2601 3991 73 24 yours
2691 3984 44 23 &c.

2686 4020 30 25 A.
2736 4020 82 25 Bunn.
2893 4017 2 31 J

2377 4243 26 24 If
2423 4243 44 25 the
2489 4243 61 23 New
2579 4240 110 25 Zealand
2713 4240 171 24 Government

2344 4285 45 26 has
2409 4287 57 24 sent
2488 4285 75 25 home
2575 4291 33 17 an
2620 4282 160 32 exceedingly
2798 4283 86 32 simple

2344 4329 51 24 and
2412 4329 59 24 bold
2492 4326 115 32 proposal
2629 4327 27 23 to
2678 4325 140 26 undertake
2841 4327 43 24 the

2344 4371 203 26 administration
2570 4369 27 26 of
2629 4369 82 26 affairs
2733 4369 27 24 m
2784 4369 100 31 Samoa,

2344 4416 21 24 it
2375 4416 23 24 is
2410 4416 43 23 not
2476 4412 75 32 likely
2574 4412 26 25 m
2623 4412 44 25 the
2690 4412 54 25 face
2756 4413 26 24 of
2805 4415 79 32 treaty

2345 4458 148 32 obligations
2516 4456 63 26 with
2607 4456 125 33 Germany
2761 4458 53 25 and
2841 4459 43 26 the

2344 4503 94 24 Uuit3d
2451 4502 84 25 States
2558 4501 57 26 that
2638 4502 41 25 the
2702 4501 98 26 British
2818 4503 65 25 Gor-

2943 212 114 23 eanment
3069 211 82 24 would
3163 211 62 27 Lave
3242 214 122 30 bestowed
3378 227 65 23 upon
3455 219 21 25 it

2941 251 42 25 the
2995 254 113 24 smallest
3126 256 188 33 consideration,
3358 261 31 25 In
3402 263 71 24 order

2940 296 25 22 to
2994 303 87 17 ensure
3118 299 217 32 attcntioiife-that,
3352 306 122 25 attention

2938 337 82 25 which
3043 339 42 25 the
3098 342 117 30 proposal
3234 338 212 38 has^tracted—
3447 350 25 24 It

2937 385 67 20 must
3017 383 59 24 have
3088 383 62 25 been
3161 392 130 29 necessary
3307 389 37 26 for
3355 391 42 26 the
3410 392 60 26 New

2936 423 107 26 Zealand
3055 426 168 28 Government
3236 433 24 23 to
3271 431 64 27 have
3345 434 123 27 iuforraed

2935 466 42 24 the
2989 467 81 25 Home
3089 470 145 28 authorities
3257 475 61 32 fully
3329 477 56 25 how
3408 479 61 33 they

2933 511 119 29 proposed
3077 514 24 23 to
3114 522 69 24 carry
3207 524 32 17 on
3252 518 42 25 the
3314 521 66 24 work
3393 522 27 24 of
3428 523 32 25 ad

2933 553 165 26 ministratiou
3137 557 27 25 m
3204 560 42 25 the
3276 562 101 30 islands,
3424 566 43 25 the

2933 595 71 25 share
3016 597 27 24 of
3058 602 196 28 representation
3267 604 58 33 they
3347 607 118 26 intended

2931 640 25 22 to
2980 642 87 23 extend
3092 645 26 22 to
3139 644 42 25 the
3201 649 93 29 people,
3314 649 43 25 the
3380 659 85 18 means

2931 681 59 32 they
3002 685 82 23 would
3096 687 98 31 employ
3218 692 24 20 to
3254 692 121 24 maintain
3393 695 72 24 order

2930 723 48 23 and
2991 724 40 24 the
3052 726 78 26 whole
3143 729 26 24 of
3189 731 41 24 the
3253 732 88 27 details
3354 736 26 23 of
3401 737 64 25 their

2930 766 106 26 scheme.
3073 770 53 25 The
3139 772 170 29 Government
3328 779 64 25 have
3404 788 59 17 seen

2928 809 64 24 their
3014 819 54 25 way
3091 814 89 33 clearly
3203 820 97 31 enough
3323 822 50 24 and
3401 823 20 24 it
3440 825 22 24 is

2928 854 98 25 natural
3050 856 25 24 to
3093 865 111 20 common
3229 870 69 18 sense
3322 866 24 23 to
3359 874 103 24 suppose

2928 896 54 25 that
2995 898 57 32 they
3063 899 64 26 have
3139 902 134 29 submitted
3290 909 26 24 to
3328 909 40 25 the
3381 910 82 26 Home

2929 939 169 28 Government
3118 953 15 16 a
3156 948 120 31 complete
3298 952 80 33 policy
3401 955 61 25 with

2927 984 86 29 regard
3025 987 26 22 to
3064 986 98 28 Samoa.
3197 991 51 26 But
3265 1002 113 19 common
3389 1006 73 17 sense

2927 1026 22 24 is
2961 1030 44 21 not
3018 1036 14 16 a
3044 1032 87 31 strong
3151 1035 71 29 point
3239 1037 61 25 with
3312 1039 65 33 Tory
3392 1041 61 31 jour

2928 1070 96 28 nalism.
3062 1073 52 26 The
3138 1075 84 28 Tories
3234 1080 71 25 could
3327 1086 44 22 not
3382 1085 79 25 frame

2928 1120 13 15 a
2964 1115 80 31 policy
3072 1117 39 24 for
3139 1119 43 25 the
3210 1122 196 30 administration
3436 1130 40 25 of.

2930 1155 99 32 Samoa,
3043 1167 27 16 or
3081 1159 37 25 for
3140 1162 56 26 that
3207 1167 91 25 matter
3309 1175 49 27 any
3380 1171 83 28 where

2929 1199 57 29 else,
3010 1209 67 24 upon
3095 1212 15 16 a
3134 1207 154 35 satisfactory
3310 1213 50 25 and
3381 1217 83 25 sound

2929 1242 73 32 basis,
3015 1247 48 23 and
3077 1247 60 31 the/
3157 1250 63 26 have
3244 1253 61 26 been
3317 1257 71 32 sadly
3405 1267 54 23 per-

2928 1286 98 33 plexing
3048 1289 148 30 themselves
3218 1296 62 26 with
3302 1299 33 25 all
3357 1303 61 24 sorts
3436 1305 28 24 of

2930 1333 165 26 conundrums
3107 1336 27 23 of
3143 1338 185 29 unfathomable
3342 1348 118 30 mystery,

2930 1374 67 30 quite
3009 1375 101 27 obvious
3122 1379 27 24 of
3170 1381 41 25 the
3234 1383 50 26 faci
3307 1386 56 26 that
3420 1392 43 23 the

2930 1424 55 23 ey.es
2998 1418 27 24 of
3041 1420 43 24 the
3107 1422 96 27 British
3227 1426 168 30 Government
3418 1434 45 24 the

2930 1462 109 32 capacity
3051 1464 27 25 of
3087 1465 60 26 New
3159 1468 111 27 Zealand
3283 1474 24 23 to
3317 1474 145 29 administer

2930 1503 45 25 has
2987 1508 45 22 not
3050 1507 61 25 been
3136 1510 41 25 the
3201 1513 127 33 difficulty.

2947 1664 208 30 INDIVIDUAL
3192 1673 253 31 IMMORTALITY.

2964 1729 65 27 Who
3041 1740 80 19 cornea
3134 1736 68 27 there
3213 1740 11 23 ?
3242 1741 54 25 who
3308 1744 76 26 walks
3394 1745 69 27 there

2931 1771 87 35 slosyly,
3032 1783 27 17 so
3072 1777 100 34 slowly;
3186 1780 77 33 bleak,
3278 1785 77 32 black,
3375 1789 88 25 dread-

2929 1814 35 24 ful
2974 1824 5 20 ;
2997 1817 32 24 he
3052 1824 148 27 approaches
3223 1826 63 26 from
3298 1829 61 23 afar.

2964 1854 26 25 Is
3001 1856 20 24 it
3033 1857 31 23 he
3082 1859 83 26 whom
3184 1870 57 17 man
3254 1866 59 24 with
3326 1875 52 18 awe
3389 1870 73 25 looks

2929 1899 81 24 upon;
3041 1896 82 26 whom
3147 1907 35 17 we
3205 1901 35 26 all
3261 1903 82 33 dread,
3374 1907 89 26 shrink

2928 1931 63 26 from
3000 1941 6 21 ;
3024 1935 21 24 is
3057 1936 20 24 it
3088 1938 32 24 he
3130 1940 12 22 ?
3165 1941 14 23 I
3180 1948 12 17 s
3203 1941 21 25 it
3246 1943 75 26 death
3331 1947 11 22 ?
3360 1948 102 32 coming

2926 1977 87 19 nearer
3025 1981 56 17 ever
3093 1984 83 18 nearer
3187 1987 37 17 us.
3260 1981 86 27 Comes
3357 1985 31 24 he
3398 1986 63 25 with

3055 2016 62 23 airs.
3127 2015 63 25 from
3214 2018 113 31 Heaven,
3351 2030 26 16 or
3398 2024 63 25 with

2925 2047 108 27 infernal
3044 2051 79 27 blasts
3146 2055 62 25 from
3221 2058 80 25 Hell?
3313 2061 22 23 is
3358 2062 72 25 death
3443 2073 16 16 a

2923 2089 149 28 punishment
3093 2091 37 24 for
3151 2098 163 24 uncommitted
3335 2100 124 26 inherited

2926 2126 39 24 sin
2973 2134 6 21 ;
2998 2136 28 17 or
3036 2129 21 25 is
3068 2131 20 24 it
3099 2140 15 16 a
3125 2135 115 25 redeemer
3256 2136 64 26 from
3332 2139 50 25 this
3393 2141 67 25 life's

2925 2167 64 30 toils,
3003 2177 70 22 woes,
3087 2172 89 32 strifes,
3195 2176 50 24 and
3257 2178 109 26 troubles
3374 2180 12 24 ?
3398 2180 27 26 Is
3436 2181 24 26 it

2925 2215 13 15 a
2951 2207 55 32 ship
3030 2212 56 23 sent
3109 2211 31 32 by
3164 2222 15 15 a
3201 2215 119 35 heavenly
3342 2219 67 32 King
3431 2222 30 24 to

2925 2254 70 25 carry
3019 2257 128 20 us.across
3170 2253 56 26 that
3248 2256 122 28 shoreless
3382 2268 79 18 ocean

2925 2287 81 26 which
3029 2298 34 17 no
3085 2291 79 33 living
3196 2294 73 34 being
3297 2300 41 29 yet
3360 2300 99 26 crossed

2925 2326 62 24 alive
2998 2334 6 21 ;
3017 2336 28 16 or
3057 2329 21 24 is
3090 2329 20 25 it
3121 2339 14 15 a
3147 2333 83 29 opium
3242 2336 87 28 vessel,
3343 2336 118 34 bringing

2925 2372 29 16 us
2966 2366 73 31 sleep,
3064 2371 95 23 eternal
3170 2373 57 29 rest,
3250 2374 94 35 eternal
3362 2379 98 28 peace?

2923 2402 26 25 Is
2961 2403 20 24 it
2993 2404 43 25 the
3052 2413 104 26 passage
3179 2408 61 26 from
3252 2411 42 24 the
3305 2414 116 25 material
3431 2416 28 24 to

2923 2446 42 25 the
2978 2448 120 31 spiritual,
3123 2458 28 17 or
3161 2451 21 25 is
3203 2453 19 25 it
3234 2454 59 32 only
3315 2463 15 17 a
3341 2456 118 34 changing

3057 2498 36 32 (to
3110 2500 30 24 be
3163 2501 156 34 continued.)

2949 2620 14 19 I
2975 2620 59 21 have
3048 2623 103 20 servants
3166 2624 32 19 all
3211 2625 70 20 about

2949 2657 114 28 Bringing
3076 2660 24 20 to
3114 2667 37 14 me
3164 2660 60 21 from
3237 2663 98 21 without

2948 2696 72 22 What
3033 2704 39 19 my
3084 2698 89 22 friends
3187 2706 25 14 so
3225 2700 82 27 kindly
3321 2702 71 25 send;

2948 2733 53 21 And
3015 2740 38 20 my
3063 2741 68 20 every
3139 2737 62 21 want
3210 2737 87 22 attend.

2975 2782 52 20 And
3038 2783 12 20 I
3059 2782 74 26 think,
3148 2790 24 14 as
3191 2784 54 22 here
3254 2786 13 20 I
3277 2787 58 26 stay,

2949 2817 106 28 Waiting
3067 2819 37 21 for
3114 2827 38 20 my
3161 2821 108 27 exit-day,

2950 2855 30 20 Of
2989 2856 40 20 the
3048 2863 75 15 scores
3133 2859 25 19 of
3175 2859 83 21 honest
3271 2866 55 19 men)

2950 2893 71 26 Spent
3030 2894 61 20 their
3100 2895 54 26 days
3164 2896 46 20 and
3226 2897 93 21 months
3329 2899 46 20 and
3392 2905 68 21 years

2950 2930 28 21 In
2989 2932 40 20 the
3038 2932 71 22 midst
3118 2933 24 21 of
3159 2934 79 21 horrid
3252 2935 67 26 fears,

2953 2962 111 22 Shackled
3078 2965 25 20 to
3116 2965 41 21 the
3171 2966 37 26 icy
3222 2967 83 24 stones,
3324 2976 2 4 ■

2949 2998 90 20 Chilled
3048 2998 101 26 through
3156 3000 102 24 muscles,
3269 3007 81 14 nerves
3358 3001 17 20 &
3382 3001 72 22 bones

2951 3029 121 21 Powerless
3086 3030 56 27 they
3162 3032 45 20 rise
3222 3033 46 20 and
3284 3033 64 24 walk,

2950 3064 29 20 In
2992 3064 41 21 the
3042 3064 75 27 filthy,
3130 3067 80 25 putrid
3219 3067 53 21 cells

2953 3096 81 27 (Aptly
3048 3097 131 28 designated
3189 3099 74 27 Hells)
3325 3108 2 9 ;

2951 3135 45 19 Oh!
3011 3135 37 19 the
3057 3135 40 21 life
3105 3137 66 19 those
3178 3137 108 21 wretches
3295 3138 53 20 led!

2951 3168 74 27 Damp
3039 3169 47 21 and
3099 3170 62 26 dirty
3175 3170 76 21 stones
3264 3170 62 22 their
3333 3171 62 25 bed;

2951 3201 127 27 Breathing
3086 3202 140 26 pestilential
3240 3203 40 25 air,

2950 3235 94 21 Vermin
3058 3236 120 27 swarming
3191 3236 24 21 m
3224 3237 41 21 the
3272 3237 51 25 lair,

2951 3270 34 26 By
2999 3270 40 20 the
3049 3270 68 20 world
3131 3271 111 26 complete
3262 3271 84 28 forgot,

2950 3304 60 24 Left,
3028 3304 65 21 while
3112 3306 39 25 yet
3174 3306 67 24 alive,
3255 3306 25 20 to
3293 3306 37 20 rot
3342 3306 5 21 !

2950 3337 62 25 Hope
3022 3337 10 19 ?
3046 3337 25 20 It
3081 3337 52 21 died
3142 3338 41 20 out
3191 3337 57 27 long
3257 3344 50 21 ago,

2951 3371 122 20 Smoothed
3083 3372 76 20 'neath
3169 3378 14 14 a
3196 3374 80 19 mount
3285 3373 25 20 of
3318 3380 58 18 woe;

2949 3405 82 24 Death,
3041 3405 40 21 the
3091 3406 103 20 wretch's
3205 3407 53 25 only
3267 3407 82 24 friend,

2949 3438 57 19 Will
3015 3438 41 20 not
3065 3437 25 21 to
3098 3438 62 20 their
3169 3444 82 20 groans
3261 3439 83 21 attend
3344 3450 28 4 —

2948 3471 82 24 Death,
3046 3471 89 26 though
3149 3472 122 27 pantingly
3281 3473 96 24 desired,

2949 3504 65 20 With
3023 3503 40 20 the
3073 3504 90 26 tyrants
3172 3504 43 20 has
3224 3504 92 24 retired,

2949 3537 82 21 Scorns
3043 3537 24 20 to
3088 3537 54 26 give
3151 3537 41 21 the
3207 3538 105 20 sufferers
3326 3544 77 20 peace,

2949 3569 79 20 Scorns
3038 3569 24 20 to
3072 3570 69 25 grant
3158 3570 64 19 them
3240 3569 62 21 their
3310 3570 94 25 release,

2949 3600 78 22 Scorns
3043 3601 36 20 his
3097 3602 102 26 anodyne
3218 3603 24 19 to
3260 3602 61 24 lend,

2947 3636 96 26 Though
3052 3636 30 21 he
3095 3636 76 27 might
3180 3636 61 21 their
3253 3636 100 21 tortures
3363 3636 52 21 end.

2952 3755 139 25 EVENTS
3119 3755 43 25 OF
3188 3754 70 25 THE
3286 3754 135 26 COMING

3129 3797 114 26 WEEK.

2917 3896 117 31 Monday,
3060 3895 212 25 Entertainment.

2917 3938 121 31 Tuesday,
3063 3937 104 32 Library
3190 3946 73 23 open,
3283 3938 63 25 from
3369 3941 25 24 6.
3413 3939 43 26 15.

2983 3985 24 23 p.
3023 3984 35 17 m.
3082 3979 25 22 to
3131 3978 23 24 8.
3173 3985 25 24 p.
3219 3986 36 17 m.

2917 4015 141 32 Thursday,
3084 4015 74 24 Bank
3181 4023 72 25 open.
3312 4016 58 25 Sale
3399 4016 50 33 daj

2984 4058 107 33 Library
3108 4067 65 24 open
3190 4059 92 32 during
3298 4061 56 31 day.

2919 4099 131 32 Saturday,
3068 4099 108 33 Library
3194 4108 63 24 open
3278 4099 65 26 from
3368 4101 22 24 6.
3412 4101 43 24 15.

2917 4151 24 24 p.
2959 4150 35 17 m.
3013 4144 25 24 to
3051 4144 16 24 8
3084 4151 24 25 p.
3122 4152 32 16 m.

1172 42 173 33 OXFOKD
1390 44 231 31 OBSERVER
1666 43 237 39 SATURDAY,
1962 49 132 29 APRIL
2178 51 29 34 4,
2289 53 77 30 1896

3055 4259 118 30 Copies
3194 4266 40 23 of
3254 4266 63 23 thb

2968 4309 175 33 OXFORD
3176 4309 227 32 OBSERVER

3025 4385 48 18 can
3096 4376 32 26 be
3150 4377 122 26 obtained
3293 4379 32 25 at

2919 4422 71 27 ARG
2995 4422 88 26 ILL'S
3096 4430 89 18 comer
3208 4423 27 26 of
3252 4422 139 28 CASHEL
3402 4425 52 26 and

3018 4462 165 27 COLOMBO
3202 4462 167 32 STREETS:

3095 4503 187 27 Christchurch.
