3550 4580
89 207 128 32 WHAT
251 207 87 31 THE
338 209 225 31 GOVERN-

73 266 124 32 MENT
225 263 83 35 HAS
327 249 64 49 DONE
391 249 27 49 FOR

90 323 89 31 THE
216 323 212 32 WORKING
456 324 102 32 MEN.

53 382 138 25 Published
213 382 32 30 by
257 384 99 28 roquest
379 383 40 24 for
436 383 43 23 the
491 383 100 24 inform-

53 421 72 25 ation
154 420 26 25 of
206 419 125 26 members
360 419 27 25 of
414 419 42 26 the
500 420 91 26 Oxford

53 458 102 22 Branch
172 458 27 22 of
220 458 44 22 the
287 458 119 22 National
429 459 162 21 Association.

86 515 87 31 (From
200 515 41 23 Mr
272 513 147 25 Meredith's
443 515 116 30 Speech.)

94 609 170 24 Government
282 607 48 25 had
353 607 89 32 helped
460 606 43 25 tbe
500 605 15 38 A
515 605 79 38 >^om-

52 653 98 24 mercial
175 653 91 24 classes
301 651 41 24 Jid
368 648 114 32 bipfiness
508 650 87 31 people

55 696 124 33 generally
197 695 50 25 and
263 695 89 24 indeed
370 695 43 23 the
431 693 80 25 whole
528 701 66 16 com-

56 741 107 30 munity,
189 740 31 31 by
246 738 100 31 coming
372 739 26 23 to
425 738 41 24 the
483 736 73 25 relief
571 736 26 25 of

58 785 44 24 the
121 783 71 24 Bank
210 783 26 24 of
252 782 31 24 N.
303 781 29 24 Z.
346 781 50 24 and
413 780 102 31 thereby
526 788 68 16 aver-

58 828 55 31 ting
147 833 14 18 a
185 827 69 30 great
288 823 159 26 commercial
471 823 123 31 calamity.

57 871 54 25 The
129 870 62 25 Gov.
209 868 50 25 had
283 868 71 25 come
372 870 26 23 to
422 867 43 25 the
483 865 73 26 relief
570 865 26 25 of

58 915 104 24 farmers
179 914 26 22 m
222 912 141 31 particular,
400 919 27 15 as
450 910 56 24 well
523 917 28 16 as
570 911 25 22 to

57 957 45 25 the
119 955 68 26 relief
202 955 25 25 of
244 954 43 25 the
313 953 82 32 public
421 951 126 34 generally
563 951 33 32 by

56 994 162 32 formulating
242 992 50 26 and
318 992 113 30 carrying
455 992 44 23 out
526 996 24 18 to
580 997 15 16 a

57 1035 118 32 practical
196 1035 74 27 issue,
305 1032 122 26 advances
453 1034 27 22 to
492 1029 103 31 Settlers

57 1079 26 21 at
101 1075 61 25 such
180 1082 15 16 a
211 1075 48 23 low
276 1074 54 23 rate
341 1072 27 24 of
383 1072 104 24 interest
504 1078 27 16 as
544 1077 51 17 was

57 1118 112 26 hitherto
203 1117 127 24 unknown
363 1115 28 24 m
425 1114 42 25 the
497 1113 97 32 colony,

57 1159 78 30 cheap
170 1164 90 24 money
288 1155 50 25 and
372 1155 78 30 cheap
467 1154 60 24 land
544 1153 49 24 had

57 1195 104 32 directly
179 1194 49 25 and
255 1193 130 30 indirectly
412 1192 120 24 benefited
552 1191 42 23 rbe

57 1239 78 26 whole
153 1237 158 31 community.
345 1235 63 25 Now
427 1235 28 24 m
472 1234 122 25 reference

57 1287 26 21 to
107 1281 100 29 Oxford,
233 1281 27 24 m
285 1281 43 24 the
353 1279 55 24 first
434 1278 69 32 place
530 1277 63 25 Gov-

57 1323 115 25 ernment
206 1322 44 23 has
285 1319 120 31 arranged
423 1321 25 22 to
482 1318 54 31 give
554 1318 41 23 the

57 1361 95 24 settlers
170 1361 26 23 at
239 1357 147 26 Woodstock
423 1364 33 17 an
490 1355 104 25 additio-

59 1404 44 25 nal
127 1406 30 22 50
181 1411 67 17 acres
264 1401 69 29 each,
351 1402 26 23 at
401 1401 46 31 1/-.
476 1407 44 24 per
540 1406 54 17 acre

59 1456 29 16 so
105 1448 55 24 that
187 1447 59 23 each
280 1445 86 24 settler
393 1444 48 23 will
457 1450 57 17 now
531 1442 63 23 have

60 1489 49 23 100
135 1495 75 16 acres.
254 1485 52 24 The
340 1485 50 24 late
425 1482 171 26 Government

58 1526 145 27 considered
220 1527 31 23 50
286 1533 68 17 acres
380 1524 27 25 of
422 1522 91 27 second
532 1521 63 26 class

59 1566 60 25 land
135 1567 27 23 at
179 1563 149 27 Woodstock
353 1562 124 27 sufficient
497 1561 38 26 for
553 1560 43 25 the

59 1604 87 32 people
164 1605 24 23 to
214 1605 41 30 get
288 1603 37 24 fat
342 1602 49 25 and
417 1608 59 18 even
495 1601 26 24 to
539 1606 56 18 save

59 1657 91 22 money
167 1656 41 18 on.
244 1648 54 25 The
309 1648 101 31 present
427 1646 169 24 Government

60 1698 113 26 consider
185 1699 71 24 those
268 1697 86 31 people
366 1695 90 26 should
472 1695 63 24 have
548 1693 48 24 150

60 1752 68 17 acres
149 1752 27 17 or
205 1744 49 24 200
274 1750 68 17 acres
371 1740 68 29 each,
481 1747 27 17 as
531 1738 65 25 little

60 1787 101 31 enough
178 1788 25 23 to
214 1786 73 30 bring
303 1793 34 23 up
360 1784 63 25 their
433 1782 106 26 families
554 1789 41 21 on,

60 1832 51 23 and
135 1830 49 24 this
206 1829 120 32 quantity
347 1827 81 25 would
448 1826 65 24 have
535 1825 61 24 been

60 1874 73 32 given
146 1873 69 25 them
238 1872 21 24 if
281 1871 169 25 Government
473 1868 51 25 had
547 1868 49 24 suf-

59 1917 86 25 ficient
164 1915 59 25 land
245 1914 120 26 available
387 1915 26 23 at
435 1912 161 25 Woodstock.

60 1959 172 27 Government
270 1956 105 27 reduced
408 1956 45 25 the
487 1955 111 30 Railway

59 2004 93 32 freight
175 2011 33 16 on
231 2001 116 26 firewood
368 2001 27 24 to
418 1997 180 28 Christchurch

59 2048 66 25 from
137 2047 45 25 28s
191 2048 26 23 to
229 2046 44 24 22s
286 2044 41 26 Bd.
345 2043 44 26 the
400 2042 82 29 truck,
495 2041 103 32 thereby

60 2091 86 33 giving
173 2090 44 24 the
250 2088 111 31 working
389 2094 59 17 man
468 2093 34 17 an
530 2088 68 22 extra

60 2135 75 31 profit
151 2142 33 17 on
207 2141 16 16 a
245 2132 57 25 cord
322 2131 27 26 of
372 2130 125 26 firewood.
532 2130 65 24 Gov-

62 2174 116 23 ernment
187 2170 105 25 xedueed
301 2170 46 24 the
356 2168 97 31 royalty
465 2177 30 15 on
508 2168 90 24 timber

63 2217 44 23 cut
117 2216 28 23 m
161 2215 43 24 the
227 2213 94 25 Oxford
339 2212 73 24 Bush
433 2211 33 30 by
489 2211 31 24 25
533 2218 24 23 p.
577 2217 14 17 c

60 2260 49 26 and
118 2267 31 17 on
158 2258 68 25 birch
234 2258 33 32 by
278 2258 31 24 33
321 2256 49 25 and
379 2264 47 17 one
438 2255 68 25 third
512 2262 48 24 p.c.
569 2262 31 16 on

60 2308 67 31 pine,
138 2314 53 17 now
205 2313 27 17 as
242 2312 50 18 saw
304 2304 101 30 milling
417 2304 19 23 is
460 2310 47 18 one
519 2302 27 25 of
556 2302 43 24 the

60 2347 69 26 chief
137 2346 135 25 industries
284 2345 27 24 m
321 2343 93 26 Oxford
422 2343 44 25 the
476 2342 124 31 working-

60 2403 59 17 man
128 2393 89 26 should
222 2392 66 25 have
294 2391 43 26 the
346 2389 92 26 benefit
448 2390 27 25 of
482 2389 51 26 this
542 2396 58 18 con-

59 2443 104 26 cession,
175 2441 22 24 if
205 2441 20 23 it
234 2440 59 24 does
304 2440 54 28 not,
368 2438 21 24 it
401 2438 23 24 is
431 2440 44 22 not
487 2437 42 24 the
537 2436 63 24 fault

59 2487 27 25 of
101 2487 42 25 the
155 2484 182 27 Government.
356 2483 87 26 Under
465 2483 44 25 the
520 2482 80 25 work-

58 2536 81 24 man's
163 2543 79 24 wages
263 2534 47 24 Act
336 2539 69 18 more
438 2531 64 25 than
528 2531 72 24 300

57 2581 65 24 have
134 2579 105 26 reached
251 2579 44 25 the
306 2578 101 32 pockets
417 2577 25 25 of
452 2577 41 25 the
506 2575 94 26 Oxford

56 2626 178 32 workingrnen,
253 2624 84 25 which
348 2623 28 24 m
401 2623 44 24 the
457 2622 105 24 absence
576 2621 24 24 of

55 2671 53 25 this
119 2671 124 32 provision
251 2670 59 30 they
319 2668 83 32 might
410 2668 65 24 have
482 2665 118 26 whistled

56 2719 38 24 for
104 2729 7 18 ;
124 2718 170 25 Government
305 2715 96 31 bought
413 2713 92 32 Ashley
517 2713 83 31 Gorge

54 2764 148 24 subdivided
224 2763 21 24 it
273 2763 56 24 into
353 2763 31 23 13
411 2760 117 26 sections,
561 2758 39 25 for

55 2808 83 27 which
150 2808 70 25 there
231 2814 65 18 were
318 2806 76 24 about
404 2805 48 23 348
471 2802 128 33 applicati-

55 2860 54 21 ons,
119 2850 151 32 fortunately
279 2851 66 24 most
355 2849 28 24 of
388 2848 44 24 the
443 2847 107 25 sections
557 2845 42 25 fell

54 2900 27 24 to
102 2897 44 25 the
170 2896 36 26 lot
218 2896 27 24 of
261 2894 89 26 Oxford
364 2892 179 32 workingmen,
562 2892 38 23 for

53 2943 69 26 what
134 2950 43 18 are
198 2941 93 26 Messrs
305 2940 102 27 Baxter,
426 2938 99 29 Brown,
536 2937 61 25 Vin-

53 2991 67 27 cent,
150 2986 92 26 Powell
281 2987 41 24 &g.
353 2985 45 24 but
421 2983 176 32 workingmen.

54 3033 172 26 Government
245 3031 99 26 erected
368 3028 100 27 schools
489 3028 49 24 and
552 3035 46 24 pay

55 3080 113 24 teachers
179 3077 39 25 for
235 3075 43 27 the
301 3075 170 31 workingmen
492 3073 27 24 of
528 3072 71 26 View

55 3122 56 26 Hill
140 3121 88 25 Plains
254 3120 52 25 and
334 3117 161 27 Woodstock.
544 3116 55 25 The

56 3168 171 26 Government
256 3166 42 26 did
321 3166 66 25 their
409 3164 64 26 level
496 3164 55 24 best
571 3165 26 23 to

54 3213 122 30 purchase
201 3210 64 24 from
288 3209 44 24 the
362 3207 113 25 Midland
487 3206 110 31 Railway

54 3256 132 31 Company
198 3254 42 25 the
252 3260 62 26 open
326 3253 60 24 land
412 3253 27 24 at
450 3252 45 25 the
514 3251 83 32 Gorge

54 3302 87 32 bridge
153 3301 51 25 and
226 3301 44 25 the
280 3300 62 25 bush
365 3298 82 26 Block
458 3307 6 22 ;
493 3297 47 26 but
553 3298 44 24 the

55 3348 130 31 Company
198 3345 98 26 wanted
316 3347 55 27 355,
384 3352 33 17 an
429 3351 57 18 acre
502 3343 39 25 for
553 3343 44 24 the

54 3402 66 24 open
129 3393 68 29 land,
216 3393 46 25 not
282 3392 80 24 worth
383 3399 69 17 more
482 3391 68 32 12/6.
562 3398 33 16 an

53 3448 57 17 acre
122 3439 49 26 and
184 3440 53 25 17s.
259 3437 40 26 6d.
322 3444 33 18 an
374 3444 56 18 acre
450 3436 39 26 for
500 3436 93 29 15,000

52 3484 28 24 m
92 3484 44 24 the
147 3482 71 25 Bush
239 3480 132 32 including
392 3479 43 25 the
445 3479 91 25 barren
547 3479 46 24 hill

52 3529 64 30 tops,
151 3527 82 25 would
268 3526 43 25 the
344 3524 110 31 working
483 3532 59 16 men
570 3524 28 24 of

53 3574 93 25 Oxford
171 3574 28 24 be
227 3573 97 31 willing
350 3571 57 25 that
425 3570 169 26 Government

50 3618 89 26 should
151 3616 124 34 purchase
291 3616 49 25 this
351 3615 61 26 land
423 3616 26 24 at
461 3614 50 26 this
527 3615 68 31 price

52 3662 48 24 and
122 3662 59 24 then
209 3661 56 24 rent
292 3660 21 24 it
337 3660 26 24 at
381 3660 14 24 5
420 3666 24 24 p.
463 3665 21 18 c.
503 3666 31 17 on
552 3657 43 26 the

52 3707 92 31 capital
155 3707 82 24 value,
256 3703 122 33 certainly
395 3705 54 26 not,
479 3710 33 18 no
535 3710 60 17 man

53 3751 74 25 could
136 3750 87 25 obtain
246 3757 15 17 a
270 3749 80 31 living
367 3748 44 25 out
423 3747 28 26 of
461 3747 63 26 such
534 3747 61 24 land

53 3795 27 24 at
92 3794 61 24 such
170 3801 14 16 a
212 3794 65 22 rent.
311 3792 69 24 Here
400 3799 37 17 we
447 3790 63 25 have
522 3799 16 15 a
547 3790 48 24 few

51 3840 83 31 things
164 3839 66 24 done
259 3838 33 31 by
327 3838 181 29 Government,
539 3837 49 24 and

52 3889 42 30 yet
113 3885 102 32 carping
244 3885 89 29 critics,
374 3884 51 25 will
453 3884 46 24 ask
527 3884 67 24 what

52 3935 47 24 has
111 3933 173 24 Government
296 3931 64 24 done
380 3931 38 24 for
430 3931 42 24 the
484 3931 110 30 working

51 3978 81 23 man?
162 3976 53 23 The
237 3975 99 31 present
360 3973 171 25 Government
548 3974 44 23 has

49 4021 64 25 done
139 4027 69 18 more
236 4019 39 25 for
302 4019 41 23 the
371 4017 172 32 workingmen
567 4018 25 24 of

51 4066 92 24 Oxford
159 4065 64 24 than
235 4072 50 24 any
296 4063 115 32 previous
421 4061 171 25 Government

49 4116 56 17 ever
122 4108 49 28 did,
191 4107 50 24 and
261 4107 30 23 he
320 4105 145 31 challenged
494 4106 98 23 contra-

48 4151 102 28 diction,
164 4158 15 17 a
191 4150 154 25 Government
357 4149 94 24 cannct
461 4147 33 24 do
506 4154 84 24 every-

48 4193 73 31 thing
132 4201 6 21 ;
162 4192 61 25 with
247 4200 65 16 some
329 4191 88 32 people
439 4190 22 25 if
477 4189 111 25 Govern-

47 4241 71 22 ment
138 4237 57 25 does
223 4237 61 24 nine
313 4236 84 31 things
418 4237 44 23 out
482 4235 29 25 of
536 4237 52 22 ten.

47 4284 56 30 they
123 4282 31 25 do
178 4282 45 23 not
252 4281 93 24 receive
367 4280 78 25 credit
468 4279 50 24 and
545 4279 45 25 the

45 4325 126 33 gratitude
187 4325 58 31 they
273 4331 42 18 are
332 4323 82 32 surely
432 4322 104 26 entitled
553 4323 35 24 to!

45 4374 47 25 but
115 4381 42 16 are
174 4371 103 25 blamed
300 4371 48 24 and
368 4378 62 17 even
452 4370 94 25 abused
557 4369 31 32 by

44 4426 70 18 some
125 4416 86 33 people
230 4416 106 25 because
365 4415 60 31 they
453 4415 64 25 have
542 4415 46 25 not

45 4461 185 32 accomplished
242 4460 43 26 the
303 4460 83 25 tenth.

1242 62 174 35 OXFORD
1461 65 225 34 OBSERVER
1716 68 173 32 SATTJRD
1908 66 70 36 AY,
2012 63 135 32 APRIL
2198 62 32 35 4,
2272 61 80 30 1896

2949 4223 105 26 Printed
3078 4224 52 26 and
3168 4226 142 27 Published
3337 4229 33 32 Ly
3405 4228 90 26 Laura

2982 4262 84 25 Annie
3088 4263 106 32 Pabish,
3219 4268 27 23 at
3268 4267 48 24 her
3348 4266 149 33 Registered

2981 4306 119 33 Printing
3111 4307 88 31 Office,
3222 4309 70 32 High
3318 4310 92 27 Street,
3433 4310 64 28 Eit

2981 4348 103 31 Oxford,
3094 4351 166 35 Canterbury.

3019 4401 132 28 Satubday
3206 4405 78 26 April
3325 4407 24 24 4.
3374 4407 66 25 1896

2944 235 171 54 WATCH
3156 217 159 101 |*\f
3342 234 148 51 CLOCK

3066 394 302 38 FITTED

3207 456 30 15 AT

2965 489 181 38 Parish's
3175 493 103 37 East
3302 496 162 45 Oxford.

2945 647 319 50 WERTHEIH

3125 745 251 50 SINGER'S

3031 841 84 49 mi
3141 843 344 51 HOUSEHOLD

2987 948 207 43 MACHINE
3241 952 203 45 NEEDLES

2958 1036 122 51 $rm
3114 1037 72 58 l/~
3215 1051 74 48 pr
3326 1040 147 51 mm.

3205 1773 43 22 AT

3010 1841 420 44 PARISH'S

2950 1919 188 36 EAST
3188 1921 295 36 OXFORD

2946 2222 167 21 ^
3113 2222 153 21 nfiEvflSfiHny?
3273 2222 182 21 9j|fittJiiJt|^^^Ki
3467 2236 4 2 -
3501 2234 1 2 -
3527 2230 1 2 '

3094 2484 252 46 NOTICE.

2947 2571 98 56 job
3064 2583 256 58 Printing!

3120 2652 101 45 Job
3243 2653 244 57 Printing

2989 2714 175 32 OXFORD
3221 2714 226 33 OBSERVER

3029 2766 163 40 Machine
3222 2768 182 50 Printing-

3127 2818 168 40 WORKS

2989 2868 90 26 MAIN
3114 2869 145 30 STREET,
3295 2870 150 25 OXFORD.

3015 2947 130 29 THVNE
3197 2947 214 43 TJRINTING

3020 3022 37 31 In
3070 3023 74 40 Any
3157 3021 129 42 Variety
3301 3032 36 20 or
3353 3021 97 38 Style*

2949 3072 310 44 MEMORIAL
3306 3071 182 43 CARDS

2976 3126 51 41 (m
3044 3137 70 20 new
3128 3126 62 30 and
3206 3125 106 31 chaste
3328 3125 138 41 designs)

3130 3172 45 40 5/-
3186 3183 58 30 per
3267 3173 68 30 doz.

3031 3229 177 31 Statement
3226 3229 116 36 Heads,

3031 3269 71 31 Ball
3116 3269 227 40 Programmes.

3033 3311 134 35 Posters,
3182 3309 180 38 Handbills,

3031 3352 170 35 Billheads,
3224 3352 143 39 Cheques

3034 3394 107 30 Letter
3155 3392 60 31 and
3224 3392 83 32 Note
3319 3393 109 31 Heads

3033 3434 169 36 Circulars,
3224 3434 122 37 Menus,

3033 3475 196 41 Catalogues,
3245 3477 55 29 &c.
3313 3476 75 40 ,&c.,
3409 3476 60 31 Ac.

2949 3535 89 38 Sew
3045 3533 130 50 -Styles
3189 3534 40 39 m
3243 3535 167 51 Visiting
3422 3535 69 40 and

3067 3596 169 41 Business
3252 3598 117 40 Cards.

2951 3656 37 30 R.
3011 3655 43 31 H.
3075 3655 123 37 Parish,
3258 3656 189 43 Proprietor.

3034 3719 67 30 The
3118 3719 184 32 NEWEST
3329 3721 162 32 STYLES

2950 3771 32 30 m
2996 3770 135 32 TYPES
3146 3772 63 30 and
3221 3772 266 35 ORNAMENTS

2979 3924 47 46 S.
3066 3925 80 45 W.
3184 3926 278 48 TTJKPIK

2942 3993 253 48 .WATCHMAKER.
3231 3996 175 40 JEWELLER
3433 3998 56 31 &c.

3024 4054 92 33 $[AIN
3131 4055 138 28 STREET
3287 4058 139 26 OXFORD

3146 4107 62 18 near
3219 4101 83 25 Bank.

2437 200 427 48 EUCALYPTUS

2603 264 3 17 '

2433 298 60 21 THE
2509 299 74 21 BEST
2596 300 89 20 HOME
2700 299 143 23 REMEDIE

2492 337 36 15 are
2542 331 37 22 the
2588 332 137 26 preparation
2733 332 28 23 of
2767 332 36 21 the

2377 367 171 23 TASMANIAN
2566 369 188 22 EUCALYPTUS
2768 370 47 21 OIL
2830 370 81 21 COMP.

2405 405 137 26 Universally
2552 406 105 21 admitted
2665 406 37 22 the
2710 407 80 25 BEST,
2801 407 114 21 PUREST

2377 442 44 21 and
2430 444 58 19 most
2497 443 95 21 effective
2603 443 134 27 Eucalyptus
2760 444 105 21 Globulus
2880 444 34 21 Oil

2377 473 33 21 for
2431 473 172 26 INFLUENZA,
2624 475 92 26 Coughs,
2736 476 64 20 Colds
2824 476 44 21 and
2885 477 30 20 all

2377 505 66 20 Chest
2459 505 43 20 and
2510 506 64 25 Lnng
2590 506 114 21 affections
2717 506 78 27 speedy
2803 508 61 21 relief
2873 507 43 22 and

2377 536 56 21 Cure
2451 538 34 19 for
2500 537 158 25 Rheumatism,
2678 538 123 26 Neuralgia,
2815 540 101 26 Sprains-

2376 563 72 21 Burns
2468 564 35 21 &o.

2403 597 135 26 Eucalyptus
2556 598 104 21 Globulus
2677 598 94 23 Extract
2779 600 90 26 sprayed
2883 600 33 21 in-

2376 628 64 22 haled
2456 629 43 21 and
2513 630 66 21 taken
2588 630 118 28 internally
2723 632 34 20 for
2771 632 37 21 the
2825 632 88 27 Throat,

2376 666 99 26 Catarrh,
2492 665 59 27 Hay,
2575 667 99 26 Typhoid
2690 668 43 21 and
2747 669 82 21 Scarlet
2838 670 78 21 Fevers

2378 698 129 22 MEASLES
2519 699 36 22 the
2561 701 56 19 most
2626 699 137 28 satisfactory
2772 700 144 28 preventative

2377 730 43 20 and
2435 729 61 22 Cure.
2523 731 57 21 Send
2594 732 51 20 Post
2660 732 57 21 Card
2726 735 23 18 to
2760 733 36 20 the
2806 734 63 20 Office
2882 735 34 20 for

2377 760 97 23 Circular
2487 762 120 28 describing
2626 764 123 22 treatment.
2775 765 141 28 Eucalyptus,

2377 794 111 23 Ointment
2499 797 36 20 the
2544 797 71 26 Magic
2624 799 80 20 Healer
2717 799 23 20 of
2754 799 70 24 Sores,
2837 800 78 25 Burns,

2378 826 102 26 Wounds,
2496 828 60 21 Boils
2574 830 45 24 &c,
2642 830 138 26 Eucalyptua
2796 831 59 26 Soap
2868 832 43 19 Fra

2377 859 63 23 grant
2450 859 43 20 and
2502 859 125 28 refreshing,
2651 861 133 27 Eucalyptus
2793 862 90 27 Jujubes
2892 869 24 14 or

2377 889 102 21 Pastilles
2488 891 34 20 for
2531 891 37 21 the
2593 892 81 22 Throat
2684 893 44 21 and
2736 893 65 22 Voice
2817 900 30 15 an
2860 894 54 21 anti-

2378 921 68 26 septic
2455 922 43 21 and
2508 923 121 22 stimulant.

2377 953 127 26 Veterinary
2520 956 36 20 Oil
2565 958 44 20 and
2619 958 112 21 Ointment
2739 959 34 19 for
2783 959 37 20 the
2829 960 87 20 stables.

2405 988 30 20 Be
2445 993 48 16 sure
2502 995 44 19 you
2555 990 109 22 Purchase
2678 991 40 22 the
2728 992 104 26 Platypus
2848 992 69 21 brand

2377 1019 52 26 only
2438 1020 22 20 of
2467 1020 30 20 all
2506 1020 114 27 Chemists,
2625 1022 89 22 Grocers
2720 1023 43 21 and
2770 1023 146 28 Storekeepers

2378 1051 44 20 and
2435 1053 23 19 at
2472 1051 37 22 the
2519 1053 65 22 Office
2593 1056 12 20 9
2614 1054 116 21 Cathedral
2739 1061 76 19 square
2824 1056 93 21 between

2378 1082 101 22 Morten's
2493 1084 113 28 Buildings
2613 1088 43 20 and
2666 1087 38 21 the
2712 1087 52 21 Post
2773 1087 72 22 Office.

2542 1120 89 21 Oxford
2641 1121 80 26 Agent

2432 1153 27 22 R.
2469 1153 30 23 H.
2513 1155 120 28 PARISH,
2655 1157 78 22 EAST
2746 1159 121 21 OXFORD

2459 1193 142 27 Eucalyptus
2611 1195 37 21 Oil
2662 1196 31 26 1/-
2706 1203 41 20 per
2756 1197 78 22 bottle.

2401 1347 117 42 HELP
2534 1349 83 42 FOR
2633 1350 87 42 THE
2744 1352 149 42 WEAK.

2380 1455 179 27 VTEBVOUS
2580 1458 70 24 AND
2669 1458 245 32 DEBILITATED,

2380 1484 31 28 1*
2438 1489 64 28 who,
2514 1489 111 32 through
2635 1491 61 31 folly
2714 1493 49 23 and
2775 1494 139 30 ignorance,

2379 1520 64 25 have
2456 1521 79 25 trifled
2547 1530 70 24 away
2628 1524 62 24 their
2701 1524 86 32 vigour
2803 1526 30 32 pi
2842 1526 72 32 body,

2381 1553 78 29 mind,
2472 1554 50 24 and
2533 1555 134 30 manhood,
2680 1559 102 31 causing
2798 1559 116 25 exhaust-

2380 1586 44 32 ing
2441 1586 83 27 drains
2537 1595 66 25 upon
2614 1589 44 25 the
2680 1590 128 26 fountains
2829 1592 25 25 of
2865 1592 49 31 life,

2381 1620 64 25 Loss
2452 1620 26 25 of
2487 1620 102 34 Energy
2598 1623 49 25 and
2657 1623 127 33 Strength,
2796 1625 120 33 Timidity

2380 1653 165 26 Bashfulness
2579 1654 27 25 m
2642 1656 106 33 Society,
2772 1658 142 31 Headache,

2381 1685 135 32 Backache,
2536 1687 179 31 Nervousness,
2739 1690 135 26 Weakness
2892 1692 28 24 of

2382 1718 120 32 Memory,
2513 1720 113 25 Restless
2636 1721 81 32 Sleep,
2726 1723 117 30 Dreams,
2852 1724 65 25 Loss

2382 1750 75 26 Flesh
2469 1752 51 24 and
2532 1752 69 26 Vital
2620 1753 91 30 Power,
2735 1755 138 32 Eruptions
2883 1765 33 17 on

2382 1783 43 25 the
2434 1783 63 26 Face
2509 1785 50 24 and
2570 1785 79 32 Body,
2662 1787 76 26 Want
2761 1789 27 25 of
2797 1789 119 32 Develop-

2382 1818 78 27 ment,
2481 1816 117 27 Varicose
2612 1818 84 31 Veins,
2719 1820 143 33 Incapacity
2880 1823 38 25 for

2382 1848 111 26 business
2506 1858 27 16 or
2544 1851 120 31 pleasure,
2678 1853 104 33 Urinary
2791 1854 125 32 Diseases,

2382 1881 50 24 and
2451 1882 34 24 all
2507 1882 44 26 the
2574 1884 84 25 effects
2680 1886 100 32 leading
2801 1890 26 22 to
2849 1889 67 32 eariy

2383 1914 84 32 decay,
2491 1915 106 32 perhaps
2618 1917 183 33 Consumption
2825 1928 28 17 or
2874 1921 43 25 In-

2382 1947 92 31 sanity,
2486 1955 47 18 can
2558 1949 28 24 be
2598 1950 115 26 ootained
2724 1951 32 32 by
2776 1953 143 32 consulting

2382 1980 139 33 personally
2539 1990 28 17 or
2574 1981 32 33 by
2617 1985 64 29 post,
2716 1985 92 25 FREE
2819 1986 98 26 PROP.

2383 2013 178 32 NOTMANN,
2591 2016 202 33 M.E.,E.M.G.,
2846 2019 72 26 Cam-

2383 2046 85 32 bridge
2480 2047 111 32 Terrace,
2614 2050 112 31 opposite
2749 2051 118 28 Colombo
2880 2053 38 26 St.

2384 2079 99 33 Bridge,
2513 2080 189 29 Christchurch.
2764 2084 53 27 The
2860 2086 59 31 only

2383 2112 228 28 Electrobotanical
2638 2116 97 33 Expert
2768 2119 152 32 advertising

2383 2145 55 26 who
2450 2147 51 24 will
2512 2149 136 29 guarantee
2665 2157 15 18 a
2697 2150 126 33 thorough
2852 2160 66 18 cure.

2385 2179 58 25 Sole
2457 2182 136 29 proprielor
2621 2183 50 23 and
2687 2185 115 29 patentee
2831 2185 28 24 of
2876 2186 43 24 the

2385 2212 59 30 only
2465 2215 150 28 guaranteed
2636 2215 111 24 Electric
2768 2216 72 25 Belts
2870 2218 50 23 and

2385 2244 72 24 other
2468 2245 90 31 special
2580 2246 126 25 electrical
2728 2248 143 31 appliances
2892 2249 28 24 m

2384 2276 42 25 the
2435 2277 116 25 colonies.
2585 2278 91 25 Ladies
2679 2281 7 10 1
2697 2279 96 26 French
2805 2281 114 26 herbace-

2385 2317 43 17 ous
2439 2310 58 31 pills
2517 2310 39 26 for
2583 2311 177 32 irregularities
2782 2314 65 25 from
2870 2323 50 24 any

2385 2350 81 22 cause,
2491 2344 43 23 10a
2556 2345 95 28 posted.
2685 2345 146 32 Pamphlets
2858 2348 61 25 free.

2385 2375 204 26 Testimonial:
2590 2377 99 31 Napier,
2699 2378 97 32 August
2803 2380 46 26 7th
2855 2382 64 23 1895

2384 2408 66 25 Prof.
2460 2408 133 26 Notmann.
2628 2411 67 25 Dear
2706 2411 47 30 Sir,
2788 2413 15 24 I
2811 2414 110 25 received

2384 2449 60 23 your
2450 2442 74 25 letter
2532 2443 49 24 last
2593 2443 75 29 week,
2686 2445 51 24 and
2747 2445 15 24 I
2778 2453 41 17 am
2828 2446 90 25 thank-

2384 2474 37 24 ful
2443 2477 26 22 to
2492 2474 54 25 find
2566 2483 51 23 you
2628 2484 42 17 are
2681 2477 104 26 anxious
2802 2479 27 24 to
2849 2479 71 24 know

2384 2506 43 25 the
2438 2506 107 26 benefits
2562 2508 13 23 I
2587 2509 63 24 have
2662 2509 99 26 derived
2780 2510 61 25 from
2859 2519 61 24 your

2384 2540 141 25 treatment,
2562 2541 48 30 bir,
2638 2542 21 24 it
2686 2543 68 32 gives
2782 2551 40 18 me
2850 2547 70 30 great

2383 2572 114 31 pleasure
2509 2575 26 23 to
2546 2574 92 25 inform
2648 2583 49 23 you
2707 2576 56 25 that
2772 2584 15 17 a
2798 2578 122 31 complete

2384 2604 50 25 and
2445 2606 92 31 perfect
2549 2615 57 17 cure
2617 2607 47 25 has
2683 2608 63 26 been
2768 2609 103 26 effected
2894 2611 26 25 of

2384 2638 43 24 the
2438 2639 116 25 maladies
2566 2640 14 24 I
2598 2642 158 29 complained
2775 2643 26 24 of
2812 2644 26 23 to
2860 2651 58 23 you.

2383 2670 14 25 I
2408 2679 42 16 am
2461 2672 116 32 enjoying
2586 2673 64 31 good
2667 2674 93 30 health,
2772 2676 49 24 and
2832 2683 42 17 am
2882 2684 36 17 re-

2384 2704 82 25 stored
2485 2707 26 23 to
2531 2706 87 32 manly
2639 2706 96 32 vigour.
2770 2708 58 25 P.S.
2864 2709 56 32 Any

2382 2737 103 24 sufferer
2493 2738 112 26 desirous
2612 2739 27 24 of
2643 2742 210 31 communicating
2857 2742 62 25 with

2383 2777 40 17 me
2431 2778 50 23 you
2492 2778 42 17 are
2546 2773 26 23 at
2589 2771 89 33 liberty
2700 2775 26 23 to
2746 2775 56 29 give
2822 2782 45 24 my.
2876 2775 42 24 ad-

2384 2803 75 29 dress,
2471 2803 38 25 for
2519 2803 14 24 I
2549 2804 49 24 like
2608 2812 62 23 your
2685 2806 119 30 practical
2816 2808 103 24 method

2383 2835 25 25 of
2420 2836 142 26 treatment.
2598 2837 29 25 T.
2642 2836 28 27 0.
2685 2839 116 25 Simpson.

2461 2971 366 46 IMPORTANT

2381 3078 84 31 ALL
2495 3078 122 32 WOOL
2640 3079 172 31 EOSLYN
2832 3079 87 30 AND

2419 3154 296 32 WELLINGTON
2739 3154 151 32 TWEED

2529 3222 257 41 SUITS

2424 3289 68 41 35/-
2510 3289 87 32 Suits
2611 3290 147 31 Eeduced
2766 3293 34 28 to
2824 3290 67 40 25/-

2424 3351 68 41 --4-
2833 3351 67 40 35/-

2424 3400 149 32 Trousers
2587 3401 63 30 and
2665 3399 74 32 Vest
2805 3399 75 41 13/6

2619 3460 52 23 AT

2410 3514 196 32 PARISH'S
2633 3515 90 30 East
2746 3514 145 31 Oxford.

2384 3650 175 31 OXFORD
2603 3648 190 32 LIBRARY
2833 3648 88 32 AND

2475 3700 199 32 READING
2694 3700 132 32 ROOM.

2380 3808 55 26 The
2464 3808 94 26 Oxford
2584 3808 106 32 Library
2717 3808 23 25 is
2766 3815 63 25 open
2851 3815 71 25 every

2380 3852 115 33 Tuesday
2506 3852 51 24 and
2578 3852 122 31 Saturday
2855 3850 66 25 from

2382 3896 58 24 630
2452 3903 69 23 p.m.,
2544 3896 25 23 to
2590 3896 15 23 8
2617 3902 71 23 p.m.,
2712 3894 51 24 and
2768 3900 12 13 '*
2793 3901 34 18 on
2850 3901 71 25 every

2380 3938 120 25 alternate
2512 3937 133 32 Thursday
2669 3936 139 30 afternoon,
2840 3936 80 34 (Sale-

2379 3981 71 33 days)
2473 3980 66 26 from
2551 3982 61 23 230
2622 3988 66 24 p.m..
2704 3982 28 23 to
2744 3981 14 24 5
2770 3987 61 25 p.m.
2868 3980 53 26 The

2571 4031 25 21 L.
2613 4029 127 32 REEVES,

2662 4069 69 24 Hon.
2744 4068 142 26 Librarian.

2431 4111 176 25 Subscription
2620 4112 38 32 2/-
2669 4120 51 17 per
2739 4112 130 30 Quarter.

2440 4219 215 44 HOLLAND
2690 4221 158 44 FINISH

2558 4276 158 44 CALICO

2489 4338 66 34 3d.
2590 4348 73 31 per
2683 4343 116 38 yard.

2633 4419 35 26 at

2489 4465 38 31 R.
2545 4465 42 32 H.
2609 4465 199 36 PARISH'S

1320 208 119 89 E.
1505 208 135 89 H.
1696 203 518 94 PARISH

1467 348 198 58 EAST
1711 348 327 61 OXFORD

1421 477 48 31 IS
1499 475 124 34 NOW
1652 477 59 34 IN
1741 478 228 34 RECEIPT
2000 477 65 33 OF

1409 533 34 20 Ex
1452 533 169 22 RIMTJTAKA
1630 536 64 19 AND
1705 534 103 21 OTHER
1817 536 113 21 DIRECT
1941 536 166 24 STEAMERS,

1199 618 3 3 .
1238 617 4 4 .
1270 627 4 4 .
1345 579 297 48 .SUMMER
1687 627 2 3 .
1722 581 249 56 SEASON,
2045 581 128 47 1895.

1196 677 524 91 PRINTS!
1755 677 588 95 PRINTS!!

1268 827 579 113 Ginghams,
1942 830 340 99 Drills,

1194 980 292 87 Dress
1555 981 395 87 Tweeds
1990 983 111 86 4s
2167 981 179 88 lid

1442 1103 62 20 THE
1517 1105 79 21 FULL
1607 1104 94 20 DRESS
1716 1105 89 20 WITH
1817 1105 112 22 LINING
1943 1105 59 22 FOR
2016 1107 87 21 BODY.

1417 1197 78 30 has
1510 1196 190 32 received
1719 1206 25 22 a
1760 1199 293 38 consignment
2070 1199 45 31 of

1193 1244 299 60 Messrs
1551 1247 418 60 Johnsons
2022 1248 69 59 &
2148 1249 203 58 Sons

1367 1327 268 58 GREAT
1697 1329 449 60 YARMOUTH

1256 1413 229 88 OIL
1566 1413 696 96 CLOTHING

1373 1547 790 82 ENOEMOUS^EDUCTIONS

1198 1674 432 94 MAIDS
1759 1681 594 94 TJLSTEBB

1312 1813 455 87 Reduced
1810 1821 104 81 to
1957 1818 114 84 2s
2115 1818 198 87 6d..

1556 1975 39 29 36
1617 1977 33 28 to
1671 1975 41 29 45
1725 1974 105 32 inches
1851 1976 86 41 deep.

1424 2063 421 22 ,
1849 2067 156 16 *

1191 2124 81 36 rpHE
1291 2122 116 34 question
1417 2121 23 25 is
1451 2120 100 25 natural
1611 2119 67 33 Why
1689 2119 61 26 send
1765 2121 26 24 to
1803 2119 180 26 Christchurch
2002 2121 39 25 for
2058 2130 62 24 your
2138 2123 110 33 Drapery
2256 2125 13 24 ?
2303 2125 52 26 The

1198 2146 20 36 1
1255 2157 105 31 drapery
1371 2155 54 25 sold
1434 2156 25 22 m
1469 2154 56 24 that
1537 2154 51 31 city
1600 2161 72 23 every
1684 2161 46 17 one
1742 2153 95 30 knows,
1849 2154 23 24 is
1884 2155 45 24 not
1939 2155 73 25 made
2024 2156 77 28 there,
2120 2155 46 27 but
2176 2157 130 32 imported.
2342 2159 14 25 I

1194 2191 94 30 import
1299 2190 65 23 from
1374 2189 45 23 the
1429 2187 55 24 best
1494 2186 109 31 English
1614 2186 52 24 and
1682 2186 89 24 Scotch
1783 2186 101 24 houses.
1929 2187 73 24 lam
2013 2187 107 25 enabled
2129 2190 27 23 to
2166 2191 125 30 purchase
2308 2192 47 25 low

1193 2224 51 24 and
1254 2222 45 25 sell
1311 2223 26 23 at
1347 2229 15 16 a
1373 2222 53 22 rate
1439 2219 26 24 of
1475 2218 74 32 profit
1562 2219 54 31 (my
1627 2225 120 23 expences
1759 2218 72 31 being
1842 2218 83 32 small)
1937 2220 58 23 that
2005 2220 84 24 would
2100 2220 31 26 be
2148 2223 146 25 considered
2313 2225 43 24 ab-

1194 2256 59 25 surd
1265 2255 32 31 by
1313 2262 49 24 any
1381 2250 180 28 Christchurch
1585 2250 199 25 establishment.
1838 2251 44 32 My
1904 2251 77 25 Stock
2000 2252 21 24 is
2040 2252 44 25 the
2103 2253 95 33 largest
2216 2256 51 24 and
2289 2258 68 25 most

1193 2289 96 26 tvaried
1299 2288 57 26 that
1365 2286 46 25 has
1422 2293 58 18 ever
1489 2285 64 24 been
1565 2283 87 26 shown
1662 2283 28 26 m
1701 2283 44 26 the
1756 2284 104 30 district,
1873 2284 51 25 and
1935 2284 38 25 for
1984 2285 93 32 quality
2097 2288 49 24 and
2165 2287 72 26 value
2254 2291 59 30 puts
2330 2291 27 25 m

1193 2324 31 23 he
1236 2322 78 24 shade
1331 2320 76 32 goods
1419 2318 92 25 offered
1523 2317 33 31 by
1568 2317 103 31 visiting
1683 2316 117 26 hawkere
1811 2318 64 24 from
1887 2317 44 25 the
1948 2318 183 27 Christchurch
2143 2328 46 25 rag
2200 2324 88 23 marts.

1226 2375 95 25 Dress
1332 2373 166 30 Materials,
1511 2370 88 26 Plain
1611 2371 60 25 and
1682 2370 104 31 Fancy
1797 2371 81 24 from
1890 2370 51 26 3d.
1954 2377 55 25 per
2017 2373 86 29 yard.

1227 2434 27 26 A
1271 2434 110 28 Strong
1397 2432 88 26 Stout
1501 2431 134 25 Durable
1653 2429 126 31 Kaiapoi
1796 2429 115 26 Tweed
1926 2429 52 33 2/6
1990 2436 55 25 per
2056 2432 76 29 yard

1827 2472 109 25 Makes
1947 2474 156 24 first-class
2120 2474 91 31 Boys'
2230 2475 91 27 Suits.

1226 2527 58 26 Art
1301 2525 139 30 Muslins,
1460 2523 157 31 Cretones,
1636 2522 80 26 Lace
1735 2521 140 27 Curtains
1893 2521 55 26 &c.

1227 2596 25 30 A
1270 2595 111 26 Choice
1398 2592 168 27 Collection
1584 2592 33 25 of
1631 2591 122 31 Gloves,
1780 2591 78 31 Ties,
1888 2591 130 31 Aprons,
2048 2591 167 27 Insertions
2233 2593 54 25 &c.

1227 2645 121 31 Striped
1365 2643 125 26 Galatea
1506 2642 55 33 4/6
1573 2648 55 25 per
1639 2642 107 30 dozen,
1776 2641 103 25 worth
1890 2641 49 25 9d.
1958 2647 55 25 per
2030 2642 85 30 yard.

1226 2707 104 25 Prints
1341 2706 80 24 from
1433 2704 53 25 4d.
1498 2709 55 26 per
1564 2703 85 30 yard.
1663 2702 139 31 Muslins,
1816 2701 139 31 Selesias,
1969 2700 126 33 Calicos,
2109 2702 55 26 &c.

1814 2745 88 25 With
1919 2745 88 25 other
2024 2745 194 26 Manchester
2233 2748 87 31 lines.

1226 2802 89 30 Hats,
1334 2801 104 30 Fancy
1454 2799 61 25 and
1531 2798 107 31 Sailor,
1656 2799 32 23 m
1704 2797 105 25 White
1827 2797 60 24 and
1904 2796 117 26 Colors.

1772 2840 126 26 Newest
1915 2839 123 33 Shapes.
2074 2839 97 32 Large
2187 2842 133 34 Variety,

1226 2898 149 30 Flowers,
1393 2895 155 30 Feathers,
1567 2893 148 31 Ribbons,
1735 2892 105 31 Laces,
1859 2891 75 32 Jets,
1954 2891 55 26 &c.

1699 2933 89 26 With
1804 2933 42 25 all
1862 2932 185 26 necessaries
2064 2932 47 26 for
2128 2932 192 31 Trimmings.

1225 2988 105 31 Fancy
1345 2987 140 29 Frillings
1504 2985 78 32 3yds
1593 2984 47 25 for
1650 2984 36 33 1/-
1704 2983 102 25 worth
1817 2982 51 31 9d,
1886 2986 56 27 per
1952 2982 83 30 yard,

1763 3026 183 31 Umbrellas,
1964 3026 153 29 Parasols,
2135 3026 184 31 Sunshades,

1341 3108 334 46 SPECIAL,
1762 3104 424 43 PUHCHi.SE

1193 3173 111 33 BOYS
1335 3170 91 32 AND
1456 3166 173 34 YOUTHS
1668 3163 218 33 COLONIAL
1918 3161 156 32 TWEED
2100 3162 253 36 OVERCOATS

1678 3226 78 31 with
1778 3224 97 41 Capes

1470 3290 93 30 From
1586 3288 66 30 17s.
1697 3285 51 31 6d.
1793 3283 102 32 worth
1938 3284 67 30 255.
2052 3283 51 30 6d.

1346 3355 197 35 Men's
1586 3351 228 34 Tweed
1857 3351 350 35 Overcoats

1669 3405 96 30 From
1789 3405 65 30 15s.

1380 3464 731 21 JI^VVVVVVVVV\V\V\V\VVVV\\V\VVVVV\VV\\V\VV\\\^^^

1191 3575 134 42 English
1339 3577 129 40 Witney
1476 3577 150 31 Blankets
1641 3579 34 27 to
1690 3576 38 31 be
1743 3574 68 33 sold
1826 3578 33 27 at
1868 3574 61 31 less
1936 3573 79 29 than
2028 3571 183 31 Melbourne
2224 3570 131 32 Whole-

1191 3628 64 31 sale
1276 3631 127 40 price
1403 3629 121 32 Double
1539 3628 68 31 Bed
1625 3627 69 31 Size
1717 3628 64 29 12s.
1808 3626 48 30 6d.
1908 3624 102 31 worth
2026 3624 66 30 16s.
2131 3623 50 30 6d.
2202 3632 57 30 per
2272 3623 78 40 pair.

1359 3701 131 38 cheaper
1503 3699 78 29 than
1596 3694 227 33 Christchurch
1837 3695 114 30 houses
1965 3693 65 32 will
2045 3693 58 30 sell
2117 3692 95 31 them.

1233 3826 71 32 R.
1332 3824 82 33 H*
1449 3822 316 33 PARISH.
1826 3820 155 32 East
2030 3819 261 33 Oxford.

1425 3943 269 36 "'LOCAL

1308 3993 403 45 BARLOW
1754 3991 168 41 AXTD
1968 3989 277 42 PRICE

1492 4045 195 42 Coventry
1724 4041 114 44 Cycle
1887 4040 131 35 Works

1356 4100 38 29 88
1417 4096 201 33 COLOMBO
1643 4094 174 35 STREET,
1863 4092 346 31 CHRISTCHURCH.

1188 4160 57 31 We
1260 4161 119 39 having
1393 4161 95 29 taken
1503 4169 74 20 over
1589 4158 54 28 the
1657 4156 72 30 well
1743 4156 116 28 known
1868 4153 113 36 works,
1997 4154 181 39 machinery
2188 4154 61 30 and
2259 4155 91 30 stock

1187 4203 34 28 m
1233 4202 91 29 trade
1338 4201 79 31 wish
1430 4203 34 28 to
1478 4200 113 29 inform
1606 4197 54 30 the
1682 4196 106 40 public
1802 4195 70 29 that
1885 4204 47 20 we
1948 4204 52 20 are
2014 4196 153 39 prepared
2180 4198 34 28 to
2234 4196 114 30 under-

1187 4242 73 31 take
1275 4242 104 29 orders
1393 4242 49 29 for
1455 4250 69 21 new
1537 4238 159 31 machines
1711 4237 63 29 and
1789 4238 128 28 execute
1936 4236 119 39 repairs
2077 4238 33 27 at
2132 4236 54 30 the
2211 4237 137 31 shortest

1319 4282 103 30 notice
1435 4282 50 29 for
1506 4280 42 30 all
1562 4279 93 29 kinds
1670 4277 36 30 of
1715 4276 215 40 Engineering
1943 4277 64 29 and
2019 4275 94 41 Cycle
2125 4276 96 32 work.

1351 4334 127 22 SPECIAL
1491 4331 178 24 ATTENTION
1684 4331 96 22 GIVJUN
1794 4330 38 21 TO
1846 4329 142 22 COUNTRY
2003 4329 124 24 OEDEES.

1187 4375 120 40 Racing
1321 4372 161 31 Machines
1505 4372 62 31 and
1589 4370 99 39 Light
1710 4369 168 32 Roadsters
1894 4378 19 20 a
1927 4369 157 41 specialty.
2127 4369 49 32 No
2191 4370 155 42 imported

1185 4416 157 32 machines
1356 4413 77 40 kept
1447 4414 32 29 m
1494 4412 99 31 stock,
1609 4411 43 30 all
1667 4410 88 31 work
1767 4410 81 30 done
1862 4419 41 21 on
1917 4410 54 30 the
1993 4412 157 38 premises.
2203 4413 32 29 A
2258 4414 88 39 large

1215 4457 91 33 stock
1319 4455 36 32 of
1365 4455 125 39 Lamps,
1503 4452 94 37 Bells,
1613 4452 62 30 and
1692 4451 129 32 Saddles
1835 4461 40 20 on
1888 4450 86 31 hand
1988 4454 33 28 at
2033 4453 115 30 reduce
2159 4453 131 40 dprices.

623 483 252 76 JQSEI^
919 488 248 77 LOUGH|

768 564 246 38 UMDfRTAKER.
1141 565 20 27 f

737 589 319 55 EAfc;OXFORD.
1143 594 26 38 'V

657 660 103 32 Having
767 652 185 45 jug^|feported
961 659 63 25 from
1032 659 127 32 England,

623 710 55 16 new
700 701 118 32 liesigns,
853 710 54 16 new
936 702 151 31 Trimmings
1111 702 49 24 and

624 746 87 29 Robes,
885 747 26 22 to
920 745 108 24 conduct
1036 745 125 24 Funerals

624 785 96 29 Adults,
739 787 26 22 at
779 785 45 24 5.
838 785 50 24 and
901 784 123 30 upwards,
1048 783 113 33 polished

624 828 94 28 coffin?-
808 827 195 25 silvermounted
1026 827 135 24 Furniture

624 872 76 25 From
713 871 46 25 8.
778 870 132 32 according
922 872 25 23 to
970 870 116 32 Designs.
1122 870 39 24 No

624 917 69 22 extra
705 915 87 31 chjtfgo
805 915 38 23 for
856 915 95 23 Hearse
975 922 28 16 or
1022 921 64 23 open
1102 913 58 25 Car-

623 957 74 31 riage.
711 953 33 35 ;.*'

656 1000 31 25 N.
718 999 29 25 B.
779 998 92 25 Coffins
894 998 59 30 kept
975 999 26 23 m
1031 998 70 25 stock
1123 998 39 25 for

624 1046 184 29 urgenti,cases.

645 1196 221 24 O3LFOia3D
913 1194 236 22 BAKBBT

727 1241 214 30 Established
967 1239 78 29 1862

673 1306 124 29 FLOUR,
809 1306 55 25 best
875 1305 81 26 brand
967 1305 59 31 only
1038 1305 67 31 kept.

625 1350 143 28 SHARPS,
805 1348 205 29 OATMEAL,
1047 1347 109 25 BRAN

714 1392 293 28 CHICKENWHEAT,
1025 1393 43 23 &o.

650 1437 40 20 AT
718 1436 122 20 LOWEST
869 1435 141 21 CUREENT
1038 1434 105 24 RATES,

713 1545 53 46 F.
799 1544 49 46 B.
871 1542 190 57 LANE.

730 1621 91 39 (Late
836 1620 38 29 E.
895 1618 160 40 Butcher.)

626 1680 251 34 Watchmaker,
908 1678 182 34 Jeweller,
1108 1676 52 31 &c.

624 1730 124 31 Importer
782 1729 27 25 of
849 1727 108 25 Musical
991 1727 172 25 Instruments

724 1766 112 25 Victoria
857 1766 38 25 St.
927 1765 134 31 Rangiora.

627 1845 99 32 Special
737 1845 71 24 value
830 1843 28 25 m
881 1843 80 24 Extra
984 1843 87 30 strong
1083 1840 80 25 Cased

626 1889 87 32 highly
721 1886 110 26 finished
844 1885 109 32 English
971 1885 79 25 Lever
1060 1884 102 25 Watch-

626 1940 34 17 es.
707 1929 191 27 Manufactured
915 1930 26 24 to
964 1935 43 24 my
1035 1928 73 24 order
1128 1926 34 31 by

626 1972 54 25 best
692 1971 105 25 London
815 1969 108 25 makers.
958 1966 158 33 Unequalled
1124 1966 39 25 for

626 2015 122 26 excellent
762 2013 179 31 Timekeeping
955 2011 51 25 and
1017 2010 145 32 durability.

659 2059 29 25 F.
707 2058 30 25 B.
750 2057 97 25 LANE
859 2055 141 33 personally
1022 2055 72 25 visits
1114 2054 48 25 Ox-

626 2102 54 26 ford
700 2101 125 32 monthly,
850 2099 115 33 carrying
984 2107 16 16 a
1022 2098 68 32 large
1114 2097 49 26 and

627 2146 84 24 choice
746 2145 70 24 stock
845 2144 26 24 of
903 2143 128 28 Watches,
1059 2142 103 28 Chains,

629 2189 133 26 Brooches,
771 2187 90 30 Rings,
872 2187 86 26 Studs,
974 2185 130 24 Pendants
1116 2187 48 26 etc,

631 2230 141 32 Spectacles
793 2228 125 33 (Pebbles,
934 2227 169 31 Pantoscop&c
1115 2227 50 24 and

630 2273 108 33 Crystal)
751 2272 96 29 Clocks,
868 2271 106 33 (Marble
995 2270 50 24 and
1063 2269 102 34 Wood,)

728 2315 156 25 Accordeons
896 2314 50 24 and
958 2314 106 24 Violins.

661 2361 81 24 Exact
754 2359 57 25 date
824 2358 26 26 of
861 2357 62 25 each
934 2357 60 25 visit
1017 2357 22 24 is
1050 2356 107 24 notified

776 2403 29 24 m

628 2448 115 24 Repaiks.
779 2446 42 25 All
831 2446 95 30 repairs
944 2452 42 17 are
1003 2444 119 24 executed
1133 2443 31 32 by

627 2490 93 33 myself
741 2497 27 17 or
784 2488 80 25 under
880 2495 43 24 my
944 2486 221 33 superintendence

629 2542 26 17 so
678 2534 56 25 that
753 2535 102 30 patrons
868 2539 46 17 can
937 2531 52 32 rely
1012 2538 33 18 on
1068 2530 98 31 getting

629 2577 154 25 satisfaction
793 2578 26 23 at
831 2576 43 25 the
886 2582 58 24 very
956 2574 86 25 lowest
1051 2574 113 31 charges.

661 2620 105 32 Repairs
778 2627 27 17 or
814 2619 84 24 orders
908 2625 57 24 may
977 2618 30 23 be
1016 2617 45 25 left
1073 2618 26 23 at

628 2669 26 24 J.
673 2667 134 30 Weeber's,
842 2667 64 24 East
930 2665 101 25 Oxford,

627 2714 27 23 at
677 2712 40 25 W.
741 2711 36 24 M.
801 2711 38 28 C,
864 2711 64 24 East
953 2709 101 24 Oxford.

627 2755 25 25 J.
669 2755 100 28 Brown,
782 2752 160 30 Bootmaker,
968 2752 70 24 West
1063 2750 100 26 Oxford.

628 2798 39 25 W.
681 2798 24 24 J.
720 2796 117 26 Crothers
847 2797 19 23 &
879 2796 44 24 Co.
932 2813 5 6 .
960 2795 69 25 Cust.
1048 2789 6 4 '

660 2841 55 25 and.
727 2840 52 26 will
786 2839 30 25 be
827 2838 126 33 promptly
966 2838 118 25 attended
1095 2838 35 24 to.

629 2885 54 31 All
694 2884 99 32 Work
805 2884 78 30 done
895 2893 39 20 on
949 2883 54 29 the
1015 2882 150 31 Premises

751 2936 62 30 and
829 2934 199 41 guaranteed.

630 3038 90 36 MR
742 3036 64 40 W.
833 3035 49 40 N.
908 3033 257 45 CATHRO,

670 3107 182 23 BARRISTER
866 3106 68 22 AND
950 3104 174 24 SOLICITOR.

779 3148 233 32 RANGIORA.

624 3202 134 31 Attends
774 3201 122 31 Oxford
911 3211 38 20 on
962 3200 97 31 Court
1067 3199 96 40 Days.

624 3275 169 25 Instructions
801 3274 33 32 by
845 3275 57 31 post
913 3272 52 27 will
975 3272 94 25 receive
1080 3280 83 23 prom-

789 3314 29 30 pt
847 3312 132 25 attention.

747 3361 108 21 MONEY
883 3360 37 21 TO
949 3360 89 20 LEND.

674 3443 45 57 S.
753 3445 50 46 B.
827 3441 307 53 SEYMOUR,

777 3527 5 8 ,
824 3511 139 26 DENTIST,

665 3559 26 21 21
694 3558 12 21 5
721 3555 105 22 Colombo
841 3554 82 24 Street,
947 3551 170 22 Christchurch.

794 3626 180 23 CHARGES:

692 3671 94 25 Filling,
801 3669 23 21 sfc
833 3676 7 18 ;
875 3668 134 20 Extraction
1019 3668 24 19 2s
1058 3665 37 22 6d.

649 3737 96 20 Nitrous
754 3733 61 22 Oxid
824 3732 47 21 Gas
880 3730 172 22 Administered
1057 3730 38 21 for
1102 3729 61 22 Pain

621 3779 46 21 less
676 3775 135 23 Extraction
821 3774 25 21 of
854 3772 81 21 Teeth.
969 3772 46 21 Fee
1024 3771 37 21 for
1069 3771 94 21 Admin-

622 3815 110 23 istration
743 3814 31 19 ss.

679 3892 108 28 CHILD
799 3890 109 26 BIRTH
921 3888 96 30 SAFE,
1031 3888 74 23 AND

730 3934 138 26 ALMOST
877 3931 173 26 PAINLESS

624 3979 90 67 BY
760 3978 74 31 using
870 3975 49 25 DE
964 3973 197 25 FAWCETT'S
1168 3962 2 26 1

724 4010 133 26 Medicine.

654 4055 71 25 MRS
748 4050 166 28 BURRELL
937 4049 61 32 begs
1021 4049 26 24 to
1069 4049 91 23 inform

621 4094 42 24 the
674 4092 93 25 Ladies
778 4091 58 25 that
844 4090 45 25 she
898 4089 47 24 has
954 4087 64 25 been
1026 4085 132 31 appointed

620 4133 58 25 Sole
697 4132 75 31 agent
793 4130 28 25 m
845 4125 179 28 Christchurch
1052 4124 36 25 for
1116 4124 44 25 the

619 4171 77 24 above
707 4168 126 25 Medicine
845 4169 26 22 to
886 4164 118 26 facilitate
1019 4161 139 26 Accouche-

620 4211 86 24 raents.
741 4207 91 26 Ladies
843 4214 49 17 can
913 4205 32 24 be
966 4201 114 34 supplied
1099 4200 61 26 with

619 4248 41 24 the
683 4247 75 24 above
780 4245 34 32 by
838 4243 106 31 sending
967 4249 28 17 or
1017 4240 93 31 calling
1132 4240 27 23 at

617 4287 42 24 Mr
680 4285 122 26 Burrell's
824 4282 184 33 Photographic
1031 4280 71 32 place
1134 4278 27 25 of

617 4326 124 26 business,
753 4324 106 25 Gould's
882 4322 134 31 Buildings
1018 4339 6 12 s
1046 4318 112 28 Victoria

619 4365 88 28 Street,
721 4362 183 30 Christclrarch,
923 4360 84 26 where
1026 4358 35 26 all
1080 4357 77 26 infor-

617 4405 96 25 mation
741 4410 46 17 can
815 4402 32 24 be
874 4399 119 27 obtained
1019 4398 59 28 free,
1108 4397 51 26 and

616 4441 118 34 perfectly
777 4439 157 31 satisfactory
946 4463 3 2 .
965 4437 51 26 and
1050 4435 107 33 genuine

617 4479 165 29 testimonials
794 4485 49 18 can
854 4476 31 26 be
895 4483 68 18 seen.
