2520 4020
41 604 40 47 ':''
156 637 7 14 f
169 606 112 48 ,',25.2..1

34 37 2424 2 THE

34 38 383 139 NEW
544 38 893 139 ZEALAND
1565 38 893 139 GAZETTE

34 177 2424 148 AND

34 325 1155 148 WELLINGTON
1304 325 1154 148 SPECTATOR.

583 495 219 38 PUBLISHED
847 495 131 38 EVERY
1021 495 257 41 WEDNESDAY
1320 495 88 39 AND
1452 495 229 41 SATURDAY
1726 496 203 39 MORNINC.

644 611 110 31 PORT
776 611 261 38 NICROLSON,
1056 611 268 35 WEDNESDAY
1345 612 212 35 MORNING,
1579 612 110 32 JUNE
1711 615 30 34 7,
1767 616 89 28 1843.

2244 615 94 42 [Vol.
2359 618 52 39 IV,

47 708 54 22 Fox
271 698 7 14 1
295 696 61 31 ancf
360 694 76 37 "Say'
452 703 30 23 of
508 703 120 26 Islands,

144 733 119 26 -calling
278 734 28 20 at
319 729 116 28 Poverty
448 731 65 25 Bay.

86 761 83 40 »JS^^
212 769 91 32 *rPHE
327 774 108 16 scnooner.
457 768 124 26 Columbine,
602 769 27 20 68

76 790 119 38 iSlti^v
219 790 30 28 -^-
287 799 49 18 tons
354 792 102 29 burthen,
476 795 30 21 A.
529 795 101 21 Stratton

73 816 132 33 fS^Sc^y
224 819 101 32 rrtastef,,
333 821 20 21 is
370 818 61 30 dairy
449 821 113 27 expected,
584 820 45 22 arid

279 849 57 21 h^ve
344 847 129 22 immediate
482 847 101 28 dispatch
595 848 35 21 for

43 870 167 36 .iSSSSSSOP
242 883 20 15 Ie
273 876 70 21 above
357 879 68 22 ports.
452 874 44 22 For
506 874 84 27 freight
605 881 25 15 or

163 912 21 14 ,-.
222 909 99 21 passage,
332 901 66 28 apply
409 905 22 18 to

207 954 9 6 
307 935 75 28 HORT,
399 936 114 21 MOCATTA
525 936 21 23 &
561 935 39 22 Co.

75 972 32 22 Te
117 972 55 26 Aro,
184 971 55 27 May
250 972 32 25 11,
295 959 61 33 ife

172 1038 3 3 .
191 1021 59 23 .For
264 1019 107 31 Sidney
386 1018 93 22 direct.

52 1048 104 41 <?ss2g£i
178 1056 115 33 cTpHB
306 1056 125 26 brjgantine
454 1056 172 25 VANGUARD,

61 1080 3 4 '
76 1090 103 25 MHhKt^T
208 1078 29 26 JL
275 1082 130 22 Alexander
426 1082 94 22 Newton
539 1086 89 23 master,

45 1103 148 39 •HvKlßfr
215 1115 18 15 w
235 1109 23 21 '^
269 1116 25 14 sa
294 1109 54 26 ilAn-
353 1115 13 14 a
375 1109 11 20 f
384 1115 32 14 ew
425 1108 60 28 days.

45 1130 152 34 agBESJBa
205 1159 3 5 ,
222 1157 2 4 .
242 1135 45 22 For
295 1135 82 26 freight
394 1142 24 14 or
422 1147 4 19 ;
434 1142 98 20 passage,
541 1135 87 30 paving

216 1161 107 23 excellent
331 1161 199 22 accommodations
537 1161 34 21 for
579 1168 50 20 pas-

217 1187 174 30 sengefs7~apply
401 1189 23 19 to
439 1187 36 22 the
493 1187 93 28 Captain
598 1195 29 14 on

45 1216 78 27 board,
135 1223 25 15 or
169 1218 29 19 td-
208 1213 3 19 *>
246 1212 6 14 r
299 1216 10 14 l!
381 1221 2 6 '
431 1213 81 13 >'•>-.
548 1216 13 7 ->

240 1260 3 4 .
272 1250 3 8 ■
285 1253 3 5 ■
318 1258 9 6 t
365 1239 81 23 Waitt
459 1239 43 23 and
518 1240 84 22 Tyser.

73 1270 143 26 Wellington,
228 1268 62 21 June
299 1269 21 24 6,
332 1268 62 20 1843.

169 1309 125 25 Wanted'
301 1313 29 19 to
346 1303 165 35 Exchange,.

44 1347 53 49 A
112 1342 148 26 COUNTRY
282 1340 147 29 SECTION,-
435 1340 43 24 No.
496 1342 28 22 37
541 1347 29 17 on
591 1342 39 22 the

125 1372 131 26 Surveyor's
268 1370 70 27 iPlan,
354 1369 81 22 chosen
452 1369 30 27 by
499 1368 45 22 Mr.
564 1368 66 22 Child

47 1403 23 18 at
85 1399 38 21 the
139 1399 136 24 Manawatu,
292 1397 33 21 for
339 1404 30 14 an
387 1396 129 22 unsielected
529 1396 100 26 Country

47 1426 88 22 Section
146 1425 24 21 in
181 1425 37 21 the
228 1424 60 22 First
297 1423 138 28 Settlement.
462 1422 79 29 Apply,
549 1427 22 17 to
579 1429 4 5 '

303 1476 3 4 ,
316 1474 4 3 -
332 1456 35 22 W.
382 1456 29 21 V.
426 1456 105 26 Brewer,
548 1456 45 27 Esq
596 1470 17 13 v

75 1486 114 26 Februarj'
200 1484 33 25 17,
245 1486 61 19 1843.

51 1537 89 51 FOR
153 1535 85 26 SALE,
254 1542 29 15 ex
297 1536 116 25 Margaret;
423 1535 47 26 &c,

122 1564 26 21 25
163 1564 77 25 tierpes
249 1563 57 26 beef,
417 1579 2 5 ,
456 1571 2 5 ■

75 1592 14 20 3
103 1594 50 17 tons
162 1589 99 25 colonial,
267 1589 51 27 hay,
389 1606 4 4 .
483 1607 4 4 .

75 1618 14 21 3
102 1619 52 19 tons
163 1613 61 25 Siam
233 1623 74 20 sugar,
318 1616 4 3 '
445 1632 4 3 .
488 1634 3 5 .

75 1646 29 20 30
116 1643 85 22 barrels
210 1642 86 22 bottled
304 1641 42 28 ale,
497 1644 5 4 '
523 1644 5 6 '

76 1672 27 20 50
116 1670 69 21 boxes
194 1672 42 19 tea.
346 1674 3 3 '
509 1675 7 24 \
550 1677 1 5 '
598 1675 9 23 .'

75 1698 27 20 50
116 1696 40 23 ash
169 1703 57 20 oars,
513 1695 3 4 '
544 1705 6 4 -
598 1695 3 3 '
610 1705 11 7 »

76 1725 27 20 30
116 1726 49 19 tons
175 1723 56 27 coal,
590 1744 3 4 .
610 1742 4 5 ,

76 1750 58 27 Port,
145 1749 84 28 sherry,
240 1749 45 22 and
301 1749 101 23 Madiera
410 1749 28 29 in,
448 1748 75 27 bottle,
534 1747 97 23 Ruthef-

48 1777 49 22 ford
108 1776 43 22 and
160 1777 95 27 Drur>'s
266 1776 83 27 brand,'
415 1773 5 10 l
439 1792 3 4 .l.
442 1775 3 8 l

76 1804 102 26 Liquers;
186 1803 24 21 in
221 1803 72 22 dozen
302 1810 68 19 cases,

76 1830 150 27 Champagne,

76 1856 96 27 Brandyj
183 1864 56 19 rum,
251 1857 46 22 and,
302 1856 49 28 gin.
352 1856 24 21 in
385 1855 72 28 hhds.,

75 1884 26 21 30
116 1887 48 18 tons
174 1884 49 21 best
233 1883 90 28 Sydney
336 1883 64 26 flour,

77 1911 27 21 50
118 1909 51 22 toh's
165 1907 3 10 1
179 1909 87 23 Chilian
275 1910 66 26 fl:our,
353 1917 28 17 qx
392 1909 103 25 Cheerful.

362 1944 83 21 Waitt
458 1940 44 25 and
516 1943 84 23 Tyser.

51 1989 65 47 TO
135 1989 40 21 BE
195 1988 87 31 SOjLD,
297 1988 80 27 in,-lojs
378 2010 13 8 <i
391 1991 23 24 fo
433 1989 56 30 su^t,,
492 1988 139 28 purchasers

115 2015 37 21 the
167 2014 79 22 whole'
255 2015 27 21 of
292 2018 58 18 town
365 2022 50 16 acre
428 2013 47 24 TSo'.
483 2015 47 26 134,
543 2018 34 20 fyn
591 2014 40 21 the

48 2039 51 27 plan
111 2041 24 20 of
139 2040 109 22 the/lWn
256 2041 24 20 of
283 2040 142 27 Wellington,
430 2039 201 28 havingfrontages

48 2070 23 16 to
81 2066 190 21 Taraivaki-street
280 2066 44 22 and
334 2067 192 26 Ingestrie-street.
553 2068 78 21 Terms

45 2091 87 22 liberal.
162 2092 74 27 Apply
247 2096 22 17 to

384 2119 36 22 W.
431 2119 28 22 V.
470 2120 106 27 Brewer,

442 2152 190 22 Manners-street.

299 2201 89 21 Seeds.

51 2235 71 48 ON
133 2235 85 27 SALE,
229 2238 23 18 at
261 2235 38 22 the
308 2236 85 20 Gazette
398 2235 75 28 Office,
482 2235 22 22 in
511 2236 120 27 quantities

97 2269 3 3 '
127 2265 22 18 to
156 2262 45 22 suit
209 2262 137 27 purchasers,
358 2262 37 22 the
403 2262 112 26 following
524 2262 63 22 seeds
595 2271 5 13 :
603 2274 28 4 —

77 2295 74 22 Sword
161 2295 107 28 long-pod
278 2295 64 27 bean,

76 2327 120 28 Long-pod
205 2328 64 26 bean,

76 2361 110 27 Speckled
195 2361 73 22 dwarf
275 2361 83 28 kidney
367 2361 64 28 bean,

76 2387 73 23 Broad
159 2388 66 27 bean,
414 2388 3 7 '

76 2413 73 25 Horse
159 2415 67 26 bean,

76 2441 84 23 Scarlet
169 2448 91 20 runner,

76 2468 66 28 Early
153 2467 109 31 Warwick
272 2476 48 20 pea,

75 2495 67 28 Early
153 2495 116 22 Mazarine
279 2502 49 21 pea,
397 2503 6 4 •
427 2506 3 4 •

76 2521 103 23 Prussian
191 2523 51 21 blue
252 2530 50 19 pea.

75 2548 107 22 Nonsuch
193 2557 49 20 pea,

76 2575 54 22 Blue
140 2575 101 28 imperial
250 2583 51 20 pea,

75 2602 93 27 Spanish
177 2602 72 22 dwarf
256 2610 49 20 p°a,

75 2628 71 27 Large
156 2630 97 27 cabbage
264 2630 89 27 lettuce,

75 2655 131 23 Drumhead
216 2656 97 28 cabbage
322 2657 91 28 lettuce,

75 2682 102 27 Cabbage
188 2683 89 27 lettuce)

74 2708 74 23 White
159 2710 78 22 selesia
246 2710 88 27 lettuce,

75 2735 78 23 Brown
162 2737 45 21 and
292 2735 51 30 gbss
351 2737 89 23 lettuce.

74 2761 114 24 Battersea
198 2763 109 28 cabbage,'
367 2764 3 6 '
389 2767 2 8 '

75 2788 130 24 Drumhead
214 2790 106 28 cabbage,

75 2815 50 23 Red
134 2816 75 23 Dutch
219 2817 106 28 cabbage,

75 2841 92 24 Puller's
175 2843 61 28 early
245 2843 106 28 cabbage,

75 2868 71 24 Vanal
156 2871 106 26 cabbage,
277 2868 3 8 '
285 2867 11 11 ''
332 2868 2 8 '
339 2872 3 3 '
348 2871 4 5 '

75 2895 104 24 Prussian
189 2897 72 22 white'
266 2897 81 28 turnip,

74 2921 84 25 Yellow
168 2924 77 22 Swede
256 2924 81 27 turnip,

74 2948 80 34 Purple
162 2954 38 24 top
210 2951 78 26 S^ede
298 2951 79 29 turnip,
430 2961 6 4 -
572 2969 6 3 -

76 2976 72 23 White
157 2981 64 22 sjone
231 2979 81 29 turnip,

73 3002 75 24 White
156 3002 58 24 horn
224 3005 82 28 turnip,

73 3029 71 23 Silver
153 3030 79 23 leaved
241 3031 63 28 beet;

73 3055 50 23 Red
132 3057 58 26 beet,
212 3063 6 10 f
302 3055 3 14 '■
316 3062 2 11 ;

73 3082 74 23 White
156 3083 60 28 beet,
233 3102 3 3 .

72 3108 110 29 Mangpld
190 3110 100 27 wurtzel,

72 3135 143 26 Altringham
226 3140 80 23 carrot,

73 3161 68 28 Early
146 3157 60 34 Tiprn
216 3166 80 23 carrot,
376 3168 1 6 '
559 3176 6 7 «

73 3187 64 28 Long
146 3193 82 22 orange
238 3192 80 25 carrot,

73 3214 76 24 White
158 3215 109 28 mustard,
351 3226 11 10 >.
412 3234 2 4 .
471 3232 4 4 .
548 3224 17 14 w

73 3241 82 23 Curled
164 3249 65 20 cress,
273 3263 3 4 .
492 3259 12 9 

72 3267 65 28 Long
146 3268 81 22 scarlet
234 3268 82 29 radish,

72 3294 74 24 White
156 3295 75 28 turnip
239 3295 81 28 radishi

50 3328 2 6 '
66 3321 56 23 -Red
130 3322 75 27 turnip
214 3322 83 28 radish,

73 3348 133 28 Strasburgh
214 3349 76 28 onion,
544 3369 6 11 ,

73 3374 79 24 Brown
162 3375 97 29 Spanish
269 3377 75 27 onion,
459 3400 2 3 
492 3394 5 8 v

73 3401 98 28 Parsnip,
189 3401 3 6 '
352 3414 3 4 •
459 3400 5 26 '.

73 3428 84 23 Curled
162 3429 96 33 parsley,

74 3454 73 24 Green
158 3455 77 23 curled
243 3456 83 24 'endiv*

73 3481 115 25 Batavian.
191 3482 87 29 endive,
316 3482 12 12 r

74 3508 67 27 Leek,
155 3526 5 6 ,
494 3515 9 15 ,*

53 3542 4 3 •
74 3534 133 29 Asparagus,

74 3561 41 21 Sea
125 3562 52 27 kail;
484 3580 8 8 N

75 3587 71 23 Globe
156 3595 86 22 savoys,

76 3613 79 24 Cuiled
163 3615 98 27 Brocou,.
290 3631 5 7 .
306 3630 4 6 <
348 3631 3 4 ■
359 3629 3 6 <
420 3614 4 5 '

75 3664 100 26 SuWrher
182 3676 89 21 savory,
306 3670 6 29 f
362 3693 3 4 .
376 3669 3 13 '
416 3670 5 12 J
436 3693 3 4 ,

58 3702 4 4 -
76 3694 176 29 WmtersaVoryi
266 3694 9 13 1
362 3699 109 8 ....

72 3719 64 29 &gd,
149 3720 33 13 -'•
205 3725 89 15 .^n..-:
308 3725 36 14 '-v.
361 3725 3 5 •
388 3726 9 6 -
431 3725 5 14 ;
456 3723 20 14 !■
510 3722 78 24 .■:•«•

74 3745 101 37 Inymp,:
197 3760 17 14 ...
253 3753 3 5 '
315 3761 42 12 ,x-
378 3758 6 15 i
401 3768 4 4 .
434 3758 26 10 .-.
475 3758 35 11 ../..

75 3773 98 23 Brussels
182 3779 93 24 sprouts,
330 3793 5 2 -
431 3784 197 16 .--.,,

75 3798 91 30 Borage,
202 3819 3 7 ,
288 3817 2 5 .
323 3816 6 4 -

75 3812 121 52 Arfg|ca,'
237 3826 73 30 •:•:',
367 3822 36 34 •',■•
427 3824 58 33 /'"•
550 3822 36 36 ■"';

73 3877 122 47 |W*^
218 3890 43 15 v.j
276 3891 25 17 /.■
320 3886 71 15 .".'v,
472 3899 3 5 ,
497 3897 5 3 .
542 3895 3 3 .
591 3892 18 12 ..
624 3887 5 21 ;

686 703 66 21 Just
773 704 115 25 opened,
903 705 55 24 and
972 703 41 22 for
1115 705 42 27 by,
1167 705 44 20 the

854 729 194 28 undersigned,
1090 750 5 9 t

661 764 43 21 /^
715 761 195 24 ENTLEMEN'S
908 757 4 7 1
929 760 144 30 Wellington,
1092 764 62 28 drap,
1175 762 65 33 blagk

661 787 54 24 VX
741 789 87 27 button^
839 789 45 22 and
892 789 106 22 Clarence
1007 791 71 26 boots;
1098 788 19 14 M

682 816 108 26 'Blucber,
802 816 111 26 Oxonian,
925 816 44 23 and
983 816 58 28 light
1055 817 94 27 walking
1165 816 75 26 shoes,

686 842 111 28 Workingi
804 842 71 22 men's
884 842 78 23 nailed'
971 842 45 23 halt
1026 844 70 26 boots,

648 889 3 5 ,
687 866 67 30 Boys'
765 869 65 24 shoe?
838 868 46 23 and
893 873 59 18 stout
960 870 49 21 half
1014 870 70 26 boots.

771 895 47 32 and,
828 895 120 26 children's
965 896 68 23 shoes-
1039 895 45 24 and
1094 896 59 23 cloth
1162 896 78 23 button

657 921 82 27 boots'/
848 926 3 4 '
879 923 4 5 '
1026 921 2 3 •
1075 921 11 7 ••
1176 920 18 10 i,
1203 924 2 5 ,
1237 922 4 3 •

647 963 3 3 ■
686 947 90 23 Ladies'
804 948 60 22 cloth
891 948 73 28 boots,
990 949 156 23 double-soled
1167 949 72 27 shoes,

659 975 114 27 Morocco,
783 975 88 27 lasting,
880 976 45 22 and
935 976 84 22 French
1031 980 75 24 carpet
1114 977 97 27 slippers,
1221 988 3 4 ■

685 1001 49 22 The
753 1003 70 21 above
839 1002 88 23 articles
942 1009 41 18 are,
997 1003 24 26 of,
1039 1011 13 13 a
1070 1011 54 19 very
1138 1003 104 28 *up,erior;

647 1032 3 5 '
659 1027 141 29 description.
845 1025 4 11 '
1093 1033 6 3 *

687 1056 38 21 An
734 1057 131 20 assortment
875 1055 25 22 of
906 1056 132 28 Stationery,
1049 1055 120 28 consisting
1178 1056 33 22 of:
1212 1066 29 5 —
1248 1074 3 1 .

686 1081 62 28 Post,
757 1082 60 21 bank
825 1082 45 22 and
879 1082 96 28 foolscap
984 1089 75 21 paper,
1073 1080 5 14 '
1186 1079 5 16 f
1240 1100 2 5 ■

685 1108 82 27 Demy,
778 1109 101 27 blotting,
891 1110 43 21 and
947 1110 99 26 imperial
1056 1117 49 20 cap,
1119 1114 3 3 '
1192 1112 5 5 '
1231 1112 11 10 "'

686 1133 173 24 Memorandum
869 1136 74 26 books,
955 1136 104 26 assorted,

673 1168 9 5 -
688 1157 90 30 Oblbng
788 1159 89 30 clasped
885 1162 73 27 pencil
969 1159 77 31 books,'

687 1183 91 25 Collins^
787 1185 114 29 in'delible,
905 1185 111 30 'assorted,
1179 1211 5 7 f
1240 1202 9 9 j

678 1214 113 22 .Account
799 1214 77 27 books,
887 1215 57 21 from
955 1222 42 14 one
1007 1215 63 27 quire
1079 1211 108 31 upwards^

650 1245 4 20 ;
686 1239 95 28 Wafers;,
792 1241 86 27 s.ealing
887 1248 55 20 wax,
955 1242 47 23 and
1009 1242 40 21 ink
1058 1242 104 27 pbwders,
1182 1253 6 14 1
1207 1244 9 14 ■'
1222 1251 5 6 r
1242 1260 3 3 .

686 1267 91 24 Artist's
787 1267 93 28 pencils,
885 1269 59 26 good
953 1269 95 27 writing,
1053 1269 44 22 and
1108 1268 132 29 carpenters

659 1292 70 28 leacjs,
772 1292 38 8 '"'
903 1303 3 4 ■
937 1296 17 18 .'
1007 1292 2 6 '
1061 1292 34 22 ".'
1134 1311 4 7 ,
1155 1292 3 6 '
1223 1315 4 4 .

688 1319 60 22 Steel
757 1319 55 28 peris'
823 1320 44 22 and
873 1328 45 21 pen
929 1320 94 28 holders,
1080 1324 2 7 '

688 1344 189 25 lt'^dozi'Smith's
887 1354 55 21 copy
951 1348 65 26 slips;'

687 1373 100 29 GUlptt's
796 1374 77 22 school
882 1382 60 19 pens,
953 1375 75 27 quills,'
1181 1376 3 4 '
1197 1384 3 6 '
1242 1388 2 6 .

686 1399 134 28 Envelopes,
831 1401 101 24 national
937 1401 77 28 schpol
1023 1401 72 27 slates,
1188 1422 2 3 .
1241 1399 4 30 \

687 1426 81 27 Coffee,
780 1431 43 22 tea,
833 1427 42 22 arid
885 1426 85 23 refined
979 1432 77 23 sugar,*
1195 1429 9 25 ',
1242 1423 4 32 |

677 1449 152 26 -Pri'me'Cork
838 1454 74 22 butter
913 1455 31 21 'in
953 1454 83 27 firkins,
1049 1462 24 14 or
1081 1455 30 28 by
1120 1454 38 23 the
1169 1455 71 22 dozen

655 1479 103 26 •pounds,'
948 1491 3 4 ■
957 1485 3 4 '
1031 1492 5 3 •
1067 1483 4 8 '
1095 1484 3 4 '
1138 1483 3 8 '
1152 1480 7 4 *
1214 1486 2 8 '
1242 1477 4 26 }

686 1507 29 21 40
728 1506 82 22 barrels
819 1507 109 28 superfine
936 1507 121 23 American
1068 1507 64 28 flour,
1158 1509 20 12 ll>
1205 1509 4 9 '
1225 1515 2 4 ■
1243 1510 2 24 ',

817 1533 110 28 chopping
936 1541 60 20 axes,
1006 1535 49 23 ir.ou
1066 1538 36 18 tea
1110 1535 86 27 kettles,
1242 1539 4 22 \

653 1574 3 4 ■
687 1560 12 20 5
715 1563 49 18 cwt.
784 1560 122 23 Kodwax's
924 1566 79 22 patent
1025 1561 64 22 horse
1113 1561 64 23 shoes
1195 1561 50 29 and,

659 1585 66 28 nails;
729 1582 18 12 11
810 1583 24 25 '',
861 1584 14 10 •'
957 1583 36 9 *'"
1039 1587 3 4 '
1091 1606 2 6 ,
1143 1584 102 34 ',',,.«

687 1612 145 28 Hall's^lass'
838 1613 142 28 gunpowder,
988 1614 90 28 powder
1084 1614 74 27 flask's,
1173 1614 3 9 '

688 1639 67 27 Ivory
901 1648 80 19 razors,
1007 1642 55 21 Coro
1064 1642 62 21 van's
1154 1642 91 21 Canton'

652 1672 71 18 .razor
731 1666 137 28 sharpeners,
1009 1686 2 4 .
1105 1676 4 3 -

650 1715 5 4 .
687 1693 118 28 Crockery,
821 1693 114 28 including
953 1694 85 29 dinner,
1058 1695 118 27 breakfast,
1194 1695 46 22 and

660 1721 36 20 tea
707 1719 102 28 services,

687 1746 56 22 Fine
753 1749 38 19 cut
799 1745 106 24 tumblers
914 1748 46 22 and
969 1749 56 21 wine
1034 1748 90 28 glasses,

687 1773 94 26 Pickles,
793 1773 91 27 vinegar
898 1775 23 21 in
1010 1775 77 22 lemon
1099 1775 68 28 juice,
1178 1775 62 22 salad

660 1799 41 27 oil,,
707 1807 84 20 .capers,
802 1804 83 23 sauces*,
895 1801 110 28 mustard,-
1011 1802 62 27 pearl
1085 1802 84 28 barley,
1174 1804 64 25 'sago,

650 1829 4 2 *
660 1826 103 27 oatmeal,
775 1825 46 23 and
830 1828 92 27 tapioca,

655 1853 4 5 '
663 1850 11 13 n
686 1850 70 24 Fresh
754 1850 3 12 1
761 1850 90 25 'salmon
863 1854 44 22 and
916 1862 65 20 soups
990 1855 23 21 in
1023 1855 111 28 canisters,
1191 1860 3 4 '
1228 1876 3 5 ,

687 1879 111 23 Hbckihs'
809 1884 76 23 patent
894 1881 87 22 sefdlitz
989 1881 24 22 in
1025 1882 106 27 powders,

687 1907 59 22 Soda
756 1907 132 27 andtginger
897 1908 53 22 beer
958 1909 105 26 powders,

687 1933 169 28 Raspberryade
865 1934 45 22 and
920 1935 146 22 Cheltenham
1076 1935 59 28 salts,
1163 1949 4 3 •

687 1959 81 22 Steer's
787 1960 123 27 opouudoe,
925 1961 89 23 Jones's
1031 1962 96 27 powder,
1147 1962 94 29 Dalby's

660 1985 145 28 carminitive',
840 1984 26 19 '-'
1100 1987 4 4 '
1223 1985 10 23 \
1243 2001 5 2 -

650 2015 11 8 y
666 2014 6 10 1
687 2013 286 28 Browff'Windsor^fancyj
983 2011 251 35 andshivihgsdap^^
1244 2030 8 4 -

687 2039 97 22 Essence
799 2039 26 22 of
835 2040 85 27 ginger,
936 2040 85 27 brandy
1035 2041 85 27 bitters,
1135 2041 107 23 aromatic

662 2064 98 27 vinegar,
767 2066 166 24 inexhaustible
944 2067 58 26 salts,
1016 2083 5 3 ■

689 2091 136 23 Permanent
832 2093 47 26 ink-,
891 2094 102 25 scouring
1003 2093 71 28 drops,
1085 2093 95 28 pastiles,

689 2118 48 21 Salt
748 2119 24 20 of
779 2119 89 27 lemons,
881 2124 62 17 court
951 2121 98 26 plaister,

689 2145 118 22 Lavender
817 2149 67 19 water
894 2147 47 21 Eau
951 2154 28 14 ac
989 2147 104 27 Cologne,

688 2171 69 21 Bears
765 2180 83 19 grease,
860 2173 51 22 cold
919 2180 81 20 cream,
1012 2180 109 16 macassar
1131 2173 35 27 oil,
1178 2173 64 23 tooth

662 2198 95 27 powder,
768 2201 39 20 &c.
810 2215 5 10 ;
852 2210 4 5 ■

689 2225 87 21 Ladies'
793 2226 87 22 tortoise
896 2226 55 22 shell
967 2227 47 21 side
1030 2227 83 28 combs,
1132 2227 109 28 dressing,

661 2252 44 21 and
716 2252 64 21 small
790 2253 63 21 tooth
863 2254 81 21 combs.

689 2278 65 27 Hair,
784 2279 68 28 tooth,
882 2281 52 26 nail,
964 2279 99 29 shaving,
1088 2281 44 22 and
1159 2281 84 22 clothes

661 2305 99 27 brushes,

689 2332 77 27 Slates;
778 2333 55 21 slate
850 2333 86 28 cistern,
946 2333 85 28 heaths,
1049 2333 103 28 chimney
1161 2335 80 27 pieces,

689 2359 79 21 Hones
778 2360 45 21 and
831 2360 102 27 chimney
944 2365 54 23 pots,
1038 2376 6 8 ,

688 2385 55 22 And
758 2393 119 16 numerous
892 2388 64 24 Qther
970 2387 93 28 articles,
1073 2387 73 23 which
1156 2388 44 22 will
1215 2389 27 21 be

661 2412 47 22 sold
719 2420 51 20 very
781 2414 49 27 low,
842 2414 35 22 for
886 2414 52 22 cash
948 2414 59 27 only,
1018 2415 30 27 by

884 2448 22 22 J.
920 2449 160 26 BoDDINGTON,

755 2475 109 22 Lambton
875 2476 71 27 Quay,
957 2483 54 15 near
1020 2476 38 22 the
1068 2477 54 23 Post
1131 2476 78 28 Office,
1218 2483 26 16 or

883 2507 76 23 James
972 2508 110 27 Jackson,

1016 2542 111 23 Lambton
1142 2542 72 28 Quay.

689 2568 61 23 June
759 2570 20 26 2,
791 2570 60 21 1843.

845 2619 44 20 Ex
1077 2634 5 3 -

663 2657 102 35 fiflfl
795 2659 99 21 BAGS
922 2659 100 27 RICE,

663 2681 102 25 UvV
794 2686 41 20 350
849 2685 53 28 bags
913 2685 44 22 fine
968 2685 65 22 white
1043 2692 72 21 sugar,

795 2713 40 20 900
849 2712 54 27 bags
913 2712 75 21 brown
997 2720 72 19 sugar,

687 2739 42 21 150
742 2738 54 27 bags
805 2738 77 27 coffee,

687 2765 91 26 150,000
793 2765 95 22 Manilla
897 2765 78 28 cigars,
985 2765 43 22 No.
1038 2767 21 26 3,

687 2793 29 20 50
730 2798 61 15 cases
800 2791 45 28 gin,

687 2820 26 20 25
730 2819 64 21 casks
804 2824 55 22 rum]

687 2845 57 22 Teas
755 2845 25 21 of
791 2845 49 22 first
855 2845 92 29 quality,
960 2846 42 22 viz.
1003 2857 27 5 —
1031 2854 79 20 congo,
1122 2847 118 27 souchong,

661 2872 125 27 pbuchong,
797 2872 78 28 pekoe,
884 2873 45 21 and
938 2874 144 26 gunpowder,
1111 2883 3 5 •
1127 2876 5 6 '

687 2895 97 25 Manilla
794 2906 59 20 rope,
865 2900 99 21 assorted
973 2900 62 28 sizes,

688 2925 93 28 Pepper,
793 2926 126 27 cinnamon,
930 2927 40 21 &c.
981 2927 40 22 &c.
1163 2928 4 4 '
1186 2940 5 5 •

839 2960 132 27 Ridgways,
988 2961 106 27 Gutton,
1109 2963 22 21 &
1143 2961 71 23 Earp.

688 2993 140 27 Wellington,
838 2993 55 28 May
904 2994 32 27 17,
948 2995 60 21 1843.
1124 2986 3 14 !

715 3046 40 20 To
770 3046 83 21 stand
867 3047 30 20 to
912 3052 80 15 cover
1011 3047 55 20 this
1080 3052 108 21 season,

656 3097 3 4 .
695 3099 6 2 .
743 3090 10 10 i.
818 3080 31 20 At
858 3081 140 25 Berhampore
1009 3081 71 26 Fatm,

662 3114 92 34 FipHE
779 3113 52 22 -well
856 3114 80 23 known
965 3114 108 29 thorough
1096 3116 56 22 bred
1178 3117 63 22 horse

668 3137 29 25 JL
725 3141 97 26 Figaro,
833 3141 37 22 the
880 3146 104 23 property
993 3142 26 21 of
1026 3142 77 23 James
1113 3144 68 26 Watt,
1189 3144 51 26 Esq.

687 3167 81 26 Figaro
777 3174 44 15 was
830 3167 75 23 foaled
913 3168 24 22 in
947 3169 131 27 December,
1095 3170 59 26 1837,
1164 3175 40 23 got
1214 3170 28 27 by

662 3193 115 27 Operator,
789 3194 51 21 dam
852 3194 108 23 Adelaide
967 3196 33 26 hy
1009 3196 104 23 Teorum.

688 3219 112 28 Operator
807 3227 44 15 was
861 3221 75 22 foaled
944 3221 25 22 in
983 3223 59 26 1832,
1052 3227 40 23 got
1101 3224 31 27 by
1141 3223 99 27 Emilius,

661 3245 52 22 dam
723 3245 121 23 Worthless
853 3247 32 27 by
893 3246 99 28 Walton,'
1002 3250 40 21 out
1050 3250 32 26 of
1082 3250 122 23 Altisidbri
1213 3250 29 27 by

730 3273 117 22 Andrews.
871 3292 3 3 .
1055 3281 7 3 -
1160 3278 3 7 '
1179 3290 5 4 .
1233 3281 2 7 •

689 3303 74 28 Every
769 3304 107 23 attention
885 3305 45 22 will
943 3306 30 22 be
988 3307 51 27 paid
1049 3310 22 19 to
1080 3315 73 15 mares
1162 3311 49 19 sent
1219 3311 23 19 to
1252 3319 2 7 >

688 3357 105 27 Charges,
817 3357 56 23 with
894 3361 127 25 guarantee,
1047 3368 67 15 seven
1137 3361 104 28 guineas;

662 3383 92 22 without
769 3388 127 24 guarantee,
915 3386 43 21 five
972 3386 99 28 guineas,
1082 3395 118 20 groomage
1208 3389 32 21 in-

661 3409 96 24 cluded.'
940 3417 3 4 '
955 3412 3 4 '
984 3438 4 5 .
1038 3408 132 20 ''•••'■'•
1252 3419 2 13 i

687 3444 146 29 Wellington,
844 3445 97 24 October
948 3448 35 27 25,
993 3448 63 24 1832;
1252 3433 2 35 i

851 3498 27 21 J.
893 3499 38 20 M.
946 3499 110 26 Taylor,
1102 3515 12 3 -

675 3529 160 24 LICENSED'
851 3531 240 25 CUSTOM-HOUSE
1113 3534 114 27 AGENT,
1252 3530 2 19 '

657 3611 7 7 •
692 3600 83 19 '•""'/
790 3608 189 27 Agricultural
985 3610 5 5 '
994 3608 34 23 So
1031 3604 83 33 ciety.'
1118 3613 5 2 '
1127 3610 20 11 "'
1176 3611 3 3 '
1214 3607 5 20 '•
1252 3605 2 26 i

661 3638 92 49 THE
772 3640 91 26 opinion
880 3640 85 32 haying
984 3635 67 28 beeif
1059 3642 127 27 frequently
1204 3649 40 14 ex-
1252 3639 2 30 \

734 3665 97 28 pressed,
845 3666 52 23 that
1073 3672 23 18 to
1106 3669 37 21 the
1152 3669 92 22 interest
1253 3671 1 16 i

659 3691 31 21 of:
695 3690 40 23 the
739 3692 97 27 -Colony
840 3693 36 22 -if
879 3699 41 17 an:
925 3694 144 26 agricultural
1084 3689 160 38 Socie^'Vere
1252 3701 2 17 :

660 3717 94 27 formed,
770 3718 30 22 all
816 3726 95 20 persons-
922 3720 78 28 taking
1007 3729 35 14 -an
1058 3721 92 23 interest
1164 3722 25 21 in
1205 3721 37 22 the
1252 3737 2 7 ,

659 3743 118 24 fornrttrton
788 3746 26 21 of.
825 3745 38 26 the.
877 3753 68 22 same,
961 3755 45 15 are-
1012 3748 129 27 requested,
1146 3751 23 19 to
1178 3748 66 22 'meet

659 3772 24 19 at
690 3769 253 31 the-Ekchangeßoomi
952 3769 291 34 TeArqion^Lond^svthe
1252 3782 2 16 \

659 3795 416 31 StKoTJune.at^forlo'clocfc"
1139 3798 13 18 ■'
1253 3799 1 29 )

789 3826 2 10 ;
798 3825 76 28 1843.'.
960 3824 25 12 '"
993 3823 54 29 .™'
1041 3856 4 8 t
1154 3853 13 13 T>
1251 3819 3 54 {

667 3889 85 24 TUST
767 3892 132 26 OPENED,
905 3893 45 22 and
959 3901 34 14 on.
998 3894 51 21 Sale
1059 3896 24 20 at
1091 3893 43 23 the.
1139 3893 70 23 Offic.
1219 3892 27 23 of
1252 3890 2 32 j

659 3908 28 29 tl
719 3915 90 25 tk»Pii
807 3908 395 38 P^;miitw^6Tv«TOtf«°dr«»r'

1974 707 159 26 Machinery
2147 707 43 22 for
2203 714 17 15 a
2234 706 66 23 Saw*
2308 710 70 21 Mill.

1889 738 90 49 THE
1994 739 69 22 above
2082 740 71 22 to-be
2169 740 48 22 sold
2237 741 72 22 under
2327 742 70 26 prime
2415 746 52 18 cost.

1960 764 67 23 From
2043 766 119 27 simplicity
2173 767 44 22 and
2228 767 42 21 low
2286 768 66 27 pried,
2364 769 17 21 it
2389 769 19 20 is
2418 769 50 21 well

1887 791 70 22 suited
1967 794 23 19 to
2000 795 58 18 meet
2074 792 36 22 the
2122 793 66 21 views
2204 794 26 21 of
2242 801 13 14 a
2270 795 66 21 small
2352 795 115 26 capitalist.

1887 817 43 22 For
1939 818 136 27 particulars,
2086 820 93 27 enquire
2189 824 26 18 at
2328 841 2 6 ,
2338 825 3 19 ;

1974 851 45 22 Mr.
2030 852 117 27 Barnett,
2160 853 78 27 Smith,
2250 853 121 22 Thorndon
2383 853 56 23 Flat.

1912 895 42 21 Ex
2180 898 55 20 and
2362 899 83 22 York,

1889 957 100 23 OAA
2005 959 101 23 BOXES
2120 961 41 21 OF
2175 961 149 27 CANDLES,

1879 983 109 23 •ft^W
2020 987 102 26 Superior:
2132 987 96 22 Manilla
2238 988 77 26 cigars,

2018 1013 102 26 Superior
2132 1013 95 22 London
2241 1015 67 20 made
2320 1014 146 27 gentlemen's

1886 1037 105 29 clothing.
2104 1059 3 3 .
2192 1048 7 4 -
2390 1044 10 10 ••
2409 1045 4 3 •
2444 1039 7 17 ',

1874 1068 2 19 '
1914 1071 31 21 At
1955 1070 36 23 the
2001 1072 73 21 Stores
2083 1072 25 21 of

2032 1099 3 5 '
2207 1099 23 22 J.
2245 1100 33 22 Mi
2294 1099 126 29 TAYtdft,''

2337 1133 38 24 Tc
2383 1133 55 22 Aro.

1913 1154 78 22 March
2001 1157 33 25 21,
2046 1157 62 21 1843.
2331 1149 21 14 '*
2372 1160 10 27 \
2397 1155 22 17 M

2052 1207 89 21 Beach
2158 1208 143 27 Frontage.
2368 1217 3 7 <
2390 1208 3 5 '
2417 1209 3 7 '

1890 1239 65 47 TO
1970 1239 37 21 BE
2023 1240 63 27 LET,
2102 1241 70 21 beach
2182 1242 100 25 frontage
2296 1242 44 22 lots
2350 1243 23 22 hi
2384 1241 84 24 section

1959 1267 41 20 490
2009 1273 29 15 on
2055 1266 36 22 the
2103 1267 53 22 Plan
2168 1268 26 21 of
2201 1267 41 22 the*
2248 1268 67 23 Town
2330 1270 26 21 of
2360 1267 108 29 Welling-

1886 1295 46 21 ton,
1943 1292 114 27 adjoining
2068 1294 42 21 Mr.
2117 1294 89 22 Taine's
2213 1298 67 23 store;
2291 1293 50 24 'and
2350 1296 30 21 in'
2384 1297 84 22 section

1886 1317 47 26 616,
1941 1319 98 22 between
2048 1319 74 28 Major
2130 1320 91 23 Baker's
2231 1321 43 21 and
2336 1322 132 25 Swarrtson's

1886 1344 87 23 houses.
2250 1348 44 13 •'
2418 1351 4 3 '

1914 1372 53 21 Also
1978 1371 37 22 the
2024 1372 112 28 following
2145 1374 96 21 sections
2251 1381 28 15 on
2288 1374 39 22 the
2334 1375 57 22 Plan
2399 1376 26 21 of
2432 1376 36 22 tbe

1886 1397 76 28 Town,
1973 1399 45 21 viz:
2020 1409 27 5 —
2326 1405 3 4 •
2354 1413 3 3 •
2371 1405 5 4 '
2413 1399 2 7 '
2442 1406 2 5 ■

1987 1426 27 20 55
2148 1427 42 21 319
2338 1430 41 19 922

1974 1453 42 20 240
2149 1453 41 21 718
2325 1456 63 21 1079'

1913 1477 77 28 Apply,
2001 1481 24 19 to
2293 1480 8 17 '-
2345 1486 3 5 ■
2373 1486 3 5 *

2060 1505 26 22 E.
2101 1505 21 22 J.
2138 1505 148 30 Wakepield,
2302 1514 26 15 or

2059 1536 35 21 W.
2109 1537 27 22 V.
2152 1538 106 28 Brewer,
2273 1540 194 23 Manners-street.

2110 1589 53 21 Por
2178 1590 70 23 Sale,
2378 1589 71 16 ..:-..

1886 1621 90 48 THE
1993 1622 143 22 COTTAGE
2152 1622 97 23 situated
2255 1623 24 22 in
2297 1623 99 23 Oriental
2413 1624 55 28 Bay,

1959 1648 43 21 and
2019 1648 67 28 lately
2095 1650 106 26 occupied
2218 1650 30 27 by
2258 1650 36 22 the
2312 1648 157 33 undersized.

1884 1674 21 21 A
1921 1674 55 27 long,
1990 1674 59 23 lease
2069 1676 25 21 of
2110 1672 44 25 thY
2163 1676 85 22 section
2262 1683 59 22 upon
2337 1675 132 25 'wiucidrtne

1884 1700 68 23 house
1962 1702 74 21 stands
2047 1701 44 22 will
2098 1702 28 21 be
2135 1702 104 27 granted;
2245 1707 15 21 ,1
2265 1724 3 4 .
2350 1711 4 6 •

1911 1728 67 21 Town
1988 1728 54 21 land
2051 1728 43 21 will
2103 1729 28 21 be
2140 1725 67 26 taken
2218 1730 24 21 in
2252 1730 123 28 exchange.

1911 1754 42 22 For
1962 1754 84 23 further
2053 1755 135 27 particulars,
2201 1756 66 28 apply
2277 1760 24 18 to
2312 1775 4 2 .

2201 1783 97 23 George
2313 1784 91 26 Duppa,
2421 1792 25 14 or

2202 1816 37 21 W.
2256 1816 27 22 V.
2300 1817 103 22 Brewer

1996 1860 43 21 Ex

1887 1893 136 48 CANE
2051 1894 165 22 SEATED
2244 1895 172 27 CHAIRS,

1958 1920 76 27 Fancy
2044 1923 38 25 top
2092 1921 79 26 chairs,
2190 1930 3 6 •
2325 1924 3 9 '
2354 1927 2 4 J
2385 1924 3 4 '
2420 1928 5 6 '

1913 1946 102 28 Rocking
2026 1947 77 28 chairs,

1913 1973 100 22 Whalers
2024 1974 80 27 shoes,'

1913 1999 74 22 White
1998 2000 74 22 clover
2080 2001 58 26 seed,

1914 2026 72 22 Hams
1993 2027 45 21 and
2047 2027 122 26 shoulders,

1914 2053 26 21 13
1954 2053 62 21 casks
2027 2060 53 20 very
2089 2055 99 26 superior
2202 2060 80 22 square
2437 2057 33 22 '20

1887 2079 41 27 figs
1938 2082 22 18 to
1971 2079 36 21 the
2016 2079 84 28 pound.

1915 2112 72 28 Apply
1998 2117 23 17 at
2030 2113 37 22 the
2077 2114 75 21 Stores
2164 2114 26 21 of
2197 2114 37 22 the
2243 2115 158 27 undersigned,

2116 2147 35 23 W.
2167 2149 26 21 B.
2209 2149 97 22 Rhodes
2319 2149 87 28 &;Co.,-
2418 2158 24 14 or

2115 2174 105 23 Johnson
2235 2177 20 20 &
2270 2175 94 23 Moore.

1916 2201 54 26 May
1980 2201 33 25 27,
2026 2202 60 20 1843.

1888 2245 132 21 Valuable
2056 2246 134 21 Freehold
2228 2247 54 20 and
2319 2248 152 21 Leasehold

1941 2272 141 26 Property,
2110 2272 68 21 with
2205 2273 143 25 extensiye
2379 2274 93 21 Water

1941 2299 160 27 Frontages,
2116 2297 29 23 in

1889 2333 67 48 TO
1971 2332 40 22 BE
2026 2332 64 27 LET,
2103 2340 23 15 or
2136 2333 103 27 disposed
2246 2334 24 21 of
2277 2334 31 27 by
2315 2334 88 24 Private
2415 2336 57 26 Sale,

1963 2359 38 22 the
2011 2360 121 27 unexpired
2147 2364 56 18 term
2214 2361 26 21 of
2252 2361 36 21 the
2309 2361 70 22 Lease
2389 2361 26 22 of
2426 2362 51 22 half

1889 2387 23 20 of
1922 2386 67 22 Town
2000 2387 58 21 Acre
2074 2387 43 21 No.
2126 2388 48 25 208,
2187 2387 52 21 with
2254 2387 37 22 the
2307 2388 101 27 splendid
2424 2396 50 19 pro-

1889 2417 61 28 perty
1973 2413 89 22 erected
2091 2413 101 26 thereon,
2216 2414 82 25 having:
2326 2415 57 28 deep
2407 2419 67 19 water

1889 2439 100 28 frontage
2008 2443 24 18 to
2050 2440 31 21 Te
2101 2441 47 21 Aro
2168 2440 83 22 Beach.
2278 2440 56 24 This
2352 2442 122 27 important

1890 2467 68 21 Town
1969 2467 124 21 water-side
2109 2471 109 24 property,
2229 2471 24 18 to
2263 2468 44 22 suit
2316 2468 38 22 the
2369 2469 105 22 conveni-

1891 2500 54 14 ence
1955 2493 25 21 of
1987 2494 88 26 parties,
2087 2493 44 22 will
2141 2494 27 21 be
2179 2494 89 22 divided
2277 2502 24 14 as
2311 2495 85 21 follows
2404 2503 5 13 :
2411 2506 28 5 —

1918 2521 39 20 Ist.
1971 2520 48 22 The
2032 2520 101 27 building
2147 2521 80 22 known
2243 2528 24 14 as
2281 2521 38 22 the
2334 2521 73 28 Bank,
2421 2523 53 22 with

1890 2546 28 22 its
1928 2546 117 23 inclosure.
2074 2558 4 3 -
2369 2554 4 12 :

1916 2574 52 21 2nd.
1983 2573 48 22 The
2040 2574 60 26 large
2110 2573 156 28 substantially
2274 2574 59 22 built
2339 2573 143 29 warehouse,'

1889 2600 91 27 capable
1995 2601 25 20 of
2035 2601 92 26 stowing
2142 2603 42 19 600
2199 2605 51 17 tons
2260 2601 26 21 of
2292 2601 76 28 goods,
2380 2603 45 23 and
2434 2603 40 21 ad-

1892 2627 92 27 mirably
1994 2627 95 27 adapted
2103 2627 35 21 for
2155 2627 30 22 its
2203 2628 159 27 commanding
2377 2629 96 28 position

1889 2653 35 22 for
1939 2662 13 13 a
1967 2654 60 26 large
2042 2653 128 23 mercantile
2186 2654 173 27 establishment,
2369 2655 46 22 and
2423 2664 51 19 par-

1889 2680 101 26 ticularly
2001 2681 34 21 for
2045 2680 36 22 the
2092 2680 84 27 storing
2186 2681 45 21 and
2240 2681 98 27 packing
2348 2683 26 20 of
2380 2682 53 22 flax.

1915 2707 49 22 3rd.
1978 2707 48 22 The
2033 2707 182 26 dwelling-house
2222 2707 45 22 and
2273 2708 75 22 offices
2355 2713 25 17 at
2388 2712 88 23 present

1890 2733 23 22 in
1924 2734 36 22 the
1977 2734 131 27 occupation
2120 2734 24 22 of
2159 2734 60 22 John
2230 2735 77 25 Wade,
2320 2735 61 28 Esq.,
2393 2735 49 22 who
2456 2737 19 21 is

1891 2760 71 22 under
1972 2761 72 21 notice
2054 2765 23 17 to
2087 2761 53 26 quit.
2167 2761 74 21 These
2257 2761 105 28 premises
2379 2769 38 15 are
2426 2763 50 21 well

1891 2787 94 28 adapted
1995 2787 36 22 for
2040 2794 28 15 an
2086 2787 99 23 Auction
2204 2788 73 22 Room
2296 2796 25 14 or
2338 2789 138 27 respectable

1892 2814 75 27 Hotel,
1977 2814 57 22 from
2044 2814 57 22 their
2116 2815 125 26 contiguity
2256 2819 21 17 to
2292 2815 37 22 the
2341 2815 72 27 Bank,
2432 2816 44 22 Ex-

1891 2841 92 27 change,
1990 2841 45 21 and
2041 2841 107 28 principal
2154 2841 128 23 mercantile
2287 2842 188 27 establishments,

1891 2867 38 22 the
1948 2868 157 26 thoroughfare
2127 2868 91 27 leading
2242 2873 22 17 to
2272 2885 3 10 ,
2288 2867 63 24 these
2375 2869 100 22 enviable

1891 2895 104 26 premises
2003 2895 19 21 is
2034 2894 57 31 truly
2100 2895 83 22 named
2194 2895 39 21 the
2250 2895 111 25 Lombard
2373 2896 72 22 Street
2454 2896 25 22 of

1891 2928 42 14 our
1941 2921 70 26 rising
2018 2921 52 27 city.
2086 2927 3 5 '
2296 2922 4 6 '
2326 2926 3 4 '

2152 2955 62 20 ALSO,

1919 2980 47 23 The
1981 2980 87 22 House-
2075 2981 47 21 and
2140 2981 116 26 Premises^
2267 2982 107 26 freehold,
2392 2982 84 23 known

1891 3014 23 15 as
1927 3008 42 21 Mr.
1979 3007 70 22 Jabez
2060 3008 167 26 Allen's-Store,
2240 3015 28 14 on
2283 3009 192 28 Lambton-quay.

1918 3034 51 21 Two
1986 3034 100 26 building
2104 3034 63 27 plots,
2185 3035 12 24 i
2213 3034 28 21 of
2253 3042 28 14 an
2296 3042 52 15 acre
2365 3036 63 26 each,
2446 3043 30 15 on

1891 3060 120 22 Thorndon
2017 3060 56 25 Flat,
2081 3060 101 28 together
2188 3060 53 23 with
2251 3062 66 21 about
2326 3062 29 21 50
2361 3062 114 23 Suburban

1891 3087 125 22 allotments
2032 3088 27 20 in'
2064 3087 90 22 Wade's
2169 3087 77 27 Town,
2258 3089 24 20 10
2292 3092 65 18 acres'
2364 3092 23 18 at
2397 3089 77 27 Ohiro,

1891 3114 43 21 and
1945 3114 84 21 several
2045 3114 98 27 Country
2159 3114 101 22 Sections
2270 3114 23 22 in
2308 3114 39 23 the
2361 3116 113 26 Harbour,

1891 3141 96 26 Wainui,
1999 3141 135 26 Manawatu,
2147 3141 45 22 and
2201 3141 132 27 Wanganui
2340 3142 103 23 districts.

1917 3167 43 22 For
1971 3167 83 22 further
2067 3167 135 29 particulars,
2220 3168 67 32 apply
2305 3173 23 20 to
2343 3169 39 22 the
2395 3170 80 23 under-

1891 3194 77 27 signed

2220 3221 28 22 B.
2263 3222 96 22 Rhodes
2374 3223 21 22 &
2409 3222 40 23 Co.

1918 3247 55 27 May
1981 3249 21 24 9,
2014 3248 60 21 1843.
2322 3255 3 28 ;

2111 3293 62 20 For-
2179 3291 69 23 Sale.
2283 3306 5 2 -

1891 3326 50 48 A
1969 3323 289 26 DWELLING-HOUSE
2284 3334 30 15 on
2338 3327 136 28 Wellington

1967 3352 103 26 Terrace,
2082 3352 96 28 adapted
2186 3353 36 22 for
2230 3360 14 14 a
2252 3354 65 21 small
2327 3354 86 27 family.

1891 3384 11 7 •■
1917 3379 45 22 For
1969 3379 138 27 particulars,
2116 3379 92 28 enquire
2218 3383 23 18 at
2251 3381 37 21 the
2298 3381 63 22 Store
2371 3382 26 21 of

2036 3412 31 23 H.
2084 3413 96 22 Taylor
2194 3414 20 22 &
2229 3414 46 27 Co.,
2287 3414 159 22 Willis-street.

1917 3446 112 27 February
2039 3448 21 25 3,
2071 3447 60 22 1843.

2037 3494 40 22 To
2091 3495 34 21 be
2138 3495 67 21 Sold
2225 3499 30 17 or
2268 3496 56 20 Let.
2456 3511 3 4 .

1887 3525 94 23 'TWO
1994 3522 210 29 WoodenHouses,'
2211 3531 30 15 on
2248 3519 224 30 th'eTinakore-road,

1899 3547 24 26 X
1966 3551 36 23 the
2021 3551 83 23 second
2113 3551 61 23 'acre
2182 3548 69 26 'from
2270 3550 92 28 Captain
2381 3549 93 23 Smith's

1903 3579 160 27 -containing
2074 3578 52 23 four
2133 3585 74 15 rooms
2216 3577 46 23 and
2276 3584 13 15 a
2301 3582 99 22 passage;
2416 3577 56 22 each

1889 3605 56 23 with
1960 3605 51 23 zinc
2027 3605 69 25 roofs,
2120 3605 50 22 and.
2235 3610 73 20 every,
2317 3607 89 23 respect
2423 3603 52 23 well

1890 3631 100 24 finished.
2018 3632 106 23 Terms—
2124 3631 85 30 lf.sojd,
2220 3631 59 25 £15p
2289 3630 35 21 for
2330 3630 57 22 each;
2390 3629 77 26 hoiwe,

1889 3657 21 23 if
1919 3659 39 27 let,
1969 3659 31 23 £1
2010 3666 41 20 per
2060 3658 62 22 week
2130 3657 35 23 for
2173 3657 55 23 each
2237 3656 77 22 house.
2341 3656 82 28 .Apply,
2428 3661 31 19 to,

1905 3690 2 4 •
1935 3684 3 11 l
1966 3699 3 3 ■
2016 3689 6 8 '
2065 3682 94 34 "•'"•/"■
2231 3686 5 4 j
2241 3682 26 29 '":
2272 3684 4 6 >
2276 3682 118 39 jj^Es\w
2390 3698 17 24 rf
2407 3685 50 29 .Tr:.

1902 3719 144 28 Wellington,
2053 3718 59 23 Nov.
2120 3716 35 28 2t,
2163 3718 60 21 1841.
2234 3716 3 5 '
2260 3741 7 3 ,
2320 3716 18 7 ~
2355 3729 4 7 *
2421 3716 14 30 /

1891 3770 121 26 Country
2025 3767 123 24 Sections
2167 3766 44 22 for
2223 3766 73 22 £alei
2309 3769 51 19 Ana
2365 3767 109 24 Liberal
2487 3787 4 3 .

2093 3808 5 8 ;
2131 3793 103 26 Terms.,
2319 3809 3 6 ,
2334 3806 4 5 -
2357 3807 6 2 -
2401 3800 38 21 -riv,
2443 3799 3 8 1

1893 3821 162 50 SEVERAL
2088 3819 101 23 Sections
2214 3817 35 25 of.
2273 3819 102 29 Country
2401 3820 73 28 Land,

1931 3854 5 5 -
1955 3845 95 30 already
2054 3843 116 25 chosßirhi
2178 3844 252 31 theT6rirua^distri|tt,
2425 3845 12 9 w
2439 3848 37 21 for

1892 3875 58 27 Sale,
1959 3881 81 17 terms-
2044 3873 103 23 LiBSBAt.
2175 3871 79 29 Apply*
2261 3870 28 24 to*
2340 3879 7 8 '
2366 3868 64 26 -^r

1881 3912 3 13 t
1935 3901 75 23 ,E.
2025 3900 29 23 A.
2067 3899 175 26 Molbbworthv
2253 3897 223 34 Murphy-sh»»^w

1272 704 92 48 MR.
1379 704 84 22 JOHN
1486 703 95 23 WADE
1595 705 19 21 is
1633 705 125 22 instructed
1776 710 22 17 to
1817 705 40 22 sell

1301 752 3 8 ,
1331 752 3 3 .
1361 731 30 26 by
1407 730 195 25 Public-Auction,
1619 734 24 19 at
1658 731 107 23 Barrett's
1779 731 77 26 Hotel,

1259 763 41 15 -.on
1309 757 110 27 Tuesday,
1432 757 38 22 the
1481 755 51 23 loth
1543 757 25 21 of
1576 757 59 22 June
1646 761 60 23 next,
1718 762 22 17 at
1751 759 9 21 1
1773 758 83 22 o'clock

1261 781 14 28 £
1283 784 9 15 ''■
1292 794 2 5 •
1306 794 4 3 ■
1321 785 4 14 ;
1336 785 3 7 '
1395 783 117 28 pvecisely,
1523 784 25 21 in
1559 787 45 18 two-
1611 784 50 25 lots,
1672 784 64 22 those
1865 783 2 24 !

1363 815 70 22 TWO
1463 813 138 24 WOODEN
1630 815 130 26 HOUSES,

1270 841 94 22 situated
1381 849 31 14 on
1425 842 74 27 Major
1519 841 156 22 Horubrook's
1686 849 57 19 acre,
1755 842 23 21 in
1797 842 59 21 Mul-

1270 874 66 19 grave
1346 869 80 25 Street,
1437 875 43 15 one
1490 868 25 22 of
1527 868 72 22 which
1608 868 20 21 is
1642 875 49 15 now
1708 868 108 27 occupied
1827 869 28 27 by

1258 898 1 21 ;
1272 894 43 21 Mr.
1327 892 78 30 WyKe,
1417 898 22 18 at
1452 903 14 14 a
1479 895 73 22 rental
1562 895 25 21 of
1596 895 48 24 £25
1654 902 39 20 per
1703 902 84 15 annum
1795 903 7 19 ;
1818 895 36 22 the

1270 921 62 21 other
1350 925 23 17 at
1391 924 89 24 present
1499 922 19 21 is
1537 922 145 21 untenanted.
1712 921 47 22 The
1773 922 81 21 houses

1261 951 2 3 '
1271 954 35 14 are
1316 947 52 22 held
1379 948 72 21 urtder
1459 948 72 22 leases
1540 948 36 21 for
1588 949 26 21 21
1630 955 72 20 years,
1713 952 25 17 at
1745 956 14 14 a
1768 948 87 27 ground

1258 992 3 4 .
1270 978 50 17 rent
1330 975 24 20 6f
1362 975 33 22 £6
1405 975 63 22 each.
1753 978 3 5 '
1816 976 11 12 A

1532 1008 29 15 At
1564 1008 31 19 SO,

1343 1027 84 26 several
1444 1027 50 28 lots,
1505 1035 14 14 a
1532 1027 134 23 SECTION
1693 1027 39 22 OF
1756 1027 97 28 LAND,

1248 1051 102 33 .^Situate
1359 1053 23 22 in
1393 1054 37 21 the
1440 1054 37 21 the
1494 1054 46 21 Kai
1559 1054 175 23 WarrasWarra
1751 1055 102 27 District,

1257 1086 66 15 'near
1332 1082 23 20 to
1365 1081 63 26 Capt.
1439 1079 117 23 Dahiell's.

1298 1107 42 21 For
1357 1104 84 25 further
1459 1107 138 27 particulars,
1613 1107 68 28 apply
1693 1110 23 19 to
1736 1107 38 22 the
1795 1108 59 21 Auc-

1258 1133 102 27 tioneer,
1372 1141 26 14 or
1407 1137 23 18 to
1440 1135 44 20 Mr.
1496 1134 113 22 Brandon.

1258 1156 1 27 '.
1297 1165 55 27 May
1363 1166 34 26 27,
1410 1167 61 20 1843.

1324 1223 4 3 '
1345 1219 105 21 Nelson
1464 1220 180 26 Preliminary
1658 1219 118 22 Section.

1272 1252 90 48 MR.
1387 1252 219 23 FITZHBRBERT
1696 1252 105 22 received
1821 1253 33 21 in-

1352 1279 118 22 structßns
1479 1283 23 17 to
1513 1279 54 22 offer
1574 1278 33 23 for
1616 1278 76 29 public
1702 1279 150 27 competition,

1360 1305 4 21 :
1444 1313 63 21 ISO
1539 1314 132 22 ACRES

1259 1355 4 5 .
1270 1340 26 21 of
1308 1340 71 21 Rural
1387 1339 65 22 Land
1461 1340 23 21 in
1497 1340 37 21 the
1545 1340 85 23 Nelson
1642 1340 134 27 settlement,
1788 1340 66 28 being

1270 1367 51 20 No.
1335 1367 18 20 3
1362 1367 23 21 in
1397 1366 71 22 Order
1478 1368 25 19 of
1510 1366 90 22 Choice.

1246 1399 2 23 ;
1259 1416 7 4 _
1279 1413 2 5 ,
1298 1392 22 22 It
1329 1392 19 22 is
1368 1392 110 23 sufficient
1494 1397 23 17 to
1532 1400 40 19 say
1581 1392 49 23 that
1646 1394 45 21 Mr.
1701 1393 104 27 Tuckett,
1816 1394 38 22 the

1246 1418 2 26 I
1271 1420 116 26 Surveyor,
1399 1419 19 21 is
1433 1418 128 23 authorised
1576 1423 21 18 to
1614 1420 70 22 select
1694 1420 43 22 this
1752 1420 102 22 valuable

1259 1444 4 9 '
1274 1445 4 6 '
1367 1452 226 23 PRELIMINARY
1618 1453 139 28 SECTION,

1246 1477 2 26 [
1259 1481 2 6 '
1324 1479 73 23 which
1414 1479 45 23 will
1475 1479 106 28 probably
1597 1480 29 22 be
1642 1481 66 21 made
1722 1480 24 22 in
1762 1480 38 22 the

1246 1510 2 24 :
1270 1512 82 23 COAL
1373 1512 146 23 DISTRICT
1534 1513 39 22 OF
1594 1514 166 22 MASSACRE
1780 1514 72 22 BAY.

1246 1538 2 23 !
1296 1540 48 22 The
1355 1540 56 24 Sale,
1416 1540 43 21 will
1470 1540 51 22 take
1529 1540 63 28 place
1602 1548 29 14 on
1637 1540 111 27 Tuesday,
1757 1540 37 23 the
1802 1541 52 22 27th

1246 1573 2 26 [
1269 1566 67 27 June,
1345 1570 22 18 at
1377 1574 43 14 one
1430 1566 92 27 o'clock,
1529 1571 23 17 at
1562 1566 36 22 the
1606 1567 155 22 Auctioneer's
1771 1575 81 19 rooms,

1246 1604 2 4 '
1271 1594 25 21 of
1298 1593 76 22 -whom
1384 1593 86 22 further
1478 1593 131 27 particulars
1617 1601 53 19 may
1679 1594 28 21 be
1718 1594 111 22 obtained.

1284 1643 3 4 .
1319 1627 3 4 '
1334 1633 4 5 '
1385 1626 5 6 '
1463 1629 75 18 tfEKMS
1552 1632 30 15 AT
1596 1623 63 24 SALE.

1298 1657 57 27 May.
1361 1658 34 23 26,
1407 1658 61 21 1843.
1501 1658 5 3 *

1271 1711 42 20 Ex
1326 1710 62 28 brig
1591 1712 70 20 from
1677 1712 175 26 Valparaiso.

1277 1745 59 25 TO
1339 1747 34 23 A
1402 1747 105 22 TONS
1536 1747 148 28 FLOUR,

1277 1770 95 24 LJmIXJ
1390 1773 5 4 '
1402 1775 38 21 ]3l
1454 1774 56 27 bags
1520 1775 87 27 biscuit,

1404 1802 28 20 30
1444 1800 73 23 barrel
1526 1801 58 26 beef;

1351 1828 26 20 10
1392 1834 59 14 cases
1462 1827 86 23 French
1558 1828 58 27 fruit,

1392 1854 41 21 tins
1443 1853 58 23 Chili
1511 1855 117 27 preserved
1637 1855 60 27 fruit,

1350 1881 14 21 2
1378 1881 54 26 bags
1441 1881 58 21 Chili
1510 1881 75 22 clover
1593 1881 60 28 seed,

1350 1908 28 20 50
1392 1907 68 22 boxes
1470 1908 104 22 Sardinas
1585 1909 36 21 oil.

1419 1940 133 28 Ridgways,
1568 1942 106 27 Guyton,
1690 1941 47 23 and
1752 1942 81 22 Earp.*

1265 1968 10 26 !
1299 1971 58 29 May
1364 1974 35 24 30,
1411 1973 59 21 1843.
1508 1973 7 5 '
1788 1985 4 2 ■

1247 2030 5 4 -
1268 2015 184 36 vft^rOTrCE.—
1454 2017 39 22 All
1509 2025 90 19 persons
1615 2018 84 28 having
1710 2018 64 23 Guns
1784 2022 23 19 at
1816 2019 38 22 the

1272 2041 43 24 ±\
1351 2043 70 21 house
1432 2044 25 21 of
1463 2043 38 22 the
1518 2044 154 27 undersigned*,
1684 2052 38 15 are
1737 2046 118 26 requested

1274 2074 21 17 to
1304 2077 89 14 remove
1404 2070 61 22 them
1475 2070 77 22 within
1561 2072 26 20 14
1597 2071 61 27 days,
1670 2079 25 14 or
1704 2072 53 27 they
1767 2072 46 21 will
1820 2072 34 23 ,be

1273 2097 47 21 sold
1331 2100 22 18 to
1364 2097 78 26 defray
1452 2104 113 20 expenses.

1427 2130 34 22 W.
1477 2130 74 27 Neal,
1568 2131 164 27 Watchmaker,
1742 2132 84 22 Petoni.

1301 2157 56 27 May
1366 2159 34 23 30,
1413 2159 59 20 1843.

1435 2208 56 21 Oil!
1513 2209 69 21 Oil!!
1606 2209 87 22 Oil!!!

1275 2241 90 50 THE
1381 2242 74 22 BEST
1470 2242 89 22 LAMP
1573 2243 52 21 OIL
1635 2243 24 21 in
1670 2243 144 28 Wellington,
1823 2245 32 20 3s.

1346 2276 40 20 per
1400 2269 70 26 single
1484 2269 82 26 gallon,
1578 2270 43 22 and
1634 2271 32 21 2s.
1686 2270 36 22 9d.
1741 2271 30 26 by
1781 2271 76 26 taking

1274 2295 42 22 five
1326 2295 92 30 gallons,
1427 2299 24 18 at
1459 2295 37 22 the
1506 2297 75 21 Stores
1591 2297 25 21 of
1639 2300 9 4 ~

1570 2328 34 22 M.
1618 2328 90 26 Asher,

1636 2354 111 23 Lambton
1757 2355 71 27 Quay.

1301 2380 55 27 May
1365 2382 34 24 23,
1411 2382 60 21 1843.

1457 2425 35 22 W.
1509 2426 34 22 M.
1559 2426 106 27 SMITH,

1275 2467 56 16 LATE
1341 2466 237 15 SURVEYOR-GENERAL
1588 2467 27 14 TO
1627 2467 46 14 THE
1688 2467 52 14 NEW
1754 2467 104 15 ZEALAND

1508 2493 113 19 COMPANY,

1300 2518 142 26 Surveyor,
1456 2518 212 26 Draughtsman,
1684 2518 55 21 and
1753 2519 77 21 Land

1517 2545 99 26 Agent.

1274 2570 175 28 Tinakori-road)
1461 2570 99 28 January
1573 2572 21 25 4,
1607 2572 60 21 1843.

1387 2606 5 16 ''
1485 2620 23 22 J.
1538 2620 107 27 BIRD,

1275 2654 230 25 Cabinet-maker,
1520 2655 186 26 Upholsterer,
1727 2655 22 21 &
1773 2656 87 27 Paper

1507 2682 119 25 Hanger,

1455 2722 34 15 TE
1515 2723 55 14 ARO
1594 2723 82 19 FLAT,

1275 2749 41 23 T>
1327 2747 216 23 ESPECTFULLY
1558 2748 82 22 solicits
1657 2756 13 14 a
1684 2749 89 26 portion
1784 2749 26 23 of
1821 2750 39 22 the

1276 2773 51 24 JLV
1352 2775 90 21 favours
1451 2775 26 21 of
1484 2775 38 21 the
1536 2779 78 23 gentry
1625 2775 45 22 and
1684 2776 140 23 inhabitants
1838 2778 25 21 of

1275 2801 136 28 Wellington
1421 2801 23 22 in
1459 2801 39 22 the
1513 2802 71 22 above
1599 2802 120 27 branches,
1731 2803 43 21 and
1786 2808 73 23 trusts,

1274 2828 28 27 by
1318 2828 35 22 his
1372 2829 140 22 economical
1529 2829 93 26 charges
1640 2829 46 22 and
1702 2831 118 26 attention,
1837 2834 23 18 to

1275 2855 64 21 merit
1348 2863 14 14 a
1371 2855 150 23 continuance
1531 2856 25 21 of
1564 2855 38 22 the
1611 2864 69 14 same.

1301 2881 49 23 Has
1369 2889 14 14 a
1400 2882 77 22 choice
1496 2882 118 22 collection
1633 2883 26 21 of
1679 2883 57 22 New
1759 2883 102 23 Zealand

1276 2908 78 27 woods,
1385 2909 51 21 well
1463 2909 109 23 seasoned
1581 2917 7 18 ;
1613 2917 13 14 a
1649 2910 44 22 few
1715 2910 43 22 low
1783 2911 77 28 priced

1274 2939 133 19 mattresses.

1301 2962 104 22 Families
1415 2961 82 28 having
1507 2962 59 23 their
1573 2970 50 15 own
1628 2963 115 22 materials
1750 2970 43 15 can
1802 2963 58 22 have

1274 2988 61 23 them
1345 2988 67 23 made
1421 2996 38 20 up.

1300 3022 32 22 Te
1342 3022 47 22 Aro
1400 3022 56 27 Flat,
1466 3022 56 27 May
1534 3024 35 24 12,
1579 3014 61 30 1843*.

1443 3073 77 20 Meat
1541 3073 148 25 Company.

1275 3104 91 50 THE
1385 3104 236 28 UNDERSIGNED;
1640 3104 86 29 having
1743 3097 65 31 been^
1822 3114 38 20 ap-

1347 3132 91 28 pointed
1451 3131 111 28 Manager
1572 3132 25 21 of
1611 3132 37 21 the
1663 3132 63 22 Meat
1735 3133 123 27 Company,

1274 3158 53 28 begs
1336 3162 23 19 to
1369 3166 117 15 announce
1495 3158 50 22 that
1559 3165 13 16 a
1581 3158 89 28 regular
1678 3159 78 28 supply
1766 3160 26 21 of
1800 3160 58 25 beef,

1274 3188 93 25 mutton,
1388 3186 46 21 and
1449 3185 57 29 pork
1522 3193 52 19 may
1594 3186 82 26 always
1694 3186 28 22 be
1741 3186 119 28 depended

1275 3219 59 21 upon
1345 3217 24 17 at
1378 3212 43 22 this
1432 3212 172 22 establishment.

1297 3238 37 23 'As
1351 3237 50 24 'this
1424 3240 115 27 Company
1558 3246 107 21 purposes
1683 3239 79 27 selling
1781 3242 24 19 at
1822 3240 37 21 the

1273 3264 77 23 lowest
1357 3266 73 28 prices
1440 3270 23 18 at
1477 3266 73 22 which
1559 3267 19 20 it
1591 3266 18 21 is
1618 3266 76 21 found'
1698 3266 38 22 the
1746 3270 60 18 meat
1818 3273 42 15 can

1274 3291 29 22 be
1312 3292 111 28 afforded,,
1430 3293 36 21 the
1476 3292 150 28 undersigned
1635 3293 19 21 is
1668 3293 53 27 only
1731 3293 127 22 authorized

1252 3319 3 7 '
1275 3321 23 18 to
1307 3318 50 27 give
1362 3326 55 19 very
1423 3319 85 22 limited
1518 3320 77 26 credit,
1602 3319 46 23 and
1654 3319 41 23 has
1702 3320 55 21 been
1766 3320 94 21 ordered

1270 3348 28 20 .to
1312 3349 48 24 stop
1375 3346 32 22 all
1419 3348 105 20 accounts
1538 3346 74 22 which
1625 3353 38 15 are
1678 3350 41 18 not
1733 3346 53 28 paid
1799 3354 60 20 upon

1275 3371 101 25 demand.

1301 3398 47 22 The
1358 3398 100 23 business
1468 3398 26 23 of
1501 3398 37 23 the
1550 3398 114 28 Company
1671 3398 20 22 is
1701 3399 85 22 carried
1796 3407 29 15 on
1835 3400 23 22 in

1275 3424 57 23 their
1346 3433 49 16 new
1409 3422 110 30 building,
1530 3426 88 21 erected
1635 3426 101 21 between
1755 3426 104 22 France's

1253 3459 2 9 '
1275 3450 69 23 Hotel
1362 3452 44 23 and
1425 3452 37 22 the
1480 3452 65 23 head,
1556 3452 27 21 of
1596 3452 37 23 the
1647 3452 58 27 Bay,
1723 3452 49 22 and,
1782 3453 78 27 nearly

1252 3489 2 6 '
1275 3485 42 21 ?PP
1318 3486 13 14 c
1332 3478 42 28 ?ite
1383 3483 23 18 to
1416 3479 44 22 Mr.
1470 3478 85 28 Lyon's
1565 3478 69 23 Store.

1252 3530 86 9 ...
1546 3511 35 23 W.
1595 3511 103 28 FtYoEs,
1713 3513 118 28 Manager.

1252 3534 3 15 1
1302 3538 129 23 November
1439 3541 34 25 23>
1485 3539 61 22 1842:
1636 3544 4 5 -
1751 3546 2 4 •
1781 3542 4 16 ;
1795 3548 2 5 .

1338 3609 4 3 •
1392 3615 3 6 .
1462 3591 93 25 3?*esh,

1253 3626 3 17 :
1292 3624 16 22 A
1327 3624 110 23 LWA'YS
1452 3631 28 16 on
1495 3624 51 22 Sale
1561 3627 25 23 at;
1601 3624 37 22 the
1648 3624 65 26 Meat
1725 3625 135 28 Company's

1252 3661 4 15 i
1275 3655 50 18 xs.
1335 3649 139 29 "premises.'
1489 3655 12 4 ~~
1815 3663 11 15 ,■•

1252 3679 4 29 !
1279 3678 11 11 J
1290 3675 23 35 ;'
1315 3676 15 13 v
1341 3680 5 26 :
1359 3675 19 14 JI
1375 3680 10 24 /
1389 3674 6 14 J
1407 3676 21 11 °-
1439 3675 24 28 f-
1470 3683 3 4 ■
1539 3676 40 26 W.
1713 3678 119 29 Manager.

1278 3702 281 38 "'.ffiims-Btreej-.Dcci.?,
1571 3713 60 26 1g42..
1665 3703 28 11 "'
1776 3706 4 4 '

1513 3758 110 21 Cheese.

1252 3782 4 25 i
1291 3789 18 23 A
1335 3788 121 24 SUPPLY
1459 3785 108 27 received'
1571 3790 87 27 weekly
1665 3790 26 22 of
1697 3790 164 30 New^Zealand

1270 3816 55 21 Jjl
1340 3821 4 7 '
1352 3816 73 22 mad«f
1428 3814 92 29 Cheese,
1526 3817 59 21 from
1789 3817 69 29 dairy,

1274 3841 44 22 and
1327 3842 39 22 for'
1370 3842 46 23 sale
1425 3845 25 22 at
1463 3842 40 23 the
1503 3845 3 12 1
1511 3842 107 29 premises
1628 3843 26 22 of
1668 3843 41 22 the
1720 3843 66 23 Meat
1795 3843 65 23 Com-

1252 3865 4 36 j
1273 3875 68 20 fiany.
1369 3887 7 10 
1470 3872 3 3 '
1542 3891 3 4 ,
1562 3876 5 4 -
1619 3884 2 5 ,
1662 3884 3 3 -
1687 3868 6 4 '
1728 3875 4 5 •
1780 3882 43 7 -.
1847 3890 3 6 ,

1247 3893 9 35 'l
1282 3895 137 33 *^1~.v«..
1433 3915 6 12 i
1466 3910 5 11 f
1492 3918 11 6 ••
1526 3903 5 3 '
1552 3894 37 34 Mr
1600 3894 102 34 s£^s»
1713 3894 119 34 Manager,
