2520 4020
667 1024 3 6 '
698 1024 43 22 We
752 1031 37 16 are
808 1027 40 20 not
865 1031 73 16 aware
956 1024 26 23 of
995 1024 60 22 what
1073 1024 37 22 the
1128 1024 116 31 instances;

664 1064 37 16 are
713 1056 73 23 which
796 1055 56 25 have
871 1055 109 25 occurred
999 1057 26 22 in
1042 1055 47 24 this
1109 1054 78 29 island,
1199 1054 42 24 but

665 1097 32 16 we
708 1088 80 25 should
802 1097 41 24 say
853 1089 50 25 that
921 1089 38 24 the
972 1097 87 24 .person
1078 1088 116 30 claiming-,
1203 1087 38 24 the

664 1121 61 32 right
737 1127 22 18 to
771 1122 50 29 sell,
831 1127 62 19 must
910 1123 50 23 first
971 1130 68 24 prove
1059 1122 50 23 that
1125 1122 28 22 he
1164 1120 45 24 had
1229 1128 13 16 a

664 1154 62 32 right
736 1163 25 15 so
773 1160 22 19 to
807 1156 28 23 do
845 1165 6 20 ;
871 1155 74 24 which
955 1156 21 23 is
995 1155 80 24 denied
1086 1155 29 30 by
1128 1154 36 24 the
1178 1153 63 24 other

664 1188 105 30 inferred,
781 1189 141 32 contracting
932 1194 74 26 party,
1018 1188 155 25 the.Natives.

673 1242 3 3 .
696 1221 37 24 As
743 1222 91 30 regards
846 1222 49 24 the.
904 1222 147 31 proceedings
1070 1222 25 23 in
1112 1221 37 24 the
1159 1220 82 30 neigh-

663 1254 97 31 bouring
779 1254 105 30 colonies,
909 1255 38 24 the
966 1255 64 23 mode
1048 1255 31 33 I^y
1098 1254 71 24 which
1188 1254 53 29 they

664 1295 57 16 were
734 1288 110 31 acquired,
856 1288 45 24 and
913 1288 37 23 the
960 1288 46 23 fact
1017 1288 49 23 that
1080 1288 41 23 the
1131 1287 54 24 land
1195 1294 46 16 was

664 1325 23 19 at
698 1321 50 23 first
759 1321 104 32 acquired
882 1321 32 32 by
924 1327 78 24 grants
1021 1321 58 24 from
1100 1320 37 24 the
1148 1320 91 28 Crown,

664 1355 102 29 destroys
778 1355 36 22 the
827 1355 95 31 analogy
933 1354 100 23 between
1044 1354 38 23 the
1095 1358 43 19 two
1150 1361 73 16 cases.

697 1387 44 23 We
753 1387 27 23 do
792 1391 38 20 not
841 1388 43 24 feel
897 1387 104 32 disposed
1011 1393 24 17 to
1042 1395 83 23 pursue
1138 1386 36 24 the
1186 1386 62 23 sub-

661 1420 48 32 ject
720 1420 85 24 further
816 1426 25 19 at
850 1426 99 26 present,
962 1421 77 30 seeing
1051 1420 49 23 that
1116 1420 36 23 the
1164 1419 76 31 period

663 1454 20 23 is
694 1454 46 22 fast
750 1453 152 32 approaching
913 1454 65 23 when
987 1477 2 6 ,
998 1461 32 15 we
1042 1453 60 23 shall
1119 1454 32 25 be,
1156 1452 50 24 able
1220 1458 21 17 to

665 1486 52 23 take
729 1495 13 15 a
752 1488 80 21 review
843 1486 24 24 of
882 1487 39 23 the
933 1487 71 22 whole
1013 1487 118 30 .question,
1145 1485 97 24 without

665 1520 37 22 the
712 1520 48 23 fear
771 1520 25 23 of
810 1520 69 29 being
896 1519 97 24 accused
1012 1520 25 22 of
1050 1518 142 32 prejudicing
1203 1520 38 22 the

665 1560 59 16 case.

683 1609 274 24 AGRICULTURAL
981 1609 269 24 ASSOCIATION

697 1661 24 24 A
732 1668 119 16 numerous
872 1661 101 30 meeting
992 1661 24 22 of
1030 1660 40 23 the
1084 1657 157 27 Landholders

657 1694 51 28 .and
718 1694 131 24 Merchants
861 1694 26 23 of
901 1693 46 24 this
965 1693 136 29 settlement,
1114 1693 52 23 took
1178 1694 63 30 place

663 1732 24 19 at
698 1727 38 23 the
748 1727 126 30 Exchange
884 1727 96 28 Rooms,
993 1734 28 15 on
1039 1726 111 31 Monday,
1161 1733 78 24 agree-

663 1760 50 23 able
730 1765 22 18 to
773 1760 37 23 the
829 1760 87 24 notices
929 1759 132 32 previously
1079 1759 123 24 advertised
1209 1761 32 22 :in

664 1793 53 24 both
730 1800 88 24 papers.

696 1826 51 24 The
764 1826 101 24 business
886 1826 26 23 of
932 1826 39 23 the
990 1826 42 30 day
1051 1826 141 23 commenced
1211 1826 30 31 by

664 1859 95 24 Colonel
777 1859 128 23 Wakefield
924 1854 70 36 Wing
1012 1859 119 31 requested
1145 1863 21 19 to
1188 1859 53 24 take

663 1893 37 23 the
720 1892 60 23 chair
792 1901 6 20 ;
827 1892 48 23 who
896 1892 108 24 observed
1022 1892 57 28 that,
1098 1892 108 31 although
1224 1893 17 23 it

663 1926 44 23 had
718 1926 54 30 long
784 1926 56 22 been
852 1925 23 24 in
893 1925 172 31 contemplation
1078 1929 22 19 to
1117 1925 56 24 form
1186 1925 55 24 such

663 1967 27 16 an
703 1959 129 23 institution
844 1965 24 17 as
881 1958 39 23 the
931 1966 42 15 one
992 1958 53 31 they
1056 1965 58 17 were
1133 1958 47 24 that
1198 1959 42 31 day

663 1997 45 19 met
721 1996 22 19 to
755 1991 35 31 lay
802 1991 38 23 the
859 1991 133 24 foundation
1009 1991 30 28 of,
1056 1998 30 16 no
1098 1992 142 30 opportunity

663 2025 44 23 had
726 2025 56 22 until
800 2031 49 16 now
869 2024 121 30 presented
1008 2023 65 23 itself,
1092 2024 26 22 of
1131 2024 110 30 maturely

662 2057 143 31 considering
823 2057 37 23 the
882 2056 96 31 subject,
997 2057 43 22 and
1062 2057 120 30 arranging
1203 2056 38 24 the

661 2090 145 23 preliminary
818 2094 61 19 steps
891 2090 35 22 for
938 2090 55 22 such
1006 2097 27 15 an
1046 2089 82 24 object.

275 489 141 21 ARRIVED.

86 525 55 20 June
152 524 19 24 3,
191 523 103 21 ichooner
303 522 106 25 Industry,
427 521 35 25 24,
471 520 95 27 Bradley,
581 519 56 21 from

43 568 5 7 .
56 551 118 26 Hokianga.

85 579 55 19 June
151 579 20 23 4,
181 579 68 19 cutter
267 577 109 21 Catherine
385 576 106 24 Johnston,
500 575 34 26 10,
550 574 85 26 Taylor,

56 605 54 21 from
120 605 123 26 Wanganui.

86 633 56 19 June
152 633 21 24 5,
183 631 116 26 brigantiae
308 630 118 27 Vanguard,
436 629 34 25 61,
479 629 95 24 Newton,
581 626 59 23 from'

56 660 90 27 Sydney.
176 683 9 4 _
187 681 4 5 f

295 703 116 20 SAILED.

85 737 56 19 June
155 737 20 23 3,
193 736 103 20 schooner
316 736 67 19 Three
406 734 104 23 Brothert,
529 733 27 20 50
577 733 57 21 tons,

55 764 87 23 Thorns,
153 763 32 21 for
195 763 72 22 Queen
286 763 128 20 Charlotte's
425 761 70 21 Sound
503 760 40 20 and
554 758 81 26 Cloudy

56 791 52 25 Bay.

51 829 7 5 *
83 818 56 20 June
152 819 21 23 4,
183 818 47 25 brig
248 818 83 23 Nelion,
350 817 40 20 153
406 817 57 22 tons,
479 813 108 27 M'Laren,
603 813 32 20 for

56 845 87 20 Nelson.

84 873 55 19 June
150 872 19 23 6,
186 872 103 20 schooner
298 871 115 24 Elizabeth,
429 870 27 20 52
466 871 53 22 tons,
533 868 101 25 Fleming,

54 906 25 13 or
88 899 86 21 Nelson.
457 897 3 5 '

277 947 34 21 IN
326 947 85 20 PORT.

80 982 84 25 Barque
173 980 132 25 Indemnity,
313 980 44 20 450
374 982 63 21 tons,
443 977 84 24 Adams,
541 976 95 26 refitting

53 1010 92 24 Agents,
155 1008 69 21 Waitt
233 1008 43 20 and
285 1008 79 26 Tyser.

80 1038 108 19 Schooner
209 1036 57 24 Ann,
291 1035 26 20 22
338 1037 58 21 tons,
421 1033 89 24 Brown,-
529 1031 46 21 laid
597 1037 37 20 up.

52 1066 80 24 Agent,
143 1064 68 20 Waitt
220 1063 41 20 and
272 1063 77 25 Tyser.

81 1092 105 21 Schooner
210 1092 63 24 Erin,
289 1090 35 21 .25
349 1093 56 22 tons,
430 1088 74 26 Relph.
546 1086 88 26 Master,

54 1121 79 24 Agent.

80 1146 51 26 Brig
145 1146 80 23 Lur.ar,
240 1145 39 20 16*5
290 1147 57 20 tons,
362 1143 35 21 W.
407 1143 63 20 Ellis.
497 1142 83 20 Rhodes
594 1141 41 20 and

53 1175 48 20 Co..
111 1174 87 25 Agents.

80 1201 114 21 Schooner.
200 1200 65 26 .Lady
273 1200 74 25 Leigh,
361 1199 39 20 109
410 1200 57 21 tons,
478 1197 74 27 Mann,
580 1196 55 21 Fitz-

52 1229 93 23 herbert,
157 1228 77 26 Agent.

79 1255 111 21 American
200 1255 47 26 ship
256 1254 78 20 Robert
343 1252 111 26 Pulsford,
467 1253 39 20 4,00
515 1254 57 19 tons.
600 1250 34 21 W.

52 1283 93 20 Wallace
155 1283 40 19 and
200 1281 52 27 .Co.,
263 1281 88 27 Agents.

80 1310 98 25 Whaling
200 1309 79 26 barque
303 1309 78 25 Sophia
403 1305 53 23 and'
464 1306 67 24 Eliza,
557 1305 78 21 Coffin.

52 1335 94 23 Wallace
155 1337 40 20 and
206 1336 47 24 Co.,
265 1336 86 26 Agents.

84 1365 106 20 Schooner
202 1364 75 24 Ocean,
293 1364 26 20 30
330 1367 56 22 tons,
403 1363 112 26 Ferguson.
542 1360 94 21 Wallace

52 1392 42 21 and
104 1392 48 23 Co.,
166 1392 86 25 Agents.

84 1419 74 21 Cutter
173 1419 116 25 Elizabeth,
306 1418 27 20 20
343 1421 56 22 tons,
417 1417 91 20 Morton.
538 1415 96 27 Captain,

52 1447 79 25 Agent.

84 1474 106 20 Schooner
199 1473 105 25 Industry,
320 1473 25 19 24
355 1475 56 21 tons,
422 1471 93 26 Bradley.

85 1501 75 19 Cutter
181 1501 108 20 Catherine
306 1500 108 24 Johnston,
435 1499 26 20 10
478 1501 52 24 tons,
551 1497 83 27 Taylor.

54 1527 87 25 Master,
153 1530 75 23 Agent.

82 1555 122 26 Brigantine
216 1554 120 25 Vanguard,
348 1555 24 19 61
381 1556 54 23 tons,
446 1553 94 20 Newton.
568 1552 68 20 Waitt

52 1582 42 20 and
103 1582 71 26 I'yser,
185 1582 87 25 Agents.

53 1637 91 52 New
174 1637 211 52 Zealand
415 1637 211 52 Gazette

93 1703 66 19 AND
173 1703 214 19 WELLINGTON
405 1703 183 19 SPECTATOR.

174 1755 153 23 Wednesday,
344 1755 61 21 June
419 1755 21 25 7,
458 1755 55 21 1843.

1265 140 122 25 formation
1398 140 25 25 of
1432 140 38 23 the
1477 140 106 30 Society,
1601 136 44 25 and
1657 135 76 24 would
1742 135 108 24 conclude

1267 175 31 30 by
1308 175 123 30 proposing
1449 173 39 24 the
1506 171 114 31 following
1632 168 136 40 resolution,'
1778 167 79 36 whichj

1265 206 170 25 was'secdnded
1445 205 33 31 by.
1489 204 49 27 Mr.
1551 204 78 24 Petre'.

1295 243 59 22 That
1363 244 36 22 the
1414 243 89 28 Society
1518 243 27 22 do
1563 241 79 23 consist
1658 238 26 22 of
1695 246 14 14 a
1724 236 123 26 President,

1268 270 200 27 Vice-Presidents,
1488 269 43 23 and
1554 269 48 22 first
1624 266 44 22 and
1691 265 81 22 second
1794 265 56 23 class

1268 298 115 27 members,
1395 297 51 22 with
1456 304 14 15 a
1479 295 132 23 Committee
1628 292 24 22 of
1669 292 78 22 twelve
1763 293 24 19 to
1797 298 52 16 con-

1268 325 54 22 duct
1332 324 38 22 the
1380 325 72 21 affairs
1469 323 26 22 of
1505 322 50 25 the,
1560 320 157 30 Association^,
1732 319 48 22 The
1796 326 53 22 pay-

1268 355 63 18 ment
1341 351 25 21 of
1377 354 42 19 two
1429 351 92 26 guineas
1529 355 41 21 per
1579 352 83 18 annum
1674 348 23 19 to
1707 347 118 20 constitute
1835 353 14 13 a

1258 373 11 14 f
1268 377 189 27 Vice-President,
1470 384 43 14 one
1521 375 82 28 guinea
1611 377 23 18 to
1647 373 37 21 bet.
1693 373 38 20 the
1741 373 108 25 subscrip-

1260 404 55 25 ,tion
1326 404 58 24 from
1399 411 14 14 a
1418 403 123 22 'first-class
1556 400 105 25 member,
1677 398 105 22 and-five
1797 398 52 22 shil-

1267 431 59 26 lings
1344 438 39 20 per
1398 437 81 15 annum
1495 432 22 19 to
1533 428 28 21 be
1577 425 127 24 subscribed
1721 425 30 26 by
1766 425 83 21 second

1262 457 69 26 .class,
1340 457 126 24 members..
1484 456 55 24 The,
1550 453 116 26 President
1681 452 66 27 to.be
1763 452 85 35 elected

1269 483 107 28 annually
1383 484 54 22 from
1449 483 37 22 the
1498 479 197 25 Vice-Presidents.
1724 479 48 22 The
1782 479 66 21 Com-

1269 511 85 26 mittee,
1373 511 24 21 of
1415 510 71 22 whom
1501 509 35 22 six
1550 507 72 23 would
1642 513 27 24 o
1686 509 38 18 out
1744 505 102 27 annually

1270 540 22 19 to
1306 537 29 22 be
1354 536 83 23 elected
1451 536 58 22 from
1528 532 198 25 Vice-Presidents'
1738 532 45 21 and
1803 532 46 21 first

1269 563 55 23 class
1342 563 113 22 members.
1484 563 39 21 All
1538 560 107 23 members
1662 563 22 17 to
1699 560 100 21 compete
1814 559 34 21 for

1260 590 79 29 -prizes
1354 597 29 15 on
1400 596 28 16 an
1445 589 65 28 equal
1524 588 91 26 footing.
1648 586 60 24 That
1726 585 37 21 the
1783 585 65 21 Com*

1260 616 85 22 'mittee
1355 616 55 22 have
1420 623 73 20 power
1503 619 22 19 to
1536 615 56 21 form
1600 613 57 23 rales
1664 612 45 22 and
1714 612 134 25 regulations

1269 644 34 26 for
1318 643 39 25 the
1378 645 153 24 government,
1543 642 27 24 of
1589 640 38 22 the
1644 638 145 26 Association,
1809 638 40 22 but

1269 669 71 23 which
1350 669 55 22 shall
1415 669 26 22 be
1451 669 128 26 lai.d.before
1590 675 13 14 a
1611 666 89 28 general
1711 666 104 26 meeting,
1826 669 22 18 to

1269 697 27 21 be
1305 695 54 23 held
1368 695 61 23 twice
1439 703 84 20 a-year,
1533 695 37 21 for
1579 694 57 22 their
1644 692 111 28 approval.

1303 729 70 31 Upon
1387 730 38 23 the
1436 730 104 30 questiou
1550 728 69 30 being
1627 731 47 27 put,
1686 726 48 24 Mr.
1747 725 99 24 Jackson

1267 761 90 32 begged
1374 766 22 20 to
1415 763 55 23 offer
1486 770 15 16 a
1512 762 42 24 few
1571 760 160 27 observations*
1749 759 30 23 he
1795 766 53 23 per-

1269 795 67 31 fectly
1349 795 123 24 conburred
1488 796 24 23 in
1531 794 38 24 the
1581 794 72 31 object
1664 793 35 23 for
1711 791 71 24 which
1796 791 52 31 they

1270 836 56 16 were
1338 832 54 25 met,
1404 827 41 25 but
1455 829 29 23 he
1502 827 38 25 did
1558 831 39 19 not
1608 826 65 24 think
1693 826 50 22 that
1761 824 38 24 the
1811 833 37 15 ar-

1268 866 132 25 rangement
1421 861 109 31 proposed
1548 860 30 30 by
1598 860 38 23 the
1657 858 123 24 resolution
1799 858 49 31 just

1269 893 60 30 read,
1349 902 44 15 was
1405 893 38 24 the
1462 894 52 24 best
1526 893 48 23 that
1592 892 64 24 could
1674 892 28 23 be
1717 890 129 32 suggested.

1270 927 39 24 He
1321 928 36 23 for
1371 934 42 16 one
1424 935 45 16 was
1481 926 99 32 opposed
1596 930 22 18 to
1630 932 66 23 every
1708 924 64 31 thing
1784 924 63 23 tend-

1268 961 40 30 ing
1318 965 23 19 to
1352 960 158 24 classification
1519 960 23 22 in
1552 959 37 23 the
1601 958 79 31 grades
1690 957 25 23 of
1724 957 37 23 the
1773 965 74 15 mem-

1267 993 53 24 bers
1331 993 27 24 of
1366 993 37 24 the
1415 1000 62 16 same
1488 992 141 28 Institution,
1643 991 58 24 their
1710 988 138 34 fobject'was

1268 1031 22 19 to
1302 1027 108 23 associate
1422 1047 1 5 ,
1427 1033 52 16 men
1496 1025 85 30 having
1596 1024 50 29 the.
1650 1031 62 17 same
1733 1024 113 30 interests,

1268 1059 44 24 and
1333 1067 25 16 as
1375 1059 29 24 he
1415 1059 44 25 had
1478 1066 31 15 no
1520 1058 70 23 doubt
1609 1057 37 24 the
1664 1064 61 17 same
1746 1065 102 16 common

1268 1092 81 31 object,
1359 1092 88 30 namely
1448 1091 7 30 j
1472 1092 40 23 the
1523 1091 142 23 furtherance
1676 1090 26 23 of
1707 1090 38 23 the
1756 1091 91 30 general

1267 1126 106 23 interests
1390 1125 25 24 of
1430 1125 39 24 the
1489 1124 96 31 Colony.
1620 1124 26 23 If
1661 1123 72 24 men's
1750 1123 97 25 abilities

1267 1166 58 16 were
1336 1163 24 19 to
1371 1158 27 24 be
1406 1158 87 31 judged
1505 1158 25 23 of
1546 1158 29 31 by
1586 1156 37 25 the
1636 1160 101 21 contents
1749 1156 25 24 of
1790 1157 57 24 their

1269 1191 95 32 pockets
1375 1200 24 15 or
1415 1191 37 24 the
1463 1195 94 20 amount
1568 1191 25 23 of
1608 1190 57 24 their
1676 1190 170 31 subscriptions,

1269 1224 53 24 then
1340 1224 79 24 indeed
1437 1224 39 24 the
1493 1224 59 23 class
1571 1228 84 26 system
1674 1223 72 31 might
1762 1224 28 22 be
1810 1232 36 15 re-

1269 1258 76 23 sorted
1357 1262 30 24 to,
1398 1257 41 24 but
1447 1265 25 16 as
1484 1257 30 24 he
1525 1264 45 16 was
1583 1257 61 31 quite
1655 1264 52 16 sure
1719 1264 43 23 any
1775 1256 71 24 Insti-

1268 1292 72 22 tution
1352 1290 68 24 based
1436 1298 61 23 upon
1515 1290 57 23 such
1591 1297 15 16 a
1620 1294 85 27 system
1725 1289 67 24 could
1808 1294 40 19 not

1269 1324 62 24 work
1343 1325 35 23 for
1397 1332 44 23 any
1451 1323 108 32 practical
1570 1323 69 31 good,'
1653 1323 29 23 he
1700 1322 81 24 should
1793 1330 53 16 con-

1269 1357 62 24 clude
1342 1357 31 31 by
1383 1357 124 31 proposing
1518 1364 27 16 an
1558 1356 149 29 amendment,
1716 1355 74 24 which
1801 1363 46 16 was

1268 1389 112 25 seconded
1390 1390 30 31 by
1432 1391 48 23 Mr.
1494 1389 148 24 Greenwood.

1294 1428 59 22 That
1369 1429 37 21 the
1423 1428 82 22 annual
1523 1427 142 27 subscription
1680 1427 29 22 be
1725 1435 14 13 a
1751 1427 96 22 uniform

1269 1462 55 18 sum,
1338 1459 25 18 to
1377 1455 26 22 be
1417 1455 52 28 paid
1484 1455 29 27 by
1523 1451 29 25 all
1566 1461 89 21 persons
1665 1454 97 22 desirous
1772 1454 25 21 of
1810 1454 38 22 be-

1270 1482 86 27 coming
1365 1482 116 22 members.
1573 1495 38 13 ...
1737 1494 3 10 :
1764 1485 2 19 ',

1302 1517 49 24 Mr.
1365 1517 59 23 John
1436 1516 84 30 Smith,
1533 1516 37 24 the
1586 1516 93 28 banker;
1698 1516 81 28 stated,
1800 1516 48 25 that

1269 1550 37 24 the
1331 1551 142 23 amendment
1500 1549 73 24 which
1606 1549 47 24 Mr.
1679 1549 100 24 Jackson
1803 1549 45 24 had

1270 1582 122 25 submitted
1403 1583 43 24 had
1457 1583 57 24 been
1526 1588 81 19 matter
1618 1582 25 23 of
1657 1582 126 24 discussion
1795 1583 52 23 with

1269 1624 67 23 many
1347 1616 143 31 gentlemen,,
1503 1615 44 25 and
1566 1616 30 23 its
1618 1615 106 31 adoption
1745 1620 102 20 contem-

1269 1649 74 31 plated
1352 1658 6 20 ;
1378 1649 89 31 leaving
1486 1649 37 24 the
1535 1653 92 19 amount
1645 1649 24 23 of
1683 1649 40 23 the
1734 1649 113 31 subscrip-

1270 1683 46 23 tion
1338 1690 26 16 as
1385 1685 86 21 matter'
1484 1682 26 23 of
1533 1681 76 24 detail'
1614 1682 46 23 for'
1669 1682 36 23 the
1728 1683 122 30 managing

1269 1717 134 22 committee.
1446 1715 50 29 The
1507 1716 106 31 question
1623 1722 46 16 was
1679 1715 54 23 then
1743 1719 49 27 put,
1804 1715 44 24 and

1271 1749 37 23 the
1319 1748 143 24 amendment
1472 1746 95 26 carried.
1700 1763 3 5 -
1751 1763 3 8 ,
1775 1769 4 3 .

1302 1786 48 25 Mr.
1367 1786 87 32 Boyton
1472 1786 81 29 stated,
1571 1786 51 23 that
1639 1793 24 16 as
1684 1785 31 24 he
1737 1786 113 32 Supposed

1269 1819 38 24 the
1316 1820 74 31 object
1409 1820 25 23 of
1448 1819 52 28 the.
1505 1819 99 30 meeting
1622 1827 45 15 was
1684 1824 23 18 to
1724 1819 82 24 induce
1825 1827 24 16 as

1269 1853 61 30 large
1342 1861 14 15 a
1366 1853 94 23 number
1473 1861 25 15 as
1509 1852 100 32 possible
1623 1856 22 19 to
1660 1852 49 31 join
1726 1852 42 27 the.
1776 1852 73 24 Insti-

1270 1886 79 29 tution,
1373 1886 42 23 and
1437 1886 49 23 that
1507 1886 37 23 the
1567 1889 91 20 amount
1685 1885 25 23 of
1735 1885 37 24 the
1795 1885 55 23 total

1269 1918 161 31 subscriptions
1443 1919 81 29 would,
1537 1919 31 30 by
1585 1918 115 31 reduciug.
1710 1918 39 23 the
1767 1918 82 24 indivi-

1269 1951 51 25 dual
1333 1952 170 28 contributions,
1516 1952 28 24 be
1556 1950 64 24 made
1631 1959 29 24 up
1680 1951 29 31 by
1728 1951 37 23 the
1784 1959 66 22 agre-

1267 1989 52 26 gate
1345 1990 92 18 amount
1458 1986 25 21 in
1511 1984 107 23 numbers
1629 1993 6 18 ;
1665 1983 28 23 he
1716 1983 88 31 begged
1826 1988 22 19 to

1269 2024 102 23 propose,
1384 2024 24 16 as
1418 2024 29 15 an
1459 2016 151 27 amendment,
1646 2016 60 23 That
1718 2016 37 22 the
1767 2016 82 23 annual

1269 2050 151 30 subscription
1451 2050 26 22 be
1514 2050 61 26 10s.,
1606 2049 108 22 seconded
1742 2049 30 30 by
1803 2048 45 24 Mr.

1270 2082 148 24 Greenwood.

1302 2115 112 25 Question
1426 2119 41 26 put
1477 2115 51 22 and'
1534 2114 126 31 negatived.

1303 2148 49 24 Mr.
1378 2148 75 24 Smith
1474 2147 54 23 then
1549 2147 112 32 proposed
1682 2147 38 23 the
1737 2148 114 30 following

1269 2181 129 28 resolution,
1409 2181 72 23 which
1493 2188 45 16 was
1550 2180 111 23 seconded
1672 2180 30 31 by
1721 2180 36 23 the
1780 2181 63 23 Hon.

1270 2214 33 24 H.
1318 2214 39 24 W.
1372 2215 75 28 Petre,
1460 2214 54 24 J.P.

1296 2251 58 22 That
1371 2259 14 14 a
1403 2251 149 23 Subscribtion
1577 2250 48 23 List
1648 2250 39 27 be,,
1697 2250 154 28 immediately

1269 2278 91 27 opened,
1372 2278 22 21 in
1409 2278 72 21 which
1495 2278 30 21 all
1542 2277 128 27 gentlemen
1687 2277 121 22 interested
1827 2277 22 22 in

1270 2304 37 23 the
1315 2312 86 15 success
1410 2305 25 21 of
1443 2304 41 22 this
1495 2304 88 27 Society
1594 2304 26 21 be
1629 2303 114 27 requested
1756 2307 20 18 to
1787 2304 64 21 enrol

1272 2331 57 22 their
1338 2338 84 15 names.

1303 2367 51 23 The
1371 2366 63 24 Hon.
1443 2386 3 5 ,
1454 2366 47 24 Mr.
1525 2366 68 24 Petre
1613 2365 118 33 proposed,
1744 2365 44 24 and
1801 2365 49 24 Mr.

1270 2400 105 23 Bethune
1387 2399 109 24 seconded

1296 2435 57 22 That
1363 2435 90 22 Colonel
1465 2434 124 23 Wakefield
1599 2435 26 21 be
1636 2434 116 27 requested
1763 2437 21 19 to
1796 2435 51 21 take

1270 2463 36 21 the
1317 2463 63 21 office
1390 2463 25 21 of
1427 2462 115 22 President
1550 2462 37 21 for
1595 2461 36 22 the
1642 2461 93 27 ensuing
1744 2468 61 20 year.

1304 2496 94 23 Colonel
1418 2494 138 24 Wakefield^
1566 2495 104 23 returned
1690 2495 36 23 his
1745 2495 106 23 acknow-

1270 2529 113 31 legeraent
1394 2529 34 23 for
1439 2528 38 24 the
1489 2527 87 24 honour
1587 2529 52 30 paid
1651 2528 61 29 him,,
1718 2528 44 23 and
1774 2528 73 23 would

1271 2567 59 19 most
1346 2562 91 31 happily
1456 2561 126 24 undertake
1602 2561 37 24 the
1657 2562 63 23 office
1738 2569 61 23 upon
1815 2561 37 24 the

1270 2595 179 31 understanding
1462 2595 48 23 that
1523 2595 37 23 the
1572 2599 54 19 next
1637 2602 53 23 year
1699 2595 74 23 would
1784 2594 27 24 be
1820 2595 30 30 by

1271 2629 105 23 election.
1743 2649 4 5 r
1782 2639 4 2 -
1796 2641 6 9 %

1305 2666 97 32 Captain
1429 2665 74 24 Smith
1526 2670 56 19 next
1589 2681 4 6 <
1600 2666 117 31 proposed,
1742 2666 111 23 seconded

1270 2700 31 31 by
1312 2699 48 24 Mr.
1372 2699 126 28 Vavasour,
1512 2699 49 23 that
1573 2699 39 23 the
1630 2699 117 31 following
1765 2699 88 31 gentle-

1272 2741 52 15 men
1335 2732 28 23 be
1375 2732 127 23 nominated
1517 2737 23 18 to
1552 2737 36 18 act
1599 2740 25 15 as
1634 2732 38 24 the
1686 2732 51 23 first
1747 2740 107 23 manage-

1272 2767 39 30 ing
1324 2765 143 24 Committee.

1300 2804 89 21 Messrs.
1400 2803 25 22 F.
1436 2804 27 21 A.
1476 2803 150 26 Molesworth,
1635 2804 31 21 H.
1677 2804 73 25 Petre,
1760 2804 91 26 Barton,

1272 2830 100 26 Bidwell,
1385 2830 118 26 Swainson,
1516 2830 67 26 Watt,
1599 2830 129 26 Machattie,
1744 2830 111 27 Bethune,

1273 2856 91 26 Bowler,
1375 2856 99 26 Ludlam,
1486 2857 75 27 Capts.
1572 2857 81 22 Daniel
1663 2857 42 22 and
1717 2856 99 23 Rhodes.

1305 2892 44 25 Dr.
1387 2891 162 24 Featherstone
1583 2892 118 32 proposed,
1732 2892 44 24 and
1805 2891 49 24 Mr.

1274 2925 109 25 Knowles
1394 2925 111 23 seconded

1299 2961 57 22 That
1367 2960 42 23 Mr.
1421 2960 89 23 Clifford
1519 2962 29 21 be
1557 2961 116 29 requested
1684 2965 22 18 to
1724 2964 37 19 act
1770 2968 24 15 as
1803 2960 52 24 Ho-

1274 2995 78 21 norary
1364 2988 121 27 Secretary.
1502 2992 3 4 '

1445 3040 5 4 -
1489 3023 93 31 Agreed
1590 3028 35 19 to.

1293 3061 3 5 '
1308 3057 46 23 Mr.
1384 3056 92 30 Guyton
1493 3077 4 3 .
1504 3056 89 29 moved,
1620 3056 112 24 seconded
1752 3056 31 30 by
1804 3056 50 24 Mr.

1276 3090 90 24 Waitt.-
1758 3092 3 4 '
1808 3093 4 5 '

1273 3145 3 3 ,
1300 3126 58 23 That
1375 3125 59 21 John
1462 3125 78 27 Smith,
1566 3125 61 27 Esq.,
1650 3125 27 22 be
1697 3125 118 27 requested
1835 3129 21 18 to

1275 3156 35 20 act
1319 3160 24 14 as
1352 3152 130 22 Treasurer.

1496 3185 92 31 Agreed
1600 3188 31 21 to.

1308 3219 23 25 It
1342 3218 69 31 being
1427 3217 79 24 moved
1517 3218 50 24 that
1580 3218 93 24 Colonel
1686 3216 132 29 Wakefield,
1826 3218 27 24 do

1274 3253 61 24 leave
1348 3252 38 23 the
1397 3251 68 29 chair,
1477 3251 46 24 and
1535 3251 49 24 that
1596 3251 47 24 Mr.
1664 3251 69 24 Petre
1753 3252 29 23 do
1801 3252 55 23 take

1275 3287 37 23 the
1319 3292 71 17 same.
1398 3303 3 5 ,
1474 3305 3 2 .

1310 3319 45 24 Mr.
1369 3317 76 23 Smith
1464 3317 121 32 proposed,
1603 3317 50 24 and.
1667 3317 96 32 Captain
1781 3317 76 25 Smith

1273 3349 146 27 seconded-^-

1302 3387 57 24 That
1368 3386 38 22 the
1415 3385 81 23 thanks
1506 3387 27 21 of
1543 3387 44 22 this
1597 3387 96 26 meeting
1708 3387 28 21 be
1752 3387 69 27 given
1834 3390 23 19 to

1276 3413 89 25 Colonel
1382 3413 132 22 Wakefield.
1523 3414 33 21 for
1571 3413 154 22 his.kindness
1741 3413 25 22 in
1780 3414 77 27 taking

1277 3442 37 22 the
1323 3440 62 23 chair
1394 3447 29 14 on
1433 3440 37 21 thfe
1480 3439 121 23 occassion.

1456 3472 94 25 Carried
1561 3480 58 17 nem.
1622 3480 48 18 con.

1310 3508 22 25 A
1355 3506 65 25 Book
1444 3513 56 17 was,
1509 3507 54 24 then
1583 3506 92 32 opened,
1698 3507 46 23 and
1761 3515 14 16 a
1792 3512 65 26 great

1276 3548 67 24 many
1354 3547 77 17 names
1442 3540 100 24 entered.
1555 3552 3 8 <
1578 3539 25 24 It
1613 3547 46 16 was
1665 3540 131 24 announced
1808 3540 49 24 that

1276 3573 172 31 subscriptions,
1457 3572 74 23 would
1548 3572 29 24 be
1591 3572 102 32 received
1703 3577 25 20 at
1738 3573 39 24 the
1787 3573 70 24 Bank

1276 3607 44 25 and
1328 3607 29 31 by
1368 3606 38 24 the
1418 3605 128 32 Secretary.

1336 3639 4 4 *
1348 3640 2 5 '
1522 3647 2 2 .
1831 3642 3 6 i

1300 3672 127 26 NOTICE
1445 3672 45 24 TO
1509 3672 331 26 CORRESPONDENTS.

1269 3752 5 3 .
1288 3751 5 4 .
1310 3729 43 24 We
1364 3732 83 23 cannot
1456 3728 73 26 insert
1540 3727 38 24 the
1593 3728 68 23 letter
1672 3728 78 31 signed
1788 3729 68 24 Peter

1399 3761 60 24 until-
1467 3761 29 23 he
1514 3760 42 25 has
1575 3760 51 23 first
1637 3764 51 23 sent
1705 3761 40 23 the
1756 3761 74 24 letter,
1835 3768 21 18 to.

1277 3797 39 23 the
1335 3793 109 30 Colonist,
1466 3801 43 16 nor
1531 3801 56 15 even
1607 3790 81 27 should
1710 3794 54 31 they
1782 3795 74 24 refuse

1277 3828 57 25 until
1345 3835 33 16 we
1389 3835 38 16 are
1438 3834 63 16 more
1511 3825 59 32 fully
1576 3825 101 25 satisfied
1684 3826 25 24 of
1718 3827 31 23 its
1759 3827 97 25 authen-

1271 3862 79 35 ticity.
1371 3877 162 12 ..-.,.
1831 3873 8 23 _;

1311 3895 25 24 If
1374 3893 90 31 Omega
1500 3892 47 28 wilj
1557 3892 63 24 leave
1632 3891 36 24 his
1677 3892 47 24 real
1734 3899 67 21 name
1813 3893 43 24 and

1277 3927 99 27 address,
1380 3931 24 19 at
1415 3933 41 17 our
1467 3925 75 29 offise,
1550 3933 34 17 we
1594 3925 48 25 will
1652 3926 72 24 insert
1733 3925 38 26 bis
1781 3926 75 29 letter,

697 2123 39 23 He
766 2130 43 16 was
839 2130 51 16 sure
911 2123 19 22 it
951 2122 72 23 would
1042 2123 28 22 be
1092 2123 96 30 wasting
1203 2123 38 23 the

663 2157 54 23 time
730 2157 24 22 of
769 2156 37 23 the
821 2157 108 29 meeting,
948 2155 35 24 for
1001 2155 47 24 him
1069 2160 22 18 to
1115 2155 85 24 discant
1219 2160 23 19 at

662 2197 43 23 any
734 2189 77 31 length
841 2196 60 25 upon
929 2188 39 24 the
995 2188 136 31 advantages
1158 2193 22 19 to
1213 2189 28 23 be

661 2223 90 23 derived
763 2223 56 22 from
830 2230 29 15 an
870 2222 128 23 institution
1008 2222 25 23 of
1048 2222 38 23 the
1096 2226 79 19 nature
1187 2230 53 23 pro-

661 2256 79 31 posed.
774 2256 77 30 Every
861 2255 69 30 body,
942 2255 50 23 who
1004 2259 23 19 at
1045 2254 31 24 all
1092 2255 111 29 attended,
1216 2263 25 15 or

663 2289 80 23 turned
755 2288 35 23 his
802 2289 109 22 attention
924 2293 22 18 to
955 2289 39 22 the
1002 2296 106 23 progress
1116 2288 25 23 of
1149 2289 92 29 society,

661 2327 62 18 must
734 2322 55 23 have
802 2321 119 24 witnessed
933 2321 49 23 that
994 2322 35 22 the
1040 2321 81 31 spread
1132 2322 25 22 of
1171 2329 69 23 gene-

661 2355 33 23 ral
705 2355 144 24 information
860 2355 74 30 might
951 2355 29 22 be
999 2354 74 30 traced
1086 2360 21 17 to
1121 2354 36 23 the
1169 2356 71 21 exist-

661 2396 56 15 euce
738 2388 25 24 of
784 2388 63 23 those
865 2387 106 24 facilities
991 2387 24 23 of
1041 2388 198 29 communication,

661 2421 73 24 which
747 2429 55 15 were
814 2420 102 32 supplied
926 2426 37 17 not
971 2421 57 23 from
1041 2428 42 16 one
1092 2425 64 26 great
1164 2421 76 23 fount-

663 2455 37 22 ain
712 2459 24 26 to,
747 2454 72 23 which
839 2461 67 23 many
917 2454 45 22 had
981 2454 87 23 neither
1084 2455 54 22 time
1150 2461 40 16 nor
1202 2462 40 23 op-

661 2488 117 30 portuuity
808 2491 22 19 to
861 2487 58 23 have
947 2494 105 16 recourse
1087 2491 30 24 to,
1147 2487 41 23 but
1220 2492 22 18 to

663 2521 110 23 Societies
795 2519 57 24 such
874 2527 25 16 as
923 2519 46 24 the-
980 2527 40 16 one
1039 2527 54 21 now,
1112 2520 110 31 proposed
1235 2529 6 20 ;

663 2553 43 25 and
719 2553 79 28 which,
814 2553 65 23 when
890 2553 43 23 but
950 2560 54 16 once
1016 2557 35 19 set
1062 2553 24 23 in
1103 2553 92 29 motion,
1212 2553 30 32 by

663 2587 38 23 the
726 2586 108 24 thousand
857 2586 111 30 tributary
992 2590 94 19 streams
1113 2586 70 23 under
1205 2586 38 24 the

663 2619 80 24 skilful
754 2619 106 24 direction
872 2619 26 23 of
913 2619 39 23 the
963 2618 76 32 public
1050 2626 64 23 press
1117 2636 9 13 t
1140 2618 42 24 and
1204 2619 38 24 the

662 2661 79 15 means
754 2652 24 24 of
792 2652 69 32 cheap
880 2652 122 31 periodical
1019 2651 156 31 publications,
1197 2653 45 23 cir-

663 2685 89 24 culated
763 2686 97 30 through
867 2693 14 16 a
893 2685 71 23 whole
977 2685 145 31 community,
1133 2685 29 31 by
1169 2685 73 24 which

663 2727 67 23 every
741 2720 88 30 portion
842 2718 24 24 of
875 2719 85 30 society
973 2719 20 22 is
1001 2718 94 23 enabled
1107 2724 22 17 to
1141 2718 66 32 enjoy
1213 2719 30 23 its

663 2753 151 30 invigorating
834 2751 86 25 effects.
963 2752 39 23 He
1019 2751 88 23 further
1126 2751 119 25 addressed

663 2785 94 24 himself
766 2789 22 19 to
800 2784 38 24 the
856 2785 131 23 mercantile
998 2785 90 30 portion
1098 2784 26 23 of
1134 2784 41 23 .the
1187 2792 57 24 gen-

664 2818 84 24 tlemen
766 2823 97 26 present,
877 2818 45 22 and
933 2817 87 31 begged
1031 2818 64 22 them
1105 2821 23 19 to
1139 2818 107 24 recollect

665 2851 47 24 that
724 2851 59 23 their
799 2852 106 22 interests
917 2858 59 15 were
987 2850 89 32 equally
1088 2850 74 24 bound
1178 2858 31 23 up
1221 2852 23 22 in

664 2885 38 23 the
714 2884 95 24 benefits
820 2888 24 18 to
853 2884 27 23 be
893 2883 91 24 derived
995 2884 58 22 from
1065 2883 55 23 such
1133 2891 29 16 an
1172 2883 72 25 Insti-

664 2918 81 28 tution,
757 2917 55 24 from
824 2917 38 23 the
873 2917 110 23 statistics
993 2916 25 23 of
1023 2916 73 24 which
1110 2916 53 31 they
1171 2917 73 24 would

663 2951 63 23 learn
739 2950 37 24 the
787 2950 46 24 real
845 2950 43 24 and
904 2950 124 31 legitimate
1039 2957 118 16 resources
1168 2950 24 23 of
1208 2950 38 24 the

665 2983 95 32 Colony,
781 2983 43 24 and
841 2983 52 24 thus
910 2983 29 24 be
957 2983 50 23 able
1026 2987 23 20 to
1069 2983 100 31 regulate
1186 2982 60 25 their

665 3017 141 23 commercial
823 3017 159 28 transactions,
1001 3024 24 16 as
1037 3021 23 19 to
1079 3016 78 23 insure
1174 3024 12 15 a
1199 3017 47 23 safe

663 3050 45 23 and
720 3049 161 32 consequently,
889 3049 119 32 profitable
1025 3049 108 24 selection
1152 3049 24 24 of
1190 3051 55 22 arti-

665 3083 47 23 cles
722 3084 37 22 for
766 3091 40 15 our
816 3083 103 32 imports,
928 3082 44 24 and
984 3082 27 24 be
1022 3082 50 24 best
1083 3082 50 24 able
1145 3087 22 19 to
1175 3082 71 32 judge

664 3124 25 15 as
709 3121 24 18 to
745 3115 59 24 what
814 3120 63 26 ports
894 3121 31 18 to:
935 3115 71 24 direct
1016 3115 60 24 their
1087 3116 117 28 attention,
1215 3116 31 31 by

665 3149 132 30 comparing
808 3148 38 23 the
853 3152 80 20 nature
942 3148 25 23 of
973 3148 57 24 their
1042 3153 93 26 exports
1144 3148 53 24 with
1208 3148 38 24 the

665 3186 72 19 wants
748 3182 26 22 of
787 3181 64 23 those
863 3181 122 29 countries,
997 3186 23 18 to
1030 3181 75 24 which
1116 3181 53 31 they
1180 3181 66 24 could

665 3220 82 26 export
757 3214 61 23 them
829 3218 23 19 to
865 3214 36 24 the
912 3215 51 22 best
972 3214 131 31 advantage.
1125 3214 3 5 '
1141 3214 38 25 He
1190 3223 56 16 con-

666 3247 81 24 cluded
766 3247 29 30 by

692 3283 59 22 That
760 3282 19 22 it
786 3283 81 27 having
881 3282 60 22 been'
955 3282 119 28 suggested
1088 3283 31 27 by
1129 3291 118 15 numerous

665 3317 93 21 persons
767 3309 53 26 that,
832 3309 36 22 the
878 3308 119 23 formation
1013 3309 25 22 of
1050 3317 29 14 an
1096 3310 151 27 Agricultural

667 3337 90 27 Society
766 3336 72 22 would
853 3336 86 28 greatly
949 3336 81 21 benefit
1044 3340 41 18 not
1096 3337 51 27 only
1158 3337 36 22 the
1204 3341 43 18 set-

667 3364 92 21 tlement
776 3363 26 22 of
822 3362 50 23 Port
892 3362 130 26 Nicholson,
1041 3363 42 21 but
1101 3364 36 21 the
1162 3364 85 28 Colony

665 3390 120 27 generally,
795 3389 31 28 by
842 3388 105 28 enabling
962 3388 181 28 agriculturalists
1160 3390 51 22 here
1225 3392 22 21 in

666 3417 38 22 the
715 3416 87 23 earliest
812 3423 91 15 manner
914 3420 22 17 to
946 3416 65 26 profit
1020 3416 28 27 by
1059 3416 55 21 each
1125 3416 72 23 others
1208 3425 36 14 ex-

665 3442 113 30 perience,
788 3442 45 23 and
842 3442 110 27 affording
962 3442 29 28 by
1001 3443 27 21 its
1040 3447 94 22 reports;
1143 3443 104 25 informa-

667 3471 58 20 tions
744 3469 70 22 which
833 3469 72 27 newly
924 3469 88 22 arrived
1029 3473 88 18 settlers
1129 3472 2 8 !
1140 3469 43 22 and
1206 3477 39 16 oui

667 3496 229 26 fellow-countrymen
905 3496 24 22 in
943 3495 102 27 England
1062 3503 52 20 may
1122 3496 68 28 safely
1199 3498 48 27 rely

668 3530 58 20 upon
733 3531 7 19 ;
765 3522 36 23 the
820 3527 88 22 present
926 3523 99 26 meeting
1035 3522 48 23 'has
1103 3523 57 22 been
1177 3523 70 22 called

667 3549 54 23 with
729 3557 16 14 a
754 3549 54 22 view
818 3552 23 19 to
851 3549 43 22 the-
898 3548 120 23 formation
1027 3550 26 21 of
1063 3549 55 22 such
1128 3556 14 15 a
1152 3550 95 27 Society.

701 3583 48 23 Mr.
762 3582 86 25 Barton
855 3581 112 33 proposed
978 3582 38 24 the
1028 3582 115 31 following
1160 3583 88 24 resolu-

667 3616 57 28 tion,
735 3614 73 25 which
819 3622 47 17 was
877 3614 112 25 seconded
999 3615 31 31 by
1039 3614 50 25 Mr.
1102 3614 82 26 Waitt.'
1206 3626 9 15 t
1222 3630 3 5 <

694 3651 60 22 That
761 3650 38 22 the
808 3653 88 24 preaent
905 3650 99 28 meeting
1012 3657 65 20 agree
1087 3654 23 19 to
1121 3650 40 23 the
1168 3652 81 23 forma-

667 3677 48 23 tion
725 3677 26 21 of
762 3684 28 14 an
800 3676 151 26 Agricultural
967 3677 96 27 Society,
1074 3680 24 19 to
1114 3677 28 23 be
1157 3679 92 24 entitled
1255 3679 1 12 '

758 3703 51 22 Port
827 3703 122 23 Nicholson
973 3702 149 28 Agricultural
1145 3700 111 28 Associa-'

929 3749 2 6 ,
957 3738 23 19 -,

749 3762 81 25 Which
842 3770 46 17 was
901 3762 94 26 carried,
999 3763 166 32 unanimously.
1210 3786 5 8 ;
1215 3785 1 2 .
1254 3780 2 5 .

701 3795 50 25 Mr.
766 3795 94 25 Clifford
875 3800 65 20 next,
952 3795 120 25 addressed
1093 3796 39 24 the
1143 3798 113 31 meeting,,

668 3829 29 24 he
717 3829 78 31 began'
809 3829 30 31 by
851 3828 129 31 observing,
1001 3828 48 24 that
1060 3828 57 25 after
1129 3830 58 24 what
1205 3830 46 28 had

668 3863 96 23 been-so
776 3861 58 32 ably,
839 3861 122 32 expressed
970 3861 32 31 by
1011 3861 66 26 their.
1081 3860 130 33 Chairman,
1216 3863 34 25 'he
1255 3870 1 14 i

669 3895 73 27 would
754 3898 39 21 not
803 3895 78 24 detain'
885 3893 39 24 the
1098 3900 24 19 at
1127 3903 59 25 _pnce
1194 3901 62 27 pro-;

669 3928 55 26 ceed
741 3932 25 20 to
776 3928 38 24 the
832 3926 60 26 tnird
1063 3919 74 33 wiica
1147 3936 45 17 was
1211 3929 45 27 the,

2004 118 4 11 ::
2008 118 78 17 7?r>
2086 118 63 13 n
2225 118 56 19 c~ra
2331 129 2 6 ,
2352 122 30 13 ,
2429 119 23 4 -

1876 134 88 31 though
1975 142 32 15 we
2018 141 41 23 are,
2069 138 40 20 not
2127 134 51 24 able
2198 139 31 23 to,
2239 134 102 25 discover
2351 135 38 24 the
2399 137 54 26 bent

1876 167 25 24 of
1915 168 26 23 it.
1977 166 34 24 At
2022 161 38 29 the
2072 174 61 17 same
2145 168 73 29 time,,
2221 175 33 16 we
2367 176 86 18 recom-

1877 200 67 23 mend
1954 199 37 23 his
2012 199 96 31 sending
2118 201 19 23 it
2154 205 24 19 to
2198 198 40 26 t'.ie
2259 199 107 31 Colonist,
2378 203 76 31 seeing

1876 232 48 24 that
1935 234 19 22 it
1964 232 20 23 is
1996 232 132 32 apparently
2139 234 24 22 in
2181 233 65 31 reply
2258 237 22 19 to
2299 241 62 16 some
2375 234 78 25 letters

1875 265 129 32 previously
2015 265 119 31 published
2145 266 23 23 in
2181 265 48 25 that
2240 274 90 23 papers.

1909 298 29 23 In
1952 305 86 16 answer
2050 302 22 19 to
2083 305 15 16 a
2132 298 84 24 Scotch
2423 308 31 17 we

1876 335 62 19 must
1945 330 71 24 make
2032 330 50 24 him
2100 331 37 24 the
2142 344 7 5 -
2155 339 64 16 same
2229 332 80 31 ;reply.
2345 332 54 24 Had
2419 333 35 25 his

1874 363 67 24 letter
1952 363 70 31 solely
2034 363 98 24 referred
2134 363 10 28 l,
2150 369 23 18 to
2192 365 123 29 ourselves,
2328 372 31 16 we
2373 366 80 25 should

1875 396 190 31 have'dispensed
2075 396 55 24 with
2147 396 37 24 his
2201 398 124 31 signature,
2338 398 43 24 and
2391 399 21 23 if
2426 399 28 23 he

1876 429 44 24 will
1931 429 64 24 leave
2005 429 36 23 his
2052 437 68 15 name
2128 429 44 24 and
2184 430 92 23 address
2287 435 24 18 at
2323 438 41 16 our
2380 432 72 29 office,

1876 469 31 17 we
1919 462 47 23 will
1977 462 52 30 give
2039 462 110 24 insertion
2166 467 24 19 to
2206 463 38 23 his
2280 464 113 31 rambling
2410 465 44 24 and

1875 499 39 19 not
1925 502 54 24 very
1991 495 134 31 intelligible

1868 542 6 5 ..
1907 527 45 24 We
1962 527 110 24 take-this
2092 528 147 31 opportunity
2256 529 25 23 of
2295 530 89 31 stating
2395 530 58 29 that,

1875 559 117 25 whenever
2014 568 44 23 any
2076 568 79 16 names
2173 568 38 16 are
2232 561 99 25 referred
2342 567 22 19 to
2374 563 24 24 in
2410 572 44 22 any

1874 593 78 24 letters
1971 598 51 19 sent
2041 594 35 23 for
2098 594 118 29 insertion,
2238 594 38 23 the
2299 596 86 23 writers
2407 597 47 24 real

1874 634 66 16 name
1952 626 44 23 and
2008 626 92 24 address
2112 631 61 19 must
2190 627 29 23 be
2231 627 104 25 attached
2345 633 23 19 to
2379 637 25 15 or
2415 638 38 15 ac-

1875 658 108 33 conipany
1996 659 38 27 the
2055 660 146 31 manuscript,
2215 657 127 30 otherwise,
2349 669 33 16 we

1875 692 86 24 decline
1973 692 101 31 noticing
2084 692 70 24 them.

1907 747 45 25 We
1975 756 38 16 are
2035 748 76 32 happy
2131 753 24 19 to
2177 749 55 23 hear
2253 749 50 24 that
2325 749 48 25 Mr.
2395 751 59 24 John

1875 780 92 25 Wade's
1984 786 66 26 party
2060 787 24 18 at
2097 781 97 24 Palliser
2205 782 59 31 Bay,
2280 782 58 24 have
2349 784 105 31 captured

1875 819 41 18 two
1925 814 92 29 whales',
2028 822 42 16 one
2078 815 25 23 of
2111 815 71 23 which
2191 815 79 24 turned
2278 821 39 19 out
2327 821 38 19 ten
2373 822 52 19 tuns
2432 818 22 23 of

1876 847 35 28 oil,
1924 855 14 15 a
1949 855 49 16 rare
2010 855 134 16 occurrence
2154 856 32 15 we
2196 848 84 24 believe
2292 857 29 16 on
2334 849 38 24 the
2382 855 71 20 coast.

1876 880 151 31 Considering
2046 881 38 23 the
2105 881 61 30 early
2184 886 64 26 stage
2269 882 24 22 of
2311 882 37 23 the
2366 891 87 22 season,

1875 920 67 23 every
1961 913 65 31 thing
2036 921 74 16 seems
2128 918 22 19 to
2170 915 98 25 promise
2278 923 15 14 a
2312 914 79 32 highly
2401 925 52 15 suc-

1876 945 83 24 cessful
1971 954 50 16 one.
2141 958 4 3 .
2163 947 18 16 a
2226 944 3 8 '
2241 949 2 6 '

1907 996 45 24 We
1964 1004 37 15 are
2020 997 123 32 compelled
2155 1002 23 18 to
2196 997 62 25 defer
2268 998 39 24 the
2318 999 136 30 publication

1875 1029 25 24 of
1907 1033 47 20 two
1970 1029 78 24 letters
2065 1029 103 25 received
2184 1029 34 33 by
2229 1031 49 24 the,
2285 1031 72 25 Town
2375 1033 79 28 Clerk,

1875 1062 33 24 till
1921 1062 122 28 Saturday.

1915 1119 163 24 MEETING
2097 1120 43 24 OF
2158 1120 73 25 THE
2250 1121 163 26 COUNCIL.
2453 1138 3 5 -

2072 1160 22 3 v'
2124 1162 84 6 ______

1982 1180 149 30 Saturday,
2149 1181 69 24 June
2238 1184 24 26 3,
2281 1183 73 23 1843.

2025 1224 9 12 i.
2069 1221 109 17 COUNCIL
2197 1221 61 17 MET.

1907 1272 180 25 PresentMr.
2119 1273 101 30 Hunter,-
2248 1274 130 31 Chairman,
2407 1276 48 25 Mr.

1875 1306 74 30 Lyon.
1966 1306 47 24 Mr.
2028 1306 102 31 Guyton,
2142 1307 48 24 Mr.
2205 1307 71 29 Scott,
2290 1308 48 24 Mr.
2351 1309 104 30 Jenkins,

1875 1338 53 25 Mr.)
1952 1338 161 30 Molesworth,,
2143 1340 48 24 Mr.
2221 1341 152 30 Fitzherbert,
2406 1344 48 23 Mr.

1874 1371 110 24 Johnson.
2021 1381 17 16 -\

1907 1404 150 24 Minutes'of
2076 1405 54 23 last*
2141 1407 100 30 meeting
2262 1408 54 23 read
2338 1408 44 24 and
2401 1417 54 16 con-

1874 1438 87 23 firmed.
1998 1438 51 24 Mr.'
2058 1438 92 24 Hunter
2157 1440 111 30 proposed
2275 1441 44 23 and
2332 1441 47 24 Mr.
2390 1441 66 33 Lyon

1875 1471 110 23 seconded

1932 1504 62 23 That
2006 1504 37 24 the
2052 1505 66 23 letter
2130 1506 25 22 of
2169 1506 38 23 the
2220 1506 102 24 Colonial
2337 1507 119 32 Secretary

1875 1544 29 16 on
1915 1537 38 23 the
1966 1537 87 31 subject
2064 1538 24 23 of
2103 1539 37 23 the
2152 1538 128 24 Extension
2293 1541 25 22 of
2332 1540 37 23 the
2382 1542 74 23 Cattle

1876 1570 110 31 Trespass
1993 1570 130 25 Ordinance
2129 1577 21 18 to
2158 1572 37 23 the
2201 1572 108 31 Borough
2314 1574 26 22 of
2345 1573 110 33 Welling-

1876 1608 36 18 ton
1917 1603 28 23 be
1951 1603 147 32 printed.also
2104 1605 48 23 that
2158 1605 38 23 the
2201 1605 66 24 letter
2272 1606 25 23 of
2300 1606 37 23 the
2344 1607 113 31 Surveyor

1876 1636 98 24 General
1984 1638 128 30 respecting
2123 1647 13 14 a
2142 1638 101 24 certified
2250 1647 55 23 copy
2318 1639 26 23 of
2358 1641 36 23 the
2403 1642 53 30 plan

1876 1669 25 24 of
1914 1670 39 23 the
1965 1669 73 24 Town
2048 1671 28 22 be
2093 1671 91 23 entered
2196 1679 29 15 on
2243 1672 38 23 the
2292 1673 103 24 Minutes
2413 1674 44 24 and

1909 1736 92 31 Agreed
2013 1741 23 19 to
2046 1744 49 16 nem
2108 1744 48 17 con.

1911 1769 48 24 Mr.
1973 1769 66 31 Lyon
2051 1771 120 30 proposed,
2182 1771 45 24 and
2248 1772 46 23 Mr.
2309 1772 92 31 Guyton
2420 1782 36 15 se-

1877 1802 86 24 conded
1975 1803 38 23 the
2024 1804 237 31 propositionThat
2270 1805 37 23 the
2317 1805 71 24 Town
2399 1807 58 22 Sur-

1877 1843 67 23 veyor
1956 1835 28 24 be
1996 1836 125 23 instructed
2135 1842 21 18 to
2175 1845 81 24 survey
2269 1838 38 23 the
2321 1838 71 25 Town
2405 1839 54 24 Belt

1877 1869 44 23 and
1931 1869 39 30 lay
1982 1869 17 23 it
2010 1874 39 19 out
2061 1870 23 23 in
2102 1869 52 30 lots,
2168 1875 23 19 to
2204 1870 27 25 be
2241 1871 80 26 let,on.
2332 1873 126 30 improving

1877 1902 72 23 leases
1961 1902 25 23 of
1997 1904 32 22 14
2040 1910 74 23 years,
2127 1903 38 24 the
2176 1911 63 16 same
2251 1908 23 19 to
2293 1905 35 23 be.
2333 1905 82 24 offered
2434 1911 22 18 to

1877 1934 75 32 public
1964 1936 154 31 competition.

1911 1967 46 23 Mr.
1972 1968 74 30 Lyon,
2060 1969 24 22 in
2102 1969 136 30 submitting
2253 1970 36 23 his
2309 1972 147 30 proposition,

1877 2000 218 23 observed:That
2114 2002 19 21 it
2151 2008 45 15 was
2217 2002 120 29 originally
2357 2007 100 18 contem-

1877 2033 74 30 plated
1970 2033 48 23 that
2038 2033 36 23 the
2086 2033 60 26 .Belt
2168 2033 80 23 should
2265 2033 59 24 form
2342 2042 14 15 a
2372 2039 47 19 sort
2436 2035 24 23 of

1879 2065 127 23 Boulevard
2017 2065 35 23 for
2065 2066 37 22 the
2122 2073 40 16 use
2181 2066 25 23 of
2222 2066 38 23 the
2277 2066 83 31 public,
2373 2068 39 22 but
2429 2068 28 24 he

1879 2099 119 23 conceived
2017 2097 49 25 that
2084 2099 56 23 such
2151 2107 15 15 a
2185 2100 89 30 portion
2286 2100 26 23 of
2319 2100 19 23 it
2351 2108 23 15 as
2386 2101 73 23 would

1878 2130 69 24 afford
1959 2139 14 14 a
1985 2139 41 16 run
2044 2132 34 23 for
2091 2132 65 23 cattle
2169 2132 81 24 should
2262 2133 26 23 be
2308 2137 34 19 set
2360 2139 63 26 apart
2435 2139 22 18 to

1878 2165 56 22 form
1948 2173 13 15 a
1974 2165 60 30 right
2046 2165 25 23 of
2086 2172 103 16 common
2201 2165 35 23 for
2248 2166 37 23 the
2304 2166 66 24 cattle
2382 2167 24 23 of
2420 2167 37 23 the

1878 2197 138 24 inhabitants
2029 2198 24 22 of
2065 2198 37 23 the
2113 2198 111 32 borough.

1912 2230 47 24 Mr.
1971 2231 145 23 Fitzherbert
2126 2231 96 31 thought
2234 2231 49 25 that
2293 2240 29 16 an
2334 2233 121 24 advertise-

1879 2269 68 22 ment,
1959 2264 98 30 inviting
2069 2264 89 23 tenders
2170 2266 35 22 for
2223 2273 44 23 any
2277 2266 90 30 .portion
2380 2266 24 23 of
2420 2266 37 24 the

1879 2296 52 24 Belt
1942 2296 75 24 which
2032 2297 136 24 individuals
2183 2298 59 23 from
2258 2298 59 24 their
2335 2300 122 30 respective

1878 2330 110 23 localities
2006 2330 72 31 might
2089 2330 29 24 be
2130 2331 101 24 desirous
2243 2331 24 24 of
2279 2332 94 31 leasing,
2387 2332 72 24 would

1879 2363 65 23 effect
1956 2362 38 24 the
2006 2364 74 30 object
2091 2365 164 30 contemplated
2274 2365 30 31 by
2316 2364 38 24 the
2366 2366 91 29 motion,

1879 2396 43 23 and
1935 2404 53 15 save
2000 2397 38 23 the
2050 2405 151 23 unnecessary
2210 2398 87 23 trouble
2305 2398 46 24 and
2363 2406 96 24 expense

1881 2429 25 23 of
1915 2430 95 30 making
2021 2430 38 23 the
2072 2438 81 23 survey
2164 2431 25 23 of
2198 2430 38 24 the
2248 2430 71 25 whole
2330 2431 28 26 in.
2366 2432 37 23 the
2410 2433 50 22 first

1879 2463 110 23 instance.
2032 2463 47 24 Mi.
2100 2463 103 24 Johnson
2226 2464 122 24 stated-he
2366 2465 94 31 entirely

1880 2496 122 25 concurred
2012 2497 26 22 in
2049 2497 60 23 what
2123 2496 45 24 had
2180 2497 71 24 fallen
2259 2498 59 24 from
2331 2498 47 24 Mr.
2396 2498 63 24 Fitz-

1879 2529 99 23 herbert.

1914 2562 47 24 Mr.
1980 2562 65 24 Scott
2065 2563 108 23 observed
2192 2563 51 23 that
2258 2564 28 23 he
2304 2564 97 31 thought
2422 2564 38 24 the

1881 2596 108 23 attention
1998 2596 24 23 of
2031 2595 38 24 the
2078 2596 148 32 Corporation
2236 2597 81 24 should
2329 2597 29 23 be
2365 2597 96 24 directed

1881 2633 22 19 to
1912 2628 36 23 the
1956 2635 196 24 encouragement,
2160 2630 29 31 by
2197 2637 67 24 every
2269 2630 99 31 possible
2375 2638 85 21 means,

1881 2661 26 24 of
1916 2661 36 24 the
1964 2662 132 23 cultivation
2108 2663 25 22 of
2142 2663 59 24 land.

1914 2695 50 23 The
1973 2696 81 30 Mayor
2063 2696 108 23 observed
2180 2696 48 24 that
2236 2696 30 24 he
2274 2696 58 32 fully
2340 2696 120 24 concurred

1882 2729 22 22 in
1916 2728 38 24 the
1966 2729 92 30 opinion
2071 2729 24 23 of
2104 2729 38 23 the
2152 2729 131 31 gentlemen
2293 2730 50 23 who
2356 2729 42 24 had
2410 2738 52 23 pre-

1883 2761 81 24 ceeded
1977 2762 47 24 him
2036 2770 26 15 as
2073 2766 22 19 to
2108 2762 39 24 the
2155 2762 141 32 importance
2317 2763 25 24 of
2354 2763 37 23 the
2408 2764 54 22 sub-

1879 2795 54 31 ject,
1955 2795 42 23 but
2014 2795 29 23 he
2062 2795 92 24 differed
2174 2796 55 23 with
2246 2796 61 23 them
2325 2804 26 15 as
2365 2800 23 19 to
2405 2796 57 23 their

1882 2835 74 23 power
1966 2832 25 19 to
2002 2829 142 30 appropriate
2155 2828 39 24 the
2204 2829 54 23 land
2271 2830 146 30 constituting
2425 2829 37 23 the

1883 2861 51 23 Belt
1946 2869 27 15 or
1984 2861 83 24 Public
2079 2861 102 24 Reserve
2198 2866 24 19 to
2233 2870 45 23 any
2290 2863 64 23 other
2367 2870 95 24 purpose

1883 2894 53 23 than
1959 2894 61 23 what
2042 2895 18 22 it
2078 2902 46 15 was
2144 2895 120 31 originally
2284 2900 34 19 set
2338 2895 122 31 apart'for.

1883 2926 53 24 And
1953 2926 22 24 if
1989 2927 38 23 the
2046 2927 53 23 Belt
2117 2927 121 29 consisted,
2257 2936 27 15 as
2300 2928 30 24 he
2345 2928 46 24 had
2407 2927 56 25 been

1882 2959 112 24 iuformed
2010 2960 19 23 it
2048 2960 45 28 did,
2120 2960 25 23 of
2159 2959 105 32 upwards
2285 2960 25 23 of
2325 2962 57 28 800,
2394 2968 69 21 acres,

1883 3000 44 15 was
1938 2997 24 19 to
1982 2992 27 24 be
2020 2992 77 24 leased
2109 3000 30 16 on
2151 2992 103 32 building
2264 2993 81 29 leases,
2364 2994 18 23 it
2392 2993 71 24 would

1883 3025 27 23 be
1921 3025 92 31 putting
2022 3025 38 24 the
2071 3026 78 31 public
2158 3026 54 23 land
2222 3026 26 23 in
2259 3027 144 31 competition
2410 3026 53 24 with

1883 3058 38 24 the
1940 3059 88 31 private
2046 3063 108 28 property
2167 3059 25 24 of
2200 3058 39 25 the
2257 3059 90 24 holders
2366 3059 23 24 of
2406 3064 57 19 town

1883 3099 62 16 acres
1955 3093 32 26 .in
2007 3091 38 24 the
2057 3092 109 32 borough,
2179 3092 48 24 and
2236 3093 93 31 thereby
2340 3093 123 30 materially

1884 3125 133 23 deteriorate
2030 3125 49 24 that
2089 3129 124 28 property.'

1916 3157 68 25 After
2003 3166 63 16 some
2088 3159 87 24 farther
2196 3159 116 31 desultory
2334 3159 85 29 debate,
2440 3160 23 22 in

1884 3190 73 25 which
1978 3192 19 23 it
2008 3200 46 15 was
2066 3192 127 31 explained,
2206 3192 49 24 thtit
2267 3193 23 23 in
2305 3192 122 32 proposing
2442 3196 21 19 to

1883 3224 60 24 lease
1955 3229 41 19 out
2004 3225 39 24 the
2054 3225 53 24 land
2119 3226 24 23 in
2155 3226 112 31 question,
2278 3226 17 23 it
2307 3233 46 16 was
2363 3230 38 19 not
2412 3233 50 15 con-

1884 3258 122 31 templated
2017 3263 22 19 to
2052 3258 106 32 stipulate
2168 3259 44 28 for,
2225 3266 32 20 or,
2262 3266 57 16 even
2330 3263 26 19 to.
2365 3259 62 23 allow
2438 3256 24 25 of

1883 3291 38 23 the
1932 3292 100 23 erection
2041 3292 28 23 of
2078 3291 115 31 buildings
2204 3291 27 24 of
2239 3299 44 23 any
2294 3292 135 32 description
2440 3295 22 19 to

1884 3323 73 25 which
1964 3324 39 24 the
2013 3324 74 24 lessee
2098 3325 25 23 in
2135 3332 43 23 any
2188 3332 51 16 case
2248 3325 75 23 would
2333 3325 30 23 be
2373 3322 88 26 allowed

1884 3362 22 19 to
1917 3365 107 23 preserve
2035 3365 44 23 any
2095 3357 63 31 right
2168 3361 24 20 to
2210 3361 24 20 at
2245 3357 40 24 the
2300 3358 124 32 expiration
2440 3355 23 25 of

1884 3390 35 24 his
1930 3395 66 25 term,
2009 3398 25 16 or
2045 3390 62 31 right
2116 3391 26 23 of
2150 3390 98 25 renewal
2258 3391 114 25 reserved.

1917 3423 47 24 For
1982 3423 39 24 the
2041 3423 168 24 motionMr.
2229 3423 76 32 Lyon,
2325 3424 50 25 Mr.
2392 3423 68 27 Scott,

1884 3456 47 24 Mr.
1944 3456 111 29 Johnson,
2064 3456 44 24 and
2119 3456 47 24 Mr.
2177 3456 155 26 Fitzherbert.

2000 3489 64 31 Ayes
2334 3492 17 22 4

2001 3522 63 24 Noes
2335 3526 12 21 1

2084 3588 212 33 Majority......
2334 3590 16 24 3

1917 3627 48 24 Mr.
1978 3627 103 24 Johnson
2091 3628 120 32 proposed,
2224 3628 45 24 and
2288 3627 48 26 Mr.
2348 3627 66 31 Lyon
2424 3633 35 17 se-

1884 3660 84 24 conded
1977 3660 38 23 the
2024 3661 237 31 propositionThat
2268 3661 38 24 the
2312 3661 72 24 Town
2392 3658 67 25 Clerk

1884 3693 28 24 be
1923 3693 139 31 empowered
2079 3698 22 19 to
2118 3694 87 23 receive
2223 3694 90 24 tenders
2328 3693 40 24 for
2384 3691 76 30 taking

1884 3726 71 24 leases
1966 3726 27 23 of
2001 3726 38 23 the
2051 3731 68 19 water
2130 3728 116 30 frontages
2258 3727 126 31 belonging-
2390 3729 22 19 to
2422 3723 37 24 the

1884 3759 150 31 corporation.

1917 3792 48 23 Mr.
1973 3792 105 24 Johnson
2088 3792 116 30 observed,
2214 3790 50 26 that
2273 3792 30 24 be
2309 3800 46 16 was
2364 3797 50 17 sure
2422 3788 37 25 the

1884 3825 136 31 advantages
2039 3829 23 19 to
2082 3826 29 23 be
2121 3825 92 24 derived
2226 3825 60 24 from
2304 3825 103 30 carrying
2424 3821 34 23 his

1884 3858 139 31 proposition
2035 3865 59 17 were
2105 3866 26 16 so
2142 3858 101 29 obvious,
2256 3858 48 23 that
2323 3858 19 23 it
2352 3855 70 25 would
2430 3853 29 23 be

1884 3891 102 24 needless
1997 3895 22 19 to
2031 3898 87 25 occupy
2128 3891 38 24 the
2177 3892 55 23 time
2243 3890 26 24 of
2278 3890 37 24 the
2327 3886 92 28 Council
2429 3887 29 29 by

1884 3924 96 31 offering
1991 3931 45 24 any
2044 3924 90 24 further
2144 3924 162 24 observations.

76 1814 39 23 -In
114 1821 3 6 1
126 1813 93 23 another
237 1817 50 27 part
308 1813 24 23 of
348 1820 41 16 our
401 1812 109 29 columns,
522 1819 33 16 we
575 1811 59 24 have

52 1845 100 25 inserted
174 1846 37 27 the
225 1846 200 31 .correspondence
454 1845 99 24 between
583 1845 49 23 Mr.

54 1880 99 29 Wansey
162 1896 3 10 ,
173 1879 44 24 and
239 1879 97 29 Cplonel.
345 1878 135 29 Wakefield,
493 1886 22 15 as
536 1885 32 17 we
578 1878 56 26 ,find

52 1914 18 22 it
82 1914 23 22 in
117 1913 38 23 the
176 1911 108 29 Colonist,
296 1912 97 24 because
410 1920 34 15 we
465 1911 99 23 consider
581 1911 53 30 they

52 1953 39 16 are
101 1953 55 23 very
169 1946 129 30 important,
310 1951 40 18 not
362 1945 51 31 only
427 1952 25 16 as
470 1945 92 29 bearing
573 1951 61 25 upon

52 1979 39 23 the
101 1983 65 26 great
177 1979 104 30 question
293 1983 22 19 at
336 1979 63 23 issue
415 1978 100 24 between
534 1978 38 23 the
585 1983 49 17 set-

53 2012 55 24 tlers
131 2011 25 24 of
176 2012 60 23 Port
255 2010 124 25 Nicholson
400 2011 44 23 and
466 2011 60 23 those
549 2010 25 24 of
595 2010 39 23 the

51 2045 66 23 other
131 2044 137 31 Company's
279 2043 150 28 settlements,
442 2043 40 23 but
493 2044 94 22 because
602 2050 31 16 we

52 2077 65 24 differ
133 2076 53 23 with
207 2076 40 23 the
268 2076 138 31 Company's
425 2076 78 31 Agent
520 2084 27 15 as
560 2080 23 19 to
595 2076 37 23 his

52 2110 171 31 interpretation
244 2109 25 23 of
284 2109 38 23 the
340 2109 43 23 law
402 2117 25 15 as
447 2109 96 23 referred
561 2113 24 19 to
604 2110 28 30 by

52 2144 56 28 him,
121 2143 128 31 respecting
260 2142 37 23 the
305 2142 123 30 obligation
439 2142 26 23 of
479 2142 35 23 the
527 2142 105 23 Govern-

53 2181 64 19 ment
129 2182 22 18 to
162 2181 88 26 protect
256 2175 136 23 individuals
402 2176 25 22 in
437 2175 37 23 the
485 2175 148 23 undisturbed

53 2209 129 33 possession
200 2209 26 23 of
240 2217 44 23 any
303 2214 113 26 property,
428 2208 54 31 they
498 2217 50 22 may
565 2209 67 23 think

52 2242 136 24 themselves
199 2242 93 23 entitled
305 2247 22 18 to
339 2242 53 23 take
403 2243 128 29 possession
543 2242 30 23 of.

87 2276 25 23 If
136 2284 33 15 we
183 2275 103 24 mistake
305 2279 47 25 not,
374 2274 37 24 the
433 2275 89 23 holders
545 2275 25 23 of
595 2275 38 23 the

53 2309 128 30 Wanganui
193 2308 67 24 Land
273 2308 86 23 Orders
378 2315 57 16 were
449 2308 91 23 assured
552 2308 31 31 by
595 2308 38 23 the

55 2342 137 32 Company's
202 2343 79 29 Agent
303 2341 56 30 that,
372 2341 28 23 he
419 2341 74 23 would
509 2341 125 23 reimburse

54 2374 61 24 them
127 2383 44 23 an,y
182 2374 131 24 reasonable
331 2382 100 23 expense
451 2374 50 31 they
513 2374 72 31 might
603 2375 29 23 be

53 2412 43 28 put
107 2413 28 18 to-
141 2408 30 31 by
182 2408 38 23 the
232 2407 95 24 demand
340 2407 24 23 of
380 2407 38 23 the
430 2407 100 29 Natives,
542 2409 35 21 for
590 2415 44 23 any

53 2441 88 24 further
152 2444 39 20 Utu
201 2441 36 23 for
249 2448 44 23 any
304 2440 122 31 particular
437 2440 58 31 plots
508 2440 23 23 of
544 2440 88 31 ground

54 2475 25 23 in
91 2475 48 23 that
158 2474 95 29 district,
266 2474 44 22 and
331 2474 19 22 if
364 2480 34 17 we
417 2480 38 16 are
474 2473 57 31 right
548 2474 25 22 in
593 2481 41 16 our

55 2507 128 31 conjecture
201 2515 61 23 upon
274 2506 50 24 that
341 2508 70 30 point,
424 2513 32 16 we
478 2506 63 24 think
554 2513 13 17 a
572 2506 61 31 for-

56 2540 56 24 tiori
139 2539 54 30 that,
220 2547 58 16 were
306 2540 63 23 there
395 2547 94 24 appears
518 2544 20 19 to
566 2540 29 23 be
621 2547 13 17 a

56 2574 77 23 denial
162 2574 24 23 of
212 2581 44 22 any
278 2572 48 23 sale
355 2575 26 20 at
402 2572 35 23 all
464 2581 29 15 on
518 2573 37 24 the
583 2577 52 27 part

56 2607 24 23 of
90 2607 38 23 the
140 2606 95 24 Natives
247 2611 21 18 to
281 2605 38 24 the
332 2605 138 32 Company's
479 2605 75 32 Agent
561 2615 6 20 ;
581 2606 53 28 and,

58 2640 167 31 consequently,
246 2647 30 16 no
295 2638 127 32 possibility
444 2640 25 22 of
484 2647 42 23 any
543 2639 92 24 holders

55 2674 25 23 of
90 2673 37 23 the
141 2673 136 31 Company's
285 2673 70 30 script
367 2680 25 15 or
403 2671 53 24 land
468 2673 69 28 order,
550 2673 85 30 having

54 2715 14 15 a
79 2706 90 23 shadow
181 2706 24 23 of
220 2713 14 16 a
245 2705 60 31 right
317 2710 22 18 to
357 2705 54 23 take
422 2706 130 30 possession
564 2706 26 23 of
604 2713 31 16 an

54 2739 53 23 inch
126 2739 25 23 of
173 2739 59 29 land,
253 2739 35 23 his
307 2738 67 23 claim
388 2742 23 18 to
428 2739 166 30 compensation
614 2739 21 23 is

55 2772 86 32 doubly
150 2771 167 31 strengthened,
331 2771 53 23 than
404 2771 20 23 if
439 2771 28 24 he
487 2771 43 24 had
541 2772 54 30 only
611 2776 24 19 to

56 2810 143 27 compensate
218 2804 61 23 them
297 2804 36 23 for
350 2811 63 16 some
432 2804 95 24 isolated
539 2804 96 31 patches

58 2837 106 30 cropped;
176 2845 24 16 or
208 2837 115 30 prepared
333 2837 33 23 for
378 2837 117 30 cropping.

89 2871 49 23 But
150 2871 57 23 what
220 2878 32 15 we
270 2877 63 16 more
347 2870 146 31 particularly
508 2878 35 16 are
555 2870 81 24 struck

56 2904 62 28 with,
129 2905 20 22 is
162 2903 37 24 the
214 2903 137 31 Company's
371 2903 99 31 Agent's
488 2903 114 24 definition
613 2904 25 23 of

57 2937 37 23 the
108 2937 58 30 legal
178 2942 57 18 term
247 2937 80 30 taking
337 2937 138 30 possession.
512 2936 26 24 In
549 2945 15 15 a
574 2937 61 23 mili-

56 2975 51 25 tary
124 2971 64 31 point
208 2970 25 23 of
258 2971 64 28 view,
340 2977 32 16 we
394 2969 31 24 all
443 2969 67 24 know
526 2970 59 23 what
598 2970 38 23 the

56 3004 66 22 mode
145 3004 26 23 of
195 3002 81 31 taking
298 3003 129 30 possession
444 3004 30 28 is,
493 3003 97 23 whether
613 3003 25 23 of

58 3037 72 28 lands,
143 3037 77 31 goods,
240 3044 25 15 or
277 3035 94 24 chattels
381 3044 7 21 ;
410 3044 60 21 men,
487 3044 91 21 women,
592 3036 45 23 and

56 3070 110 29 children,
187 3070 43 23 and
248 3069 39 24 the
308 3069 66 24 mode
392 3069 30 31 by
433 3069 74 24 which
526 3070 52 31 they
598 3077 39 16 are

56 3103 54 25 held
124 3111 24 15 or
160 3103 103 30 disposed
274 3102 30 29 of,
318 3101 64 24 when
395 3110 55 16 once
461 3103 111 30 acquired.
606 3115 3 3 -

91 3135 46 24 But
148 3136 25 23 in
184 3136 36 23 the
232 3143 62 15 more
308 3135 65 23 sober
385 3135 43 23 and
440 3135 117 32 peaceable
569 3136 67 23 mode

58 3169 22 23 of
90 3169 53 23 civil
154 3168 152 31 proceedings,
319 3168 38 23 the
366 3169 46 22 fact
421 3169 26 23 of
456 3168 77 31 taking
544 3176 93 24 posses-

58 3202 50 23 sion
118 3201 24 23 of
152 3209 13 14 a
176 3201 70 23 man's
258 3201 53 23 laud
322 3201 83 31 during
416 3201 36 24 his
461 3201 101 29 absence,
574 3209 63 24 upon

58 3235 37 23 the
108 3234 139 31 assumption
259 3233 48 24 that
318 3241 32 16 we
362 3234 45 23 had
421 3233 127 32 purchased
559 3235 17 23 it
587 3235 26 23 of
624 3243 14 15 a

58 3268 61 23 third
131 3272 71 26 party,
215 3266 45 23 will
271 3272 40 17 not
319 3268 23 22 in
353 3275 42 15 our
406 3268 98 30 opinion,
518 3268 120 23 constitute

58 3300 56 24 such
126 3308 13 15 a
150 3300 128 31 possession
296 3307 24 16 as
333 3304 21 19 to
366 3300 74 24 intitle
461 3301 37 23 the
515 3300 122 24 individual

58 3341 25 16 so
95 3334 84 30 acting,
190 3337 22 18 to
225 3332 38 23 the
280 3333 134 30 protection,
425 3334 24 22 in
461 3333 37 24 the
517 3335 121 22 maintain-

58 3374 56 16 ance
126 3366 25 24 of
160 3365 56 23 such
226 3365 112 30 wrongful
347 3367 138 29 possession,
498 3366 42 24 and
549 3374 34 16 we
592 3367 47 23 will

58 3408 30 22 go
100 3399 87 23 further
204 3398 45 23 and
260 3406 46 22 say,
327 3397 48 24 that
387 3399 20 22 if
423 3399 63 23 there
505 3399 57 24 have
580 3400 59 23 been

56 3435 48 28 feny
115 3430 78 32 illegal
204 3431 153 31 proceedings,
370 3438 25 16 as
404 3431 33 23 far
449 3439 25 15 as
484 3439 31 16 we
526 3432 62 24 have'
594 3440 45 24 any

59 3473 79 16 means
150 3465 25 23 of
186 3464 105 32 judging,
305 3464 62 23 these
378 3465 56 22 have
446 3468 40 19 not
494 3465 54 22 been
559 3473 29 16 on
601 3467 38 22 the

58 3503 54 27 part
122 3498 24 24 of
156 3497 36 24 the
204 3497 95 28 natives,
318 3496 44 24 and
373 3496 20 24 if
407 3498 18 22 it
436 3496 81 24 should
531 3505 61 24 upon
602 3500 37 22 in-

60 3532 134 30 vestigation
213 3534 52 20 turn
285 3534 40 20 out
336 3529 49 25 that
404 3529 38 24 the
453 3530 93 24 conduct
556 3531 25 23 of
601 3531 38 24 the

60 3566 90 22 natives
157 3565 19 23 is
192 3564 72 23 bo.ne
275 3567 47 24 out,
341 3562 44 24 and
402 3562 54 31 they
467 3562 56 24 have
531 3566 40 21 no*
581 3563 60 27 been

59 3598 63 30 paid,
145 3597 99 24 whether
261 3595 39 25 the
321 3599 68 28 agent
410 3595 167 32 acknowledges
601 3597 39 23 the

60 3630 111 33 principle
193 3637 25 17 or
240 3634 48 24 not,
311 3635 34 18 we
366 3628 104 31 strongly
491 3633 88 27 suspect
601 3629 40 24 the

63 3664 118 31 Company
188 3662 48 27 will,
243 3662 48 24 find
303 3662 48 24 that
360 3661 54 31 they
421 3668 38 16 are
467 3666 41 19 not
513 3661 51 32 only
572 3661 69 25 liable

62 3698 36 22 for
110 3696 39 25 the
160 3696 72 24 losses
240 3694 108 25 incurred
359 3694 31 32 by
401 3694 38 23 the
451 3693 94 31 settlers,
563 3695 24 23 in
599 3702 42 16 en-

64 3729 137 31 deavouring
216 3734 23 19 to
251 3728 77 24 obtain
338 3728 130 31 possession
477 3727 26 23 of
518 3726 58 24 what
585 3727 56 31 they

63 3762 46 23 had
119 3762 57 23 been
195 3761 37 24 led
249 3761 30 31 by
291 3761 58 24 their
361 3764 79 28 agents
451 3763 24 20 to
490 3766 96 24 suppose
595 3767 48 25 was;

65 3794 59 24 their
143 3799 113 27 property,
274 3794 30 31 by
322 3794 58 24 deed,
389 3792 25 24 of
422 3792 97 24 transfer
534 3800 28 16 on
581 3792 62 28 their'

63 3832 59 26 part,
141 3827 40 23 but
191 3827 37 24 for'
237 3827 106 31 damages
354 3827 35 24 for
400 3825 83 24 breach
494 3825 25 24 of
532 3829 111 31 contract.;

97 3860 63 23 That
176 3859 38 24 the
232 3854 144 37 Company's'
387 3860 80 31 Agent
482 3866 50 23 may
541 3858 36 32 be,
584 3860 59 27 mis-;

63 3891 70 25 taken
144 3899 26 16 as
181 3897 22 18 to
214 3892 39 23 the
263 3900 54 17 mcc.
325 3893 143 24 distinctions
480 3891 25 24 of
520 3890 43 27 the.
567 3891 43 26 law
621 3889 22 26 is'

63 3929 42 21 not
124 3922 137 34 surpriaing!;
265 3924 62 25 -but;-
336 3925 51 25 that
403 3925 39 24 the
460 3925 116 31 Company
588 3921 55 27 with!

560 48 44 56 f
603 49 53 46 ft
679 48 113 42 vm
792 58 5 27 i
824 48 208 40 astateim
1271 53 90 34 <roo
1385 46 299 58 mcuuxpton
1698 43 263 61 %gctstov.
1986 82 25 22 T

116 435 168 24 SHIPPING
303 431 269 27 INTELLIGENCE.

665 135 37 24 the
724 135 103 25 facilities
846 135 74 24 which
938 135 54 30 they
1005 134 62 24 lave
1079 147 2 4 <
1086 134 76 27 within
1168 133 72 28 /;tbeir

663 162 75 36 reach)
760 168 25 24 of
798 169 90 30 getting
907 168 37 23 the
962 168 58 28 best,
1028 166 78 25 advice
1128 174 59 24 upon
1210 166 29 25 all

664 206 92 19 matters
766 201 25 23 of
793 201 119 29 -business,
929 200 82 24 should
1020 199 47 25 fall-
1071 201 48 23 into
1129 200 39 23 the
1178 207 62 17 same

664 242 70 22 error,
748 242 25 15 or
784 241 25 16 as
820 235 18 22 it
849 240 95 28 appears
961 238 22 19 to
994 241 29 16 us
1042 236 25 20 to
1078 240 40 23 say
1129 232 43 25 the,
1183 232 63 26 least,

664 267 25 23 of
698 267 26 28 it,
736 274 60 16 more
805 266 183 32 palpableerror,
995 266 27 24 of
1029 265 116 30 mistating
1154 273 15 16 a
1170 272 3 5 1
1180 272 60 21 case,

664 299 45 24 and
728 298 113 32 obtaining
852 306 30 17 an
901 300 91 30 opinion
1008 305 61 25 upon
1081 299 26 27 it,
1128 298 43 23 and
1187 298 54 24 then

664 332 127 31 grounding
809 332 59 24 their
886 332 96 24 conduct
997 339 63 24 upon
1076 331 39 23 the
1130 330 72 24 lesult
1219 330 25 24 of

665 365 49 24 that
733 365 98 31 opinion,
853 365 20 24 is
895 365 88 31 greatly
1004 368 23 19 to
1048 364 30 23 be
1101 363 138 31 deprecated.

664 398 71 31 They*
752 398 40 30 siy
798 417 3 5 ,
813 398 99 31 through
926 398 66 24 'their
1013 396 118 32 Principal
1154 397 87 30 Agent,

691 431 53 31 they
754 430 85 24 decline
856 435 23 19 to
891 431 68 23 make
975 438 43 22 any
1030 429 166 32 compensation
1207 429 35 23 for

664 464 77 27 losses,
754 463 73 23 which
842 462 39 24 the
902 463 89 24 settlers
1007 470 54 23 may
1073 462 100 31 undergo
1184 462 57 23 from

665 496 38 24 the
714 497 141 29 aggressions
867 496 26 23 of
910 495 38 24 the
961 497 93 28 natives,
1072 504 26 15 as
1115 495 24 23 in
1155 495 39 23 the
1206 495 35 23 in-

665 535 76 17 stance
751 537 45 22 you
808 528 143 32 represented
961 533 22 20 to
992 528 122 30 mejmtbe.
1124 527 126 31 4th,.May,',

663 561 59 28 last.
954 562 101 24 consider
1074 562 19 22 it
1114 565 22 19 to
1152 561 30 23 be
1204 561 38 23 the

664 594 60 32 duty,
732 594 24 23 of
769 594 38 24 the
820 594 151 26 Government
978 594 43 24 and
1032 597 40 21 not
1083 593 25 25 of
1119 593 40 26 ,the
1173 593 76 24 Com.-:

663 636 61 23 pany
735 631 22 19 to
756 623 5 11 :
773 632 87 27 protect
877 627 39 24 the
928 628 97 28 settlers,
1044 627 45 23 and
1100 626 84 31 compel
1204 626 38 24 the

665 661 86 23 natives
759 664 22 19 to
792 665 88 27 respect
888 660 39 24 the
938 660 50 30 law,
1001 660 43 23 and
1056 665 21 18 to
1086 659 54 24 seek
1149 659 93 24 address

663 694 24 22 in
700 700 51 16 case
762 693 25 24 of
795 693 58 24 their
865 693 107 32 thinking
983 693 134 24 themselves
1130 692 112 31 aggreved

663 726 59 23 from
733 725 38 24 the
790 726 137 24 constituted
937 726 139 28 authorities,
1096 725 44 24 and
1155 729 41 19 not
1213 725 29 30 by

664 764 48 18 acts
723 759 25 23 of
756 759 98 25 violence
866 760 46 23 and
928 761 83 30 rapine,
1024 760 7 12 '
1039 763 85 19 mutato
1136 758 104 28 nomine,'

759 792 49 24 The
821 793 77 31 Agent
910 794 19 21 is
941 792 91 32 pleased
1049 796 23 19 to
1082 791 58 24 draw
1153 799 13 14 a
1176 798 65 23 para-

664 826 34 22 rel
708 825 54 23 with
779 826 45 23 this
836 826 43 24 and
896 826 40 24 the
947 825 165 30 neighbouring
1129 824 112 28 Colonies,

663 858 45 23 and
720 866 58 23 says,
796 860 15 11 '
820 859 28 23 In
860 859 30 23 all
903 859 37 23 the
952 858 165 31 neighbouring
1129 857 111 28 Colonies,

664 891 43 23 and
720 892 23 22 in
755 892 62 22 other
828 896 61 27 parts
902 892 26 23 of
942 890 46 24 this
998 890 86 30 Island,
1098 894 103 26 outrages
1214 897 27 16 on

664 928 105 28 property
780 925 56 22 have
851 925 59 22 been
928 924 67 23 make
1013 924 31 30 by
1056 923 39 24 the
1115 923 126 30 aborigines

663 956 93 24 without
766 957 37 23 the
813 956 68 24 seller
893 959 28 22 of
931 957 38 23 the
980 956 52 24 land
1049 955 69 31 being
1130 955 52 24 held
1192 963 49 16 res-

663 989 102 31 ponsible
776 991 34 23 for
821 990 37 25 the

49 137 3 7 1
60 137 73 24 /~\N
147 135 83 28 SALE;
239 138 24 20 at
270 135 38 23 the
318 135 74 24 Stores
401 135 27 22 of
434 134 36 23 the
479 133 156 28 undersigned,

60 157 48 29 KJ
137 171 28 15 ex
174 164 72 21 Scotia
340 182 3 5 .
449 158 22 26 T

104 187 4 13 '
125 198 4 17 i
166 195 74 26 Flour,
420 188 5 13 i

149 258 7 6 '
166 249 76 26 Sugar,

166 275 97 27 Brandy,

166 301 89 22 Bottled
265 300 35 23 a'e
308 300 44 22 and
364 302 82 26 porter,
456 298 99 28 Dunbar,

301 334 96 22 Thomas
413 333 38 21 M.
462 332 147 23 Machattie.

86 360 64 35 April
159 368 19 27 7,
190 369 61 21 1843.
