2520 4020
1943 169 52 24 One
2005 170 26 23 of
2039 178 40 16 our
2086 171 137 27 humourous
2230 176 92 29 friends,
2330 177 28 23 in'
2364 185 14 16 a
2384 180 103 31 punning

1909 202 87 30 epistle,
2009 203 99 24 declares
2118 206 18 22 it
2147 206 20 22 is
2179 214 29 15 no
2219 207 63 25 harm
2293 209 36 24 for
2343 217 45 24 you
2398 216 25 19 to
2433 212 54 32 pick

1909 242 14 14 a
1934 236 106 29 painter's
2050 236 89 30 pocket,
2147 238 96 25 because
2252 240 28 24 he
2287 242 115 29 pict-ures
2409 244 12 23 !

1943 267 92 30 Sleep,
2038 280 31 5 —
2070 269 50 23 The
2132 270 104 25 duration
2247 273 26 23 of
2282 274 61 31 sleep
2355 276 19 23 is
2386 277 99 24 various.

1909 297 78 25 Youth
1998 300 45 24 and
2054 309 76 23 young
2141 303 74 24 adults
2226 303 64 33 (says
2301 306 45 25 Dr.
2359 308 126 33 Elliotson)

1908 332 46 23 will
1965 332 122 33 habitually
2099 335 61 32 sleep
2172 337 94 31 soundly
2277 339 43 23 and
2330 341 155 33 uninterrupt-

1908 364 52 31 edly
1971 365 34 23 for
2025 367 62 30 eight
2106 376 24 15 or
2150 369 52 23 nine
2220 369 76 26 hours.
2332 371 90 26 Infants
2440 376 45 24 and

1908 397 36 23 old
1967 398 78 31 people
2066 400 63 31 sleep
2146 402 37 22 for
2201 402 64 24 short
2283 404 96 30 periods,
2414 407 70 24 Some

1907 437 93 22 persons
2018 439 38 16 are
2071 434 193 32 constitutionally
2279 437 72 23 sound
2368 438 44 24 and
2430 439 54 32 long

1907 461 98 32 sleepers
2013 471 6 21 ;
2040 465 75 24 others
2125 466 59 31 light
2194 468 44 23 and
2249 469 53 31 long
2313 469 107 32 sleepers.
2441 472 43 24 In-

1905 494 62 24 fants
1978 496 61 31 sleep
2049 497 34 23 far
2093 505 62 17 more
2165 499 25 24 in
2202 500 38 24 the
2252 503 145 30 twenty-four
2414 504 70 25 hours

1906 526 57 24 than
1979 528 74 25 adults
2064 539 5 19 ;
2089 531 64 24 when
2170 540 55 24 very
2236 541 75 24 young
2311 547 33 5 —
2344 536 85 33 having
2443 538 42 24 but

1906 560 101 32 recently
2017 569 63 17 come
2090 564 25 23 in
2130 564 39 23 the
2186 565 92 32 waking
2296 572 57 20 state
2367 569 59 25 from
2444 570 38 25 the

1904 593 72 23 wornb
1977 605 32 6 —
2011 594 52 31 they
2070 604 38 15 are
2119 597 77 24 awake
2203 598 42 24 but
2256 600 33 23 for
2300 600 63 25 short
2374 604 89 29 periods
2471 612 9 21 ;

1903 625 45 23 and
1966 626 35 23 for
2021 635 53 23 very
2085 636 68 23 many
2163 631 92 23 months
2274 634 87 29 require
2373 639 23 19 to
2413 644 29 22 go
2456 641 22 19 to

1902 658 62 31 sleep
1983 661 84 23 several
2085 661 74 30 times,
2172 663 44 23 and
2226 664 36 23 for
2278 665 37 24 the
2327 666 49 23 first
2394 672 43 19 two
2454 677 26 15 or

1903 689 62 25 three
1973 699 63 23 years
2044 701 61 16 more
2114 694 55 24 than
2181 703 62 22 once,
2255 697 23 23 in
2288 698 37 23 the
2334 701 146 30 twenty-four

1902 722 77 25 hours.
2016 725 46 23 Old
2078 734 95 23 persons
2195 726 61 34 sleep
2274 729 81 32 lightly
2370 732 44 23 and
2433 733 47 24 fre-

1902 756 101 31 quently,
2026 759 43 22 and
2093 759 126 31 altogelher
2247 762 40 23 but
2313 764 65 29 little,
2402 765 78 25 unless

1901 788 109 31 lethargic
2022 791 99 25 diseases
2132 800 64 17 come
2209 802 59 23 upon
2287 795 68 30 them,
2367 797 74 24 which
2458 799 21 23 is

1901 828 54 24 very
1967 830 109 17 common.
2113 825 14 24 I
2146 826 70 24 heard
2236 828 92 30 Baxter,
2341 829 38 24 the
2397 831 81 23 coach-

1901 854 85 30 maker,
1998 856 89 24 declare
2098 858 28 23 he
2137 866 70 17 never
2216 861 54 24 took
2280 870 62 16 more
2350 862 52 25 than
2414 865 64 24 three

1900 886 76 25 hours'
1988 889 61 31 sleep
2062 891 80 31 during
2153 892 38 24 the
2210 899 60 18 most
2279 896 71 23 active
2365 897 78 30 period
2455 898 27 23 of

1900 919 34 24 his
1953 921 47 24 life.
2137 925 126 25 celebrated
2283 927 99 25 General
2404 929 74 25 Elliot

1899 960 68 17 never
1986 954 60 32 slept
2066 964 63 16 more
2150 957 56 24 than
2230 960 50 23 four
2299 960 70 24 hours
2391 962 25 23 in
2438 962 39 25 the

1898 987 153 31 twenty-four,
2063 989 44 24 and
2118 990 35 23 his
2170 991 53 23 food
2237 993 111 23 consisted
2359 993 83 33 wholly
2454 995 26 24 of

1897 1018 76 29 bread,
2002 1025 74 25 water,
2106 1022 44 24 and
2177 1025 137 29 vegetables.
2350 1026 38 24 Sir
2416 1027 61 25 John

1897 1051 97 24 Sinclair
2012 1054 112 24 mentions
2139 1063 14 16 a
2170 1055 78 25 James
2268 1058 106 32 Mackay,
2414 1068 14 16 a
2438 1068 37 16 re-

1897 1084 117 32 markably
2025 1086 79 25 robust
2115 1088 43 24 and
2176 1089 93 32 healthy
2279 1098 60 22 man,
2356 1092 49 24 who
2424 1093 51 25 died

1896 1117 22 23 in
1931 1118 147 25 Strathnaver
2088 1120 25 24 in
2126 1122 72 29 1797,
2209 1124 56 29 aged
2277 1124 140 32 ninety-one,
2430 1126 44 25 and

1896 1150 54 31 only,
1960 1151 64 32 slept,
2038 1160 28 16 on
2084 1161 29 16 an
2132 1162 103 24 average,
2247 1156 50 24 four
2314 1157 69 25 hours
2398 1160 25 23 in
2435 1159 38 26 the

1896 1188 83 27 twenty
2125 1187 126 26 Frederick
2262 1190 36 24 the
2317 1190 78 30 Great,
2408 1200 25 16 as
2445 1192 29 25 he

1894 1216 20 23 is
1925 1217 78 29 called,
2016 1218 45 24 and
2080 1219 38 24 the
2138 1221 61 31 truly
2210 1227 64 26 great
2290 1223 61 24 John
2368 1224 102 31 Hunter,

1894 1248 59 32 slept
1972 1251 52 31 only
2044 1252 43 23 five
2106 1253 70 24 hours
2194 1255 23 22 in
2236 1255 37 24 the
2289 1264 62 16 same

1894 1280 44 26 Dr.
1960 1283 114 30 Macnish,
2092 1289 23 20 to
2136 1286 73 24 whom
2226 1287 14 24 I
2258 1296 36 16 am
2311 1289 105 24 indebted
2437 1291 36 24 for

1894 1315 62 24 these
1967 1317 121 30 instances,
2101 1327 60 23 says,
2206 1320 13 23 I
2239 1320 65 25 know
2322 1329 14 16 a
2353 1322 52 32 lady
2423 1324 48 24 who

1892 1355 69 17 never
1972 1349 75 32 sleeps
2064 1351 68 23 above
2148 1352 51 23 half
2215 1361 29 15 an
2263 1354 55 24 hour
2336 1360 23 18 at
2377 1364 14 15 a
2409 1357 61 30 time,

1892 1381 45 23 and
1948 1381 37 24 the
1996 1383 77 30 period
2084 1385 26 22 of
2118 1385 74 24 whose
2205 1387 61 31 sleep
2275 1387 52 24 does
2334 1393 40 18 not
2385 1390 85 24 exceed

1894 1414 61 24 three
1972 1423 24 16 or
2014 1416 50 24 four
2082 1416 69 25 hours
2168 1419 24 22 in
2205 1420 39 23 the
2261 1421 151 30 twenty-four,
2426 1423 44 24 arid

1891 1451 38 25 yet
1952 1448 39 23 she
2014 1449 21 23 is
2056 1450 24 23 in
2103 1450 38 24 the
2163 1452 128 32 enjoyment
2313 1454 26 23 of
2358 1455 112 25 excellent

2045 1483 38 23 Sir
2111 1484 91 24 Gilbert
2229 1486 71 24 Blanc
2329 1491 69 20 states
2421 1488 49 26 that

1891 1512 98 26 General
1999 1514 114 32 Pichegru
2122 1517 110 24 informed
2243 1519 46 23 him
2301 1519 56 30 that,
2393 1522 25 25 in
2430 1522 37 23 the

1890 1553 79 17 course
1981 1548 25 23 of
2014 1548 35 23 his
2061 1550 70 23 active
2143 1552 137 30 campaigns,
2298 1552 30 24 he
2345 1553 45 24 had
2407 1554 36 24 for

1889 1579 72 24 whole
1972 1588 52 23 year
2036 1587 39 18 not
2085 1590 61 16 more
2158 1584 55 24 than
2225 1592 42 16 one
2278 1585 58 24 hour
2353 1586 25 23 of
2395 1587 70 31 sleep,

1889 1619 28 16 on
1938 1613 38 23 the
1993 1621 102 25 average,
2114 1616 23 23 in
2151 1616 39 24 the
2210 1618 145 31 twenty-four

1889 1644 67 33 Sleep
1969 1648 71 22 varies
2051 1656 25 15 so
2087 1649 67 23 much
2165 1650 24 22 in
2201 1651 114 31 intensity,
2326 1651 48 24 that
2385 1661 13 15 a
2407 1653 59 24 dead

1887 1677 62 33 sleep
1961 1679 25 24 of
1999 1688 28 15 an
2040 1681 56 24 hour
2114 1689 52 24 may
2178 1683 28 23 be
2224 1691 30 16 an
2264 1684 65 31 equal
2347 1693 79 24 repose
2444 1691 23 19 to

1886 1719 44 23 any
1942 1712 105 32 ordinary
2058 1714 62 32 sleep
2132 1715 25 23 of
2172 1723 67 24 many
2250 1716 78 25 hours.
2363 1719 51 23 The
2427 1727 37 16 ce-

1885 1743 101 26 lebrated
1997 1746 38 24 De
2047 1747 89 24 Moirve
2148 1748 59 32 slept
2218 1754 83 27 twenty
2312 1750 69 25 hours
2393 1752 26 23 of
2428 1752 38 24 the

1885 1779 147 30 twenty-four
2043 1789 6 20 ;
2068 1781 45 23 and
2131 1781 38 23 old
2187 1782 100 24 Thomas
2305 1783 58 25 Parr
2374 1785 91 32 latterly

1885 1811 59 31 slept
1963 1820 61 24 away
2035 1813 29 31 by
2076 1816 35 21 tar
2123 1813 37 24 the
2171 1820 90 25 greater
2271 1821 50 26 part
2332 1817 26 24 of
2367 1817 37 24 his

1884 1844 97 24 istence.
2111 1848 4 4 '
2471 1847 6 10 f

1898 1879 3 5 '
1911 1876 127 23 Anecdote
2061 1885 27 15 of
2111 1878 86 24 Burns.
2198 1891 28 5 —
2228 1881 71 22 Burns
2313 1902 4 5 ,
2326 1881 53 29 paid
2405 1882 56 23 little

1883 1903 109 22 attention
2003 1908 22 17 to
2037 1904 36 23 the
2086 1905 101 23 artificial
2196 1907 126 23 distinction
2332 1908 28 23 of
2369 1909 94 29 society,

1884 1928 36 22 On
1939 1929 35 23 his
1988 1937 48 20 way
2049 1934 23 20 to
2087 1932 66 22 Leith
2169 1940 44 15 one
2227 1935 109 27 morning,
2353 1935 28 22 he
2397 1940 45 19 met
2450 1944 14 15 a

1883 1962 53 15 man
1950 1956 22 22 in
1988 1956 89 24 hodden
2090 1966 81 20 gray—
2173 1967 14 14 a
2199 1960 60 22 West
2269 1966 93 23 country
2370 1962 93 23 farmer:

1883 1983 28 19 he
1920 1983 69 21 shook
1998 1983 47 23 him
2055 1985 108 28 earnestly
2170 1986 30 32 by
2210 1986 37 22 the
2263 1986 67 27 hand,
2345 1988 45 22 and
2404 1993 60 24 stop-

1882 2008 43 27 ped
1945 2008 44 22 and
2008 2011 121 22 conversed
2148 2012 53 22 with
2219 2013 54 22 him.
2314 2014 39 22 All
2364 2015 45 22 this
2418 2022 45 16 was

1882 2041 52 15 seen
1954 2035 30 28 by
1998 2043 14 15 a
2026 2043 77 22 young
2116 2037 131 29 Edinburgh
2262 2039 71 28 blood,
2350 2041 48 22 who
2409 2042 54 23 took

1882 2062 37 20 the
1933 2065 51 24 poet
1998 2063 94 28 roundly
2111 2067 22 19 to
2148 2065 49 22 task
2212 2067 35 21 for
2259 2066 54 22 such
2328 2074 14 15 a
2357 2067 73 23 defect
2438 2069 26 23 of

1882 2091 62 19 teste.
2092 2096 45 21 you
2156 2091 104 24 fantastic
2412 2093 49 26 said!

1881 2116 81 26 Burns,
2030 2124 43 14 was
2082 2121 40 18 not
2130 2117 37 22 the
2183 2123 62 22 great
2261 2124 56 23 coat,
2329 2120 36 22 the
2380 2128 82 17 sconee
2466 2119 7 12 7

1880 2141 91 28 bonnet,
1982 2142 42 22 and
2034 2143 37 22 the
2082 2145 115 26 Sanquhar
2207 2147 52 21 boot
2268 2145 50 23 hose
2329 2147 12 21 I
2351 2147 68 26 spoke
2430 2154 31 22 to,

1880 2168 40 21 but
1930 2168 37 22 the
1977 2176 53 15 man
2048 2169 46 23 that
2105 2178 43 14 was
2162 2171 25 22 in
2204 2172 60 23 them
2272 2180 5 19 ;
2296 2173 43 23 and
2346 2176 3 8 '
2357 2175 38 21 the
2409 2182 52 16 man

1880 2194 41 27 Sir,
1932 2195 35 21 for
1976 2198 46 20 true
2031 2197 77 27 worth,
2116 2198 72 22 would
2195 2199 72 27 weigh
2276 2207 44 20 you
2329 2200 45 23 and
2384 2201 20 28 I,
2415 2202 45 23 and

1880 2225 35 18 ten
1925 2229 61 14 more
1995 2223 62 27 such,
2068 2223 64 23 down
2142 2231 45 21 any

1905 2248 22 22 A
1953 2248 139 24 Precocious
2116 2250 98 24 Poet.—
2215 2253 48 21 The
2284 2253 98 23 Teacher
2399 2255 27 22 of
2446 2263 15 15 a

1880 2273 76 23 Parish
1975 2276 79 22 School
2069 2277 23 21 in
2108 2277 37 21 the
2165 2278 181 28 neighbourhood
2361 2281 26 21 of
2402 2282 49 27 Ayr

1879 2301 48 22 who
1937 2302 19 21 is
1966 2310 13 13 a
1988 2309 54 21 very
2050 2303 57 27 rigid
2116 2303 173 30 disciplinarian,
2299 2307 115 22 exercised
2424 2309 35 22 his
2465 2325 3 6 ,

1878 2328 111 28 authority
1996 2329 39 22 the
2050 2331 63 21 other
2127 2331 43 27 day
2184 2331 25 23 in
2224 2332 114 28 depriving
2346 2354 5 7 r
2353 2341 12 15 a
2379 2335 45 28 boy
2432 2335 25 23 in
2466 2356 4 3 .

1878 2354 37 22 the
1934 2355 62 22 Bible
2013 2356 61 22 Class
2083 2357 26 21 of
2123 2357 148 30 three-pencej
2290 2360 25 22 of
2330 2359 71 24 which
2417 2361 54 24 thei'

1876 2381 79 22 urchin
1977 2383 89 22 seemed
2085 2390 53 21 very
2150 2385 68 22 much
2235 2387 139 23 enamoured.
2402 2388 55 23 This
2467 2386 3 6 '

1876 2414 44 15 was
1936 2410 156 27 accompanied
2108 2411 29 27 by
2147 2419 14 13 a
2170 2412 73 22 threat
2260 2413 46 22 that
2322 2413 37 23 the
2372 2422 84 20 money

1876 2434 73 22 would
1963 2439 39 18 not
2017 2436 27 22 be
2057 2438 112 22 returned.
2198 2439 37 21 On
2251 2439 36 23 the
2296 2439 80 23 School
2391 2441 66 27 being

1876 2460 122 30 dismissed,
2016 2463 37 22 the
2063 2463 55 23 little
2127 2465 102 26 penitent
2238 2465 91 29 humbly
2337 2470 118 25 presented

1875 2488 34 21 his
1918 2493 83 18 master
2012 2490 51 22 with
2073 2491 38 22 the
2122 2491 113 28 following
2243 2493 55 22 lines
2305 2501 9 14 :.
2314 2504 27 5 —
2417 2495 3 5 '
2455 2498 4 3 ~

1875 2520 61 23 Kind
1946 2523 40 26 Sir,
1997 2523 27 22 be
2034 2524 90 26 pleased
2132 2524 34 23 for
2176 2533 62 19 once,
2250 2528 9 20 1
2271 2526 39 23 ask
2319 2534 29 15 no
2358 2535 69 21 more,

1875 2548 40 27 My
1925 2549 70 28 paltry
2004 2557 65 20 purse
2079 2552 26 20 of
2111 2550 106 29 ha'pence
2228 2557 22 17 to
2259 2554 94 22 restore!

1874 2574 54 23 Fool
1940 2575 46 22 that
1996 2576 11 22 I
2019 2584 44 14 was
2071 2580 23 19 to
2104 2578 65 27 bring
2178 2578 60 23 them
2247 2580 58 22 forth
2314 2583 23 19 to
2346 2581 63 28 view,

1874 2601 43 23 But
1927 2603 95 27 trusting
2031 2603 34 27 all,
2078 2604 11 21 I
2099 2605 61 22 ne'er
2170 2606 115 27 suspected
2293 2614 52 20 you.

1873 2628 33 22 Of
1913 2628 61 23 these
1983 2629 41 22 few
2032 2637 68 19 pence
2107 2631 48 22 how
2161 2632 71 28 proud
2240 2633 12 22 I
2260 2640 70 15 waj—
2330 2634 50 23 how
2385 2636 52 22 vain
2446 2637 7 21 I
2459 2634 6 6 J

1874 2654 55 23 Who
1940 2655 74 23 knows
2023 2657 21 21 if
2051 2657 45 24 e'er
2106 2657 37 22 I'll
2151 2658 58 23 have
2219 2658 37 23 the
2266 2659 43 23 like
2318 2662 65 26 again
2390 2662 9 21 1

1871 2681 29 23 lv
1910 2682 47 27 pity
1966 2683 60 26 then,
2037 2687 74 19 return
2122 2692 36 20 my
2167 2685 57 23 little
2234 2686 41 27 all;
2308 2694 3 4 •

1871 2707 12 22 I
1895 2713 58 17 want
1963 2717 89 20 apeery,
2063 2712 93 27 marblct,
2167 2712 46 22 and
2222 2720 15 14 a
2245 2714 47 21 ball.
2310 2719 3 7 ■
2390 2717 4 4 •
2457 2718 4 12 ;
2492 2713 1 6 '

1871 2739 40 22 We
1922 2740 57 22 need
1991 2742 98 28 scarcely
2098 2750 39 21 say
2152 2743 38 22 the
2207 2745 78 22 urchin
2294 2752 44 16 was
2355 2745 97 24 luccesi-
2462 2746 4 12 l

1869 2766 49 23 full*
1918 2778 27 5 —
1945 2769 47 25 Ayr
2003 2770 109 21 Observer..
2301 2771 4 7 '
2423 2773 3 4 ■
2454 2776 9 8 j.
2492 2775 1 4 ■

1986 2827 172 26 ORIGINAL
2183 2831 148 25 POETRY.

1307 2069 51 24 The
1370 2070 51 32 ship
1433 2070 36 25 St.
1482 2072 95 31 George,
1591 2074 94 31 Captain
1695 2075 91 32 Norrie,
1799 2078 52 24 with

1274 2102 140 31 forty-seven
1426 2112 140 24 passengers,
1587 2109 41 21 and
1641 2116 14 15 a
1666 2109 41 23 full
1720 2117 73 25 cargo,
1813 2112 38 24 left

1274 2135 92 32 Sydney
1377 2145 29 16 on
1418 2137 93 30 Sunday
1521 2138 44 24 last
1577 2140 34 23 for
1623 2140 105 26 London.

1306 2173 50 24 The
1379 2180 72 18 cutter
1473 2175 167 33 Perseverence,
1665 2180 74 24 whilst
1760 2181 91 32 leaving

1273 2206 92 32 Sydney
1384 2216 30 15 on
1432 2208 83 32 Friday
1527 2211 95 31 evening
1640 2212 36 24 for
1696 2213 85 24 Kiama
1798 2216 52 23 with

1271 2241 85 22 several
1374 2249 134 23 passengers
1526 2251 29 15 on
1574 2243 75 31 board,
1669 2247 80 23 struck
1767 2256 29 15 on
1814 2248 37 24 the

1271 2272 75 24 South
1358 2274 66 29 Reef,
1440 2279 22 19 at
1473 2275 38 24 the
1523 2276 87 31 Heads,
1629 2279 44 23 and
1690 2288 56 15 soon
1758 2288 59 17 went
1828 2288 22 17 to

1271 2307 73 29 pieces
1353 2316 6 20 ;
1382 2307 39 24 the
1432 2316 56 15 crew
1499 2309 44 24 and
1561 2317 134 25 passengers
1707 2321 59 17 were
1782 2316 67 22 saved

1270 2338 29 31 by
1311 2339 35 24 tht
1361 2345 68 19 water
1440 2341 71 31 police
1529 2343 45 23 and
1586 2343 62 25 other
1659 2345 65 25 boats
1742 2352 24 19 at
1778 2348 71 27 Camp

1270 2371 71 24 Cove.

1302 2412 50 24 The
1374 2413 114 25 Governor
1505 2414 90 31 Phillip
1615 2417 45 24 had
1682 2420 88 24 arrived
1789 2422 56 23 from

1268 2445 99 25 Norfolk
1379 2446 78 24 Island
1465 2457 7 20 ;
1490 2456 67 23 every
1568 2450 66 32 thing
1643 2458 46 17 was
1702 2454 61 30 quiet
1774 2454 71 25 there.

1268 2478 50 24 The
1328 2479 93 24 Hoburt
1433 2479 65 25 Town
1508 2481 134 26 Advertiser
1653 2493 53 23 says
1718 2486 37 24 the
1770 2488 74 24 island

1267 2512 20 23 is
1300 2517 21 19 to
1331 2512 28 24 be
1371 2513 103 24 attached
1483 2519 22 19 to
1520 2514 54 25 Van
1585 2516 117 26 Diemen's
1714 2519 74 30 Land,
1802 2522 43 23 and

1267 2552 13 16 a
1291 2546 184 31 superintendent
1486 2552 50 19 sent
1549 2554 39 19 out
1598 2550 58 24 from
1668 2550 106 34 England
1782 2563 6 19 ;
1802 2555 43 23 and

1265 2577 48 24 that
1325 2578 96 32 Captain
1439 2580 168 26 Maconochie's
1624 2589 87 25 system
1722 2586 47 24 will
1785 2587 57 24 have

1265 2618 13 16 a
1289 2612 51 23 trial
1351 2617 24 18 at
1386 2620 62 16 some
1459 2613 63 24 other
1532 2615 73 29 place.

1298 2649 38 23 On
1348 2649 102 33 Monday
1459 2651 45 24 last
1514 2652 36 24 his
1563 2653 73 24 Grace
1648 2655 38 24 the
1697 2656 144 35 Archbishop

1264 2682 26 23 of
1303 2683 93 31 Sydney
1407 2685 121 30 proceeded
1546 2690 24 19 to
1588 2687 106 25 Moreton
1711 2690 59 31 Bay,
1789 2693 52 23 with

1262 2716 87 23 several
1359 2717 26 23 of
1401 2717 39 23 the
1451 2717 128 32 clergymen
1596 2719 68 33 lately
1676 2723 89 24 arrived
1784 2724 57 26 from

1262 2747 100 33 Europe,
1381 2756 22 17 to
1416 2757 127 18 commence
1555 2752 38 25 the
1610 2756 165 31 contemplated
1786 2759 55 23 mis-

1261 2781 50 24 sion
1318 2786 22 19 to
1348 2782 42 24 the*
1395 2783 87 25 blacks.
1518 2785 50 24 The
1575 2794 67 16 scene
1651 2788 26 23 of
1685 2789 58 24 their
1749 2791 92 24 labours

1260 2815 20 22 is
1297 2819 23 19 to
1337 2815 28 24 be
1382 2824 14 15 a
1415 2821 57 20 tract
1483 2818 25 23 of
1521 2818 54 24 land
1592 2820 23 24 in
1633 2820 49 24 that
1698 2828 53 25 part
1761 2824 26 23 of
1800 2824 38 25 the

1260 2852 100 27 country,
1380 2849 81 25 almost
1478 2857 94 26 seventy
1589 2853 75 31 miles,
1670 2855 25 23 in
1713 2860 85 26 extent,
1815 2858 25 23 in

1259 2880 72 24 which
1342 2889 29 16 no
1383 2882 121 32 European
1515 2885 20 23 is
1553 2884 94 26 allowed
1664 2891 22 20 to
1697 2890 75 29 settle,
1790 2891 45 23 and

1257 2921 61 23 upon
1328 2915 81 30 which,
1422 2924 30 15 on
1462 2921 95 20 account
1565 2919 28 23 of
1598 2919 30 24 its
1640 2920 130 33 abounding
1782 2924 53 23 with

1257 2951 58 19 trees
1332 2947 96 33 hearing
1443 2949 54 24 fruit
1509 2951 26 22 of
1551 2951 74 24 which
1642 2952 38 25 the
1691 2955 88 23 natives
1799 2964 37 16 are

1255 2980 61 28 fond,
1328 2986 65 25 great
1404 2983 106 25 numbers
1522 2984 26 23 of
1556 2984 61 24 them
1628 2994 39 15 are
1676 2989 158 29 congregated.

1288 3013 51 24 The
1355 3022 67 23 gross
1441 3023 96 17 revenue
1549 3017 26 23 of
1589 3018 37 23 the
1644 3019 88 32 Colony
1743 3021 36 24 for
1796 3022 39 25 the

1254 3053 52 24 year
1320 3048 64 24 1842
1396 3055 46 17 was
1458 3050 130 28 £529,968
1603 3053 37 22 4s.
1654 3050 66 35 o|d.,
1741 3054 45 24 and
1797 3055 38 25 the

1253 3085 66 25 gross
1331 3081 146 31 expenditure
1488 3083 129 29 £503,763
1629 3086 37 23 9s.
1679 3085 57 33 4£d.
1746 3095 7 21 ;
1770 3087 63 25 leav-

1252 3112 42 31 ing
1310 3121 14 15 a
1334 3112 94 26 balance
1444 3115 24 23 in
1485 3115 61 25 hand
1563 3124 30 16 on
1612 3117 38 24 the
1671 3120 37 22 Ist
1725 3119 100 32 January

1254 3147 70 28 1848,
1338 3147 25 23 of
1376 3148 113 29 £26,819
1503 3151 51 27 14s,
1567 3150 38 24 Bd.
1642 3151 29 24 In
1683 3152 39 24 the
1740 3160 93 18 amount

1252 3178 25 24 of
1284 3186 96 18 revenue
1391 3181 20 23 is
1422 3181 103 25 included
1537 3183 87 25 £6932
1637 3187 36 22 Os.
1687 3184 56 34 6£d.
1756 3187 24 23 in
1791 3187 39 25 the

1250 3216 102 27 treasury
1363 3220 29 16 on
1404 3213 39 25 the
1455 3217 36 21 Ist
1501 3215 108 33 January,
1629 3220 73 28 1842,
1715 3220 114 29 £48,760

1248 3245 101 24 received
1360 3253 29 16 on
1401 3247 141 31 debentures,
1561 3250 44 23 and
1615 3251 114 29 £45,539
1746 3255 37 22 ss.
1795 3255 36 23 for

1248 3278 53 24 bills
1309 3278 76 25 drawn
1396 3287 30 17 on
1438 3286 94 19 account
1539 3283 24 23 of
1572 3283 39 24 the
1622 3292 82 24 money
1710 3285 119 26 advanced,

1249 3316 22 19 to
1283 3311 58 24 New
1353 3312 109 25 Zealand.

1356 3368 358 30 MISCELLANEOUS.

1868 2885 71 23 When
1950 2886 46 24 first
2006 2887 10 22 I
2028 2891 45 19 met
2082 2888 40 23 her
2131 2889 46 22 o'er
2186 2897 38 20 my
2236 2890 61 22 heart
2308 2890 40 24 she
2357 2890 78 29 threw,

1866 2917 22 22 A
1897 2917 56 28 light
1962 2918 45 22 and
2015 2919 101 27 pleasant
2125 2920 85 28 feeling
2220 2921 55 23 such
2288 2930 25 14 as
2323 2923 72 22 swells
2461 2938 3 8 >

1866 2948 85 23 Within
1962 2949 35 22 the
2008 2951 79 26 breast,
2098 2951 65 22 when
2173 2959 29 15 on
2214 2952 37 23 the
2262 2957 77 19 waters
2349 2954 59 28 blue,

1864 2980 47 21 The
1920 2981 62 27 spirit
1990 2982 63 21 looks
2062 2982 59 22 what
2129 2983 37 22 it's
2174 2983 60 22 faint
2242 2984 42 28 lips
2297 2985 65 22 ne'er
2370 2986 48 28 tell,
2422 2992 3 9 1
2459 2991 5 10 '

1864 3012 20 24 A
1896 3013 125 27 something
2030 3017 87 24 strange
2127 3013 45 23 and
2182 3015 75 27 gentle
2267 3016 23 22 in
2299 3016 29 22 its
2338 3017 62 28 kind;
2400 3017 38 24 :',"

1863 3043 55 23 Like
1929 3046 115 21 summer's
2055 3050 76 17 waters
2143 3046 128 27 gladdened
2280 3048 31 28 by
2321 3048 37 23 the
2367 3056 50 21 sun,
2457 3045 4 27 !

1862 3076 46 21 Not
1916 3076 52 22 love
1978 3085 25 13 or
2010 3078 88 27 passion
2100 3089 27 4 —
2129 3085 59 15 more
2198 3078 55 24 than
2263 3080 55 23 both
2325 3081 92 28 refined,

1862 3106 43 23 But
1918 3107 45 23 like
1980 3108 37 22 the
2034 3108 58 23 birth
2109 3110 25 22 of
2145 3109 59 29 hope
2219 3111 65 22 when
2295 3112 39 22 toil
2345 3112 46 26 and
2401 3121 45 16 war

1914 3144 2 5 '
1942 3147 37 14 are
1989 3140 64 23 done.

1861 3171 43 22 Yet
1913 3175 22 18 to
1946 3172 58 22 what
2012 3179 93 21 purpose
2115 3172 61 23 leads
2186 3181 38 20 my
2234 3178 70 19 secret
2315 3175 75 30 flame;

1860 3203 43 22 She
1912 3203 74 22 knows
1995 3207 47 24 not,
2052 3204 68 22 heeds
2130 3207 45 25 not,
2188 3205 48 22 that
2246 3205 12 22 I
2268 3206 50 22 love
2328 3214 25 15 so
2363 3208 57 28 well,
2457 3213 7 22 /

1858 3234 53 23 And
1920 3234 22 22 if
1951 3234 38 23 she
2000 3234 45 28 did,
2056 3238 22 19 to
2087 3232 40 26 her
2137 3236 93 23 'twould
2240 3237 28 22 be
2277 3238 36 22 the
2324 3246 68 21 same,

1858 3267 44 22 For
1910 3267 24 21 in
1943 3266 41 22 her
1992 3267 75 22 breast
2075 3274 29 15 no
2113 3267 201 30 kindred.feelings
2323 3271 71 28 dwell,
2404 3287 3 6 ,
2435 3290 2 5 
2442 3262 11 35 !'
2460 3267 4 32 ,

1857 3299 33 22 To
1900 3305 36 15 me
1946 3298 70 24 alone,
2019 3298 92 29 belongs
2123 3299 37 22 the
2169 3299 79 24 charm
2258 3302 26 21 of
2293 3302 65 29 grief,

1856 3330 33 22 To
1899 3337 36 15 me
1946 3330 63 22 alone
2018 3330 39 22 the
2066 3330 68 23 hours
2143 3332 26 22 of
2180 3332 93 24 sadness
2281 3333 71 29 bring,
2419 3339 3 3 '
2449 3330 14 29 ,';

1856 3362 73 23 Those
1939 3363 106 27 thoughts
2054 3363 73 23 which
2136 3367 80 20 nature
2225 3366 94 23 careless
2328 3368 27 22 of
2364 3369 72 29 relief,

1854 3393 73 24 Those
1946 3395 78 22 winter
2043 3394 69 24 blasts
2131 3396 50 23 that
2198 3397 67 23 crush
2278 3406 38 21 my
2332 3399 68 30 hopes
2414 3401 30 25 of

1896 3448 3 3 .
1936 3426 81 28 spring.
2412 3427 3 7 '

1853 3459 55 22 And
1916 3456 39 31 yet
1965 3459 12 23 I
1986 3459 50 24 love
2045 3460 40 23 the'
2092 3460 116 30 fluttering
2216 3462 67 28 griefs
2292 3463 50 24 that
2351 3468 54 25 tear.

1854 3491 42 27 My
1904 3490 82 28 aching
1992 3492 71 27 heart,
2073 3492 46 23 tho'
2128 3500 28 15 on
2165 3493 65 23 itself
2239 3493 51 25 thus
2304 3495 84 28 hurled,

1852 3523 49 23 Nor
1909 3523 60 23 heed
1977 3524 38 22 the
2023 3525 64 22 voice
2096 3525 73 23 which
2177 3523 51 26 tells
2238 3534 36 15 me
2287 3532 23 18 to
2319 3528 85 23 beware

1852 3554 34 23 Of
1896 3554 83 23 broken
1987 3555 75 29 hopes,
2065 3557 46 22 and
2120 3557 24 22 of
2155 3564 15 15 a
2180 3561 79 20 vacant
2268 3559 73 27 world,

1850 3586 50 26 The
1909 3594 42 16 one
1967 3587 94 28 thought
2066 3587 78 24 'burns
2158 3588 47 23 and!
2219 3589 74 23 thr'obi
2308 3590 75 24 within
2393 3598 37 16 m«

1904 3617 5 9 1
1928 3617 56 28 tliU,
2169 3612 45 14 '■"'
2398 3624 3 3 •

1851 3648 56 26 Like
1915 3657 61 16 some
1986 3650 55 24 fond
2049 3654 45 20 star
2101 3659 61 21 upon
2171 3659 15 15 a
2193 3652 100 23 troubled
2300 3660 45 20 «ea,

1851 3681 121 30 Gleaming
1980 3690 30 16 on
2017 3683 63 28 giant
2088 3688 72 18 waves
2170 3683 49 23 that
2226 3683 56 23 have
2290 3684 61 24 their
2357 3685 52 29 will,

1850 3715 30 23 So
1889 3714 74 25 shines
1972 3715 49 24 that
2028 3722 44 17 one
2080 3719 47 23 star
2134 3716 45 24 and
2188 3723 25 16 so
2221 3716 94 23 beacons
2323 3725 36 16 me
2364 3718 18 23 V

1850 3748 75 24 When
1931 3749 50 23 that
1987 3750 20 23 is
2013 3757 69 21 gone,
2090 3750 53 27 they
2148 3749 50 31 {are
2199 3749 49 23 well
2256 3749 97 26 farewell
2358 3752 49 29 jo*,

1857 3776 36 28 pet
1901 3779 69 20 storm
1978 3779 45 21 and
2031 3777 40 23 toil
2081 3773 58 34 w'orjif
2147 3780 41 20 out
2196 3775 59 25 their
2263 3776 40 24 sad
2313 3777 86 30 befeest,

1857 3806 29 19 No
1895 3802 56 29 hope
1963 3802 35 29 I'll
2007 3803 60 28 sedk,
2078 3805 32 21 ho)
2116 3802 65 24 other
2188 3803 77 23 charm
2274 3810 36 19 ere
2318 3804 62 30 pjay,

1857 3828 39 24 Bbi
1901 3829 60 25 bush
1969 3829 50 26 tha#
2025 3829 86 24 broken
2118 3829 51 24 love
2264 3836 37 23 my
2310 3829 80 28 breast.
2401 3834 8 28 ',
2428 3849 10 10 ,•
2444 3849 5 10 •,

1848 3855 30 30 9q
1879 3855 75 32 .calm,
1960 3856 143 28 .unveeming,.
2109 3855 32 25 lit
2147 3862 38 17 me
2193 3856 63 25 tomb
2262 3856 39 24 the
2312 3857 69 26 thou*
2390 3854 24 29 &L
2434 3876 3 8 ,

1850 3881 79 24 Which
1934 3880 62 25 lived
2005 3882 45 24 and
2060 3881 51 24 died
2122 3881 71 25 where
2202 3887 80 24 sprang
2290 3886 30 22 its
2328 3885 99 26 belplcte

1842 3906 17 22 r'
1857 3910 4 13 (
1899 3926 3 6 ,
1927 3908 67 28 birth,
2078 3914 4 4 •
2118 3909 86 27 '^.",.\
2241 3925 4 3 -
2437 3909 5 4 '

1848 3934 54 24 Ana
1911 3935 47 23 tho'
1969 3935 59 23 'twaa
2038 3935 63 28 sadly
2107 3935 56 23 born
2173 3935 46 24 and
2228 3936 76 30 dearly
2312 3939 93 27 bought*

1847 3958 68 28 lla«!
1931 3961 60 24 'tw*s
1998 3961 31 23 all
2038 3961 49 26 that
2095 3961 77 25 bound
2183 3969 35 18 me
2227 3967 25 20 to
2259 3963 43 26 this
2312 3967 70 23 earth.

1279 3422 115 26 Mother
1411 3432 54 19 and
1483 3422 165 35 Child.-^-As
1662 3429 39 25 the
1722 3431 104 26 mistress

1244 3455 72 24 —the
1334 3456 83 25 wife—
1417 3459 39 24 the
1475 3467 87 18 woman
1582 3460 63 26 leans
1662 3471 30 16 on
1713 3464 96 25 another
1817 3474 7 21 ;

1245 3497 40 16 are
1295 3488 105 27 reflected
1410 3491 42 25 her
1462 3492 131 33 happiness*
1604 3494 41 25 her
1655 3495 70 33 being
1725 3509 33 6 —
1758 3506 26 16 as
1796 3506 30 17 an

1245 3522 40 24 orb
1301 3522 50 24 that
1368 3526 65 23 taxes
1451 3525 61 31 light
1523 3521 62 36 frp'tii
1595 3527 30 24 its
1636 3529 51 25 sun!
1723 3529 56 31 But,
1799 3539 27 17 as

1243 3555 40 24 the
1301 3553 96 33 mother^
1417 3557 42 25 she
1475 3558 29 28 \k'
1494 3580 3 9 t
1501 3573 4 8 ,
1512 3559 76 25 raised
1604 3561 58 25 from
1670 3573 4 11 c
1680 3562 144 33 dependence

1242 3589 49 23 into
1301 3595 75 24 power
1383 3598 8 21 ;
1410 3590 25 27 it,
1440 3591 19 24 is
1469 3591 95 26 another
1575 3593 49 25 that
1633 3594 64 25 leans
1709 3604 30 16 on
1751 3596 40 25 her
1791 3609 31 6 —
1822 3611 4 9 :

1243 3628 14 17 a
1268 3625 46 20 star
1333 3621 42 25 has
1386 3630 88 26 sprung
1487 3626 52 23 .into
1557 3634 74 23 space,
1652 3632 25 20 to
1688 3629 75 24 which
1781 3630 43 25 she

1242 3653 86 25 herself
1337 3654 41 26 has
1389 3656 94 25 become
1493 3658 39 24 the
1543 3666 45 17 sun
1595 3660 139 26 l—Zanoni.
1757 3667 3 6 '

1274 3686 36 25 As
1321 3687 39 26 the
1370 3685 68 28 child*
1442 3690 81 26 selects
1528 3692 45 24 the
1591 3693 79 33 gaudy
1678 3695 41 25 but
1729 3696 93 34 inoper-

1241 3720 60 24 ative
1318 3720 75 31 rattle,
1406 3723 31 24 -in
1453 3725 131 31 preference
1602 3731 23 20 to
1645 3728 40 25 the
1701 3728 67 35 plain
1782 3731 42 27 but

1240 3753 109 31 effective,
1361 3761 27 18 so
1396 3755 24 24 is
1431 3763 52 17 man
1499 3765 80 25 prone,
1591 3760 24 26 in
1632 3759 39 27 the
1685 3767 101 21 .matters
1799 3764 27 25 of

1240 3785 63 25 truth
1323 3787 46 25 »nd
1389 3787 91 34 fallacy,
1496 3795 25 20 to
1537 3792 89 25 incline
1647 3798 24 20 to
1687 3795 40 25 the
1730 3794 91 30 Jatter.

1240 3819 75 24 Truth
1332 3819 86 34 having
1434 3822 84 33 always
1532 3824 158 28 «ffectiveness
1708 3824 28 31 iti
1755 3829 67 30 vie*;,

1239 3857 62 21 must
1309 3859 85 26 appear
1404 3855 25 23 in
1440 3855 43 24 the!
1488 3856 58 31 g»rb
1551 3857 40 24 'of-
1595 3859 148 31 moderation,
1755 3862 67 25 wJule

1238 3883 107 36 Fallacy*
1353 3894 31 17 on
1394 3886 46 25 -the
1455 3887 70 26 otheir
1534 3888 289 39 Ifand^uninfluenced^iy'

1238 3916 40 26 the
1288 3925 63 18 same
1366 3920 173 31 coosideration,
1556 3921 43 26 has
1608 3919 39 29 'at
1650 3927 119 25 command
1789 3928 31 25 all

1237 3950 41 25 the
1287 3951 76 35 gaudy
1374 3953 88 26 colours
1471 3954 26 23 of
1504 3953 40 28 the
1555 3956 122 26 cajaoleon.
1694 3957 6 5 '

699 143 177 28 knowledge-the
882 146 108 28 principle
995 148 88 29 implied
1088 151 25 23 in
1120 159 55 20 your
1182 153 98 23 demand

699 170 36 21 for
750 176 171 22 compensation,
932 173 50 22 that
998 174 35 23 the
1046 177 113 28 Company
1168 179 19 21 is
1203 180 76 23 bound

700 200 24 17 to
732 197 124 22 reimburse
865 198 128 27 purchasers
1003 202 26 21 of
1037 202 53 23 land
1103 204 60 23 from
1170 205 63 23 them
1243 207 36 23 for

699 223 40 21 the
747 223 69 21 losses
824 224 106 24 incurred'
936 225 31 27 by
975 227 37 22 the
1021 228 71 28 illegal
1101 232 146 27 proceedings
1255 233 26 22 of

698 251 39 19 the
747 251 99 21 Natives.
864 264 3 7 .
876 251 27 22 In
914 251 30 22 all
953 252 38 23 the
1000 254 158 31 neighbouring
1167 259 110 26 colonies,

699 276 46 20 and
754 282 30 21 in,
788 276 63 22 other
866 280 58 24 parts
942 278 26 23 of
980 279 42 23 this
1036 281 83 29 Island,
1131 288 101 23 outrages
1247 293 29 15 on

697 304 104 31 property
817 304 57 21 have
888 304 57 23 been
961 306 65 23 made
1034 307 28 28 by
1071 308 38 23 the
1127 310 147 28 Aboriginies,

698 328 93 22 without
807 329 38 22 the
861 330 64 22 seller
937 332 26 21 of
975 332 37 23 the
1027 333 51 24 land
1094 336 66 26 being
1172 337 52 23 held
1239 346 37 14 re-

697 355 114 26 sponsible
823 356 34 22 for
867 357 35 22 the
913 358 50 23 loss.
1256 368 3 8 >
1269 370 5 6 ■

726 380 14 22 I
749 381 62 28 shall,
827 382 105 30 however,
944 385 27 22 be
980 384 69 30 happy
1059 390 22 19 to
1097 388 93 24 forward
1199 393 23 19 to
1236 391 38 23 the

697 409 69 20 Court
775 409 27 20 of
814 409 109 23 Directors
940 419 44 21 any
993 416 116 21 statement
1116 416 42 21 and
1174 417 100 23 estimate

697 437 22 17 ot
730 437 93 24 damage
829 437 43 20 and
881 437 42 22 loss
929 438 26 21 of
961 444 99 23 property
1069 440 105 25 incurred
1183 444 30 25 by
1220 451 52 18 you,

696 461 35 21 for
745 461 59 21 their
819 461 103 29 decision,
938 465 47 21 and
998 466 51 22 have
1065 466 37 23 the
1116 468 71 23 honor
1203 473 24 19 to
1236 471 28 22 be

939 491 42 27 Sir,
1266 487 5 11 '

914 515 61 24 Your
985 517 99 24 obedient
1095 525 95 24 servant,

1041 545 35 22 W.
1095 546 149 26 Wakbfield.

776 572 109 28 Principal
893 574 77 26 Agent
979 574 54 23 New
1040 576 99 24 Zealand
1148 579 120 27 Company.

721 601 37 22 W.
768 602 79 23 Alfred
857 604 101 29 Wansey,
970 606 51 28 Esq.

856 658 70 27 (Copy
935 659 77 22 Letter
1026 661 38 23 No.
1074 663 32 26 3.)

935 690 141 30 Wellington,
1087 694 55 28 May
1150 697 20 26 4,
1182 698 59 22 1842.

718 719 50 27 Sir,
769 731 29 4 —
799 719 12 22 I
829 720 44 23 feel
890 721 89 27 obliged
996 724 30 26 by
1040 732 56 20 your
1115 727 62 26 reply
1191 732 23 19 to
1230 737 40 16 my

690 746 73 26 letter,
775 746 43 22 and
826 747 51 27 give
886 755 28 14 on
925 749 37 21 the
972 750 60 21 other
1039 752 46 21 side
1095 759 30 15 an
1136 755 98 23 estimate
1246 757 25 21 of

691 779 117 20 expences,
830 774 46 21 and
893 774 104 28 damages
1015 776 101 24 incurred
1135 779 28 28 by
1186 790 36 14 me
1244 783 25 22 in

690 800 133 26 attempting
833 804 21 20 to
864 800 51 28 gain
925 803 117 25 possession
1053 804 27 21 of
1085 812 39 20 my
1134 806 57 27 land,
1203 813 65 18 trust-

689 832 39 20 ing
739 833 45 19 you
796 826 43 22 will
847 827 93 22 forward
949 828 19 22 it
977 832 21 18 to
1010 829 31 22 the
1050 830 68 24 board
1125 833 24 21 of
1154 834 113 24 Directors

688 852 101 27 pressing
808 852 57 23 their
881 854 86 23 earliest
993 856 165 31 consideration,
1171 878 3 6 ,
1182 861 84 27 feeling

686 879 70 26 justly
766 879 93 22 entitled
869 884 20 18 to
898 882 168 31 compensation,
1078 891 24 15 as
1113 885 12 21 I
1141 894 60 15 came
1212 888 53 23 here

687 905 36 21 for
733 905 38 22 the
779 913 95 21 purpose
883 908 26 21 of
914 909 134 28 agriculture,
1060 911 45 21 and
1114 919 56 19 gave
1180 922 13 14 a
1202 919 64 22 great

688 932 99 22 advance
799 939 28 16 on
838 933 37 22 the
891 934 134 29 Company's
1035 937 59 27 price
1109 936 37 24 for
1160 946 29 16 an
1205 943 62 25 early

688 958 84 28 choice,
789 959 46 22 and
848 959 55 24 have
922 961 58 23 done
997 969 36 21 my
1049 963 48 22 best
1113 968 23 18 to
1151 966 90 24 become
1252 977 15 14 a

686 985 77 22 settler
769 993 6 20 ;
786 985 45 23 and
840 993 42 21 am,

766 1026 2 4 ■
800 1034 3 5 ,
809 1013 40 27 Sir,
860 1021 55 20 your
923 1014 104 23 obedient
1034 1021 96 23 servant,
1142 1027 3 3 •

712 1065 53 25 Col.
765 1065 134 25 Wakefield.
972 1041 33 23 *
1127 1044 27 22 W
1155 1053 43 15 AWS
1200 1054 13 15 .
1216 1054 12 15 r
1229 1063 5 7 ,

787 1115 3 5 '
848 1115 70 34 (Copy
928 1122 77 23 Letter
1013 1124 40 22 No.
1063 1125 32 26 4.)

721 1165 2 5 ,
766 1162 9 14 
786 1159 3 12 i
888 1171 3 5 ,
926 1148 138 30 Wellington,
1075 1151 57 28 May
1141 1153 19 27 5,
1173 1155 60 23 1843.

711 1174 50 25 Sir,
762 1184 27 4 —
792 1174 11 21 I
813 1181 36 14 am
859 1176 123 22 instructed
991 1176 28 28 by
1029 1178 33 22 the
1073 1178 68 22 Court
1152 1181 27 25 of,
1183 1181 79 23 Dire-

685 1202 45 18 ctors
740 1200 28 21 of
777 1200 38 21 the
826 1200 54 22 New
895 1200 100 24 Zealand
1012 1204 112 28 Company
1139 1209 21 19 to
1176 1207 85 24 decline

683 1228 22 19 to
714 1233 53 20 give
775 1228 164 26 compensation
951 1236 29 14 on
991 1229 52 23 their
1052 1234 49 25 part
1106 1232 36 22 for
1149 1233 35 22 the
1193 1234 68 24 losses

675 1272 2 6 ,
684 1253 70 21 which
761 1253 87 23 settlers
856 1261 50 20 may
914 1255 99 28 undergo
1018 1257 52 23 from
1079 1257 37 23 the
1123 1261 138 25 aggressions

683 1279 26 21 of
719 1279 39 22 the
775 1280 99 30 Natives,
889 1287 25 15 as
927 1282 24 21 in
969 1282 38 23 the
1020 1284 98 23 instance
1135 1286 70 24 which
1214 1296 47 17 you

681 1307 143 25 represented
835 1310 20 18 to
865 1314 34 15 me
911 1315 29 15 on
951 1308 38 23 the
997 1310 37 22 4th
1042 1318 58 20 may,
1111 1312 43 22 last
1161 1321 61 20 year.

709 1332 48 22 The
777 1333 113 22 Directors
903 1355 4 8 t
906 1335 101 22 consider
1019 1337 15 22 it
1045 1341 22 18 to
1083 1338 28 22 be
1121 1339 37 22 the
1173 1340 54 27 duty
1236 1343 27 21 of

680 1358 38 23 the
730 1359 158 29 Government;
898 1361 45 22 and
959 1366 39 18 not
1012 1364 23 21 of
1045 1364 37 23 the
1099 1366 121 29 Company,
1236 1373 23 18 to

681 1390 85 23 protect
775 1387 38 22 the
829 1388 92 26 settlers,
938 1389 48 22 and
1001 1392 82 26 compel
1094 1392 38 22 the
1141 1394 85 24 natives
1235 1399 24 19 to

679 1414 87 25 respect
776 1414 37 21 the
824 1414 41 21 law
874 1414 44 22 and
928 1419 23 17 to
961 1416 52 22 seek
1022 1418 90 27 redress,
1130 1420 23 21 in
1168 1428 49 15 case
1234 1423 27 21 of

679 1439 59 21 their
749 1439 103 28 thinking
866 1440 131 25 themselves
1012 1445 123 28 aggrieved,
1153 1446 57 24 from
1220 1448 37 23 the

678 1467 136 21 constituted
834 1468 134 28 authorities,
988 1470 45 23 and
1045 1475 40 18 not
1111 1472 31 28 by
1165 1478 47 20 acts
1233 1476 27 22 of

678 1493 101 21 violence
789 1493 45 22 and
844 1495 81 27 rapine.
958 1504 9 8 -<

762 1520 16 23 I,
788 1527 44 20 am,
848 1522 40 26 Sir,
897 1541 5 6 ,

725 1565 3 9 ,
823 1547 64 23 Tour
896 1548 104 24 obedient
1009 1550 86 24 humble
1106 1557 93 20 servant.

678 1597 168 11 „..,,-.
1027 1578 31 23 W.
1080 1580 147 28 Wakepield,

677 1599 113 28 Principal
800 1601 79 27 Agent,
884 1604 22 19 to
916 1602 37 23 the
963 1604 56 23 New
1027 1605 98 23 Zealand
1132 1608 122 26 Company.

703 1626 36 23 W.
754 1628 30 21 A.
801 1627 99 29 Wansey,
913 1630 51 29 Esq.
1050 1648 2 3 .
1078 1646 2 5 ,
1089 1646 3 5 >

955 1665 23 14 »
987 1670 15 4 -
1002 1670 39 5 —
1041 1656 6 19 '■

677 1686 28 19 To
715 1686 36 21 the
759 1688 79 20 Editor
846 1689 28 25 of
879 1689 35 21 the
950 1691 52 21 New
1012 1693 90 21 Zealand
1112 1694 89 22 Gazette
1210 1697 50 20 and'

829 1716 124 25 Wellington

701 1745 75 26 Sir,—
780 1746 51 23 You
846 1748 110 27 republish
966 1750 56 23 from
1033 1752 34 21 the
1077 1753 77 22 Nelson
1163 1755 89 21 Exami-

672 1778 39 14 ner
719 1779 15 14 a
743 1772 65 23 letter
818 1774 76 27 signed
1040 1786 28 15 on
1078 1780 37 22 the
1132 1781 85 28 subject
1228 1783 26 21 of

674 1799 56 21 New
740 1799 102 24 Zealand
851 1801 62 23 Flax.

699 1825 22 22 It
732 1825 19 23 is
759 1827 122 26 important
890 1833 23 17 to
919 1831 107 22 ascertain
1034 1832 20 21 if
1060 1832 39 23 the
1106 1834 145 24 calculations

672 1853 27 20 he
709 1853 78 22 makes
798 1860 59 21 upon
867 1855 36 22 the
914 1856 110 28 shipment
1032 1859 23 21 of
1066 1867 14 14 a
1094 1863 40 19 ton
1151 1862 23 21 of
1194 1863 56 21 Flax

671 1885 36 15 are
718 1883 93 23 correct,
822 1881 36 21 for
866 1882 19 21 if
892 1882 52 28 they
954 1891 44 19 are,
1009 1892 14 14 a
1035 1893 52 20 very
1102 1887 90 23 evident
1207 1889 43 22 loss

670 1908 74 19 would
753 1908 27 20 be
791 1908 38 20 the
840 1915 150 21 consequence
999 1914 22 19 to
1031 1912 34 22 the
1075 1912 126 28 shippers—
1203 1917 45 21 and

669 1933 37 20 the
721 1940 81 14 sooner
815 1933 37 22 the
868 1936 149 23 manufacture
1031 1938 15 22 is
1061 1940 132 24 abandoned
1210 1943 37 21 the

669 1957 80 23 better.

697 1984 10 22 I
728 1985 70 26 differ,
818 1985 106 30 however,
946 1989 56 22 from
1024 1990 35 22 the
1082 1995 118 20 statement
1224 1995 27 22 of

691 2013 89 25 Linum,
810 2020 23 14 in
843 2020 17 21 a,
871 2020 51 21 very
937 2017 100 22 essential
1050 2018 71 27 point,
1139 2020 70 23 viz.—
1210 2021 37 23 the

669 2044 59 19 price
739 2042 23 16 to
772 2039 28 21 be
810 2039 103 23 obtained
921 2041 35 22 for
965 2042 19 21 it
991 2042 22 22 in
1024 2044 110 26 England.

695 2063 71 27 Many
775 2072 90 19 persons
876 2066 46 22 who
932 2067 57 23 have
998 2069 51 22 been
1060 2073 123 22 connected
1193 2074 53 23 with

668 2092 38 19 the
715 2092 71 25 trade,
797 2092 53 22 both
860 2093 53 22 here
922 2095 46 21 and
977 2095 23 22 in
1011 2096 107 29 England,
1136 2100 42 22 and
1195 2102 48 21 who

667 2119 58 19 have
735 2119 55 20 been
801 2120 122 22 concerned
932 2121 22 21 in
965 2122 18 21 it
998 2129 29 21 up
1038 2128 22 17 to
1070 2132 14 13 a
1097 2124 57 23 later
1170 2128 75 25 period

667 2145 54 19 than
730 2145 45 21 Mr.
791 2145 109 28 Enderby,
913 2150 66 20 states
988 2149 37 22 the
1033 2150 57 27 price
1100 2152 24 21 in
1140 2153 104 25 England

666 2171 23 19 to
699 2169 27 22 be
738 2171 56 21 from
804 2172 47 22 j628
861 2175 22 19 to
892 2173 47 24 £3?
950 2182 39 20 per
998 2179 40 25 ton,
1050 2184 52 15 over
1113 2186 14 14 a
1135 2181 76 24 period
1221 2183 26 21 of

667 2197 83 21 several
760 2205 71 20 years,
847 2199 34 21 for
895 2208 93 19 purpose
1005 2203 25 21 of
1043 2204 103 28 cordage.
1187 2208 55 22 This

666 2224 73 21 would
749 2224 63 22 leave
822 2233 14 14 a
845 2225 41 22 fair
896 2227 64 27 profit
970 2232 22 18 to
1002 2229 34 22 the
1050 2230 104 29 shippers.
1189 2234 51 22 Ma-

666 2251 55 20 nilla
739 2251 67 26 hemp
831 2252 24 26 (a
871 2253 64 22 much
951 2255 87 23 inferior
1053 2258 77 22 article
1146 2263 22 18 to
1187 2260 56 23 New

665 2279 100 20 Zealand
782 2279 56 26 flax)
853 2284 57 17 costs
928 2284 23 18 at
968 2282 36 21 the
1019 2283 58 27 place
1093 2286 27 21 of
1131 2286 109 27 shipment

665 2305 46 21 ±,19
721 2311 39 20 per
770 2307 45 24 ton,
827 2306 45 22 and
881 2307 83 22 fetches
972 2309 24 21 in
1007 2309 31 23 the
1049 2310 97 24 London
1155 2314 86 23 market

664 2329 56 22 from
731 2330 48 23 £24
788 2335 23 17 to
819 2333 34 21 26.

691 2356 11 22 I
722 2357 82 23 should
822 2359 26 22 be
866 2359 97 24 inclined
982 2365 21 19 to
1022 2366 52 20 state
1093 2364 39 23 the
1149 2371 92 19 amount

662 2385 51 20 thus
714 2395 28 4 —

689 2411 53 21 Cost
752 2411 26 22 of
784 2420 14 14 a
806 2416 39 18 ton
855 2413 25 22 of
888 2413 73 24 Maori
969 2417 102 28 prepared

714 2438 47 22 flax
771 2446 28 14 on
810 2439 68 23 board
887 2444 23 18 at
920 2441 53 23 Port
982 2443 87 23 Nichol-

714 2472 40 14 son
1085 2472 50 23 jgJlf
1159 2476 15 21 Q
1199 2477 15 20 Q

688 2491 91 28 Freight
788 2493 27 21 of
824 2500 42 16 one
876 2497 37 19 ton
922 2496 106 27 weight—
1030 2503 39 17 one

713 2519 46 22 and
768 2519 49 23 fifth
834 2524 43 19 ton.
885 2527 167 19 measurement.
1059 2539 6 7 .
1115 2528 14 20 5
1156 2528 13 21 5
1197 2531 15 19 0

687 2544 122 24 Insurance
829 2550 23 18 at
870 2549 26 21 60
915 2557 40 19 per
973 2555 51 18 cent
1040 2559 29 15 on

712 2573 72 21 *30-
1115 2582 15 20 0
1144 2582 25 21 18
1196 2584 15 20 0

685 2601 66 20 Dock
761 2601 91 27 charges
862 2602 43 22 and
913 2603 53 27 duty
973 2610 23 15 as
1003 2605 68 22 stated

1116 2636 94 21 OHIO

685 2705 17 13 n
728 2705 7 13 i
860 2708 13 10 „
966 2710 6 5 •
996 2711 5 5 .
1079 2686 49 25 £23
1142 2690 26 20 14
1182 2690 26 21 10

683 2709 127 26 .Brokerage
829 2709 45 21 and
892 2716 139 17 commission
1043 2716 23 18 at

709 2733 125 27 spercent
1114 2742 54 21 13
1194 2744 14 20 8

742 2813 11 11 t
820 2815 22 9 o.
1079 2793 49 23 £24
1141 2796 26 21 18
1192 2797 15 21 6

741 2815 12 20 I
764 2821 44 20 am,
820 2815 40 27 Sir,
878 2827 3 4 ■

871 2841 59 24 Your
940 2844 99 23 obedient
1048 2846 103 23 Servant.

1078 2873 31 23 X.

651 2911 136 26 Evidence
818 2921 34 17 ok
882 2923 50 16 the
959 2924 114 20 present
1096 2920 83 25 State
1198 2930 31 17 of

685 2952 51 17 the
753 2946 110 25 Islands
875 2956 30 16 op
918 2949 66 24 New
998 2951 130 32 Zealand,
1141 2961 88 19 taken

683 2986 101 17 before
803 2988 17 17 a
840 2981 134 25 committe
988 2992 29 16 of
1030 2992 48 18 the
1092 2986 91 26 house
1196 2996 31 17 of

682 3011 96 31 Lords,
796 3014 83 25 April
896 3017 16 22 6t6
913 3033 8 13 t
940 3018 72 23 1838.

750 3045 26 26 C.
791 3046 116 33 Enderby,
918 3048 70 33 Esq.,
1000 3051 120 26 examined.

681 3083 38 23 Do
738 3092 53 22 you,
812 3086 26 23 in
853 3095 58 22 your
928 3088 60 30 firm,
1000 3089 64 25 make
1075 3098 42 17 use
1129 3092 25 24 of
1168 3093 58 25 New

646 3115 102 25 Zealand
759 3118 47 24 flax
813 3119 11 24 ?

680 3148 44 24 We
736 3149 28 24 do
773 3159 6 19 ;
793 3159 33 16 we
837 3153 74 30 prefer
920 3154 19 23 it
950 3159 23 19 to
986 3155 97 25 Russian
1095 3158 79 33 Hemp
1182 3159 6 25 !

681 3181 50 24 Can
754 3191 45 22 you
821 3190 39 25 get
878 3186 19 23 it
914 3188 68 23 much
1002 3189 92 32 cheaper
1111 3191 56 25 than
1184 3192 40 25 the

646 3213 103 25 Russian
762 3215 79 33 Hemp
850 3217 10 24 ?

662 3260 2 4 •
679 3246 25 24 It
725 3253 61 19 costs
806 3258 28 15 us
852 3250 44 24 less
916 3252 54 24 than
982 3253 37 25 the
1031 3254 101 27 Russian
1140 3258 81 33 Hemp

645 3279 53 24 does
706 3289 7 20 ;
738 3286 41 19 not
800 3290 41 24 per
859 3288 47 25 ton,
928 3285 42 25 but
986 3286 90 26 because
1098 3290 40 24 the
1158 3299 63 17 same

643 3312 80 32 length
733 3314 21 23 is
765 3315 97 31 lighter;
875 3318 17 23 it
903 3318 54 24 does
968 3324 40 20 not
1026 3321 79 32 weight
1116 3332 26 16 so
1153 3325 68 25 much

643 3352 40 24 per
691 3354 2 9 <
700 3351 40 19 ton
751 3356 7 21 ;
779 3349 19 23 it
817 3350 21 23 is
854 3358 62 16 more
935 3352 80 33 costly,
1033 3354 39 25 but
1082 3363 35 17 we
1128 3365 42 17 can
1180 3363 40 27 get

642 3379 36 23 for
688 3379 38 25 the
739 3388 62 17 same
813 3383 81 32 weight
904 3392 30 16 an
946 3386 111 26 increased
1074 3388 80 32 length
1174 3392 45 24 and

641 3419 30 16 an
681 3413 119 25 increased
811 3417 115 32 strength.'
973 3420 2 10 '
1012 3419 3 5 '

673 3445 55 30 Are,
740 3455 46 23 you
805 3457 72 17 aware
894 3451 100 26 whether
1010 3453 35 30 th,e
1062 3454 78 26 Yatch
1157 3457 60 25 Club

641 3478 126 26 have:used
777 3488 46 25 any
834 3483 26 23 of
873 3483 45 24 this
929 3485 79 33 Hemp
1017 3487 10 24 ?

674 3511 66 33 They
751 3513 66 27 have.
835 3535 3 7 ,
1033 3535 1 9 ,
1118 3536 2 7 ,

672 3544 40 24 Do
730 3553 45 24 you
791 3547 68 26 know
878 3549 108 26 whether,
992 3552 49 30 they
1059 3561 38 17 are
1115 3556 102 24 satisfied

639 3577 54 24 with
704 3579 39 24 it?
796 3595 3 4 .
822 3591 2 7 .
1045 3599 37 4 ...
1128 3591 3 5 ■
1180 3601 2 5 .

654 3633 3 5 .
672 3610 14 24 I
693 3611 89 26 believe
793 3618 48 20 not.
878 3634 2 6 ,
1066 3617 3 5 '

670 3643 39 25 Do
731 3652 47 29 you
793 3646 67 25 know
878 3648 100 27 whether
997 3652 22 24 it
1037 3660 44 17 was
1103 3654 112 29 prepared

636 3677 106 31 properly
750 3678 11 24 ?

669 3709 24 24 It
714 3718 49 17 was
780 3714 109 31 prepared
905 3716 73 27 under
995 3718 93 32 Captain
1108 3720 106 25 Harris's

636 3743 93 24 Patent.
773 3744 45 26 We
836 3747 89 25 worked
940 3749 95 33 Captain
1048 3751 106 26 Harris's
1165 3753 47 24 Pa-

635 3779 49 21 tent
692 3776 35 24 for
739 3784 62 17 some
811 3777 62 28 time.
914 3781 51 25 The
980 3780 84 28 Vernon
1073 3785 83 32 frigate
1167 3785 45 25 had

634 3815 63 21 spme
707 3811 160 27 manufactued
878 3821 30 17 on
920 3815 96 32 Captain
1027 3816 105 25 Harris's
1148 3819 64 31 prin-

633 3841 58 32 ciple
699 3850 7 21 ;
721 3850 33 16 we
765 3845 55 23 used
833 3846 18 23 it
863 3847 114 26 ourselves
986 3857 7 21 ;
1005 3856 20 16 w
1020 3871 6 12 t
1026 3854 9 19 e
1042 3857 59 17 were
1113 3850 39 24 the
1161 3851 51 24 first

632 3881 55 23 year
698 3876 126 33 extremely
832 3873 113 31 favorable
955 3884 25 20 to
988 3881 21 23 it
1016 3889 8 20 \
1022 3892 7 21 :
1038 3879 108 29 ithe-fibr*
1163 3890 58 19 «aa*

631 3907 131 33 iextrentely,
768 3909 61 31 soft,;
837 3911 50 24 and'
896 3911 48 25 the*
954 3906 92 40 cordage
1066 3914 81 25 softer.,
1154 3915 58 26 than

631 3938 97 34 cordage
749 3942 92 32 usually
858 3944 21 24 is
886 3952 8 20 ;
914 3944 42 26 but
967 3952 33 18 we
1011 3940 65 32 foam)
1088 3947 40 25 the
1139 3948 71 26 whole

593 54 97 45 gf)f
714 53 119 46 Xfto
859 58 204 45 gcflUmft
1302 58 91 51 aub
1417 71 300 47 waemnatcm
1741 73 253 45 fcmrtator.

129 139 46 25 Mr.
189 137 203 32 Lyoaiobservcdr
399 141 57 24 that<
467 143 63 24 there
543 151 50 16 -was
610 150 64 26 great

97 179 64 24 scope
176 171 37 23 for
224 171 132 32 reclaiming
375 172 37 25 the
429 174 54 24 land
492 176 27 32 Iq
530 176 38 24 the
579 177 60 24 front
650 179 27 22 of

97 205 36 25 the
142 203 115 32 buildings
276 204 68 31 along
356 205 37 24 the
405 206 71 25 whole
486 208 47 24 line
544 210 26 23 of
581 209 91 24 Thorn-

57 243 5 5 •
96 238 42 24 aoa
154 237 44 23 arid
217 233 126 41 Lamb'tpn;
354 238 75 32 Quayd
450 240 44 24 and
516 241 49 24 that
580 242 30 24 he
627 250 45 16 was

166 268 216 34 sure^mostofafy;,
392 272 136 25 individuals
545 274 50 23 who
612 275 59 24 lived

94 311 29 16 on
133 301 37 24 the
181 301 72 24 beach
263 303 74 24 would
349 303 82 33 gladly,
435 306 60 24 avail
505 307 136 24 themselves
648 308 26 24 of

93 336 37 23 the
140 342 74 23 power
225 339 23 19 to
260 335 60 24 lease
333 336 38 24 the
382 339 99 29 portions
499 340 101 31 opposite
612 340 59 24 their

93 367 121 31 respective
359 376 4 3 •
383 374 2 6 '

123 400 47 23 Mr.
189 402 65 23 Scott
274 402 98 30 opposed
384 402 44 33 the;
433 405 138 31 proposition
584 413 28 16 on
630 405 41 25 the

90 432 106 33 grounds,
209 435 48 22 that
276 434 38 24 the
335 435 155 31 Corporation,
509 438 120 31 according
646 443 22 20 to

39 461 5 19 '
90 467 34 23 his
135 466 56 24 view
203 468 26 22 of
237 466 38 24 the
286 475 59 21 case,
358 468 55 24 have
425 477 30 15 no
471 470 62 31 right
547 478 26 16 or
584 472 50 23 titte
645 476 23 19 to

29 515 6 13 ,
90 500 36 24 the
137 498 54 25 land
201 500 73 23 below
284 500 56 31 high
349 506 68 19 water
426 503 73 29 mark,
509 503 63 24 there
584 504 85 32 having

90 532 54 24 been
156 539 29 16 no
197 536 67 27 grant
272 530 66 27 from'
343 534 44 30 the,
393 534 90 25 Crown.
501 537 3 4 '

121 565 47 23 Mr.
182 565 94 24 Hunter
286 567 122 31 supported
416 567 39 24 the
465 569 57 23 view
532 569 74 24 which
618 570 47 25 Mr.

89 599 63 24 Scott
163 598 54 23 took
229 598 25 23 of
262 599 26 23 it.

119 632 47 23 Mr.
179 631 67 31 Lyon
265 632 89 31 begged
365 637 22 19 to
406 633 43 23 call
461 633 38 25 the
516 636 110 23 attention
643 637 26 22 of

87 664 36 25 the
136 663 95 24 Council
242 668 23 19 to
278 664 37 24 the
319 676 3 12 i
330 666 65 23 sixth'
403 667 86 23 section
500 667 26 23 of
536 667 37 24 the
585 668 79 24 Muni-

87 697 56 31 cipal
162 697 149 30 Corporation
328 691 150 36 Ordinances^
495 700 98 24 wherein
609 702 19 22 it
643 703 21 22 is

85 729 105 32 provided
190 743 34 3 —
250 730 62 23 Tbat
323 731 117 24 whenever
453 732 37 23 the
502 732 70 24 limits
585 734 23 23 of
620 742 44 23 any

85 762 99 31 borough
203 762 58 24 shall
278 764 83 23 extend
373 769 22 18 to
416 772 25 15 or
460 767 147 30 compromise
620 775 42 24 any

84 795 96 24 harbour
200 804 30 15 on
248 796 38 23 the
303 804 41 15 sea
360 797 74 29 shore,
446 805 26 16 or
489 806 44 24 any
545 800 117 31 navigable

83 829 65 28 river,
162 828 37 24 the
221 829 97 23 Council
338 827 57 25 shall
413 828 49 25 also
479 831 58 23 have
547 840 75 23 power
639 838 22 19 to

83 866 113 20 construct
208 862 43 24 and
261 863 109 23 maintain
382 863 37 23 all.
424 863 55 24 such
487 865 78 29 docks,
576 866 84 30 basins,

81 894 72 30 locks,
160 894 91 30 wharfs,
259 903 78 23 quays,
345 896 68 31 piers,
422 897 45 23 and
475 898 93 31 landing
577 899 82 31 places,

81 927 43 24 and
137 933 22 19 to
171 932 42 20 set-
217 929 44 23 and
273 933 60 19 erect
345 929 37 23 all'
388 929 57 24 such
464 930 78 32 buoys,
556 932 103 30 beacons,

80 960 139 30 landmarks,
232 962 45 23 and
293 962 150 31 lighthouses,
463 964 44 22 and
526 969 22 19 to
566 971 93 19 execute

80 993 29 24 all
121 994 56 23 such
189 994 64 24 other
271 995 75 23 works
359 995 44 24 and
414 996 28 23 do
455 997 30 22 all
504 997 57 24 such
572 1003 48 19 acts
634 1007 25 16 as

79 1034 51 23 may
140 1026 29 24 be
187 1027 94 24 deemed
299 1035 121 24 necessary
431 1028 35 25 for
478 1030 38 23 the
527 1037 98 25 purpose
636 1033 26 23 of

79 1059 122 32 rendering'
216 1059 38 24 the
273 1061 128 30 navigation
419 1061 90 25 thereof
526 1064 54 28 safe,
596 1072 61 24 easy,

79 1091 54 25 and*
149 1085 179 37 commodious.^*
343 1094 2 4 '
373 1094 55 23 And
445 1094 99 31 .further,
568 1096 31 31 by
620 1098 38 24 the

78 1125 92 24 seventh
187 1126 94 28 section,
282 1138 30 4 —
385 1126 21 24 is
425 1127 115 30 provided,
563 1129 37 23 for
620 1131 37 24 the

78 1166 93 24 purpose
183 1159 26 22 of
217 1159 108 31 enabling
336 1159 37 23 the
386 1159 95 24 Council
493 1165 24 18 to
529 1169 66 24 carry
609 1164 47 23 into

79 1191 63 24 effect
153 1190 38 24 the
203 1191 85 32 objects
307 1192 118 29 aforesaid,
445 1192 31 24 all
493 1193 65 25 lands
579 1196 76 24 within

78 1223 35 24 the
121 1224 71 23 limits
201 1225 26 23 of
234 1225 37 23 the
276 1224 113 32 borough',
398 1227 121 31 excepting
527 1227 56 24 such
590 1228 65 25 lands

77 1265 22 15 as
110 1256 56 24 have
178 1258 58 22 heen
247 1258 156 31 appropriated
412 1259 35 23 for
456 1259 81 24 Crown
545 1268 108 24 reserves,

78 1290 79 24 Native
170 1298 110 22 reserves,
300 1291 50 23 and-
361 1291 129 24 allotments
509 1293 50 24 sold
577 1303 25 14 or
618 1296 35 23 in-

77 1322 77 25 tended
166 1329 23 17 to
200 1323 28 24 be
235 1324 51 23 sold
293 1328 23 19 to
323 1325 86 30 private
416 1333 102 22 persons,
530 1327 43 23 and
582 1327 71 25 whidh

76 1356 53 24 have
140 1356 56 23 been
208 1357 94 23 marked
314 1358 145 31 accordingly
472 1359 25 23 in
509 1359 39 24 the
561 1360 58 25 Plan
631 1363 24 22 of

76 1389 35 24 the
130 1388 79 30 Town,
227 1390 80 30 signed
326 1390 31 31 by
368 1390 38 24 the
424 1392 127 31 Surveyor-
554 1394 98 25 General

76 1422 22 23 of
112 1421 37 24 the
170 1422 95 31 Colony,
285 1423 43 23 and
346 1424 116 31 deposited
479 1425 24 22 in
526 1427 33 22 his
579 1428 71 30 office,

76 1455 54 23 shall
140 1461 49 17 vest
201 1456 31 28 in,
246 1451 44 28 and
300 1456 92 24 become
405 1457 38 24 the
461 1465 106 25 property
579 1461 26 22 of
613 1461 37 23 the

76 1488 143 31 Corporation
231 1490 44 22 and
286 1489 59 23 their
355 1497 135 22 successors,
499 1493 151 32 immediately

23 1534 4 4 •
75 1528 25 16 on
112 1521 37 23 the
161 1522 132 30 completion
307 1522 24 23 of
340 1522 38 23 the
388 1523 50 24 first
595 1528 53 23 And

74 1554 118 24 contended
206 1555 89 28 that,4n
307 1556 39 22 his
356 1556 100 31 opinion,
469 1557 63 24 there
544 1560 66 23 could
623 1561 25 22 be

74 1594 26 16 no
111 1587 66 24 doubt
194 1588 26 23 of
236 1588 38 25 the
285 1588 67 32 right-
368 1589 24 23 of
408 1589 38 24 the
465 1590 148 32 Corporation
627 1598 21 19 to

74 1619 34 24 the
119 1620 51 24 land
180 1621 23 23 in
217 1622 112 30 question.

104 1653 45 23 For
159 1653 43 28 the.
208 1655 84 23 motion
293 1667 34 5 —
329 1646 48 33 lilr.
389 1655 75 32 Lyon,
478 1656 48 25 Mr.
537 1658 109 31 Johnson,

75 1686 39 23 and
125 1686 46 24 Mr.
184 1687 153 28 Eirzherbert,

102 1719 95 31 Against
209 1721 18 22 it
230 1733 30 5 —
261 1721 48 24 Mr.
324 1721 93 25 Hunter
428 1723 44 24 and
485 1723 48 25 Mr.
547 1725 72 25 Scott.

180 1759 65 31 Ayes
513 1765 16 22 3

23 1808 9 14 ,
180 1792 65 24 Noes
512 1798 18 22 2
568 1808 4 4 •

262 1859 113 32 Majority
513 1865 12 21 1

100 1895 130 33 Adjourned
241 1897 35 24 till
288 1898 120 31 Saturday,
419 1899 39 23 the
471 1900 57 24 10th
540 1902 25 22 of
573 1902 67 24 June.

23 1949 6 36 f
212 1965 106 16 NOTICES
326 1966 41 16 -OF
381 1966 112 17 -MOTION.-
542 1969 6 9 1

98 1995 44 24 Mr.
156 1997 68 29 Lyon
224 2009 32 4 —
257 1997 62 23 That
330 1999 38 22 the
387 1999 73 23 Town
475 2000 70 23 Clerk
556 2001 29 23 be
603 2002 35 23 in-

71 2028 90 22 structed
178 2034 24 16 to
218 2029 64 22 write
300 2034 22 18 to
330 2030 106 24 .Colonel
453 2032 136 30 .Wakefield,
605 2042 33 15 re-

69 2060 99 30 questing
173 2060 48 24 him
229 2067 21 17 to
258 2062 65 22 order
335 2062 37 24 the
380 2063 137 32 Company's
528 2066 113 30 Surveyor

67 2096 19 19 to
97 2093 62 23 mark
171 2098 39 18 out
222 2094 37 23 the
267 2095 136 24 boundaries
413 2096 25 23 of
448 2096 37 24 the
493 2098 72 23 Town
576 2099 60 29 Belt,

35 2144 9 5 -
66 2125 38 24 and
116 2130 22 19 to
149 2126 89 24 furnish
250 2126 37 24 the
302 2128 146 31 Corporation
462 2131 51 23 with
526 2140 13 14 a
551 2140 57 22 copy
619 2133 23 23 of

65 2158 33 24 the
109 2159 61 31 large
182 2161 113 23 corrected
308 2169 50 23 map
371 2162 26 25 of,
406 2162 39 23 the
458 2163 79 25 Town.

341 2197 20 14 *■

99 2218 27 19 To
138 2218 33 19 the
178 2217 79 21 Editor
266 2219 27 25 of
300 2220 95 20 thereto
405 2221 93 20 Zealand
507 2222 97 22 Colonist.

286 2251 142 30 Wellington,
440 2255 55 28 May
504 2258 35 25 30,
551 2258 59 21 1843.

87 2283 44 26 Sm,
133 2293 26 5 —
161 2283 11 22 I
182 2283 56 22 shall
247 2283 43 22 feel
297 2284 87 27 obliged
393 2285 30 28 by
431 2294 57 20 your
497 2288 108 28 inserting
613 2289 24 23 in

63 2316 50 20 your
131 2314 67 24 paper
213 2310 37 21 the
265 2310 114 28 following
395 2314 187 27 correspondence
600 2316 37 22 be-

63 2340 64 17 tween
143 2336 35 22 the
189 2336 54 22 New
257 2336 101 23 Zealand
375 2339 134 29 Company's
526 2342 110 29 Principal

62 2363 68 26 Agent
139 2363 44 22 and
192 2363 86 27 myself,
287 2364 24 21 in
319 2364 111 24 reference
441 2371 23 17 to
472 2375 14 14 a
496 2368 65 22 claim
571 2370 64 22 made

61 2389 27 27 by
98 2397 33 14 me
140 2390 33 21 for
182 2390 167 28 compensation
359 2392 35 22 for
407 2393 69 22 losses
489 2396 114 22 sustained
610 2398 23 21 in

62 2416 156 28 endeavouring
228 2422 22 16 to
259 2418 53 26 gain
322 2420 121 24 possession
453 2421 25 21 of
484 2421 54 23 land
548 2425 86 21 nomin-

60 2443 40 27 ally
109 2444 57 21 mine
177 2447 23 18 at
213 2444 136 28 Wanganui;;
360 2446 43 21 and
413 2453 45 20 am,

254 2470 109 28 Sir/your
372 2472 104 24 obedient
484 2479 95 25 servant,

337 2505 35 22 W.
387 2507 96 23 Alfred
497 2509 108 25 Wansey.

218 2559 71 28 (Copy
298 2560 77 22 Letter
384 2561 43 23 No.
439 2563 29 27 I.)

275 2594 140 29 Wellington,
424 2595 66 29 April
497 2599 35 26 20,
544 2600 60 22 1842.

81 2626 43 25 Sir,
125 2637 27 5 —
154 2626 31 23 As
194 2627 38 23 the
242 2628 56 23 New
312 2629 100 22 Zealand
422 2630 134 30 Company's
567 2632 62 24 Prin-

57 2652 50 27 cipal
118 2655 77 26 Agent,
208 2655 9 21 I
229 2655 92 22 address-
330 2657 83 27 myself
424 2660 22 18 to
462 2665 51 19 you,
530 2665 99 22 request-

55 2684 35 21 ing
98 2683 160 24 compensation
269 2683 33 21 for
317 2690 105 21 expenses
436 2684 104 23 incurred
553 2686 30 28 by
594 2694 35 15 me

33 2714 8 7 <•
55 2711 21 15 m
84 2706 159 30 endeavouring
252 2712 23 18 to
284 2709 74 22 obtain
370 2711 120 26 possession
497 2712 27 21 of
531 2719 37 21 my
575 2713 54 24 land

55 2733 43 21 Bold
105 2733 30 27 by
144 2733 35 23 the
190 2735 55 22 New
255 2736 101 22 Zealand
366 2738 121 27 Company.
518 2739 66 22 After
589 2740 38 23 the

55 2758 47 22 land
118 2758 41 24 had
175 2762 56 22 been
245 2763 74 27 given'
328 2767 40 18 out
382 2764 33 21 for
429 2764 105 23 selection
550 2766 30 28 by
591 2766 36 23 the

55 2785 122 29 Company's
187 2789 118 28 Surveyor,
316 2789 19 23 I,
337 2790 126 27 proceeded
471 2795 23 18 to
502 2791 125 29 Wanganui

54 2813 46 21 with
114 2813 58 23 three
187 2815 120 29 labouring
319 2823 60 20 men,
395 2817 37 21 for
445 2817 38 22 the
497 2825 96 21 purpose
605 2821 26 21 of

53 2838 92 29 building
155 2848 13 14 a
175 2841 69 23 house
253 2844 47 20 and
310 2843 98 28 clearing
417 2843 38 22 the
469 2844 61 28 land,
544 2853 39 21 my
591 2847 35 22 in-

52 2865 79 23 tention
140 2867 66 29 being
215 2872 24 18 to
248 2869 57 22 farm
314 2869 25 22 it.

76 2892 52 22 Soon
138 2895 54 22 after
201 2903 38 20 my
246 2897 87 27 arrival,
345 2897 44 22 and
396 2897 58 22 after
460 2897 37 23 the
504 2898 69 23 house
580 2907 44 16 was

53 2919 54 26 built,
122 2920 35 22 the
172 2923 86 21 natives
269 2931 63 14 came
341 2923 24 22 in
380 2927 63 24 great
459 2926 111 28 numbers,
586 2927 38 22 de-

51 2946 75 27 claring
135 2947 47 23 that
191 2949 38 22 the
239 2949 53 23 land
303 2958 44 14 was
361 2950 74 28 theirs,
453 2951 49 23 that
517 2952 53 28 they
579 2954 45 23 had

51 2975 60 18 never
119 2974 45 26 sojd
173 2983 26 14 or
207 2977 109 22 received-
323 2984 47 20 any
378 2979 164 26 compensation
552 2981 35 21 for
596 2981 25 22 it.

50 2999 38 20 and
97 2999 45 23 that
150 3001 52 28 they
210 3003 72 22 would
291 3004 125 22 tomahawk
422 3011 37 16 me
465 3005 19 22 if
493 3005 11 22 I
515 3007 106 26 persisted

50 3028 19 16 hi
83 3027 126 28 interfering
222 3029 93 22 with-it.
344 3030 12 22 I
372 3031 53 21 then
443 3032 66 21 made
524 3034 98 27 preposi-

51 3053 47 20 tions
106 3057 21 17 to
142 3057 115 24 purchase
265 3056 39 21 the
315 3056 62 27 land,
392 3057 121 28 according
528 3064 22 17 to
565 3068 57 20 your

50 3081 195 21 recommendation-
250 3081 66 23 when
325 3090 44 19 you
378 3090 56 15 were
451 3087 23 19 at
481 3085 136 29 Wanganui,

69 3105 50 22 That
128 3114 43 20 any
181 3114 107 20 expenses
295 3108 40 22 the
345 3109 86 23 settlers
445 3117 57 16 were
515 3116 40 23 put
563 3116 23 18 to
596 3114 30 21 in-

50 3132 103 27 obtaining
168 3133 58 22 their
241 3134 59 22 land-
311 3134 38 22 the
363 3135 115 29 Company
495 3138 75 22 would
585 3147 35 15 re-

132 3159 48 23 The
189 3160 87 22 natives
285 3161 94 22 refused-
383 3165 21 18 to
409 3163 41 21 sell
460 3163 36 22 the
505 3165 54 21 land
570 3172 49 20 say-

51 3186 30 23 ing
90 3184 48 29 they
145 3187 87 21 wanted
241 3191 28 18 to-
273 3187 43 23 live
323 3188 62 22 there
389 3189 139 24 themselves.
556 3192 63 28 They

51 3212 113 22 «terwards
177 3213 74 23 broke-
259 3214 48 22 into
321 3222 40 20 my
367 3215 78 28 house,
462 3217 44 21 and
523 3218 52 21 took
589 3219 30 22 all
625 3220 3 4 '

50 3237 41 26 they
99 3239 63 22 could
172 3239 38 28 lay
217 3240 58 22 their
283 3241 71 23 bands
364 3249 36 20 on,
412 3243 45 21 and
464 3243 62 23 these
533 3252 86 20 annoy-

50 3265 60 22 ances,
115 3267 120 28 compelled
245 3275 36 15 me
287 3271 22 19 to
318 3268 64 23 leave
389 3269 37 22 the
436 3269 70 28 place.
537 3271 80 29 Onmy

23 3291 2 35 [
160 3297 37 18 ten
211 3294 55 28 days
276 3302 48 20 ago,
340 3295 13 22 I
362 3296 71 22 found
448 3304 38 20 my
495 3297 70 23 house
580 3306 36 15 oc-

49 3318 65 23 cupied
123 3318 27 28 by
159 3319 37 23 the
207 3321 104 28 Maories,
321 3322 67 22 and'a
396 3323 44 28 pah
446 3323 104 29 building
556 3325 59 22 close

50 3347 28 19 °y«
102 3345 73 23 Under
192 3347 61 23 these
272 3348 177 29 circumstances,
470 3350 12 22 I
500 3354 56 19 trust
571 3359 46 20 you

49 3372 35 35 yu
92 3376 32 16 see
138 3373 49 22 that
196 3374 57 23 lam
262 3375 92 23 entitled
363 3379 24 19 to
400 3377 78 22 liberal
487 3385 129 16 remunera-

49 3398 35 36 tion
92 3398 31 21 for
131 3399 36 23 the
176 3407 107 21 expenses
292 3402 13 22 I
319 3402 57 22 have
386 3403 55 23 been
452 3407 28 24 at,
490 3405 26 21 in
532 3405 81 22 endea-

49 3425 21 34 J?
71 3427 12 15 U
100 3430 12 15 DB,D
114 3431 13 28 8,
136 3428 22 20 to
166 3427 77 23 obtain
255 3429 123 27 possession
387 3431 26 21 of
424 3431 54 22 land
486 3431 84 28 bought
585 3439 28 16 on

50 3452 29 16 •ne
86 3450 51 24 fauh
145 3453 25 21 of
182 3453 38 23 the
227 3454 58 23 Hew
301 3455 100 23 Zealand
410 3457 134 28 Company's
559 3462 52 23 pri*

49 3474 97 32 turn's;
158 3480 45 22 and
211 3488 44 19 am,

241 3507 42 28 Sir,
291 3514 58 22 your
357 3509 105 23 obedient
470 3515 90 19 servant
573 3516 10 10 '•
598 3519 5 7 '

69 3553 129 17 «„,„,.
212 3560 23 8 
315 3535 29 21 w
345 3551 7 6 -
366 3537 96 22 Alfkbd
606 3561 2 6 ,

69 3556 40 21 Col.
118 3557 125 27 Wakefield.
254 3577 3 9 ,
362 3580 6 3 .
418 3577 7 9 ..
487 3579 3 9 ,
543 3586 3 3 .
572 3579 1 9 ,

32 3591 11 13 %
138 3595 4 7 *
246 3598 2 8 i
279 3598 84 8 MWWMM

192 3615 70 33 (Copy
272 3616 79 23 Letter
363 3616 43 24 No.
416 3618 31 27 2.)

232 3655 3 13 ,
246 3642 143 29 Wellington,
399 3645 66 26 April
476 3647 35 26 22,
523 3648 59 21 1842.

46 3672 158 37 v««!Y~*^*?
222 3679 23 18 to
250 3676 168 29 -acknowledge
422 3679 9 11 13
436 3678 38 23 the
490 3680 83 28 receipt
587 3681 27 23 of

45 3697 46 42 ?eS»
93 3729 9 10 n
103 3694 15 45 L
112 3702 28 26 ?tt
141 3706 26 33 *r
168 3703 27 26 (<?t
211 3702 37 22 the
263 3702 54 23 20th
326 3730 6 5 .
332 3704 44 22 in8t
550 3714 60 16 com-

45 3727 100 20 pensation
155 3727 34 22 for
204 3735 105 26 expenses
325 3731 103 25 incurred
445 3732 28 27 by
483 3740 45 20 you
537 3733 23 23 in
571 3742 37 15 en-

44 3771 62 20 •oldH
106 3756 23 16 Ur
129 3759 22 32 J{!
152 3760 14 19 g
172 3780 21 11 xT
191 3761 12 14 0
218 3762 36 29 °?r
248 3756 46 22 tain
309 3763 29 21 P°
339 3764 33 15 sse
374 3757 57 23 ßsion
446 3759 26 21 of
485 3767 56 19 your
554 3760 54 24 land

44 3777 42 17 »ow
94 3777 26 25 by
128 3777 35 23 the
172 3780 55 23 New
236 3781 100 24 Zealand
346 3784 121 28 Company.

67 3805 19 15 «
90 3807 83 23 appears
179 3805 49 24 that
236 3815 45 20 you
287 3809 38 22 did
331 3817 25 15 so
362 3810 34 23 far
401 3811 75 23 obtain
483 3813 123 27 possession

43 3847 19 17 A
65 3834 21 30 J
136 3837 11 15 a
149 3838 14 26 ?
165 3834 14 20 d
346 3843 25 16 as
388 3840 24 19 to
426 3841 60 20 erect
504 3847 14 14 a
536 3840 71 23 house

43 3854 95 43 KM.;
164 3862 25 35 ¥
206 3859 54 38 *?*'
279 3859 163 33 ribtequently,
459 3865 37 22 the
514 3866 98 23 Native*

43 3876 205 59 °fc&a£
257 3889 125 53 as£?
389 3897 45 21 you
433 3907 15 11 -
456 3891 30 29 by
495 3892 62 30 **
565 3897 41 26 *

65 3933 146 29 Mttßofc«a
227 3938 38 24 the
276 3945 50 23 pwt
341 3943 29 22 «f-
382 3942 38 24 the
436 3944 122 30 Company,
568 3953 37 16 »c-

1296 157 36 39 |of
1345 157 38 24 the
1394 159 96 25 solution
1501 168 102 25 separate
1614 163 59 24 from
1683 164 38 24 the
1732 165 53 29 flax,
1802 167 45 23 and
1865 167 18 23 it

1304 196 45 16 was
1367 191 144 26 condemned.
1553 195 139 24 Afterwards
1709 205 32 16 we
1752 198 131 25 introduced

1358 222 42 25 but
1412 224 37 23 the
1459 226 115 31 prejudice
1586 235 43 16 was
1649 237 25 14 so
1693 233 81 28 strong
1794 233 89 29 against

1303 253 39 25 the
1351 255 55 30 flax,
1416 256 48 24 that
1475 259 17 22 it
1499 259 20 23 is
1527 267 13 15 a
1549 267 53 24 very
1608 261 95 24 difficult
1711 262 64 31 thing
1781 268 22 18 to
1809 265 72 23 intro-

1303 287 57 23 duce
1368 288 19 23 it
1398 290 64 30 again
1474 295 21 19 to
1505 293 84 29 parties
1600 293 49 23 who
1661 302 37 15 are
1710 302 26 16 so
1753 296 129 31 prejudiced

1302 320 91 30 against
1402 322 19 23 it
1429 331 6 20 ;
1454 322 41 24 but
1506 324 13 23 I
1531 324 81 25 should
1629 327 146 31 particularly
1786 329 95 31 impress

1301 359 61 24 upon
1373 361 57 23 your
1441 351 133 37 Lordships)
1588 358 47 23 that
1645 359 35 24 for
1698 360 71 24 whale
1770 363 4 4 1
1787 361 56 24 lines
1863 363 19 23 it

1292 384 29 40 jis
1339 386 153 33 considerably
1508 390 123 30 preferable
1649 397 22 18 to
1690 400 45 23 any
1753 393 71 30 other,
1836 396 44 23 and

1292 416 2 8 '
1301 416 65 25 those
1388 427 38 17 are
1444 426 58 19 most
1523 423 122 31 important
1664 426 24 22 in
1706 433 41 16 our
1758 426 73 25 trade.
1865 428 14 24 I

1300 451 75 29 prefer
1386 452 17 23 it
1412 461 30 15 on
1459 461 94 18 account
1572 456 26 24 of
1610 458 30 22 its
1659 459 105 30 strength
1784 459 45 24 and
1849 461 30 23 its

1300 482 112 33 pliability
1424 486 55 24 also.

1341 523 99 32 Captain
1447 526 31 25 R.
1490 527 56 24 Fitz
1553 528 60 32 Roy,
1624 529 32 24 R.
1661 529 41 31 A.,
1712 532 122 24 examined.

1332 560 68 25 Have
1422 571 44 22 you
1487 572 52 16 ever
1561 566 44 24 had
1626 576 31 16 an
1678 571 153 30 opportunity,
1850 579 26 16 as

1301 593 149 26 Commander
1461 597 24 23 of
1493 605 44 23 any
1549 598 25 24 of
1587 599 50 24 Her
1650 601 120 32 Majesty's
1782 604 93 28 vessels,

1299 633 24 15 or
1335 633 44 24 any
1391 635 52 16 man
1461 630 25 22 of
1506 638 47 16 war
1569 639 45 22 you
1631 633 57 24 have
1708 635 78 23 served
1804 637 31 28 in,
1853 637 26 22 of

1298 658 68 32 being
1382 661 51 23 able
1451 666 22 19 to
1492 665 112 22 ascertain
1622 665 37 24 the
1679 668 86 30 quality
1782 668 26 23 of
1821 676 54 25 rope

1297 691 64 24 made
1372 693 58 24 from
1443 694 55 25 New
1511 696 99 24 Zealand
1620 698 47 24 flax
1676 699 9 24 ?

1330 724 14 23 I
1354 724 56 26 have
1419 735 6 20 ;
1445 727 13 24 I
1480 727 55 25 have
1559 731 55 22 used
1630 731 20 23 it
1666 732 35 23 for
1723 732 64 25 three
1809 742 64 22 years

1297 759 156 31 successively.

1328 789 70 25 What
1409 793 20 22 is
1441 801 54 22 your
1507 795 90 30 opinion
1609 797 25 22 of
1647 797 19 22 it
1673 797 10 24 ?

1328 821 14 25 I
1353 823 66 25 think
1431 826 21 23 if
1464 827 19 22 it
1500 835 58 16 were
1577 830 104 31 properly
1701 831 171 26 manufactured

1295 856 17 23 it
1323 856 73 24 would
1408 858 68 24 make
1490 868 53 23 very
1556 863 57 29 good
1626 870 60 24 rope,
1699 863 40 24 but
1751 865 47 23 that
1811 865 62 25 there

1294 888 19 23 is
1325 896 61 16 some
1398 890 71 25 defect
1480 893 23 23 in
1515 894 38 23 the
1565 902 47 24 way
1622 896 22 23 in
1655 896 72 24 which
1739 898 17 22 it
1765 898 41 24 has
1816 899 56 24 been

1294 922 175 31 manufactured,
1492 926 35 23 for
1548 927 17 23 it
1582 927 82 25 breaks
1682 930 24 23 in
1725 931 38 23 the

1294 953 84 32 though
1388 956 19 23 it
1417 964 70 17 wean
1498 967 14 15 a
1523 967 54 24 very
1589 960 53 32 long
1653 962 54 24 time
1714 964 24 22 in
1750 972 13 14 a
1774 966 97 30 straight

1292 986 45 24 line
1344 995 6 21 ;
1364 988 40 24 but
1415 989 115 27 whenever
1542 993 18 23 it
1570 993 21 23 is
1602 994 126 33 frequently
1739 996 56 24 bent
1802 999 68 23 much

1292 1019 17 23 it
1320 1019 63 31 gives
1394 1028 50 25 way
1452 1032 7 20 ;
1476 1028 46 26 yet,
1542 1033 26 16 as
1589 1026 35 24 the
1636 1027 99 25 Narives
1751 1037 42 16 use
1804 1031 19 23 it
1833 1031 35 24 for

1292 1051 56 25 Nets
1360 1053 62 26 three
1434 1063 25 16 or
1469 1056 51 24 four
1530 1058 98 25 fathoms
1646 1060 64 32 deep,
1730 1063 45 23 and
1794 1071 74 17 some-

1291 1085 64 24 times
1367 1091 43 20 two
1422 1096 25 16 or
1458 1089 62 24 three
1531 1091 101 25 hundred
1639 1093 98 25 fathoms
1746 1096 24 23 in
1781 1096 87 31 length,

1290 1118 43 23 and
1350 1120 18 23 it
1379 1119 57 25 lasts
1448 1122 60 24 them
1519 1123 35 24 for
1563 1132 68 24 many
1641 1133 73 24 years,
1727 1127 63 25 there
1807 1135 61 19 must

1290 1151 76 32 surely
1375 1153 29 23 be
1422 1162 61 17 some
1500 1163 49 24 way
1565 1158 26 23 of
1614 1160 123 32 preparing
1756 1162 20 23 it
1795 1162 73 25 which

1288 1184 72 24 would
1379 1185 67 26 make
1462 1188 19 23 it
1500 1190 108 24 available
1628 1192 36 23 for
1682 1200 40 16 our
1734 1201 62 24 rope.
1843 1197 25 24 A

1289 1216 46 24 Net
1345 1219 65 23 made
1418 1220 25 23 in
1453 1221 48 24 that
1511 1230 49 24 way
1568 1224 22 22 is
1600 1223 55 33 kept
1666 1225 30 31 by
1708 1234 14 15 a
1739 1227 79 32 family
1837 1237 29 16 on

1288 1250 37 23 the
1343 1256 76 28 stump
1434 1254 25 23 of
1473 1263 13 15 a
1502 1260 56 25 tree,
1578 1264 29 16 en
1626 1266 14 15 a
1651 1258 57 25 little
1718 1260 72 24 frame
1802 1261 64 25 made

1287 1283 34 24 for
1332 1284 24 29 it,
1367 1286 44 23 and
1421 1286 45 24 last
1476 1288 59 24 them
1548 1290 36 23 for
1593 1298 68 24 many
1673 1300 74 22 years.

1320 1317 67 24 Have
1408 1327 46 22 you
1472 1320 70 25 found
1560 1322 49 24 that
1626 1324 39 23 the
1683 1333 54 24 rope
1752 1326 113 26 increases

1287 1350 66 24 much
1364 1352 23 23 in
1400 1353 54 28 size,
1466 1354 43 24 and
1520 1355 101 25 becomes
1632 1364 54 24 very
1698 1359 51 23 stiff
1755 1359 10 24 ?

1294 1397 3 14 :
1318 1382 46 31 No,
1376 1385 14 23 I
1402 1385 56 24 have
1469 1392 40 19 not
1526 1388 70 24 found
1615 1389 49 24 that
1682 1391 66 24 effect
1756 1400 6 21 ;
1787 1392 42 24 but
1846 1394 18 23 it

1286 1415 52 24 does
1360 1422 40 18 not
1422 1420 61 22 work
1502 1428 30 23 up
1551 1422 137 31 afterwards,
1706 1425 49 23 into
1773 1426 91 24 smaller

1285 1456 61 24 rope,
1356 1451 37 23 ior
1403 1452 100 25 instance
1514 1463 6 19 ;
1539 1454 19 23 it
1577 1455 20 23 is
1615 1461 40 19 not
1672 1457 52 29 soft,
1737 1466 42 16 nor
1790 1459 45 23 will
1845 1461 18 23 it

1285 1482 80 25 absorb
1374 1489 75 25 water,
1461 1486 47 24 like
1520 1487 78 32 Hemp
1608 1497 6 20 ;
1628 1497 44 23 you
1695 1496 82 19 cannot
1796 1493 66 24 make

1284 1515 59 24 what
1354 1517 80 24 sailors
1445 1519 41 23 call
1497 1521 72 23 swabs
1581 1521 49 31 (the
1648 1522 62 32 large
1726 1531 55 24 rope
1798 1533 64 24 mops

1284 1548 33 23 for
1328 1549 104 32 cleaning
1443 1551 37 24 the
1488 1552 81 33 decks)
1578 1562 7 21 ;
1603 1555 48 27 but,
1668 1564 26 15 as
1714 1556 38 24 the
1767 1557 95 25 Natives

1283 1581 65 24 make
1360 1591 54 23 very
1424 1584 45 24 fine
1481 1586 94 32 cordage
1588 1587 24 24 of
1626 1588 31 24 all
1673 1588 76 31 kinds,
1769 1599 39 22 my
1818 1592 43 22 im-

1281 1616 101 30 pression
1394 1618 28 28 is,
1433 1618 47 23 that
1490 1618 63 24 there
1568 1621 21 22 is
1606 1629 62 16 some
1688 1622 74 24 defect
1779 1625 24 22 in
1821 1632 40 16 our

1283 1655 47 24 way
1351 1649 26 23 of
1396 1651 181 33 manufacturing
1598 1654 32 24 it:
1649 1654 72 25 either
1739 1656 38 24 the
1797 1657 63 31 plant

1281 1681 20 23 is
1320 1687 38 18 cut
1377 1684 25 23 in
1419 1692 14 15 a
1450 1692 78 25 wrong
1546 1688 53 22 time
1615 1688 26 23 of
1656 1689 37 23 the
1713 1697 61 22 year,
1787 1691 73 24 which

1280 1714 38 24 the
1330 1714 82 26 Native
1424 1717 95 32 perhaps
1530 1719 58 24 have
1600 1726 39 18 not
1650 1721 47 24 told
1708 1730 35 21 us,
1761 1731 25 16 or
1802 1724 18 23 it
1838 1724 20 24 is

1280 1752 38 19 not
1330 1748 90 25 worked
1432 1757 29 24 up
1473 1752 49 23 well
1533 1753 140 25 afterwards.

1313 1781 73 25 Could
1397 1784 19 22 it
1428 1784 56 24 arise
1502 1785 58 24 from
1578 1787 29 22 its
1626 1787 69 31 being
1711 1788 90 31 packed
1819 1798 37 23 up,

1278 1814 43 23 and
1333 1814 93 32 heating
1437 1816 23 23 in
1471 1818 30 23 its
1512 1825 48 24 way
1572 1818 65 25 home
1647 1830 7 19 ;
1672 1821 73 24 would
1763 1822 50 24 that
1830 1823 28 24 be

1278 1846 70 32 likely
1359 1853 22 18 to
1394 1849 66 23 make
1471 1851 18 23 it
1500 1851 75 24 brittle
1584 1853 22 22 in
1618 1853 38 24 the
1668 1860 49 24 way
1733 1862 46 23 you
1799 1856 57 24 have

1278 1881 96 23 referred
1387 1886 22 19 to
1421 1883 19 22 it
1447 1883 10 24 ?

1309 1913 14 23 I
1335 1914 66 24 think
1413 1915 49 24 that
1469 1916 18 23 it
1497 1917 21 23 is
1529 1925 55 23 very
1594 1919 98 30 possible
1701 1920 19 23 it
1737 1928 52 24 may
1809 1922 47 24 lose

1276 1953 61 18 some
1348 1948 121 30 particular
1481 1950 93 30 quality.

1330 2015 205 26 COLONIAL
1565 2018 230 27 EXTRACTS.
