3330 4340
663 3593 122 18 VISITORS'
800 3592 62 18 LIST.

684 3640 73 17 Grand
766 3640 77 17 Hotel.

570 3672 106 18 Mosdames
682 3672 43 20 Lee,
734 3672 67 19 Bruce,
809 3670 99 23 Adelaide;
919 3670 49 23 Spen-

546 3702 36 14 cer,
600 3695 72 23 Napier
685 3695 49 17 H.B.
744 3693 4 25 ;
762 3694 103 22 Annitage,
877 3693 101 23 England;

546 3719 76 23 Wright
646 3718 38 17 and
709 3717 56 20 maid,
791 3716 100 23 England;
916 3716 62 21 Rudd,

546 3743 71 21 Ceylon
625 3739 4 25 ;
651 3741 109 22 Shiimpton
774 3740 38 17 and
825 3740 55 19 maid,
897 3739 83 18 Hawkcs

546 3766 41 21 Bay
603 3763 3 24 ;
647 3765 67 22 Logan
721 3773 8 4 -
735 3763 103 22 Campbell,
873 3763 105 17 Auckland.

546 3789 67 16 Misses
625 3787 147 21 Edenborough,
790 3786 108 20 Duearrow,
913 3786 65 20 Block,

546 3811 90 21 England
645 3807 3 25 ;
667 3810 62 21 Rudd,
740 3807 70 25 Ceylort
819 3807 4 25 ;
837 3808 82 23 Roauey,
929 3809 38 17 Ade-

546 3834 54 18 laide.
626 3834 54 17 Hons
692 3833 48 17 Sims
754 3832 37 18 and
803 3832 70 21 Colley,
887 3832 91 21 Ms.L.C,

546 3857 60 17 South
616 3855 106 21 Australia;
736 3855 69 18 Messrs
814 3855 103 21 Armitage,
927 3855 39 17 Lon-

546 3880 37 17 don
591 3878 4 22 ;
609 3879 96 18 Goddard,
715 3879 129 21 Livingstone,
854 3878 113 17 Melbourne
974 3878 4 22 ;

546 3903 136 22 McLauglilin,
692 3902 86 22 Sydney;
792 3901 18 17 J.
820 3901 22 17 R.
851 3900 78 18 Fairfax
942 3897 38 21 and

547 3926 23 17 E.
579 3926 29 17 W.
618 3926 83 20 Fairfax,
712 3925 75 22 Sydney
797 3923 90 23 Morning
894 3923 84 24 Herald;

546 3949 104 19 Robinson,
668 3949 59 19 Benn,
746 3947 87 21 Galatea;
859 3947 119 20 Woodward,

546 3972 136 20 Toowoomba;
707 3971 111 21 Davenport
837 3970 103 22 Liiughton
959 3970 19 17 J.

547 3995 23 17 G.
591 3995 90 19 Addison,
697 3994 100 17 Adelaide:
818 3993 21 17 F.
857 3993 21 17 P.
899 3993 79 20 Winter,

546 4018 110 20 Auckland;
670 4017 82 22 Wright,
762 4017 71 16 Martin
843 4015 32 24 (2),
890 4016 88 20 Rolland,

546 4039 101 25 England;
665 4040 64 20 Halse,
744 4039 68 20 Visser,
830 4039 50 22 Cape
896 4039 82 22 Colony;

546 4064 68 20 Gould,
641 4062 144 22 Christchurch;
810 4062 57 21 West,
892 4062 86 21 Dunbar,

547 4086 109 21 Auckland;
677 4085 63 21 Rudd,
758 4085 80 22 Ceylon;
862 4085 116 22 Shrimpton,

546 4110 84 16 Hawkes
649 4108 53 23 Bay;
727 4109 100 19 Thomson,
848 4108 130 21 Queensland;

547 4132 109 21 McKenzio,
666 4132 75 22 Taylor,
750 4132 29 17 W.
793 4132 105 20 Australia;
916 4132 64 16 Baron

548 4154 21 18 C.
578 4161 37 11 von
625 4154 68 21 Swain,
703 4155 101 21 Germany.

1060 143 88 18 Brent's
1161 143 111 17 Bathgate
1284 143 78 17 House.

1017 175 107 18 Mesdames
1133 174 92 17 Franklin
1233 174 84 23 Sydney;
1331 173 98 21 Williams,

994 200 25 16 Te
1028 201 60 23 Autej
1110 197 71 20 Walsh,
1197 197 76 22 Sydney
1281 196 3 28 ;
1299 197 71 19 Cadell,
1379 196 40 18 Hill-

994 223 54 16 stone
1053 228 5 14 ;
1072 221 78 17 Uobson
1160 220 37 17 and
1206 220 56 20 maid,
1270 220 91 22 England
1368 219 4 23 ;
1380 219 37 18 Mel-

994 245 50 20 ville,
1052 245 25 17 Te
1087 244 101 17 Awamufu
1195 243 4 22 ;
1213 243 72 20 Danks,
1302 243 115 22 Wellington
1425 243 4 22 ;

994 268 64 17 James
1064 268 62 19 Shaw,
1140 266 122 22 Coolgardie;
1278 266 93 20 Clinnick,
1385 266 33 16 Vic-

994 292 49 16 toria
1049 289 4 22 ;
1076 290 83 20 Haslctt,
1179 290 50 21 Hay,
1252 289 111 22 Auckland;
1383 289 35 17 Wil-

994 314 60 20 liams,
1082 314 25 16 Te
1131 312 60 22 Aute;
1219 312 88 20 Manson,
1330 312 99 21 Feilding;

995 337 54 20 Kerr,
1060 337 76 21 Bridge,
1153 335 86 23 Sydney;
1261 336 68 17 Smart.
1345 336 72 16 Palmer-

994 361 43 16 ston
1046 360 69 17 North.
1140 359 66 17 Misses
1213 358 71 19 Danks,
1297 358 85 18 McLean
1396 357 32 23 ('2).

994 383 117 22 Wellington
1119 381 4 24 ;
1133 382 45 22 Hay
1190 382 32 23 (2),
1231 381 99 17 Auckland
1340 381 4 24 ;
1366 381 62 19 Shaw,

994 405 118 23 Coolgardie.
1131 405 94 23 Drßarry
1229 404 23 19 T.
1259 405 80 18 Russell,
1350 404 78 18 Dubli-i.

994 427 87 23 Ireland;
1096 429 45 16 Bev.
1161 428 54 17 Dean
1234 428 89 22 Slattery,
1342 427 85 23 Sydney:

994 452 47 17 Ven.
1060 452 122 17 Archdeacon
1206 451 99 19 Williams,
1327 451 25 17 Te
1368 451 59 19 Auto:

995 475 52 17 Most
1051 475 46 17 Rev.
1105 474 118 22 Archbishop
1229 474 101 20 Redwood,
1335 473 82 21 Welling-

994 499 43 19 ton;
1052 498 60 21 Right
1123 498 45 17 Rev.
1176 497 71 22 Bishop
1260 497 79 18 Grimes,
1355 497 63 17 Christ-

994 521 80 20 church;
1096 522 46 16 Rev.
1164 520 70 17 Father
1257 520 60 22 Hays,
1341 520 86 22 Sydney;

994 544 69 18 Messrs
1081 544 85 18 Manson,
1185 543 88 21 Feildintj
1282 543 4 21 ;
1301 544 65 16 Tiffeu.
1377 543 50 16 H.B.

994 567 99 18 Boulston,
1112 567 113 20 Pukekohe;
1247 567 91 17 AVallnut,
1353 565 63 18 Hamil-

994 593 44 18 ton;
1053 590 77 22 Bridge,
1156 590 86 22 Sydney;
1257 590 68 19 Smart,
1344 589 72 17 Palmor-

994 614 41 17 ston
1043 613 62 18 North
1112 611 4 22 ;
1126 613 89 20 Jackson,
1224 613 89 19 Hannon,
1321 611 104 22 Aucklnad;

994 637 83 19 H-.slett,
1096 637 100 17 Auckland
1205 643 5 13 ;
1228 636 22 18 L.
1264 636 73 18 Derlot,
1357 635 65 18 Perth.

994 660 62 20 W.A.;
1067 659 56 18 Shaw
1129 659 27 23 (2)
1161 659 120 23 Coolgardie;
1292 658 79 21 Abbott;
1378 663 49 15 sear,

994 683 96 18 Franklin,
1109 683 78 19 Abbott,
1201 682 78 19 Arnold,
1300 681 65 18 Webb.
1380 680 36 22 Syd-

993 711 37 17 ney
1039 703 4 25 ;
1071 706 91 19 McLean,
1180 705 132 20 Queensland;
1335 705 54 16 C'lin..
1393 703 4 25 :
1399 703 28 18 ek.

993 729 90 18 Victoria.
1101 729 32 17 Mr
1144 729 38 17 and
1197 729 47 17 Miss
1261 728 60 20 Price,
1339 727 90 18 Huwks's

993 753 47 22 Bay.

1091 807 59 18 Lake
1166 807 71 16 House
1250 806 76 17 Hotel.

1016 839 47 17 Miss
1080 838 95 23 Dampier.
1208 837 64 22 Judge
1292 837 45 18 Gill,
1358 836 70 16 Messrs

994 862 69 20 Fidler,
1074 862 83 18 Daniels,
1168 861 81 19 Hunter,
1267 859 78 19 Wilson,
1363 858 64 19 Boult,

992 885 71 21 James,
1069 885 110 21 Snodgrass,
1185 884 77 19 Martin,
1270 882 93 22 Gatenby,
1370 882 59 17 Jones

992 908 101 19 Morrison,
1104 907 86 23 Sharper,
1201 906 113 18 Grecnslade
1323 905 27 23 (2)
1359 905 68 20 Smith,

994 931 70 22 Colley,
1091 930 110 19 MeMastcr,
1225 929 98 19 Williams,
1351 928 76 18 Adams,

1062 953 99 18 Marshall,
1180 953 72 19 Harris,
1270 952 71 20 Alrich,
1359 952 68 17 Smith,

992 978 49 17 McL
1053 977 73 23 nghlin,
1157 976 65 20 Eadie,
1247 976 65 19 Moon,
1335 974 62 18 Allert
1408 980 19 12 n.

993 1002 72 20 Angus,
1083 1000 64 18 Fuller
1171 1000 80 16 Concert
1267 999 33 17 Co.
1319 997 26 24 (8)
1362 998 67 16 Misses

993 1023 118 21 Grecnslade,
1121 1023 40 17 Mrs
1170 1023 70 21 Lyons.

1126 1070 45 16 The
1182 1069 111 17 Langham.

1016 1101 107 17 Mesdames
1131 1099 91 21 Howard,
1232 1100 68 21 Athey,
1312 1099 47 18 New
1368 1099 59 17 South

992 1124 71 19 Wales;
1078 1124 67 17 Misses
1154 1123 109 20 Buchanan,
1281 1122 87 21 Parholl;
1384 1122 33 17 Pal-

993 1153 44 14 mer,
1055 1147 102 19 Brisbane;
1179 1146 81 20 Pjurne,
1286 1145 141 19 Christchurch.

992 1171 63 21 Judge
1065 1171 77 18 Wilson,
1152 1170 69 16 Messrs
1226 1169 108 18 Tarawhiti,
1345 1169 82 21 Huntly,

994 1193 68 23 Athey,
1074 1193 89 20 Howard,
1174 1193 83 20 N.S.W.,
1267 1192 90 21 Laidlaw,
1366 1192 49 17 Rouk-

994 1216 91 23 hamptpn
1094 1214 4 25 ;
1120 1217 88 18 Flowers,
1225 1214 112 25 Tauranga;
1360 1214 66 23 Inglis,

994 1240 65 18 Devon
1060 1240 55 22 port;
1150 1239 122 22 Micklojohn,
1303 1238 122 23 Coolgardie;

992 1264 70 19 Tinibs,
1072 1263 100 23 England;
1187 1262 97 20 Hawkins,
1295 1261 97 18 Ok<_roire.

1126 1326 84 17 Mokoia
1222 1326 64 16 View.

1016 1359 40 16 Mrs
1065 1358 68 22 Tyson,
1149 1357 93 17 Waikato.
1273 1357 70 17 Messrs
1357 1357 69 19 North,

993 1381 67 19 Smith,
1083 1380 96 20 Caldwell,
1206 1379 87 23 Sydney;
1324 1379 102 23 Copeland,

994 1404 111 17 Melbourne
1112 1402 4 23 ;
1131 1404 52 19 Parr,
1194 1402 128 23 Canterbury;
1337 1402 91 19 Marshell

993 1427 87 19 Costello,
1091 1426 115 20 Hammond,
1221 1426 99 17 Auckland
1328 1426 4 20 ;
1351 1426 75 20 Brown,

992 1451 64 19 Gault,
1067 1450 101 21 Gisborne;
1183 1450 56 21 Grey,
1252 1450 92 21 Thames;
1358 1450 68 21 Tyson,

993 1472 98 21 Waikato;
1122 1473 32 20 Do'
1154 1473 76 20 Castro,
1256 1472 101 21 Dunedin;
1379 1472 47 21 8011,

993 1497 105 17 Auckland.

993 1711 56 17 THE
1068 1711 56 17 HOT
1143 1711 94 17 LAKES
1256 1711 168 17 CHRONICLE

993 1727 431 1 AND

993 1727 216 1 Tourists'
1233 1727 191 1 Journal.

993 1727 154 1 WEDNESDAY,
1162 1727 124 1 FEBRUARY
1301 1727 31 1 5,
1347 1727 77 1 1896.

996 1788 126 19 Disastrous
1134 1787 44 17 fires
1196 1785 95 20 attended
1311 1785 25 26 by
1352 1786 39 18 loss
1407 1786 20 19 of

995 1814 33 19 lifu
1055 1813 51 19 have
1131 1811 132 26 successively
1286 1812 96 18 occurred
1407 1816 20 14 at

995 1840 94 21 llawvni,
1101 1838 139 22 (Joroinuudol,
1258 1837 112 24 Longburn
1387 1839 39 17 ami

994 1865 142 21 Christehureb
1148 1865 39 17 and
1198 1865 16 17 it
1226 1871 39 11 was
1275 1868 34 14 not
1320 1864 53 19 fated
1383 1864 44 19 that

995 1893 40 18 this
1045 1891 59 19 small
1119 1890 122 24 community
1259 1889 72 20 should
1349 1896 77 20 escape.

995 1920 25 17 80
1031 1917 110 26 peculiarly
1152 1915 121 26 harrowing,
1284 1918 98 21 lunvever,
1391 1922 35 14 are

995 1945 33 19 the
1040 1944 72 19 details
1122 1945 47 17 here
1180 1943 44 18 tliut
1235 1948 28 13 wo
1274 1942 40 18 feel
1324 1943 16 17 it
1350 1943 65 18 incum-

996 1971 48 19 bent,
1053 1976 25 13 on
1090 1976 24 12 us
1124 1971 20 16 to
1154 1969 52 18 raise
1216 1974 38 13 our
1263 1969 55 17 voice
1329 1969 19 17 in
1357 1971 71 21 strong

997 1999 74 20 protest
1081 1997 80 24 against
1173 1995 33 18 tlio
1216 1994 103 20 Condition
1328 1994 20 18 of
1357 1994 70 20 affairs

995 2023 65 19 under
1080 2021 64 19 which
1162 2021 47 18 such
1232 2027 12 12 a
1261 2020 127 26 catastrophe
1406 2027 22 12 as

995 2050 44 19 that
1063 2047 113 21 chronicled
1197 2047 20 18 in
1237 2046 85 19 another
1347 2046 80 19 column

994 2075 59 19 could
1065 2075 50 18 arise
1151 2073 20 18 It
1181 2073 37 18 has
1229 2073 50 18 beeu
1293 2073 59 18 made
1371 2072 56 26 quite

995 2101 80 19 evident
1086 2101 45 18 that
1149 2099 34 20 the
1199 2099 63 18 house
1275 2099 21 19 in
1314 2099 64 18 which
1394 2099 33 18 the,

995 2129 35 18 hre
1040 2126 95 20 occurred
1151 2132 40 12 was
1209 2125 73 25 totally
1301 2125 127 25 unprovided

996 2153 47 21 with
1056 2160 38 17 any
1106 2152 85 19 efficient
1202 2157 70 13 means
1282 2150 21 20 of
1319 2157 71 19 escape
1407 2151 20 19 in

995 2179 49 20 such
1060 2186 25 13 an
1102 2183 125 19 emergency.
1263 2177 44 18 The
1326 2177 100 25 stairway,

995 2207 34 18 the
1041 2206 46 19 only
1098 2211 69 12 means
1175 2204 20 17 of
1202 2203 169 18 communication
1380 2204 47 18 with

996 2232 34 20 the
1041 2237 61 20 uppei
1114 2230 55 22 floor,
1181 2235 40 12 was
1232 2236 20 11 so
1265 2235 77 13 narrow
1358 2229 45 19 that
1413 2230 16 18 it

996 2258 72 25 simply
1081 2256 56 19 acted
1147 2263 22 11 as
1180 2262 11 12 a
1201 2255 70 19 funnel
1283 2261 26 19 up
1319 2256 64 17 which
1392 2256 35 18 the

995 2285 70 18 flames
1089 2281 92 20 careered
1208 2281 48 19 with
1282 2287 26 13 an
1331 2281 97 20 intensity

997 2310 63 19 which
1072 2313 33 15 cut
1115 2308 28 19 off
1153 2308 26 18 all
1190 2307 74 19 chance
1282 2308 21 18 of
1319 2314 69 19 escapo
1408 2314 20 12 in

997 2337 45 19 that
1051 2335 70 20 directi
1136 2341 25 16 n;
1175 2334 34 18 the
1218 2333 62 19 lower
1286 2333 71 19 halves
1364 2334 21 18 of
1392 2334 36 19 the

997 2362 95 19 windows
1107 2367 50 14 were
1173 2359 127 26 unprovided
1316 2360 47 18 with
1382 2361 45 18 sa-h

997 2388 86 26 weights
1093 2388 38 18 and
1145 2386 84 19 difficult
1244 2389 21 15 to
1281 2392 58 18 open,
1358 2387 39 18 and
1417 2393 12 12 a

997 2415 75 22 ladder,
1084 2413 63 19 which
1167 2413 34 18 the
1221 2412 113 25 proprietor
1353 2413 22 17 of
1392 2413 35 19 the

997 2442 63 18 house
1069 2443 64 16 states
1143 2444 40 13 was
1193 2437 49 26 kept
1252 2438 20 18 in
1286 2438 103 18 readiness
1408 2439 21 18 in

996 2474 45 12 case
1051 2467 21 19 of
1082 2467 42 21 fire,
1134 2472 40 11 was
1184 2467 35 16 not
1228 2468 20 14 to
1259 2464 25 18 be
1295 2464 88 20 fouudat
1394 2465 33 18 the

997 2493 46 24 only
1054 2496 88 16 moment
1153 2491 44 18 that
1207 2490 16 18 it
1233 2490 66 19 would
1310 2490 51 18 have
1378 2493 50 16 heen

997 2521 21 17 of
1028 2520 80 18 service.
1138 2517 42 19 The
1192 2517 62 17 honso
1267 2522 41 12 was
1324 2517 20 18 in
1362 2516 40 20 fact
1418 2523 11 12 a

998 2547 74 20 perfect
1084 2544 59 19 death
1155 2548 45 19 trap
1213 2542 40 19 and
1261 2541 64 19 under
1335 2549 49 12 ev.-n
1395 2543 34 18 the

997 2576 52 15 most
1059 2571 93 23 ordinary
1171 2571 75 23 system
1261 2569 21 18 of
1302 2569 126 25 supeivision

998 2598 64 19 would
1088 2603 61 13 never
1165 2596 51 18 have
1235 2594 51 19 been
1306 2591 85 23 allowed
1409 2598 20 16 to

997 2631 51 19 open
1059 2624 26 19 its
1093 2623 59 18 doors
1161 2627 23 13 as
1193 2627 12 12 a
1215 2620 56 26 place
1281 2620 22 19 of
1318 2627 99 13 accouimo-

997 2651 68 19 datiou
1078 2650 30 18 for
1125 2648 34 19 the
1177 2647 83 26 general
1276 2647 76 24 public.
1391 2647 38 20 We

997 2679 52 18 have
1059 2682 25 12 no
1096 2675 48 19 wish
1161 2677 19 16 to
1195 2673 60 24 decry
1272 2674 34 17 the
1321 2673 69 19 efforts
1409 2674 21 18 of

997 2704 35 20 the
1042 2702 61 19 Town
1115 2700 66 19 Board
1191 2701 20 16 to
1227 2705 85 19 procure
1328 2706 12 11 a
1357 2705 73 19 proper

997 2733 75 16 system
1082 2729 21 18 of
1113 2725 124 27 supervision
1249 2726 32 17 for
1291 2725 49 18 such
1354 2726 73 18 houses

997 2756 38 18 and
1047 2754 77 19 believe
1135 2753 44 18 that
1189 2752 15 18 it
1217 2758 39 12 was
1264 2751 53 24 fully
1333 2750 97 26 provided

997 2783 31 18 for
1038 2781 20 18 in
1069 2780 35 19 the
1115 2780 38 23 bye
1163 2779 55 22 laws,
1235 2778 35 18 the
1287 2778 104 24 gazetting
1408 2779 21 16 of

998 2807 63 20 which
1078 2806 36 19 has
1134 2805 49 18 been
1200 2804 129 24 persistently
1348 2803 81 19 refused

997 2835 26 23 by
1034 2833 35 19 the-
1085 2832 143 19 Government.
1262 2829 50 19 This
1330 2829 63 26 being
1409 2836 21 12 so

998 2861 34 18 the
1042 2859 136 20 Government
1188 2863 34 12 are
1231 2856 104 24 indirectly
1347 2862 72 18 respon-

997 2886 52 19 sible
1059 2885 31 18 for
1097 2884 34 18 the
1138 2882 60 19 death
1207 2882 21 19 of
1237 2881 77 20 Farrell
1322 2882 40 18 and
1371 2882 57 23 Koss,

998 2912 39 19 and
1048 2912 31 18 h-r
1088 2910 33 19 the
1132 2908 109 25 sufferings
1251 2908 21 18 of
1280 2908 34 18 the
1321 2909 57 17 other
1387 2908 31 19 vic-

998 2940 53 17 tims.
1079 2936 21 19 If
1119 2936 25 23 by
1164 2941 54 12 some
1240 2934 130 24 technicality
1396 2935 34 17 the

999 2964 98 24 bye-Jaws
1106 2961 58 20 could
1175 2963 35 17 not
1219 2960 24 19 be
1253 2960 101 25 gazetted,
1360 2959 48 19 such
1420 2966 10 12 a

998 2990 49 20 code
1056 2988 21 20 of
1087 2986 126 26 regulations
1222 2985 73 21 should
1313 2986 51 18 have
1380 2986 50 18 been

997 3016 78 19 framed
1088 3015 20 19 h\
1124 3018 33 14 U>w
1168 3011 231 20 Governor-in-Council
1409 3018 21 12 as

999 3042 65 19 would
1081 3041 50 18 have
1147 3045 59 18 given
1228 3039 34 18 the
1282 3038 62 18 Town
1364 3038 67 19 Board

998 3074 74 19 proper
1081 3067 82 19 control.

1024 3118 27 18 In
1060 3114 137 25 commenting
1207 3121 25 12 on
1249 3114 42 18 this
1306 3117 73 15 matter
1397 3114 34 18 the

999 3142 106 21 Auckland
1130 3140 78 20 Herald
1232 3144 62 15 states
1318 3140 45 18 that
1406 3140 26 18 nil

999 3170 87 19 keeners
1097 3168 20 19 of
1127 3167 65 19 hotels
1205 3167 41 18 and
1262 3166 170 25 lodging-houses

999 3202 34 13 are
1156 3196 19 16 to
1195 3192 82 25 provide
1294 3193 134 24 fire-escapes,

1000 3222 37 19 but
1048 3219 119 28 apparently
1183 3219 42 18 this
1242 3219 18 18 is
1276 3220 36 16 not
1331 3217 99 20 enforced.

1001 3248 24 18 In
1044 3245 107 21 Auckland
1170 3245 42 19 this
1230 3247 74 16 mutter
1323 3244 18 18 is
1359 3243 72 19 looked

1000 3274 58 22 after,
1072 3273 36 18 but
1119 3272 15 18 it
1144 3271 66 19 would
1221 3277 76 18 appear
1307 3270 45 18 that
1360 3270 21 18 in
1399 3269 34 19 the

1000 3302 85 21 country
1096 3302 69 18 towns,
1183 3297 65 18 where
1268 3296 33 18 (ho
1320 3296 79 25 danger
1417 3295 17 19 is

1001 3325 100 21 infinitely
1112 3328 85 19 greater,
1211 3321 68 20 mentis
1289 3322 21 18 of
1320 3327 72 20 escape
1399 3328 34 13 are

1000 3355 35 15 not
1047 3350 112 22 furnished,
1171 3349 38 19 and
1222 3347 171 27 lodging-houses
1399 3354 35 14 8r«

1002 3377 84 19 allowed
1098 3376 22 20 of
1126 3375 48 19 such
1185 3374 134 21 construction
1331 3374 44 19 that
1392 3374 15 19 it
1416 3374 18 19 is

1002 3403 72 19 almost
1084 3401 116 26 impossible
1213 3405 19 14 to
1242 3406 33 19 get
1287 3405 35 14 out
1327 3400 23 19 of

1001 3429 44 19 Tho
1055 3427 79 20 Herald
1146 3427 75 21 thinks,
1253 3426 97 23 L'otorua,
1368 3426 21 18 of
1407 3426 26 18 all

1001 3455 118 21 townships,
1134 3453 72 18 should
1218 3454 50 17 have
1280 3453 50 18 been
1350 3452 82 19 secured

1002 3488 22 12 as
1032 3481 16 18 it
1057 3481 17 18 is
1085 3480 64 18 under
1159 3479 34 18 the
1204 3478 116 19 immediate
1329 3478 76 19 control
1414 3480 20 16 of

1002 3507 35 19 tho
1053 3506 142 21 Government,
1216 3505 45 18 'who
1280 3505 51 18 have
1351 3505 82 18 enacted

1002 3531 127 27 regulations
1152 3531 19 19 in
1197 3534 76 21 respect
1300 3535 20 13 to
1340 3537 12 11 a
1376 3536 58 19 great

1001 3559 79 22 variety
1102 3559 22 17 of
1141 3563 98 19 purposes
1258 3556 108 19 connected
1385 3556 49 18 with

1002 3584 52 26 good
1066 3584 64 23 order,
1142 3582 115 23 senitation,
1355 3582 49 19 This
1418 3582 17 19 is

1002 3611 94 18 however
1106 3609 79 25 exactly
1195 3608 55 20 what
1268 3615 28 12 we
1311 3610 74 23 charge
1401 3609 34 19 the

1002 3636 139 19 Government
1170 3635 50 19 with
1246 3634 96 25 omitting
1363 3639 20 14 to
1402 3634 32 20 do.

1002 3662 66 19 There
1078 3668 34 12 are
1130 3668 26 12 no
1173 3661 131 24 regulations,
1316 3661 79 18 outside
1413 3662 21 17 of

1002 3688 35 19 the
1047 3687 68 19 Police
1126 3687 92 19 Offences
1226 3687 46 18 Act.
1280 3687 21 17 in
1322 3687 73 24 regard
1415 3691 20 14 to

1002 3713 111 20 sanitation
1123 3720 22 11 or
1159 3719 39 18 any
1209 3713 58 18 other
1277 3715 73 16 matter
1365 3712 60 19 affect-

1002 3741 36 23 ing
1049 3739 35 19 tho
1094 3739 68 25 public
1172 3738 69 19 health
1251 3738 45 18 that
1308 3745 36 11 can
1359 3738 26 19 bo
1400 3745 24 12 en-

1002 3765 81 19 foroeda
1093 3765 67 24 gainst
1171 3770 83 19 nnj'oue,
1266 3764 41 18 and
1320 3764 34 18 the
1364 3770 71 13 sooner

1002 3791 42 19 this
1053 3793 52 17 state
1125 3793 21 16 of
1162 3790 70 19 affairs
1247 3790 18 18 is
1283 3789 104 19 remedied
1400 3790 35 18 the

1002 3818 72 19 better.

1028 3865 66 19 There
1105 3865 17 18 is
1132 3864 84 19 another
1229 3866 74 17 matter
1313 3864 77 25 arising
1400 3868 35 15 out

1002 3892 21 18 of
1034 3891 41 19 this
1086 3890 94 26 calamity
1190 3890 66 19 which
1265 3890 97 19 demands
1369 3893 55 16 atten-

1003 3918 49 18 tion.
1080 3916 43 19 Tho
1134 3923 46 12 man
1190 3916 52 19 Boss
1252 3916 45 19 who
1307 3922 36 13 ran
1353 3923 28 19 up
1400 3916 34 19 the

1002 3944 56 18 main
1075 3942 56 23 road,
1152 3942 33 19 his
1204 3942 75 19 clothes
1299 3942 75 23 ablaze,
1395 3942 39 19 and

1002 3969 108 24 shrieking
1120 3969 21 18 in
1150 3968 32 19 his
1199 3975 67 18 agony
1276 3968 32 18 till
1318 3968 25 18 he
1353 3968 36 20 fell
1399 3974 22 13 ex-

1002 3995 93 23 hausted,
1115 4000 40 13 was
1170 3994 72 25 picked
1252 4000 28 19 up
1299 3994 39 18 and
1359 3994 75 19 carried

1002 4022 42 18 into
1055 4020 35 20 the
1099 4020 56 19 hotel
1166 4020 52 19 close
1232 4021 33 24 by.
1289 4020 92 18 Another
1391 4021 33 18 suF-

1002 4048 54 18 ferer
1065 4046 43 19 also
1118 4046 86 19 claimed
1223 4045 85 20 medical
1327 4046 105 18 attention.

1000 4073 29 19 At
1039 4072 36 20 tho
1085 4073 81 24 inquest
1175 4072 16 19 it
1201 4078 41 13 was
1258 4071 72 25 stated,
1343 4078 24 12 on
1379 4072 56 25 oathj

1001 4099 45 19 that
1056 4098 30 19 Dr
1106 4098 84 19 Ginders
1209 4104 26 12 on
1253 4097 64 25 being
1334 4097 99 19 informed

1001 4125 45 19 that
1051 4123 118 20 Maunder's
1178 4123 62 19 house
1247 4123 39 19 had
1295 4123 52 19 been
1356 4123 78 19 burned

1001 4151 59 19 down
1072 4149 40 20 and
1120 4152 40 17 two
1167 4156 47 13 men
1221 4149 63 24 badly
1294 4149 88 24 injured,
1390 4149 44 24 (the

1454 149 125 19 messengers
1599 143 64 25 being
1681 143 96 25 ignorant
1790 148 23 12 as
1822 143 21 17 to
1853 142 35 19 the

1454 170 74 24 degree
1544 169 22 19 of
1584 169 88 25 danger)
1691 168 78 26 replied
1787 167 46 20 that

1453 195 66 19 would
1530 202 55 12 come
1594 201 29 19 up
1634 197 21 17 at
1674 194 114 26 daj'light."
1817 194 21 19 If
1847 194 41 19 this

1453 222 108 22 testimony
1572 220 25 20 be
1607 224 51 19 true,
1675 228 38 12 one
1724 221 18 19 is
1762 220 126 24 irrosisfably

1453 247 118 19 confronted
1585 247 47 19 with
1643 254 12 12 a
1676 248 78 24 picture
1773 248 22 17 of
1804 252 13 12 a
1834 246 43 19 haif-

1453 274 78 18 burned
1542 273 74 19 wreteli
1632 274 89 24 praying
1738 274 21 17 in
1778 272 32 19 his
1820 278 67 17 agony

1451 300 45 18 that
1506 305 25 12 nn
1542 300 38 17 end
1593 299 67 23 might
1673 301 24 16 be
1706 301 37 22 put
1754 301 20 16 to
1784 298 31 19 his
1825 299 52 18 exist-

1452 332 52 15 ence,
1517 324 40 19 and
1570 325 89 24 surgical
1679 325 35 18 aid
1732 324 105 20 withheld.
1866 324 20 20 It

1452 351 17 19 is
1479 355 35 15 not
1524 350 89 20 credible
1623 351 46 18 that
1683 357 41 18 any
1743 350 85 19 medical
1840 357 46 12 man

1451 384 24 11 on
1487 377 86 24 hearing
1583 377 21 18 of
1623 377 49 18 such
1694 383 13 12 a
1718 376 90 23 disaster,
1820 377 66 18 would

1451 403 26 18 do
1486 402 108 19 otherwise
1604 402 49 19 than
1664 402 72 19 hasten
1747 405 20 16 to
1778 402 66 19 where
1853 402 33 19 his

1451 428 86 19 services
1549 434 50 13 were
1609 429 101 24 required,
1723 428 38 19 and
1779 435 29 11 we
1819 428 67 20 refuse

1452 456 21 17 tn
1481 455 78 18 believe
1578 455 16 18 it
1613 455 21 17 of
1653 455 35 18 the
1707 454 89 19 resident
1815 453 69 21 doctor

1451 481 52 18 here.
1533 480 65 18 There
1616 482 54 17 must
1690 480 52 19 have
1762 480 51 18 been
1832 486 54 13 some

1451 506 148 20 niisumlerstan
1606 506 46 25 ling
1668 507 20 17 in
1700 507 34 17 the
1744 509 79 15 matter.

1597 533 12 11 -•;
1663 533 13 10 *
1729 535 12 9 *

1478 559 58 18 After
1547 558 52 18 Ross
1610 558 39 18 had
1662 558 50 18 been
1724 558 95 18 attended
1831 560 19 16 to
1859 558 26 18 he

1450 583 109 21 continued
1569 585 22 17 to
1599 584 28 19 lie
1636 584 20 19 in
1672 590 12 12 a
1705 583 68 25 public
1790 590 53 12 room
1864 584 22 19 of

1450 611 35 18 the
1495 610 99 19 hotel—it
1604 616 41 13 was
1654 610 65 19 stnted
1733 609 44 19 that
1789 609 24 18 he
1825 611 58 18 could

1450 640 33 15 not
1496 636 25 18 be
1542 636 97 19 admitted
1660 639 20 15 to
1700 636 35 18 the
1753 636 128 19 Sanatorium

1452 663 84 18 without
1544 669 10 11 a
1566 662 75 24 special
1652 662 60 18 order
1728 662 50 18 from
1791 660 29 21 Dr
1831 662 40 18 Mne-

1451 695 79 19 gregor.
1559 688 42 19 The
1611 695 56 12 room
1684 695 42 11 was
1743 688 141 24 continuously

1450 714 91 19 crowded
1554 714 26 22 by
1590 721 13 12 a
1613 721 72 11 swarm
1702 714 21 18 of
1733 713 151 25 sympathising

1451 740 78 18 natives
1538 740 38 19 and
1588 740 74 19 others,
1675 740 51 18 until
1741 740 15 17 R
1765 747 24 9 >ss
1803 740 81 19 himself

1451 766 18 18 in
1478 773 10 11 a
1496 769 89 16 moment
1594 766 21 19 of
1620 765 151 20 consciousness
1775 766 108 24 expressed

1451 792 33 17 the
1495 792 42 18 fear
1545 792 45 19 that
1600 792 49 24 they
1657 791 66 18 would
1731 791 36 19 fall
1775 798 48 11 over
1834 792 47 19 him.

1451 818 72 19 Under
1532 818 56 19 these
1598 818 154 18 circumstances
1759 817 35 19 the
1800 817 72 25 Inspec-

1451 844 128 19 tor-General
1587 844 21 18 of
1619 843 105 25 Hospitals
1731 850 40 12 was
1779 850 90 12 commun-

1451 870 63 18 icated
1527 870 47 18 with
1589 870 40 18 and
1643 870 34 18 t'no
1698 876 105 17 necessary
1823 870 59 18 order

1451 902 39 12 was
1501 898 22 16 at
1540 902 49 13 once
1608 895 120 19 forwarded.
1756 895 43 19 The

1450 923 74 17 torium
1543 922 18 18 is
1579 924 36 16 not
1635 923 34 17 the
1680 928 73 18 proper
1772 922 56 24 place
1851 923 32 17 for

1451 948 46 18 such
1509 954 62 14 eases,
1583 948 37 18 but
1639 949 21 17 in
1679 954 24 12 an
1723 954 120 19 emergency
1862 948 21 19 of

1450 974 41 18 this
1500 971 50 22 kind
1561 974 56 18 there
1631 973 72 19 should
1723 973 52 19 liavo
1795 974 51 19 been
1857 981 25 12 no

1451 1000 106 18 hesitation
1570 1001 20 18 in
1602 1000 110 24 admitting
1728 1000 22 18 it.

1477 1051 39 19 AVe
1545 1053 51 17 eonf.
1604 1059 20 11 ss
1656 1055 19 15 t<>
1703 1059 13 12 a
1744 1052 139 19 considerable

1451 1081 82 16 amount
1544 1078 21 18 of
1573 1079 109 22 ignorance
1693 1079 21 18 in
1724 1078 35 19 the
1780 1082 72 15 matter
1862 1079 21 18 of

1451 1107 12 8 ,;
1471 1104 105 19 (Towner's
1587 1105 64 24 'quest
1735 1104 35 18 but
1780 1110 27 13 we
1817 1104 34 19 fail
1862 1109 21 14 to

1450 1137 32 10 see.
1493 1131 45 18 that
1548 1130 57 20 there
1614 1137 40 12 was
1664 1137 40 17 any
1715 1130 51 23 good
1778 1130 39 19 and
1829 1131 46 18 sufli

1449 1156 54 20 cient
1511 1162 72 14 reason
1596 1156 31 19 for
1641 1157 101 24 hurrying
1757 1157 33 18 the
1801 1156 82 24 inquiry

1450 1189 24 12 on
1491 1183 18 18 in
1528 1183 34 18 the
1579 1188 84 14 manner
1679 1183 15 17 it,
1712 1189 45 12 was.
1794 1181 87 25 Enough

1450 1208 93 19 evidence
1553 1208 57 19 could
1624 1209 50 18 have
1684 1210 51 17 been
1747 1208 59 19 taken
1817 1211 19 16 to
1847 1208 24 19 ad-

1451 1235 35 18 mit
1496 1234 21 19 of
1528 1235 34 18 the
1573 1234 66 19 burial
1650 1234 59 19 order
1727 1234 62 24 lilting
1809 1234 72 23 issued,

1450 1260 39 19 and
1499 1260 35 19 the
1544 1264 39 15 rest
1596 1261 20 18 of
1627 1261 33 18 the
1671 1261 81 24 inquiry
1770 1260 111 24 adjourned

1450 1287 29 18 till
1493 1286 99 19 Maunder
1612 1293 40 12 was
1668 1287 21 18 fit
1700 1291 20 14 to
1741 1292 80 20 appear.
1850 1287 31 18 In>

1449 1313 56 18 stead
1517 1314 21 17 of
1547 1312 41 19 this
1603 1312 34 19 the
1657 1319 83 12 coroner
1756 1312 38 19 and
1806 1312 31 19 his
1852 1313 30 18 six

1449 1338 70 20 rather
1526 1338 90 20 stalwart
1630 1338 101 26 jurymen,
1752 1340 38 17 and
1803 1338 79 26 a-burly

1449 1364 110 20 constable,
1569 1366 21 18 to
1601 1371 35 18 say
1647 1365 87 24 no'hing
1745 1364 19 19 of
1775 1371 11 12 a
1806 1369 34 15 not
1851 1368 22 16 ut-

1450 1391 50 24 terly
1512 1391 136 20 insignificant
1670 1391 58 18 Press
1749 1394 95 22 reporter,
1855 1397 10 12 n
1876 1391 5 18 1

1449 1417 92 19 crowded
1553 1417 42 19 into
1611 1424 12 12 a
1639 1417 60 19 small
1719 1424 54 12 room
1785 1417 34 24 (10
1827 1424 13 12 x
1851 1417 30 21 \'2]

1450 1444 19 18 in
1481 1443 64 19 which
1558 1443 100 19 Maunder
1666 1443 40 19 and
1716 1443 30 18 his
1764 1443 46 18 wife
1820 1443 33 24 lay
1862 1443 20 19 in

1449 1469 44 22 bed,
1506 1469 39 19 and
1557 1469 105 24 subjected
1674 1470 56 18 them
1744 1472 19 15 to
1772 1476 24 12 an
1810 1476 56 12 exam-

1450 1496 76 18 ination
1538 1495 64 19 which
1613 1495 115 20 continued,
1750 1495 46 19 with
1808 1502 12 12 a
1830 1502 40 12 mer-

1449 1521 3 20 •
1461 1521 4 20 i
1470 1521 27 19 ful
1509 1521 63 19 break
1584 1521 60 19 while
1651 1521 35 19 the
1701 1521 79 20 doctors
1787 1521 95 20 attended

1450 1551 19 14 to
1481 1547 52 19 their
1552 1548 96 24 patients,
1669 1547 33 19 till
1716 1547 34 18 the
1770 1547 111 19 afternoon.

1449 1573 42 19 The
1502 1580 47 12 man
1565 1580 41 12 was
1623 1577 35 15 not
1676 1574 23 18 fit
1713 1577 19 14 to
1751 1573 90 25 undergo
1857 1580 25 12 nn

1450 1599 3 25 .
1462 1599 131 25 xaminatiou,
1614 1601 40 17 and
1673 1599 36 19 the
1735 1599 97 25 necessity
1852 1600 32 18 for

1450 1626 47 19 such
1509 1626 57 19 haste
1575 1632 41 13 was
1626 1629 36 16 not
1672 1625 59 20 made
1742 1628 103 23 apparent.

1595 1653 13 11 *
1663 1653 11 11 *
1728 1652 12 11 *

1476 1679 20 18 It
1506 1678 18 19 is
1535 1679 21 18 to
1565 1678 26 19 be
1601 1678 97 25 devoutly
1709 1678 64 25 hoped
1785 1678 44 19 that
1849 1681 34 16 the

1449 1704 53 20 rider
1513 1704 65 19 added
1589 1707 20 17 to
1623 1705 34 18 the
1669 1704 75 19 verdict,
1764 1704 39 18 will
1823 1704 61 25 bring

1450 1731 63 18 about
1523 1730 44 19 that
1577 1732 55 17 strict
1641 1730 125 26 supervision
1780 1730 21 19 of
1812 1731 58 18 board-

1450 1758 35 22 ing
1498 1756 74 19 houses
1583 1764 107 16 necessary
1707 1759 20 16 to
1738 1756 34 18 the
1787 1756 66 26 safety
1863 1758 21 17 of

1451 1784 32 17 the
1494 1782 110 25 travelling
1621 1783 74 24 public.
1724 1782 66 19 There
1810 1789 33 12 are
1853 1784 21 18 al-

1450 1809 61 20 ready
1521 1809 57 23 signs
1589 1810 20 17 of
1621 1810 34 17 the
1663 1808 140 21 resuscitation
1818 1809 22 18 of
1850 1810 34 18 the

1450 1835 107 18 moribund
1577 1835 46 18 Fire
1645 1835 93 25 Brigade,
1759 1834 63 19 which
1841 1842 41 12 was

1450 1860 99 25 suddenly
1557 1862 78 17 formed
1644 1867 55 12 some
1708 1861 80 18 months
1797 1868 39 17 ago
1844 1861 40 19 and

1450 1893 21 12 as
1479 1887 98 24 suddenly
1587 1887 88 26 dropped
1684 1886 4 27 ;
1704 1888 36 18 but
1749 1886 14 18 it.
1771 1887 15 17 is
1797 1886 86 20 lament*

1456 1912 39 20 •ble
1506 1916 20 16 to
1536 1913 59 20 think
1607 1914 44 18 that
1662 1920 28 12 wo
1706 1912 50 20 need
1767 1919 11 12 a
1788 1912 96 25 calamity

1450 1940 20 18 ••f
1481 1939 41 19 this
1528 1939 50 19 kind
1589 1944 20 14 to
1620 1946 49 19 spur
1687 1946 23 12 us
1724 1946 25 12 on
1763 1942 20 16 to
1795 1940 53 18 what
1868 1940 16 18 is

1451 1972 35 10 our
1495 1965 81 17 evident
1587 1966 57 16 duty.

1450 2020 103 23 LOCAL
1567 2021 96 22 NEWS
1688 2021 69 22 AND
1772 2021 102 22 NOTES.

1472 2077 84 18 Tourists
1577 2077 103 23 travelling
1697 2077 83 19 between
1799 2077 86 18 Rotorua

1450 2100 36 17 and
1496 2099 100 19 Auckland
1605 2107 34 10 can
1653 2101 40 22 rely
1707 2106 50 17 upon
1772 2100 76 24 getting
1860 2107 24 10 an

1450 2123 92 19 excellent
1551 2123 34 17 hot
1597 2124 94 17 luncheon
1705 2126 21 15 at
1742 2124 31 17 the
1787 2124 97 18 Frankton

1450 2146 65 21 Hotel,
1537 2147 98 17 Frankton
1655 2147 92 18 Juncton.
1768 2147 62 17 where
1851 2147 34 17 the

1450 2170 49 17 train
1507 2171 50 21 stops
1567 2171 22 16 20
1598 2171 99 17 minutes.*

1472 2202 40 16 The
1519 2203 45 15 Rev.
1575 2201 122 19 Archdeacon
1707 2201 91 17 Williams
1806 2202 67 21 preach-

1450 2225 22 17 ed
1481 2225 19 16 in
1510 2225 31 17 the
1549 2225 75 17 Church
1634 2225 20 18 of
1663 2225 21 17 St
1694 2225 55 18 Faith
1767 2231 23 11 on
1808 2225 77 22 Sunday

1451 2248 86 22 evening.

1474 2280 39 17 The
1522 2280 95 17 Stewards
1626 2280 20 17 of
1655 2280 32 17 the
1696 2280 71 22 Jockey
1777 2279 48 18 Club
1834 2282 49 15 meet

1450 2305 20 15 at
1479 2303 52 18 Lake
1540 2303 65 17 House
1615 2309 23 11 on
1648 2303 70 22 Friday
1727 2303 80 23 evening
1815 2303 30 17 for
1853 2303 32 18 the

1450 2331 80 18 purpose
1540 2327 19 16 of
1569 2327 91 22 squaring
1669 2332 26 17 up
1704 2328 88 15 accounts
1801 2332 44 11 over
1853 2326 33 17 the

1451 2352 62 14 recent
1523 2350 90 23 meeting.

1473 2378 40 18 The
1521 2378 64 23 public
1593 2378 64 18 school
1671 2378 103 23 re-opened
1789 2379 49 17 after
1853 2378 33 18 the

1451 2401 103 18 Christmas
1563 2408 59 11 recess
1631 2407 24 13 on
1669 2402 84 22 Monday
1771 2402 41 20 last,
1830 2402 55 17 when

1451 2425 53 18 there
1512 2430 38 13 was
1559 2432 11 10 a
1579 2425 50 23 good
1637 2425 119 18 attendance.
1773 2425 47 17 Miss
1829 2425 57 21 Selby

1450 2448 36 17 and
1497 2448 31 17 Mr
1537 2448 80 18 Webber
1624 2450 65 15 return
1695 2450 19 15 to
1721 2448 49 17 their
1778 2448 52 17 work
1840 2446 45 20 with

1451 2471 85 17 renewed
1545 2476 71 19 energy
1624 2472 50 16 after
1682 2472 49 17 their
1744 2471 83 22 holiday.

1475 2504 25 16 At
1509 2503 33 17 the
1554 2503 61 22 police
1632 2505 54 15 court
1700 2509 24 11 on
1737 2503 99 21 Thursday
1850 2504 36 16 last

1451 2526 64 18 before
1524 2526 70 18 Messrs
1603 2526 38 17 Gill
1659 2526 38 17 and
1714 2525 110 24 Shrimpton
1832 2526 53 20 Js.P,

1451 2549 52 17 John
1511 2549 72 23 Young
1601 2556 38 10 was
1660 2549 82 22 charged
1763 2549 45 17 with
1829 2549 58 22 being

1451 2573 62 16 drunk
1523 2573 55 17 while
1587 2573 19 16 in
1617 2573 70 22 charge
1695 2573 20 17 of
1723 2573 70 16 ahorse
1803 2573 36 16 and
1849 2578 37 11 was

1452 2596 50 17 fined
1510 2596 31 17 £'.>.
1552 2602 21 11 or
1582 2596 53 17 three
1644 2596 77 17 months
1734 2596 150 22 imprisonment.

1475 2627 32 17 Mr
1515 2627 42 17 R.J.
1570 2627 43 21 Gill,
1624 2627 46 17 land
1679 2627 91 23 purchase
1778 2629 64 19 agent,
1853 2627 33 17 has

1452 2651 120 17 commenced
1581 2652 20 16 to
1612 2651 92 22 purchase
1714 2657 23 10 on
1743 2650 65 17 behalf
1824 2651 20 17 of
1853 2651 32 16 the

1452 2674 128 17 Government
1593 2680 35 11 one
1637 2674 20 17 of
1665 2674 33 17 the
1707 2674 107 17 Okoheriko
1822 2674 65 17 blocks

1452 2697 61 17 which
1522 2697 34 18 lies
1566 2698 59 16 about
1638 2698 10 16 8
1658 2697 53 17 miles
1724 2698 20 16 to
1753 2697 32 17 the
1794 2698 56 16 south
1867 2698 20 16 of

1453 2720 95 23 Rotorua;
1559 2721 40 17 also
1608 2721 32 17 the
1660 2720 101 23 Moerangi
1777 2720 55 17 block
1853 2721 22 16 ad-

1453 2744 64 22 jacent
1526 2745 20 16 to
1555 2743 182 18 Whakarewarewa.

1476 2776 90 22 Progress
1583 2777 101 21 payments
1700 2775 31 17 for
1740 2775 73 17 various
1822 2775 64 22 public

1452 2798 62 17 works
1523 2804 48 11 were
1578 2798 110 18 authorised
1693 2799 21 16 at
1719 2798 32 17 the
1759 2798 37 17 last
1809 2798 79 17 Cabinet

1451 2822 85 21 meeting
1540 2822 99 22 including
1644 2820 140 24 thefollowing:
1794 2822 94 17 Rotorur.-

1451 2845 25 17 Te
1498 2845 49 17 Teko
1564 2845 52 20 road,
1635 2845 80 20 £2,000;
1740 2845 45 17 road
1804 2845 84 22 through

1453 2869 89 16 Urewcra
1546 2871 86 19 country,
1638 2868 67 21 £1000;
1714 2865 179 20 Rotorua-Galatcari

1453 2891 52 21 road,
1517 2891 67 18 £2OOO.

1476 2923 39 17 The
1530 2923 100 22 following
1650 2923 108 22 gentlemen
1774 2923 49 17 have
1840 2923 48 17 been

1452 2945 71 19 elected
1533 2951 19 13 as
1563 2946 91 17 members
1667 2946 21 17 of
1696 2946 32 17 the
1742 2946 64 22 Taupo
1820 2945 68 18 School

1453 2969 111 18 Committee
1574 2970 30 16 for
1613 2970 33 16 the
1654 2970 81 21 ensuing
1740 2969 149 22 year:—Messrs

1452 2993 22 17 A.
1485 2992 84 18 Norman
1580 2992 118 23 (chairman),
1708 2994 30 16 W.
1747 2992 109 22 McCauley,
1870 2992 18 18 J.

1453 3016 86 20 Beckett,
1549 3016 19 17 J.
1578 3012 23 20 A.
1611 3015 136 17 Brownlieand
1756 3015 22 17 A.
1785 3015 103 17 Berriman.

1453 3039 39 17 The:
1502 3039 63 18 school
1572 3039 17 17 is
1594 3039 123 22 progressing
1726 3039 139 22 satisfactorily.

1479 3071 76 17 Messrs.
1568 3071 29 16 W.
1613 3071 59 16 Halse
1681 3070 38 17 and
1727 3070 18 17 J.
1755 3070 23 17 D.
1789 3070 18 17 J.

1453 3094 32 17 the
1497 3093 154 18 Commissioners
1657 3093 102 23 appointed
1764 3093 26 22 by
1799 3093 32 17 the
1839 3093 51 23 Capo

1453 3117 20 17 of
1483 3116 55 18 Good
1547 3117 56 22 Hope
1612 3118 129 16 Government
1749 3118 20 15 to
1780 3118 64 20 report
1854 3122 23 17 up-

1453 3146 23 12 on
1488 3140 33 17 the
1530 3139 115 24 agriculture
1654 3140 20 17 of
1680 3140 121 19 Australasia,
1817 3140 73 17 arrived

1453 3163 19 17 in
1481 3163 85 17 Rotorua
1571 3163 106 23 yesterday,
1688 3163 45 17 bent
1750 3168 24 12 on
1785 3168 12 11 a
1810 3163 45 17 tour
1871 3163 19 17 of

1453 3186 33 17 the
1497 3186 134 17 AVonderland.

1477 3217 112 18 Constables
1606 3218 53 22 Keep
1676 3217 38 17 and
1728 3217 93 22 Eastgato
1840 3217 49 17 have

1453 3241 48 17 been
1510 3241 115 18 transferred
1632 3241 49 17 from
1687 3241 25 17 Te
1719 3241 70 16 Whaiti
1796 3241 20 16 to
1825 3241 51 17 Auck-

1455 3264 51 17 land.
1532 3264 93 22 Sergeant
1648 3264 55 21 Lyon
1723 3264 36 16 and
1789 3264 101 17 Constable

1454 3287 70 22 Lowry
1533 3293 42 11 now
1585 3287 103 17 constitute
1708 3287 32 17 the
1760 3286 60 22 police
1840 3287 51 17 force

1455 3310 93 17 stationed
1557 3311 20 17 at
1594 3311 25 16 Te
1637 3311 77 16 Whaiti.
1738 3309 120 24 Everything
1874 3310 15 16 is

1454 3333 53 23 quiet
1516 3333 37 17 and
1570 3333 54 17 there
1640 3334 15 16 is
1671 3339 43 12 now
1729 3339 24 11 no
1770 3333 67 22 longer
1853 3339 37 16 any

1454 3356 91 23 necessity
1555 3356 30 17 for
1594 3362 10 11 a
1611 3356 63 24 larger
1683 3356 117 23 contingent.

1478 3387 59 18 Great
1545 3387 131 23 preparations
1685 3393 31 12 are
1724 3387 58 22 being
1791 3387 55 18 made
1860 3389 29 16 for

1455 3411 32 17 the
1497 3411 60 17 Maori
1567 3412 84 20 meeting
1664 3412 20 17 at
1692 3411 88 16 Tokaanu
1791 3411 19 16 in
1817 3410 72 18 March.

1455 3434 59 17 Three
1534 3434 52 22 large
1595 3434 98 22 buildings
1710 3433 85 19 destined
1812 3434 30 17 for
1858 3434 32 17 the

1455 3457 94 22 reception
1559 3457 20 17 of
1592 3457 33 17 the
1639 3455 63 19 native
1716 3457 75 17 visitors
1808 3463 30 11 are
1847 3463 42 11 now

1455 3481 69 16 almost
1530 3480 57 22 ready
1596 3481 30 16 for
1634 3480 111 22 occupation
1752 3480 38 17 and
1796 3481 95 16 extensive

1455 3505 144 20 arrangements
1608 3508 31 13 are
1648 3504 57 21 being
1714 3503 54 17 made
1785 3503 104 17 otherwise.

1455 3525 40 18 The
1503 3527 55 16 roads
1566 3532 32 11 are
1608 3527 19 16 in
1644 3526 51 23 good
1704 3526 54 17 order
1766 3526 37 17 and
1813 3526 77 18 tourists

1455 3555 32 12 are
1495 3555 107 12 numerous.

1479 3580 38 17 The
1526 3580 78 23 settling
1622 3587 25 16 up
1664 3586 45 12 over
1724 3580 32 17 the
1770 3582 63 16 recent
1849 3586 42 12 race

1456 3605 83 21 meeting
1548 3610 51 10 came
1608 3604 27 16 off
1642 3606 21 15 at
1669 3603 52 17 Lake
1726 3603 66 17 House
1799 3609 25 11 on
1833 3603 43 17 Wed-

1455 3626 71 22 nesday
1538 3627 43 17 last.
1607 3627 32 16 All
1656 3627 32 17 the
1705 3626 61 17 stakes
1782 3632 49 11 were
1847 3626 44 22 paid

1450 3649 1 23 j
1456 3655 44 12 over
1517 3650 47 17 with
1580 3650 33 17 the
1630 3650 98 22 exception
1745 3650 21 16 of
1774 3650 33 16 the
1815 3649 74 18 Hurdle

1457 3673 55 20 Race,
1522 3679 20 11 as
1551 3673 33 17 the
1592 3674 73 21 protest
1674 3673 76 17 entered
1758 3673 25 21 by
1791 3673 33 16 the
1829 3678 62 12 owner

1450 3695 1 22 |
1456 3697 20 16 of
1493 3696 120 17 Ramsworth
1622 3701 24 12 on
1656 3697 80 16 account
1745 3696 19 17 of
1773 3696 32 17 the
1813 3695 51 18 rider
1871 3696 20 17 of

1456 3720 46 16 Hiki
1512 3721 33 15 not
1554 3719 59 22 being
1621 3726 11 10 a
1650 3719 102 23 registered
1768 3718 68 23 jockey
1857 3719 34 17 has

1455 3743 34 21 yet
1496 3744 20 15 to
1524 3742 24 18 be
1556 3742 83 18 decided.

1480 3774 32 17 Mr
1518 3774 114 19 Mackenzie,
1640 3772 44 19 who
1692 3774 38 16 will
1739 3774 60 16 arrive
1807 3773 44 18 here
1867 3779 23 11 on

1457 3796 99 23 Thursday
1565 3797 46 17 with
1628 3796 31 18 his
1674 3798 75 16 concert
1764 3798 62 20 party,
1844 3796 37 18 tele-

1457 3821 71 21 graphs
1546 3820 49 17 from
1617 3819 80 23 Ohanpo
1717 3819 43 17 that
1779 3819 25 17 he
1822 3819 38 17 will
1868 3819 23 17 be

1457 3842 75 24 pleased
1540 3845 21 15 to
1572 3843 45 21 give
1625 3849 11 10 a
1648 3842 71 18 benefit
1726 3843 130 21 performance
1872 3843 19 16 in

1457 3866 31 17 aid
1497 3866 20 17 of
1523 3866 33 17 the
1563 3866 85 17 sufferers
1657 3866 26 22 by
1691 3866 33 17 the
1732 3866 64 16 recent
1804 3865 39 17 fire.
1852 3865 39 18 The

1455 3888 54 18 relief
1515 3889 107 17 committee
1631 3887 40 19 will
1679 3895 25 11 no
1717 3888 59 17 doubt'
1793 3890 98 21 cooperate

1455 3912 47 17 with
1510 3913 32 16 Mr
1550 3912 110 17 Mackenzie
1676 3912 19 17 in
1711 3911 79 23 making
1798 3911 31 17 the
1838 3911 54 17 affair

1457 3935 107 18 successful.

1483 3967 24 17 As
1517 3967 39 17 will
1566 3967 22 16 be
1599 3972 42 11 seen
1658 3965 26 24 by
1701 3972 23 10 an
1741 3967 150 16 announcement

1456 3989 19 18 in
1493 3990 80 17 another
1590 3990 82 20 column,
1689 3989 32 17 Mr
1737 3988 61 18 David
1815 3989 78 17 Sherriff

1456 4013 35 17 has
1500 4013 56 16 taken
1566 4018 44 11 over
1629 4013 32 16 the
1678 4012 113 23 butchering
1806 4012 85 17 business

1457 4036 19 17 of
1485 4036 70 16 Messrs
1567 4035 74 17 Jecklin
1651 4035 39 17 and
1698 4035 70 20 Cotter,
1778 4035 38 17 and
1825 4035 15 17 is
1848 4040 43 12 now

1456 4058 89 23 carrying
1553 4059 16 16 it
1582 4064 23 11 on
1625 4058 61 18 under
1701 4058 29 17 his
1747 4064 42 11 own
1804 4057 87 23 personal

1455 4081 123 23 supervision.
1603 4081 33 17 Mr
1644 4081 79 18 Sherriff
1737 4081 33 17 has
1778 4081 47 17 been
1843 4081 29 17 for
1880 4087 11 10 a

1455 4105 49 22 long
1510 4104 46 17 time
1567 4104 20 17 in
1598 4104 38 17 this
1653 4104 79 20 district,
1749 4104 72 22 having
1836 4109 41 12 man-

1455 4128 49 21 aged
1511 4128 32 16 the
1550 4128 108 21 Paparamu
1665 4127 70 17 station
1742 4127 29 17 for
1777 4127 33 17 the
1816 4127 75 17 Estates

1456 4151 99 21 Company
1564 4151 30 16 for
1601 4151 33 16 the
1642 4151 44 21 past
1696 4151 21 16 10
1725 4155 60 17 years.

1904 137 1 20 I
1934 140 40 17 The
1992 140 45 17 Rev.
2048 139 22 17 F.
2080 137 71 18 Stubbs
2159 137 106 17 conducted
2281 143 54 11 niorn-

1904 154 1 31 !
1910 162 34 23 ing
1952 163 40 17 and
2000 162 81 21 evening
2094 161 70 17 service
2180 160 20 16 in
2215 160 34 16 the
2265 160 70 22 Presby-

1910 186 61 16 terian
1982 185 74 18 Church
2070 183 143 23 (Schoolhouse)
2228 188 23 11 on
2269 183 78 23 Sunday

1909 209 43 17 last.
1978 209 32 16 He
2018 208 55 17 made
2090 213 10 11 a
2117 206 93 21 touching
2225 206 82 17 allusion
2325 208 19 16 to

1910 232 32 16 the
1959 232 69 21 misery
2039 230 88 23 wrought
2133 230 26 21 by
2168 228 31 18 the
2210 230 63 16 recent
2281 229 39 17 fire.

1932 263 39 16 The
1980 264 64 15 recent
2057 261 102 18 disastrous
2168 258 33 19 fire
2210 260 33 17 has
2256 260 38 17 hsui
2311 267 35 10 one

1909 285 49 23 good
1964 286 66 16 result.
2046 285 40 17 The
2092 284 72 17 officers
2169 284 20 16 of
2195 283 32 17 the
2231 281 33 19 fire
2267 284 79 21 brigade

1909 310 40 16 met
1961 314 26 12 on
1999 308 71 22 Friday
2086 308 82 20 evening
2184 306 36 16 and
2239 305 78 19 decided
2326 307 19 17 to

1908 331 52 17 leave
1968 338 26 10 no
2003 333 54 15 stone
2073 329 96 18 unturned
2178 329 19 17 in
2213 329 33 16 the
2265 335 42 16 way
2323 330 20 17 of

1908 354 89 23 properly
2007 354 112 22 organizing
2124 353 33 16 the
2164 358 60 16 corps.
2242 352 18 17 It
2268 358 38 11 was
2312 353 22 16 de-

1908 377 53 17 cided
1970 380 21 14 to
2000 378 88 16 institute
2096 382 24 11 an
2129 376 60 16 active
2199 380 77 13 canvass
2286 376 20 16 of
2312 376 33 16 the

1909 401 50 16 town
1970 402 20 15 at
1999 406 45 11 once
2060 401 20 15 to
2097 399 91 17 ascertain
2198 398 51 17 what
2266 401 79 19 support

1908 423 56 18 could
1973 423 23 18 be
2003 423 81 17 counted
2093 428 30 14 on,
2133 422 37 17 and
2180 420 58 19 Mrß.
2246 420 18 18 S.
2272 422 73 16 Oorlett

1908 446 102 17 consented
2018 448 21 15 to
2047 445 104 18 undertake
2161 445 31 17 the
2204 450 57 11 same.

1931 477 39 18 The
1987 478 40 17 Rev
2036 478 28 17 iJr
2072 476 101 18 Redwood.
2184 475 74 18 Re-arm
2273 475 62 17 Gatho

1908 500 24 17 lie
1948 501 121 21 Archbishop
2085 501 20 16 of
2121 498 123 24 Wellington,
2262 498 38 17 and
2317 498 28 17 Dr

1908 523 81 22 Grimes,
1994 523 71 23 Bishop
2072 524 20 16 of
2097 523 62 17 Christ
2161 522 76 20 church,
2244 521 74 17 arrived
2325 522 19 16 in

1908 546 84 18 Rotorua
2007 546 36 18 last
2060 545 98 23 Thursday
2173 545 71 23 having
2261 545 46 16 been
2325 545 19 16 in

1907 569 99 18 Auckland
2016 569 101 23 attending
2119 569 33 17 the
2161 568 73 18 fonoral
2244 568 20 17 of
2273 568 71 21 Bishop

1907 592 59 17 Luck.
1992 593 52 22 They
2058 592 93 18 officiated
2168 592 18 16 in
2196 591 28 18 St.
2246 590 98 18 Michael's

1907 615 75 18 Church
1995 616 20 16 in
2024 616 33 17 the
2074 615 89 23 morning
2171 620 23 12 un
2202 615 6 16 1
2222 615 17 17 in
2258 615 32 15 the
2299 620 33 10 eve-

1906 639 48 22 ning
1962 639 34 16 the
2004 638 119 23 Archbishop
2131 644 35 17 pre
2170 637 41 19 who
2218 637 13 18 1.
2244 637 53 23 They
2305 636 39 19 left

1907 662 57 22 again
1974 667 24 12 on
2009 660 89 24 Monday.

1930 693 77 21 During
2015 693 33 16 the
2062 693 42 22 past
2115 692 50 18 week
2175 692 32 18 the
2224 691 90 24 platform
2324 691 21 18 at

1906 716 33 17 the
1946 716 81 22 railway
2031 716 73 19 .st'.tiob
2123 715 34 18 has
2173 716 47 16 been
2238 716 55 16 much
2307 715 24 17 im-

1906 738 72 23 proved
1985 738 26 23 by
2029 738 33 18 tho
2069 738 68 24 laying
2145 738 56 18 down
2219 738 21 18 of
2248 738 94 23 asphaftc.

1905 762 45 16 This
1960 762 38 16 will
2007 762 24 16 ba
2039 762 49 18 hailo
2097 763 5 16 1
2111 768 20 12 as
2137 768 10 11 a
2158 763 48 17 boon
2215 762 38 16 and
2262 768 11 11 a
2283 761 51 18 blcsi-

1905 785 34 21 ing
1948 785 26 23 by
1983 785 42 16 that
2034 785 71 17 section
2122 786 20 16 of
2151 785 31 17 the
2200 785 64 22 public
2281 785 63 16 whose

1905 807 85 19 business
1999 808 15 17 it
2023 808 15 17 is
2047 809 20 16 to
2074 809 54 16 await
2137 808 33 17 the
2178 808 69 17 arrival
2257 808 19 17 of
2284 808 60 17 trains

1905 831 38 17 and
1960 832 43 16 wdio
2018 830 47 19 have
2080 831 83 17 hitherto
2179 831 20 18 in
2212 831 63 22 windy
2293 837 39 11 wea-

1905 855 42 16 ther
1956 854 48 17 been
2021 855 56 16 much
2094 854 158 18 inconvenienced
2267 855 26 21 by
2310 854 33 17 the

1905 877 77 23 driving
1991 877 50 21 dust,
2057 877 37 18 and
2107 877 101 22 powdered
2229 877 71 21 gravel.
2326 877 18 17 A

1904 900 36 17 few
1949 902 56 19 seats,
2012 900 114 23 judiciously
2136 900 87 23 disposal
2228 901 20 16 in
2258 902 53 15 front
2325 900 20 18 of

1905 924 32 16 the
1946 924 53 17 office
2020 923 38 18 and
2079 924 80 22 waiting
2183 930 53 11 room
2253 924 91 16 windows

1905 947 63 17 would
1978 947 43 17 mak
2029 947 3 22 ;
2041 947 49 17 their
2096 952 45 17 cups
2150 947 20 17 of
2175 947 101 22 happiness
2282 947 36 17 full
2323 949 21 15 to

1904 970 128 22 overflowing.

1930 1002 94 21 Inquiries
2033 1007 31 11 are
2071 1002 57 21 being
2138 1001 53 18 made
2198 1002 48 16 from
2253 1001 91 18 Scotland

1905 1025 103 22 regarding
2017 1025 33 17 the
2058 1024 129 19 whereabouts
2197 1025 20 16 of
2225 1025 32 17 Mr
2272 1025 58 17 Monk-

1906 1048 65 20 house,
1982 1048 80 22 painter,
2072 1048 42 17 who
2124 1054 38 11 was
2171 1048 18 17 in
2197 1048 85 18 Rotorua
2291 1049 30 16 for
2333 1054 11 11 a

1905 1072 53 16 short
1977 1071 47 18 time
2031 1071 60 18 about
2098 1070 54 19 three
2157 1076 54 18 years
2219 1077 43 17 ago.
2289 1071 55 17 Hois

1905 1094 40 17 said
1952 1095 21 16 to
1987 1095 49 16 have
2044 1094 79 23 painted
2143 1095 33 16 the
2197 1100 54 11 name
2269 1094 73 23 Osprey

1905 1123 44 12 over
1957 1117 44 17 that
2010 1119 21 16 of
2038 1118 33 17 the
2079 1117 58 20 Bella,
2147 1117 32 18 the
2189 1117 58 17 vessel
2253 1118 19 17 in
2282 1117 62 19 which

1905 1141 30 16 Sir
1942 1141 66 22 Roger
2027 1140 104 17 Tichborne
2151 1147 37 10 was
2208 1141 94 22 supposed
2323 1143 21 15 to

1906 1164 48 17 have
1962 1164 54 20 been,
2027 1163 37 18 and
2074 1164 14 16 it
2097 1164 14 16 is
2121 1164 77 17 surmise
2204 1164 7 17 1
2229 1164 42 17 that
2286 1164 24 18 ho
2327 1164 17 17 is

1906 1187 76 17 wanted
1990 1187 20 17 in
2019 1187 68 21 regard
2096 1187 20 18 to
2125 1192 52 12 some
2192 1187 50 18 fresh
2253 1187 90 22 inquiries

1906 1210 61 17 which
1982 1216 31 11 arc
2020 1211 57 21 being
2095 1210 101 17 instituted
2209 1210 18 18 in
2246 1211 68 22 regard
2323 1212 21 16 to

1905 1234 43 16 that
1956 1239 48 12 case.

1929 1265 39 17 The
1977 1266 79 16 amount
2065 1265 91 17 collected
2164 1265 18 17 in
2192 1265 30 17 aid
2232 1266 21 16 of
2261 1265 32 18 the
2302 1266 30 17 suf-

1905 1289 58 16 ferers
1972 1289 20 16 of
2001 1288 31 18 the
2050 1288 38 17 late
2102 1288 34 17 fire
2152 1289 79 16 totalled
2250 1289 43 20 £4S,
2304 1290 30 16 col-

1905 1311 61 17 lected
1975 1317 21 11 as
2004 1311 73 19 follows
2085 1317 5 11 :
2105 1311 41 18 -Mr
2154 1312 18 16 J.
2184 1312 61 19 Shaw,
2254 1312 90 23 proceeds

1905 1335 20 16 of
1933 1336 82 19 concert,
2026 1335 38 17 £2l{
2076 1336 29 16 17s
2114 1335 33 19 (id;
2163 1335 39 17 Mrs
2212 1335 85 22 Kenny's
2304 1335 37 19 list,

1905 1357 37 18 £l2
1956 1358 75 20 lSsod;
2045 1358 31 17 Mr
2084 1358 68 17 Roth's
2161 1358 38 20 list,
2210 1358 34 17 £ll
2269 1354 22 21 is.
2317 1360 26 16 At

1905 1387 11 11 a
1924 1382 85 20 meeting
2018 1382 20 16 of
2055 1382 31 16 the
2104 1380 53 19 relief
2173 1382 108 17 committee
2291 1388 39 11 com-

1905 1404 73 23 prising
1986 1404 71 17 Messrs
2071 1404 89 22 Malfroy,
2178 1404 63 20 Shaw,
2259 1406 82 22 D.tnsey,

1906 1427 50 17 Roth
1966 1427 38 17 and
2013 1428 28 16 I)r
2050 1427 79 18 Giudera
2138 1429 32 16 the
2180 1434 67 16 money
2262 1434 36 11 was
2308 1435 23 16 ap-

1905 1451 101 22 portioned
2015 1457 19 11 as
2045 1450 59 19 under
2111 1456 12 13 :-
2130 1451 42 18 -Mr
2180 1451 38 17 and
2228 1451 40 18 Mrs
2271 1451 57 18 Maun-

1905 1475 38 20 der,
1954 1475 36 16 £24
1999 1474 4 23 ;
2017 1474 41 17 Mis
2065 1474 77 19 Furrell,
2151 1474 24 18 £7
2184 1474 4 23 ;
2208 1475 67 22 Henry
2285 1475 57 20 Giles,

1906 1497 25 18 £o
1938 1497 3 24 ;
1957 1498 61 19 Miles,
2030 1497 37 24 £1;
2082 1497 44 19 Sudi
2133 1497 73 24 Joseph
2214 1498 38 17 and
2257 1498 31 18 his
2291 1499 52 17 mate

1905 1521 26 17 £4
1940 1521 52 17 each.
2018 1521 33 16 Mr
2058 1521 38 16 and
2105 1521 40 17 Mrs
2154 1521 94 17 Maunder
2264 1521 36 17 left
2313 1522 31 16 for

1907 1544 100 17 Hamilton
2016 1544 75 22 to-day,
2102 1544 141 23 (Wednesday.)

1929 1575 61 17 MrW.
2002 1575 109 19 Mackenzie
2116 1575 38 18 and
2163 1576 29 16 his
2201 1576 81 23 popular
2290 1582 39 12 com-

1905 1605 51 16 pany
1967 1599 60 16 which
2034 1599 101 22 comprises
2142 1599 47 17 Miss
2197 1599 60 18 Jessie
2265 1600 75 18 Glover,

1905 1622 127 20 elocutionist,
2043 1622 47 17 Miss
2098 1622 68 17 Louise
2175 1623 71 21 Aylett,
2261 1628 81 18 soprano

1906 1646 31 16 Mi-
1947 1645 28 18 W.
1985 1645 19 17 J.
2014 1645 86 22 Hookey,
2114 1646 70 21 pianist
2193 1646 37 16 and
2243 1646 31 17 Mr
2284 1646 21 17 F.
2315 1646 26 17 11.

1906 1669 116 20 Mackenzie,
2039 1668 74 21 dancer,
2130 1674 68 17 reopen
2220 1670 30 16 for
2270 1675 11 11 a
2290 1670 53 16 short

1906 1697 66 12 season
1982 1692 21 17 of
2009 1693 38 16 two
2056 1692 67 22 nights
2131 1693 21 16 at
2161 1692 31 17 the
2202 1693 86 16 Pukeroa
2296 1693 46 17 Hall

1905 1721 25 11 on
1939 1715 77 22 Friday.
2042 1715 32 17 We
2081 1716 47 16 have
2137 1721 25 11 no
2176 1716 60 17 doubt
2250 1716 43 17 that
2309 1718 33 15 the

1905 1738 96 22 reception
2011 1738 19 17 in
2044 1740 49 15 store
2111 1738 29 17 for
2156 1739 52 17 them
2226 1739 38 17 will
2281 1739 19 17 in
2317 1745 25 11 no

1907 1767 41 16 way
1958 1761 33 18 fall
2001 1762 53 17 short
2063 1763 20 16 of
2089 1762 42 17 that
2145 1762 94 17 extended
2253 1764 19 16 to
2290 1763 51 17 them

1905 1791 25 10 on
1939 1784 50 18 their
1998 1785 70 17 former
2083 1785 50 17 visit.
2159 1785 23 17 In
2199 1785 87 18 addition
2302 1787 20 16 to
2331 1792 11 11 a

1905 1813 122 17 programme
2042 1808 89 21 bristling
2152 1808 45 17 with
2223 1809 79 17 interest
2322 1809 19 16 in

1905 1837 57 16 every
1978 1831 80 17 number
2067 1832 31 16 Mr
2116 1832 108 16 Mackenzie
2241 1832 38 17 and
2295 1832 47 17 Miss

1906 1854 70 17 Glover
1985 1855 38 16 will
2032 1857 54 15 enact
2095 1861 11 10 a
2116 1861 53 11 scene
2178 1855 49 17 from
2236 1855 32 18 the
2278 1856 53 16 favor-

1906 1878 26 17 ite
1942 1878 68 17 Scotch
2025 1878 157 22 comedy-drama
2269 1879 73 17 Bonnie

2022 1901 18 17 in
2057 1902 59 16 which
2126 1902 45 22 they
2181 1902 39 17 will
2229 1902 72 17 sustain
2310 1902 32 17 tin;

1906 1925 53 21 parts
1969 1924 19 16 of
2008 1923 64 23 Harry
2093 1924 92 18 Wildoats
2206 1925 38 17 and
2264 1925 78 23 Maggie

1906 1947 118 18 Macfarlanc
2033 1947 128 24 respectively.

1929 1979 41 17 The
1985 1979 40 17 Rev
2034 1979 26 17 H.
2071 1980 22 16 R.
2103 1980 134 20 HaweisM.A,
2248 1980 71 18 author
2323 1980 21 18 of

1990 2002 37 18 and
2130 2003 37 17 and
2173 2010 12 10 a.
2191 2005 64 16 recent
2261 2003 82 18 rambler

1905 2026 19 16 in
1934 2025 53 17 these
1997 2026 75 21 regions
2079 2026 17 17 is
2112 2027 132 22 contributing
2260 2034 11 10 a
2288 2027 55 17 series

1907 2048 19 18 of
1943 2048 75 18 articlnj
2037 2051 20 15 to
2247 2050 33 17 the
2301 2050 43 17 well

1905 2071 71 17 known
1993 2071 64 19 ladies'
2074 2078 64 17 paper,
2156 2073 111 22 descriptive
2281 2074 19 16 of
2314 2074 30 17 his

1907 2095 75 18 travels.
1998 2096 30 16 Mr
2037 2096 75 17 Haweis
2121 2097 63 17 weilds
2193 2104 11 10 a
2213 2098 85 21 graceful
2307 2103 36 17 pen

1907 2118 37 17 and
1953 2125 21 10 as
1982 2119 24 16 he
2016 2125 41 11 uses
2065 2119 16 17 it
2089 2119 18 17 in
2117 2120 86 22 drawing
2221 2121 94 17 attention
2324 2122 20 15 to

1907 2142 32 17 the
1945 2142 84 18 beauties
2037 2143 37 17 and
2081 2143 85 17 wonders
2173 2144 20 16 of
2198 2144 33 16 the
2236 2144 42 17 Hot
2283 2144 61 17 Lakes

1909 2165 75 17 district
2004 2171 28 11 we
2053 2172 35 10 can
2109 2166 73 22 forgive
2194 2173 24 11 an
2239 2167 105 18 occasional

1909 2188 53 22 lapse
1970 2189 41 16 into
2029 2189 33 17 the
2076 2189 160 19 transcendental.
2262 2191 36 17 His
2313 2196 20 11 ac-

1909 2213 58 15 count
1977 2212 20 17 of
2048 2212 94 23 Starlight
2238 2214 20 17 in
2267 2214 33 17 the
2311 2214 34 17 hot

1907 2234 43 18 lake
1971 2236 20 16 at
2008 2235 92 18 Wairakei
2117 2236 15 17 is
2153 2236 93 19 sufficient
2264 2239 20 16 to
2299 2238 45 17 send

1907 2264 11 10 a
1928 2260 89 16 constant
2028 2259 69 17 stream
2107 2260 20 16 of
2135 2260 75 17 visitors
2220 2262 19 16 to
2246 2261 57 23 enjoy
2312 2261 32 17 the

1908 2282 95 17 sensation
2012 2283 24 16 he
2051 2288 20 11 so
2086 2283 105 22 gracefully
2200 2283 99 18 describes.
2312 2285 33 16 We

1907 2304 50 23 hope
1970 2307 20 15 to
1999 2306 82 17 transfer
2089 2312 51 11 some
2149 2307 19 16 of
2177 2307 31 16 Mr
2215 2307 83 18 Haweis'
2315 2313 20 12 re-

1909 2328 64 18 marks
1982 2330 21 16 to
2012 2334 34 12 our
2056 2330 85 16 columns
2149 2330 19 16 in
2178 2336 11 10 a
2198 2330 48 17 later
2254 2331 55 17 issue.

1931 2360 31 17 Wi
1971 2361 60 16 Maihi
2040 2361 19 17 te
2074 2361 141 22 Rangihaheke,
2227 2363 50 17 chief
2285 2363 20 17 of
2313 2363 32 17 the

1908 2384 201 22 XgatirangiwewChi,
2128 2385 42 16 who
2187 2385 33 18 has
2238 2386 47 17 been
2301 2387 20 17 in
2335 2393 10 10 a

1909 2407 72 17 critical
1990 2407 97 17 condition
2097 2408 29 16 for
2133 2414 50 12 some
2192 2408 46 18 time
2246 2411 49 21 past,
2302 2410 42 17 died

1909 2432 18 15 at
1944 2430 85 18 Awahou
2046 2436 23 11 on
2090 2431 85 23 Monday
2195 2433 95 22 morning.
2316 2434 29 16 Wi

1909 2454 61 17 Maihi
1977 2454 16 16 it
2001 2454 16 16 is
2025 2453 74 23 alleged
2109 2460 38 11 was
2163 2461 45 11 over
2217 2457 22 16 90
2255 2462 54 16 years
2327 2457 19 16 of

1909 2482 41 17 age,
1959 2476 279 24 havingbeenmarriedirilß23
2243 2479 38 18 and
2284 2480 61 18 leaves

1909 2500 70 17 behind
1993 2500 39 17 him
2046 2502 38 16 two
2094 2500 104 23 daughters
2217 2503 37 17 and
2275 2504 70 17 several

1909 2523 163 22 grand-children.
2099 2524 31 17 He
2144 2530 38 12 was
2198 2526 147 23 acknowledged

1909 2549 20 15 to
1937 2546 25 17 be
1973 2547 32 17 the
2015 2548 48 16 most
2070 2547 60 17 fluent
2139 2549 36 16 and
2183 2549 85 18 brilliant
2277 2550 69 17 Native

1909 2572 64 15 orator
1985 2571 21 16 of
2011 2570 32 17 the
2052 2570 31 17 old
2092 2570 52 23 days.
2174 2573 17 16 A
2211 2574 55 22 tangi
2283 2580 23 11 on
2322 2580 23 10 an

1909 2593 104 22 unusually
2034 2593 53 22 large
2108 2595 49 17 scale
2178 2596 15 17 is
2218 2596 58 23 being
2302 2597 43 17 held

1911 2617 33 17 the
1952 2618 67 16 extent
2028 2617 20 17 of
2057 2617 59 17 which
2125 2624 44 17 may
2189 2619 24 17 be
2234 2620 72 23 judged
2321 2620 25 23 by

1910 2641 34 16 the
1952 2641 39 16 fact
1996 2641 44 16 that
2054 2641 10 16 5
2074 2643 43 16 tons
2126 2642 20 17 of
2166 2642 49 17 Hour
2234 2644 49 17 have
2299 2643 47 18 been

1911 2663 90 18 obtained
2011 2670 21 10 as
2044 2670 11 11 a
2067 2666 49 15 start
2133 2665 36 17 and
2178 2666 117 18 inumerable
2304 2667 43 23 pigs

1910 2687 85 17 Tourists
2005 2687 42 17 who
2061 2694 43 15 may
2122 2688 23 17 be
2158 2688 43 18 here
2218 2690 70 23 during
2300 2692 47 16 next

1910 2710 53 17 week
1983 2710 68 17 should
2067 2711 75 17 include
2156 2712 85 18 Awahou
2261 2714 20 16 in
2298 2713 49 17 their

1910 2734 101 21 itenerary.
2036 2733 31 18 Mr
2076 2734 83 23 Malfroy
2169 2736 33 17 has
2219 2737 83 17 received
2318 2737 19 17 in-

1910 2757 103 17 structions
2027 2758 20 16 to
2064 2760 94 20 represent
2171 2759 33 17 the
2219 2760 128 17 Government

1910 2781 20 16 at
1939 2781 33 16 the
1982 2781 73 16 funeral
2061 2781 20 17 of
2090 2781 32 17 the
2131 2782 48 22 aged
2188 2782 55 18 chief.

1934 2812 90 17 Pressure
2032 2817 25 12 on
2077 2818 35 11 our
2133 2819 54 17 space
2207 2814 98 22 precludes
2326 2821 22 12 us

1913 2836 50 16 from
1973 2835 80 23 nicking
2061 2841 37 16 any
2107 2836 35 18 but
2158 2837 33 17 the
2200 2837 78 18 briefest
2295 2844 39 11 men-

1904 2858 1 21 :
1913 2858 42 17 tion
1965 2859 21 16 of
1997 2859 34 17 the
2051 2859 117 18 Promenade
2185 2861 80 17 Concert
2286 2862 61 17 which

1913 2881 47 18 took
1966 2881 54 23 place
2030 2881 19 18 in
2058 2882 32 17 the
2100 2882 120 19 Sanatorium
2230 2885 84 20 grounds
2325 2891 22 11 on

1914 2905 86 22 Tuesday
2009 2906 56 21 night
2074 2906 19 16 in
2102 2906 32 17 aid
2142 2907 20 16 of
2178 2908 33 16 the
2228 2908 43 17 Fire
2288 2908 61 17 Relief

1914 2928 62 17 Fund.
2002 2928 39 17 The
2058 2932 142 19 arrangements
2213 2937 49 11 were
2279 2932 19 16 in
2316 2932 33 17 the

1912 2951 61 17 hands
1994 2951 21 17 of
2034 2951 32 17 Mr
2083 2952 64 18 James
2168 2953 61 21 Shaw,
2246 2954 38 18 and
2301 2960 48 12 were

1912 2974 108 22 absolutely
2036 2975 78 21 perfect.
2139 2976 39 17 The
2199 2978 84 21 grounds
2300 2984 49 11 were

1913 2998 19 17 lit
1944 3003 26 17 up
1979 2998 26 21 by
2014 2998 79 17 Chinese
2102 2999 83 18 lanterns
2196 3000 61 17 which
2275 3002 64 16 scintil-

1912 3021 63 22 lating
1984 3023 88 21 amongst
2080 3022 32 17 the
2119 3023 105 22 shrubbery
2232 3024 41 18 lent
2281 3030 24 12 an
2314 3024 23 18 ad-

1912 3044 80 17 ditional
1999 3045 63 17 charm
2081 3046 21 16 to
2119 3046 32 17 the
2171 3047 85 22 Malfroy
2273 3053 76 17 geysers

1912 3067 62 18 which
1982 3073 48 12 were
2039 3073 23 12 on
2072 3068 49 17 their
2129 3069 42 18 best
2180 3069 104 18 behaviour
2292 3067 4 24 ;
2317 3071 32 18 the

1911 3090 52 18 band
1972 3096 48 17 gave
2037 3091 49 18 their
2107 3092 82 17 choicest
2197 3093 98 18 selections
2312 3095 37 16 and

1912 3120 25 11 an
1946 3114 93 17 excellent
2056 3116 75 16 concert
2140 3122 38 11 was
2187 3116 56 23 given
2257 3116 27 23 by
2304 3117 45 24 lady

1912 3137 38 18 and
1968 3137 109 23 gentleman
2090 3140 100 16 amateurs.
2218 3140 39 17 The
2266 3141 49 17 total
2328 3136 20 22 a*-

1912 3162 68 15 inotint
1989 3161 19 16 of
2017 3160 32 17 the
2069 3162 99 17 collection
2182 3168 38 11 was
2238 3163 37 18 £23
2286 3165 31 16 17s
2326 3163 23 19 5d

1912 3184 38 16 and
1959 3184 59 16 about
2032 3184 32 18 the
2081 3191 51 11 same
2152 3188 79 15 amount
2251 3186 35 17 has
2302 3187 46 17 been

1912 3207 110 17 subscribed
2052 3208 105 18 otherwise.
2182 3209 40 17 The
2248 3210 100 22 following

1912 3229 60 18 ladies
1997 3230 67 23 kindly
2084 3231 79 18 assisted
2172 3233 20 16 at
2201 3232 32 18 the
2258 3235 54 21 gates
2328 3240 22 10 or

1913 3253 88 22 presided
2010 3259 44 12 over
2072 3254 32 17 the
2116 3256 30 16 tea
2154 3255 38 17 and
2214 3256 57 17 coffee
2285 3256 52 18 stalls
2345 3253 4 22 :

1913 3276 108 18 Mosdames
2043 3277 61 20 Shaw,
2128 3278 50 22 Hay.
2196 3279 38 17 and
2251 3276 97 24 Clinnick;

1914 3299 68 17 Misses
1990 3299 86 21 Ginders,
2087 3301 62 20 Shaw,
2163 3302 53 20 Hall,
2234 3303 70 22 Kenny
2312 3303 38 17 and

1912 3323 121 23 Armstrong.
2064 3323 38 18 The
2119 3321 178 21 nndermi-ntioned'
2305 3327 45 16 took

1913 3348 44 20 part
1968 3346 19 16 in
1997 3346 32 17 the
2038 3349 75 15 concert
2121 3348 67 17 Misses
2197 3348 51 23 Hay,
2266 3349 83 22 Danscy,

1914 3369 104 18 Robinson.
2029 3369 85 24 Murray,
2121 3371 70 17 Messrs
2201 3371 87 22 Stewart,
2298 3372 51 17 Roth

1914 3392 63 23 Inglis
1990 3393 37 16 and
2038 3393 50 17 Bull.

1937 3424 32 18 Mr
1982 3424 50 17 John
2051 3424 80 18 Fuller's
2140 3426 80 17 Concert
2237 3428 57 21 party
2313 3433 37 11 was

1913 3447 43 17 well
1975 3447 109 22 patronised
2097 3448 70 22 dnring
2175 3449 24 17 its
2208 3450 42 21 stay
2259 3450 19 16 in
2290 3450 48 18 Roto-

1913 3476 35 11 rua
1954 3470 37 17 and
1999 3476 28 11 we
2034 3476 33 11 can
2076 3471 95 23 assuredly
2175 3472 44 17 look
2227 3473 82 17 forward
2315 3475 19 15 to
2340 3480 10 10 a

1912 3495 66 15 return
1996 3494 45 16 visit
2058 3494 54 17 when
2130 3495 32 16 the
2179 3501 93 17 company
2293 3497 57 21 again

1913 3518 53 16 tours
1984 3516 33 17 the
2025 3516 93 18 Waikato.
2145 3518 46 17 Miss
2201 3518 47 18 E.L.
2262 3519 88 17 Featon's

1913 3539 40 18 rich
1961 3539 95 18 contralto
2071 3541 52 16 voice
2139 3546 38 12 was
2194 3541 58 17 heard
2262 3544 19 16 to
2294 3543 56 17 much

1913 3563 109 22 advantage
2044 3563 37 17 and
2105 3564 101 22 persistent
2231 3571 76 12 encores
2328 3572 11 11 a-

1913 3585 70 18 waited
2006 3586 35 17 her
2060 3592 64 17 songs.
2157 3588 47 17 Miss
2220 3588 67 17 Hettio
2304 3588 35 18 Ful-

1913 3609 29 17 ler
1957 3610 39 16 end
2016 3609 34 17 her
2072 3609 78 18 brother
2171 3610 46 21 Bon,
2240 3611 61 18 either
2320 3612 20 18 to-

1913 3632 69 22 gether
1990 3638 21 11 or
2024 3632 58 20 solus,
2096 3633 74 17 created
2184 3640 57 16 many
2258 3641 11 10 a
2283 3635 67 22 hearty

1913 3655 60 22 laugh
1983 3656 37 16 and
2030 3656 32 17 the
2071 3656 81 17 humour
2162 3657 20 16 of
2190 3657 50 17 their
2248 3657 56 18 duets
2313 3658 37 17 and

1914 3684 20 11 so
1939 3678 58 21 forth,
2003 3679 74 22 though
2083 3679 125 23 occasionally
2214 3682 64 21 pretty
2283 3681 66 20 broad,

1914 3707 39 11 was
1962 3701 39 18 free
2009 3702 49 17 from
2072 3702 25 17 all
2111 3703 104 22 vulgarity.
2239 3704 32 16 Mr
2279 3703 71 18 Walter

1914 3724 82 18 Fuller's
2004 3724 98 18 mandolin
2115 3725 49 18 solos
2180 3732 50 11 wore
2243 3727 55 17 much
2316 3727 22 17 ad-

1913 3748 60 17 mired
1983 3748 38 17 and
2034 3753 47 12 were
2090 3748 75 22 usually
2173 3749 132 18 redemanded.
2319 3750 31 17 Mr

1913 3770 53 18 John
1976 3770 80 18 Fuller's
2062 3771 104 22 singingof
2170 3772 33 17 the
2229 3772 53 23 Holy
2289 3773 44 22 City

1913 3794 39 17 and
1975 3793 102 18 Goraldino
2102 3800 38 12 was
2149 3796 140 22 exceptionally
2300 3796 50 22 good

1913 3817 39 17 and
1961 3817 76 17 showed
2046 3817 44 17 that
2097 3817 30 18 his
2135 3818 52 17 voice
2196 3819 16 16 is
2222 3824 19 12 as
2258 3819 66 18 robust
2329 3825 20 12 as

1914 3845 49 12 ever.
1982 3840 38 17 The
2029 3841 85 22 operetta
2122 3841 62 17 which
2193 3841 104 18 concluded
2305 3842 45 18 each

1913 3863 73 22 night's
2014 3868 121 18 programme
2162 3865 100 17 contained
2292 3870 58 17 many

1914 3886 90 23 catching
2020 3887 37 16 airs
2065 3887 62 17 which
2138 3887 40 17 will
2194 3887 63 24 linger
2270 3889 47 21 long
2330 3889 20 17 in

1913 3909 34 17 the
1952 3915 85 16 memoiy
2046 3910 21 17 of
2078 3910 55 17 those
2145 3913 83 19 present.
2254 3911 29 18 On
2301 3911 36 18 Sun-

1914 3932 38 22 day
1961 3933 81 22 evening
2050 3939 11 11 a
2078 3932 68 18 Sacred
2159 3933 85 22 Concort,
2262 3935 56 22 given
2330 3935 20 16 in

1913 3955 32 17 aid
1954 3955 21 17 of
1982 3956 33 16 the
2035 3955 86 18 sufferers
2140 3956 26 23 by
2186 3957 34 17 the
2232 3959 64 16 recent
2310 3957 39 21 fire,

1913 3983 39 12 was
1959 3978 73 23 largely
2041 3979 97 17 attended.

2008 4009 54 18 THE
2073 4009 79 19 FROST
2162 4011 32 17 OF
2204 4012 54 16 AGE

1915 4059 98 18 Indicates
2021 4060 33 17 the
2063 4060 77 23 waning
2149 4061 20 17 of
2185 4061 43 18 that
2240 4061 48 18 vital
2295 4061 55 18 flame

1915 4082 46 17 that
1968 4082 59 18 bums
2035 4083 46 17 with
2090 4083 83 18 intenser
2190 4084 51 23 glow
2256 4085 20 17 in
2285 4085 65 18 earlier

1914 4105 77 22 periods
1999 4106 21 17 of
2028 4106 39 17 life.
2074 4106 77 18 Wolfe's
2161 4107 97 23 Schnapps
2265 4108 16 17 is
2312 4107 38 18 The

1915 4128 127 18 Promethean
2053 4129 54 18 torch
2115 4130 43 17 that
2166 4136 35 11 can
2215 4131 32 16 the
2256 4131 51 23 light
2320 4137 20 10 re-

2356 135 56 18 THE
2431 135 74 18 FISH
2524 135 130 18 PROBLEM
2673 135 148 18 SETTLED.

2391 205 31 17 Mr
2432 206 21 15 A.
2463 204 98 19 Warbrick
2570 205 35 16 has
2622 204 84 17 received
2724 204 33 16 the
2770 202 27 19 fol-

2367 228 71 21 lowing
2447 228 53 21 reply
2509 228 48 17 from
2568 228 32 18 Mr
2608 228 22 16 F.
2647 228 21 16 F.
2684 228 121 17 Cheeseman,

2368 251 97 22 Secretary
2474 252 21 15 of
2507 251 33 17 the
2556 250 101 18 Auckland
2675 251 94 17 Museum,
2786 249 20 17 in

2367 273 68 23 regard
2451 275 21 16 to
2491 275 31 16 the
2542 274 35 17 fish
2599 273 107 19 forwarded
2727 274 30 16 for
2777 272 29 17 his

2367 297 76 23 opinion
2453 303 20 11 as
2482 298 20 16 to
2510 298 33 16 the
2679 297 9 17 I
2702 296 48 18 have
2762 301 44 12 now

2366 320 92 21 carefully
2467 320 97 18 examined
2575 322 33 15 the
2620 320 38 17 fine
2674 320 51 18 trout
2744 319 60 17 which

2366 350 37 14 yon
2412 345 43 15 sent
2463 349 35 11 me.
2524 343 59 19 There
2592 349 35 11 can
2635 341 23 18 tie
2665 349 24 11 no
2695 343 60 17 doubt
2761 341 42 18 that

2366 367 16 17 it
2389 367 16 16 is
2414 372 11 12 a
2434 368 42 15 true
2484 367 65 16 brown
2558 367 60 17 trout,
2637 366 30 17 for
2680 366 16 17 it
2711 371 93 17 possesses

2366 390 25 17 all
2400 390 33 16 the
2442 389 96 18 character
2549 390 20 16 of
2579 390 43 16 lhat
2629 389 76 22 species,
2714 388 37 18 am!
2758 394 45 17 very

2365 412 70 23 closely
2444 411 99 19 resembles
2551 413 19 17 in
2582 413 47 16 form
2639 413 38 17 and
2693 413 64 16 colour
2771 412 32 17 the

2365 435 53 23 large
2432 436 64 18 brown
2510 438 53 15 trout
2577 434 62 19 which
2654 442 31 11 are
2698 434 72 19 naught
2783 435 18 17 in

2365 459 51 18 Lake
2430 456 101 25 Wafcatipu
2547 459 38 16 and
2600 465 51 11 some
2665 459 20 16 of
2697 459 32 16 the
2740 458 63 19 larger

2365 484 78 15 streams
2451 482 19 18 in
2480 482 31 18 the
2517 482 67 18 South.
2610 482 19 16 It
2636 481 83 20 weighed
2726 481 76 22 exactly

2366 505 50 17 l.'dbs
2425 505 35 17 but
2469 506 43 16 then
2523 505 104 19 specimens
2636 505 55 18 much
2698 504 104 22 exceeding

2365 529 37 16 this
2409 528 47 17 have
2465 529 45 16 been
2520 530 7 15 t
2535 529 41 16 ikon
2590 527 20 18 in
2623 529 34 17 the
2670 527 130 19 South—even

2365 557 25 16 Tip
2399 552 19 16 to
2510 552 30 17 No
2552 552 82 17 reliance
2650 557 33 12 can
2697 550 23 17 be
2735 550 66 23 placed

2364 579 51 12 men
2425 575 31 16 the
2465 574 64 19 colour
2538 575 21 17 of
2566 576 52 15 trout
2628 581 20 11 as
2657 581 11 11 a
2676 573 114 19 distinguish-

2364 597 35 22 ing
2405 597 60 21 mark,
2477 598 29 17 for
2512 597 17 18 it
2536 597 108 19 invariablv
2657 603 60 11 vines
2731 597 19 16 in
2768 602 21 11 ac-

2364 620 91 18 cordance
2463 620 46 18 with
2519 621 31 16 the
2559 624 60 15 water
2627 623 18 16 in
2656 620 61 19 which
2726 620 73 17 thefi-h

2363 642 52 21 lives,
2426 649 20 10 si>
2455 644 41 17 that
2505 644 33 17 the
2547 649 50 12 same
2606 644 47 19 kind
2662 644 19 17 of
2690 644 53 16 trout
2756 648 45 16 nmy

2364 672 46 15 vary
2419 667 19 16 in
2448 666 62 18 colour
2519 667 48 17 from
2576 666 67 24 bright
2656 667 68 21 silvery
2737 667 20 15 to
2771 665 19 19 al-

2365 689 49 18 most
2422 689 61 18 black.
2508 690 19 17 If
2536 696 38 16 you
2588 689 48 19 have
2653 695 57 17 rainy
2727 689 35 17 fish
2779 689 22 17 of

2364 712 33 17 the
2406 713 36 16 size
2451 713 19 16 of
2479 713 41 16 that
2530 713 60 20 which
2610 721 38 15 you
2662 714 49 17 have
2758 714 8 11 f
2768 712 3 24 .
2791 713 9 16 I

2365 735 67 17 should
2442 741 31 14 say
2483 736 41 17 that
2531 736 46 21 they
2585 737 59 20 spend
2653 736 51 19 most
2717 742 19 10 or
2751 736 50 16 the'r

2365 759 45 17 time
2424 759 19 16 in
2452 759 32 16 the
2492 759 48 19 lake,
2554 759 78 22 feeding
2648 766 24 12 on
2689 759 60 18 koura
2762 759 37 17 and

2364 782 77 23 inanga,
2450 781 45 18 both
2505 782 20 17 of
2534 783 60 18 which
2604 790 32 11 are
2644 789 46 12 very
2704 781 95 21 fattening

2364 804 51 18 food.
2441 805 94 22 Probably
2543 806 46 23 they
2598 807 38 18 will
2646 806 45 22 only
2700 806 52 17 leave
2767 805 32 17 the

2364 828 42 18 Like
2415 828 21 18 at
2444 828 32 16 the
2484 828 99 24 spawning
2596 830 52 18 time,
2664 835 22 11 or
2698 829 54 17 when
2768 828 32 17 the

2365 853 78 15 streams
2451 856 32 12 are
2491 851 33 17 full
2535 853 20 15 of
2563 853 50 18 food,
2629 853 62 17 which
2707 852 45 21 they
2769 858 31 10 are

2364 876 21 15 at
2393 874 32 17 the
2434 875 75 21 present
2517 874 51 20 time.
2594 877 41 16 Has
2644 875 95 23 anything
2752 875 46 16 been

2365 903 41 12 seen
2425 897 20 17 of
2461 897 32 17 the
2509 898 94 18 whitcfish
2619 898 92 19 liberated
2727 898 19 17 in
2767 898 33 16 the

2364 922 42 18 lake
2413 920 8 18 ?
2437 921 43 16 You
2495 926 34 12 can
2545 923 71 21 always
2632 922 34 18 tell
2682 922 51 18 them
2750 922 49 16 from

2364 946 53 16 trout,
2425 944 26 21 by
2459 942 69 23 having
2538 952 25 10 no
2571 946 59 20 teeth,
2648 952 22 10 or
2682 952 11 10 a
2704 945 36 17 few
2754 950 46 16 very

2364 969 73 16 minute
2446 973 44 10 ones
2498 967 51 24 only,
2564 969 82 17 whereas
2660 970 53 16 trout
2729 968 70 21 always

2364 992 48 17 have
2421 997 11 11 a
2440 990 88 23 plentiful
2537 992 69 21 supply
2615 992 19 17 of
2643 992 53 21 large

2444 1059 35 17 AN
2491 1060 149 17 APPALLING
2652 1058 68 19 FIRE.

2376 1122 124 19 Matxxdek's
2521 1122 108 18 Boarding
2648 1121 70 19 Hottse
2735 1121 39 17 Des-

2538 1149 87 15 troyed.

2388 1209 16 16 A
2422 1208 38 20 fire,
2479 1209 48 16 most
2543 1208 104 17 disastrous
2660 1208 19 17 in
2695 1208 24 17 its
2734 1213 54 11 conse-

2365 1237 80 18 quences
2454 1231 37 17 and
2500 1230 89 19 attended
2603 1232 24 21 by
2643 1230 36 18 loss
2695 1231 19 17 of
2731 1230 32 18 life
2779 1231 18 17 in

2365 1262 34 10 one
2408 1255 85 17 instance
2509 1255 36 16 and
2563 1255 70 17 serious
2649 1255 65 21 injury
2730 1256 20 14 to
2767 1253 32 18 the

2365 1278 53 18 Other
2427 1278 85 19 inmates,
2523 1278 87 17 occurred
2620 1280 19 15 at
2648 1277 31 17 Mr
2693 1277 65 17 Alfred
2771 1277 26 16 11.

2365 1301 109 18 Maunder's
2491 1301 94 22 boarding
2597 1301 59 16 house
2670 1302 21 15 at
2706 1306 24 11 an
2747 1300 51 22 early

2364 1326 48 16 hour
2421 1330 24 12 on
2455 1324 68 21 Friday
2537 1324 88 23 morning
2639 1324 42 17 last.
2712 1323 53 17 Most
2779 1323 20 17 of

2365 1349 32 16 the
2406 1347 111 23 particulars
2526 1347 19 17 in
2555 1347 110 17 connection
2674 1347 46 16 with
2726 1346 33 17 the
2765 1346 22 17 de-

2364 1371 85 23 plorable
2457 1376 111 12 occurrence
2577 1370 36 17 will
2623 1370 23 17 he
2660 1370 59 17 found
2733 1367 19 20 in
2767 1368 31 19 the

2364 1394 100 22 subjoined
2477 1395 63 20 report
2555 1394 20 16 of
2591 1393 32 18 the
2636 1394 75 21 inquest
2725 1398 24 11 on
2766 1392 32 17 the

2364 1418 124 17 unfortunate
2496 1423 42 11 man
2548 1416 100 18 Dominick
2664 1416 77 18 Farrell,
2756 1415 42 17 who

2364 1441 37 17 lost
2409 1441 30 17 his
2447 1441 32 16 life
2489 1446 23 11 on
2522 1439 32 19 the
2563 1440 90 18 occasion,
2664 1445 20 12 so
2697 1439 43 17 that
2754 1439 16 16 it
2784 1439 14 17 is

2364 1469 124 17 unnecessary
2491 1464 21 17 to
2515 1462 124 23 recapitulate
2641 1462 33 18 the
2677 1462 67 17 details
2747 1462 51 17 here.

2365 1488 58 22 Apart
2434 1488 47 15 from
2491 1486 33 17 the
2532 1486 80 17 inmates
2622 1487 19 16 of
2649 1486 32 17 the
2688 1485 62 20 house,
2757 1484 40 18 Mrs

2364 1511 19 17 C.
2401 1510 90 22 Malfroy,
2510 1510 62 16 wdiose
2585 1509 94 17 residence
2695 1509 15 17 is
2725 1514 24 11 on
2766 1507 33 19 the

2364 1534 51 22 slope
2427 1535 20 15 of
2455 1533 87 17 Pukoroa
2550 1532 122 22 overlooking
2688 1532 31 17 the
2734 1531 53 18 build-

2364 1557 32 21 ing
2404 1563 44 11 now
2456 1556 107 22 destroyed,
2573 1562 38 10 was
2627 1556 33 17 the
2672 1555 40 17 first
2730 1560 66 17 person

2364 1581 61 16 whose
2434 1579 95 18 attention
2538 1585 38 11 was
2585 1578 82 18 directed
2676 1580 19 16 to
2703 1578 32 17 the
2744 1580 43 15 tena-

2363 1604 29 16 ble
2401 1603 90 23 calamity
2499 1603 58 21 being
2566 1603 88 20 wrought
2662 1602 19 16 in
2690 1601 34 17 her
2729 1601 56 21 neigh-

2363 1626 104 17 bourhood.
2492 1626 25 17 At
2527 1625 59 18 about
2595 1626 41 16 2.30
2644 1625 19 16 in
2672 1625 32 17 the
2710 1625 89 20 morning

2364 1650 39 17 Mrs
2413 1650 83 22 Malfroy
2512 1655 39 11 was
2566 1648 100 21 attending
2681 1648 20 17 to
2715 1648 32 16 the
2761 1648 37 17 two

2363 1679 65 16 young
2437 1672 79 18 invalids
2526 1672 32 17 she
2567 1672 35 16 has
2610 1672 19 17 at
2638 1672 75 21 present
2726 1676 23 12 on
2764 1670 34 17 her

2363 1691 66 24 Lands,
2437 1696 53 16 when
2496 1696 81 20 hearing
2583 1702 10 9 a
2599 1695 44 17 loud
2656 1694 79 21 rushing
2740 1694 56 18 noise,

2363 1726 19 12 as
2391 1719 15 18 if
2415 1719 41 18 that
2464 1720 20 16 of
2492 1724 11 12 a
2512 1719 78 21 passing
2599 1717 75 19 vehicle,
2689 1717 35 18 but
2738 1717 59 17 which

2364 1749 37 10 was
2410 1743 58 21 really
2477 1742 33 17 the
2518 1742 65 17 flames
2592 1742 75 20 roaring
2677 1740 82 21 through
2766 1740 32 17 the

2363 1766 80 18 doomed
2456 1765 94 22 building,
2568 1764 36 17 and
2618 1764 78 22 looking
2711 1765 34 15 out
2761 1763 37 17 and

2363 1790 64 21 seeing
2434 1789 50 17 what
2490 1794 38 11 was
2535 1788 59 22 going
2601 1794 22 10 on
2632 1787 31 17 she
2669 1786 45 18 took
2721 1787 50 22 steps
2780 1787 18 17 to

2363 1818 66 12 arouse
2437 1812 32 18 Mr
2482 1811 74 18 Purcell
2570 1806 62 23 whose
2646 1811 58 16 house
2717 1810 16 17 is
2750 1810 49 17 close

2363 1836 31 23 by.
2420 1836 61 17 Other
2491 1838 79 19 persons
2584 1839 47 12 were
2644 1833 111 17 afterwards
2768 1835 20 15 at-

2363 1859 73 17 tracted
2444 1860 20 16 to
2473 1859 32 17 th(!
2514 1857 59 24 place,
2583 1857 35 17 but
2632 1858 14 16 it
2664 1863 36 10 was
2717 1857 20 17 at
2754 1862 44 11 once

2363 1888 43 12 seen
2423 1882 42 18 that
2481 1888 38 16 any
2535 1883 83 20 attempt
2635 1882 20 15 to
2670 1879 71 18 subdue
2766 1879 33 18 the

2363 1906 33 17 fire
2410 1905 62 18 would
2488 1905 23 16 bo
2524 1911 21 11 so
2563 1904 55 17 much
2635 1903 70 17 wasted
2721 1908 76 17 energy.

2363 1930 39 16 The
2411 1929 58 16 house
2477 1928 73 17 burned
2559 1927 38 17 like
2608 1925 118 19 matchwood
2740 1925 59 18 under

2364 1952 32 18 the
2405 1951 91 18 influence
2511 1951 20 17 of
2545 1957 12 11 a
2571 1950 51 18 fresh
2636 1949 63 17 breeze
2715 1949 84 22 blowing

2364 1975 82 17 towards
2452 1975 33 17 the
2491 1975 49 16 lake.

2388 1998 39 18 But
2435 1998 63 17 before
2507 1998 32 17 the
2549 1996 68 19 arrival
2627 1996 19 18 of
2655 2001 73 16 anyone
2737 2001 24 11 on
2768 1996 32 16 the

2364 2028 54 11 scene
2434 2027 35 12 one
2486 2027 21 11 or
2521 2022 39 16 two
2575 2016 146 26 heart-rending
2735 2024 54 12 occur-

2364 2051 64 11 rences
2444 2045 38 17 had
2498 2045 58 16 taken
2573 2043 60 22 place.
2659 2042 31 17 Mr
2706 2042 38 16 and
2761 2042 40 16 Mrs

2364 2068 94 17 Maunder
2478 2074 48 11 were
2547 2067 86 21 sleeping
2650 2071 22 12 on
2694 2065 32 17 the
2742 2070 59 18 upper

2364 2092 47 17 floor
2425 2091 46 18 with
2488 2091 49 17 their
2555 2090 49 17 little
2622 2089 42 22 boy,
2681 2088 48 22 Roy.
2760 2088 41 17 Mrs

2365 2114 94 18 Maunder
2472 2114 85 22 dropped
2566 2114 49 16 from
2625 2112 32 18 the
2671 2112 79 16 window
2761 2112 40 16 first

2365 2138 38 17 and
2411 2138 34 17 her
2453 2137 93 17 husband,
2556 2137 43 16 who
2608 2135 38 18 had
2657 2135 47 17 been
2718 2134 83 23 severely

2365 2161 88 17 scorched
2462 2161 19 16 in
2488 2165 24 12 an
2520 2159 55 19 effort
2581 2161 20 16 to
2607 2165 53 11 rouse
2666 2158 32 17 the
2705 2158 94 19 boarders,

2366 2191 19 10 as
2394 2184 39 17 will
2442 2184 23 17 bo
2474 2189 42 12 seen
2530 2184 19 16 in
2566 2182 33 17 the
2615 2182 63 22 report
2693 2182 19 16 of
2726 2181 33 17 the
2771 2181 20 17 in-

2366 2209 60 21 quest,
2443 2206 94 19 followed,
2547 2205 90 24 thinking
2655 2204 42 18 that
2712 2204 30 16 his
2759 2203 42 19 wife

2366 2231 37 17 had
2412 2231 57 17 taken
2479 2229 31 19 the
2520 2228 50 20 child
2579 2229 46 17 with
2641 2229 39 16 her.
2711 2227 39 17 The
2764 2227 36 22 boy

2366 2259 38 13 was
2413 2253 127 22 immediately
2547 2252 75 19 missed,
2630 2252 32 16 I've
2668 2250 65 18 ladder
2741 2250 59 17 which

2366 2278 75 21 usually
2449 2277 34 16 lies
2491 2277 19 16 in
2525 2277 52 16 front
2594 2276 19 16 of
2627 2274 32 18 the
2673 2274 58 17 house
2747 2273 54 18 could

2366 2302 33 16 not
2409 2300 23 17 be
2441 2300 59 17 found
2509 2300 37 16 and
2556 2299 26 17 all
2596 2299 50 21 hope
2659 2298 20 16 of
2693 2297 66 22 saving
2771 2297 30 17 the

2366 2325 50 16 little
2425 2330 35 10 one
2469 2323 73 17 seemed
2551 2323 44 16 shut
2604 2323 40 16 out.
2670 2321 25 16 At
2709 2320 38 17 this
2761 2326 27 11 mo-

2367 2349 51 16 ment
2435 2352 65 17 young
2517 2346 51 17 Giles
2585 2344 99 23 appeared.
2718 2344 31 16 He
2765 2343 36 17 had

2366 2370 78 23 escaped
2454 2371 48 16 from
2511 2369 29 18 his
2549 2375 53 11 room
2611 2366 108 23 uninjured,
2736 2366 67 23 taking

2367 2394 107 21 advantage
2483 2393 20 17 of
2512 2399 9 11 a
2531 2392 75 18 lean-to
2617 2391 61 16 which
2692 2389 62 23 jutted
2770 2391 33 15 out

2367 2417 49 17 from
2436 2417 32 17 the
2486 2416 42 17 wall
2545 2420 47 12 near
2606 2414 30 18 bis
2657 2419 59 12 room.
2749 2413 54 17 Some

2366 2440 61 22 pieces
2441 2440 20 17 of
2477 2439 96 21 scantling
2590 2443 49 11 were
2655 2436 92 23 procured
2764 2436 37 17 and

2366 2463 94 17 Maunder
2474 2462 58 23 being
2546 2464 32 14 too
2589 2460 58 21 weak,
2664 2460 50 17 Giles
2727 2459 76 23 essayed

2366 2488 20 16 to
2403 2488 67 16 mount
2486 2487 20 16 to
2528 2486 32 16 the
2577 2484 87 17 window.
2695 2483 52 17 With
2770 2483 32 17 the

2366 2511 84 22 greatest
2459 2509 92 21 difficulty
2561 2508 23 17 he
2594 2507 78 18 reached
2682 2507 32 16 the
2723 2506 67 17 window-

2367 2533 30 18 sill
2406 2533 37 17 and
2453 2532 96 17 contrived
2566 2533 20 15 to
2603 2530 41 23 pull
2660 2529 76 18 himself
2752 2535 23 11 on
2792 2535 11 11 a

2366 2556 48 18 level
2423 2556 46 17 with
2478 2556 20 16 it.
2524 2555 39 17 The
2572 2553 65 19 smoke
2646 2553 37 17 and
2692 2553 44 17 heat
2747 2553 56 17 drove

2366 2580 40 18 him
2415 2579 47 17 back
2471 2579 35 17 but
2514 2579 24 17 ho
2547 2577 58 17 heard
2614 2577 34 17 the
2655 2582 48 17 poor
2715 2576 88 17 mother's

2367 2609 39 16 cry,
2427 2602 38 17 and
2481 2602 33 17 the
2531 2601 79 18 father's
2627 2600 103 22 imploring
2745 2600 56 19 voice,

2369 2630 10 5 '•
2387 2627 38 16 For
2434 2626 57 17 God's
2500 2625 44 17 sake
2554 2630 43 11 save
2606 2624 33 16 the
2651 2623 37 22 boy
2696 2622 4 23 ;
2714 2622 56 17 crawl
2784 2622 19 16 in

2367 2650 38 17 and
2422 2649 46 22 keep
2483 2648 36 17 low
2536 2647 39 17 and
2592 2646 59 23 you'll
2668 2646 23 17 do
2712 2645 14 17 it
2773 2645 30 17 He

2368 2672 92 19 crouched
2469 2674 20 15 to
2498 2672 32 16 the
2549 2671 47 17 floor
2610 2670 20 17 of
2645 2669 32 17 the
2692 2668 111 23 suffocating

2368 2702 58 13 room,
2437 2694 71 24 groped
2516 2694 30 17 his
2555 2699 42 17 way
2606 2693 20 18 to
2644 2693 32 16 the
2689 2692 41 19 bed,
2745 2692 34 17 felt
2792 2697 11 12 a

2368 2719 48 18 little
2426 2717 128 19 outstretched
2563 2716 52 17 hand
2624 2716 38 17 and
2676 2716 84 21 drawing
2771 2715 32 17 the

2368 2743 68 17 almost
2443 2741 122 18 unconscious
2571 2739 51 18 child
2627 2740 21 16 to
2652 2739 39 17 him
2697 2739 23 16 he
2726 2738 77 17 reached

2368 2766 32 17 the
2408 2765 81 17 window
2497 2764 38 17 and
2543 2763 42 17 half
2594 2763 41 18 slid,
2646 2762 40 17 half
2695 2761 38 21 fell,
2741 2767 52 12 sense-

2368 2789 36 18 less
2413 2791 19 15 at
2441 2789 32 16 the
2482 2788 38 17 feet
2529 2787 21 18 of
2559 2786 33 18 the
2601 2786 68 17 father.
2695 2786 18 16 It
2727 2790 37 11 was
2778 2790 25 11 an

2368 2814 30 15 act
2408 2812 19 17 of
2436 2812 32 17 the
2478 2812 48 16 most
2542 2809 81 18 devoted
2632 2808 86 19 heroism,
2733 2807 37 18 and
2783 2813 21 12 ns

2368 2836 46 17 such
2423 2835 15 17 is
2448 2834 73 23 worthy
2533 2834 21 17 of
2571 2838 56 17 every
2644 2831 80 24 possible
2738 2836 55 18 recog-

2369 2859 66 17 nition.

2392 2881 61 18 David
2463 2881 53 20 Ross,
2526 2887 11 10 a
2546 2880 57 17 tailor
2611 2879 19 17 in
2638 2878 32 17 the
2677 2878 127 22 employment

2369 2906 20 16 of
2397 2906 32 16 Mr
2437 2904 70 19 Simon,
2518 2904 69 16 Arawa
2594 2903 68 17 Street,
2670 2900 77 23 escaped
2755 2900 48 18 from

2369 2928 32 18 the
2410 2928 59 17 house
2477 2927 46 17 with
2537 2927 30 17 his
2583 2927 46 16 bare
2643 2925 39 17 life.
2716 2923 22 18 In
2753 2923 51 18 what

2369 2957 79 11 manner
2457 2951 69 17 cannot
2535 2949 91 23 precisely
2635 2949 23 16 bo
2667 2947 38 18 said
2712 2953 19 11 as
2737 2947 23 16 he
2766 2953 38 10 was

2369 2974 69 17 unable
2458 2976 20 15 to
2499 2974 43 22 give
2563 2979 11 10 a
2595 2972 82 17 succinct
2691 2972 79 15 account
2785 2971 20 16 of

2369 2998 30 17 his
2407 2998 124 22 experiences.
2558 2996 19 17 It
2589 2996 16 17 is
2619 2993 91 24 supposed
2724 2993 44 17 that
2782 2993 22 17 he

2369 3021 42 17 first
2420 3021 47 17 tried
2473 3022 20 14 to
2500 3025 66 16 escape
2571 3019 26 22 by
2604 3019 33 16 the
2643 3018 54 16 stairs
2704 3017 29 17 for
2738 3017 23 16 he
2766 3022 38 12 was

2369 3044 74 17 burned
2459 3044 48 17 from
2524 3042 50 18 head
2591 3043 20 16 to
2629 3041 46 17 foot.
2707 3039 51 18 With
2776 3040 28 17 his

2370 3067 86 21 clothing
2472 3066 39 17 still
2528 3072 25 11 on
2570 3066 34 16 fire
2617 3065 24 17 he
2653 3069 33 12 ran
2701 3069 20 11 as
2735 3063 14 17 if
2766 3062 29 18 dis-

2370 3090 80 22 traught
2459 3090 19 17 in
2488 3089 31 17 the
2533 3089 92 17 direction
2640 3088 19 16 of
2672 3087 32 17 the
2721 3087 84 16 Rotorua

2370 3114 59 17 Hotel
2437 3113 30 17 till
2476 3113 23 16 he
2514 3112 34 17 fell
2563 3110 104 19 exhausted
2681 3109 18 18 in
2714 3109 32 17 the
2759 3109 45 18 roud

2369 3137 38 17 nnd
2416 3142 38 11 was
2462 3135 68 23 picked
2539 3141 26 16 up
2573 3135 25 21 by
2616 3134 32 17 Mr
2661 3133 83 20 Holmes,
2759 3138 34 11 con-

2369 3160 60 22 veyed
2437 3161 20 15 to
2467 3159 31 17 the
2507 3158 52 18 hotel
2568 3158 38 17 and
2615 3156 89 19 attended
2712 3157 26 16 to.
2770 3155 36 19 His

2370 3183 99 21 sufferings
2490 3188 48 11 were
2559 3182 51 16 most
2630 3181 72 16 intense
2723 3178 38 18 and
2782 3179 24 18 he

2371 3205 107 24 frequently
2487 3205 93 23 implored
2589 3205 54 16 those
2651 3201 72 19 around
2733 3202 38 17 him
2786 3203 20 16 to

2370 3233 35 19 put
2414 3235 23 12 an
2447 3229 36 17 end
2491 3229 21 18 to
2521 3228 29 17 his
2563 3233 69 17 agony.
2658 3226 44 17 Two
2716 3226 90 21 Assyrian

2370 3252 86 17 hawkers
2465 3252 43 17 who
2520 3252 40 16 also
2575 3250 69 23 lodged
2658 3255 24 11 ou
2698 3248 32 18 the
2746 3254 60 16 upper

2370 3276 48 18 floor
2426 3275 78 22 escaped
2513 3275 46 16 with
2570 3273 92 22 difficulty
2671 3272 25 22 by
2713 3271 32 17 the
2759 3272 36 16 win-

2371 3299 48 20 dow,
2436 3298 47 17 both
2497 3298 59 22 being
2573 3296 82 22 severely
2670 3294 88 18 scorched
2770 3295 37 17 and

2371 3321 75 18 bruised
2455 3321 57 18 about
2519 3321 34 18 the
2561 3320 55 19 head,
2626 3318 60 18 hands
2694 3318 37 17 and
2738 3318 44 17 foet.

2395 3346 23 16 In
2427 3344 68 23 regard
2504 3346 20 16 to
2540 3342 101 19 Dominick
2658 3341 71 18 Farrell
2744 3341 62 17 wdiose

2371 3368 79 17 charred
2458 3367 87 21 remains,
2556 3362 99 22 shrivelled
2664 3370 26 16 up
2697 3364 75 22 beyond
2781 3365 25 17 nil

2371 3391 106 23 possibility
2486 3391 21 17 of
2514 3389 125 23 recognition,
2646 3393 47 12 were
2699 3387 107 18 discovered

2371 3415 49 16 after
2429 3409 80 24 the'fire,
2523 3414 17 17 it
2554 3414 16 16 is
2580 3412 42 17 well
2635 3413 20 15 to
2672 3410 75 22 explain
2764 3411 43 17 that

2371 3437 94 18 Maunder
2483 3437 66 22 seeing
2564 3442 52 11 some
2635 3435 20 17 of
2670 3434 32 16 the
2718 3434 89 18 boarders

2371 3460 73 18 around
2451 3460 40 17 him
2500 3458 122 24 conjectured
2630 3457 42 18 that
2688 3457 26 16 all
2727 3457 37 17 had
2777 3463 20 12 es-

2371 3483 64 23 caped.
2449 3483 67 23 Henry
2521 3483 62 20 Miles,
2590 3480 87 19 Farrell's
2686 3482 119 19 room-mate,

2371 3513 25 11 on
2403 3507 58 22 being
2469 3506 68 17 ronsed
2547 3506 25 22 by
2587 3506 32 16 the
2632 3503 51 18 noise
2696 3502 77 23 essayed
2787 3505 20 17 to

2371 3535 65 18 escape
2446 3530 24 22 by
2479 3529 33 17 file
2521 3529 46 17 stair
2576 3529 34 16 hut
2625 3532 37 12 wns
2676 3526 62 16 forced
2752 3527 54 17 back.

2371 3553 32 17 Ho
2411 3553 59 17 called
2484 3551 110 24 repeatedly
2608 3553 19 14 to
2641 3549 71 18 Farrell
2727 3549 35 18 but
2775 3550 32 17 the

2371 3576 45 17 rush
2425 3577 20 16 of
2453 3576 34 17 fire
2495 3575 38 18 and
2543 3575 63 17 smoke
2617 3572 102 22 compelled
2734 3572 38 19 him
2787 3575 19 15 to

2371 3599 43 22 leap
2423 3600 49 16 from
2481 3598 32 18 the
2522 3598 81 17 window
2612 3596 37 18 and
2658 3596 52 16 leave
2718 3596 29 17 his
2756 3602 38 12 com-

2371 3622 70 23 panion
2450 3623 20 16 to
2483 3622 29 17 his
2527 3622 46 16 fate.
2598 3621 31 16 He
2643 3619 40 17 also
2698 3624 35 11 ran
2750 3619 57 23 along

2371 3646 33 16 the
2412 3645 46 17 road
2466 3645 19 17 iti
2495 3652 10 10 a
2514 3644 42 18 half
2564 3642 103 19 distracted
2676 3643 48 16 state
2738 3642 32 17 till
2784 3643 23 17 he

2371 3668 79 18 reached
2460 3668 51 17 Lake
2520 3668 72 17 House,
2602 3665 37 18 and
2647 3664 68 18 roused
2721 3665 32 17 the
2761 3671 34 17 peo-

2371 3692 31 21 ple
2411 3692 53 17 there
2472 3691 47 17 with
2528 3691 30 17 his
2567 3690 46 17 cries
2628 3688 37 18 nnd
2679 3689 95 21 conveyed
2787 3690 19 16 to

2373 3715 50 17 them
2437 3715 32 17 the
2482 3714 109 18 intimation
2606 3712 20 17 of
2638 3711 52 17 what
2707 3711 37 18 had
2759 3711 36 23 hap-

2371 3737 68 23 pened.
2463 3737 31 18 Ho
2502 3743 40 11 was
2553 3735 89 21 bleeding
2658 3734 49 17 from
2725 3736 41 17 cuts
2782 3741 24 11 on

2371 3761 33 16 the
2412 3767 40 10 arm
2461 3760 38 18 and
2507 3766 39 11 was
2555 3759 57 21 badly
2620 3758 73 17 burned
2702 3758 59 17 about
2774 3758 32 18 the

2371 3784 58 17 wrist.
2453 3784 32 17 He
2493 3789 39 11 was
2541 3781 91 19 attended
2639 3782 21 16 to
2668 3781 25 22 by
2702 3781 32 17 Mr
2742 3781 52 22 Urqu-

2371 3807 44 17 hart
2435 3807 37 17 and
2491 3804 115 24 despatched
2626 3806 20 15 to
2667 3804 33 17 the
2719 3804 87 17 Waikato

2371 3829 90 23 Hospital
2469 3829 26 23 by
2510 3829 34 18 the
2560 3827 89 22 morning
2661 3828 50 16 train
2728 3833 19 11 so
2764 3828 42 16 that

2370 3853 30 17 his
2409 3852 87 19 evidence
2505 3858 38 12 was
2552 3853 33 15 not
2600 3846 129 27 forthcoming
2740 3852 20 16 at
2774 3850 32 17 the

2369 3876 82 22 inquest.
2476 3876 33 17 Mr
2521 3874 94 18 Maunder
2628 3873 38 17 had
2680 3873 48 17 been
2742 3874 21 16 ill
2777 3873 29 17 for

2372 3899 71 17 several
2453 3899 46 22 days
2507 3898 38 18 and
2559 3903 20 11 as
2594 3896 72 18 Fundi
2682 3903 39 10 wns
2737 3897 34 16 not
2785 3896 20 17 in

2370 3922 33 17 the
2411 3922 58 17 house
2478 3922 55 17 when
2542 3921 23 17 he
2583 3920 70 17 retired
2661 3922 20 15 to
2697 3920 37 17 bed
2748 3920 57 16 about

2371 3946 40 16 8.30
2420 3946 16 16 it
2444 3945 16 18 is
2467 3946 35 16 not
2510 3944 82 18 difficult
2599 3944 21 16 to
2634 3943 116 17 understand
2763 3942 42 17 how

2369 3969 34 16 the
2411 3969 79 17 absence
2499 3969 20 16 of
2528 3967 33 17 the
2573 3966 124 17 unfortunate
2713 3971 44 12 man
2773 3965 31 17 did

2369 3993 36 16 not
2419 3993 20 16 at
2453 3997 47 12 once
2513 3991 60 17 assert
2589 3989 57 18 itself.
2679 3989 72 17 Farrell
2767 3988 37 17 had

2371 4014 47 17 been
2427 4014 87 22 working
2523 4014 29 16 for
2561 4013 31 17 Mr
2601 4013 54 20 Atty,
2667 4011 136 19 coaehbuilder,

2371 4043 24 11 on
2404 4038 32 16 Mr
2444 4037 73 22 George
2531 4035 110 22 McAuley's
2655 4036 95 21 premises,
2767 4034 37 17 and

2369 4060 39 17 had
2415 4060 45 22 only
2472 4060 47 17 been
2532 4059 46 17 here
2590 4064 12 11 a
2618 4059 37 16 few
2671 4058 67 18 weeks.
2768 4057 36 18 His

2369 4083 51 20 wife,
2429 4089 12 11 a
2448 4083 64 17 native
2524 4087 80 14 woman,
2615 4081 38 17 and
2666 4083 39 15 two
2721 4080 82 18 children

2369 4112 49 11 wero
2426 4106 67 17 absent
2502 4111 24 11 on
2535 4111 12 11 a
2554 4105 45 17 visit
2612 4105 20 17 to
2646 4104 78 18 Mokoia
2736 4104 67 20 island,

2370 4129 98 17 otherwise
2476 4129 57 17 there-
2538 4127 63 23 might
2609 4127 48 17 hare
2662 4128 47 17 been
2714 4134 11 10 a
2731 4127 73 23 greater

2369 4152 80 16 disaster
2465 4153 19 15 to
2501 4151 65 17 relate.
2606 4151 37 17 She
2669 4150 88 18 returned
2780 4155 24 12 on

2821 133 1 25 I
2831 133 101 23 Saturday,
2943 134 131 19 heartbroken,
3085 141 24 11 on
3119 134 32 18 the
3165 136 64 22 receipt
3241 141 14 17 of
3260 140 18 16 Kg

2821 157 1 26 j
2829 158 34 16 the
2871 157 121 23 intelligence
3001 157 62 18 which
3072 158 38 16 had
3119 159 46 15 been
3172 164 81 17 coiivcvh)

2829 181 21 16 to
2865 180 41 19 her.
2938 181 36 16 She
2994 181 70 17 landed
3079 183 22 15 at
3117 181 27 18 To
3158 181 53 22 Ngac
3227 187 25 17 and

2827 203 77 18 walked
2911 204 50 17 from
2973 204 54 17 there
3034 204 37 17 but
3080 211 39 10 was
3135 206 34 15 net
3185 211 18 10 in
3220 207 34 18 tinr.

2829 227 32 16 for
2883 227 35 17 her
2937 227 104 17 husband's
3057 227 80 18 funeral.

2851 249 30 18 On
2890 250 87 22 Monday
2993 250 89 21 morning
3098 253 20 14 at
3135 252 43 16 0..'J0
3193 252 59 20 o'clock
3260 247 18 26 R

2827 273 63 16 David
2906 274 53 20 Ross,
2974 273 32 17 the
3024 273 67 18 second
3109 274 64 17 victim
3190 275 20 16 of
3225 276 27 21 this

2827 296 88 18 dreadful
2931 297 125 22 catastrophe,
3072 298 113 16 succumbed
3199 300 18 15 1u
3229 301 23 16 tl«.

2826 317 79 24 injuries
2914 320 24 17 he
2947 320 38 17 hitd
2998 320 90 17 received.
3119 320 47 18 Ross
3183 326 37 12 was
3231 327 14 14 re-

2826 342 67 18 moved
2911 345 20 15 to
2945 343 33 17 the
2992 342 120 18 Sanatorium
3130 350 23 10 on
3170 343 82 26 Saturday

2825 365 101 18 afternoon
2937 366 61 17 where
3004 366 25 17 he
3037 366 84 17 received
3130 373 54 16 every
3199 369 44 17 atten-

2825 388 39 17 tion
2874 390 21 16 at
2909 389 33 18 the
2958 389 60 17 hands
3031 389 20 17 of
3067 390 33 17 the
3117 392 80 17 matron,
3215 390 36 21 Miss

2825 411 101 19 Thokuon.
2937 413 38 16 and
2984 411 73 23 though
3067 413 52 17 there
3128 419 38 11 was
3183 419 11 11 a
3208 416 42 18 si.Ttll

2825 435 70 17 c'mnce
2904 435 20 18 of
2933 435 28 18 his
2975 442 89 16 recovery
3078 436 33 17 the
3125 437 58 17 shock
3196 438 19 16 to
3230 438 20 18 his

2824 460 70 19 system
2904 465 38 10 was
2952 461 32 14 too
2994 460 54 19 great
3061 460 38 16 and
3112 460 24 17 he
3149 460 75 22 expired
3236 467 12 13 ai

2824 481 32 16 the
2864 481 50 17 hour
2922 482 69 18 named
3006 482 93 23 perfectly
3112 484 97 16 conscious
3222 487 28 17 and

2824 506 111 20 expressing
2953 506 28 16 bis
2998 506 97 20 gratitude
3111 507 30 16 for
3155 507 52 16 what
3222 507 29 20 had

2822 526 47 18 been
2879 527 49 18 done
2938 528 30 18 for
2977 528 38 17 him
3025 529 25 21 by
3060 529 28 16 his
3097 534 74 13 resetter
3182 529 68 21 Holmes

2822 550 38 18 and
2869 551 71 17 others.
2966 552 30 17 He
3010 558 38 11 was
3062 552 89 18 attended
3165 554 20 15 to
3198 553 19 17 in
3229 554 21 19 his

2822 573 7 17 1
2836 578 21 12 us:
2867 577 94 15 moments
2971 575 23 22 by
3004 575 33 17 the
3046 575 45 17 Rev.
3098 576 32 16 Mr
3138 575 70 18 Stubbs
3217 578 33 18 who

2822 596 34 17 has
2865 597 40 18 also
2914 599 150 16 communicated
3074 599 45 17 with
3131 599 28 17 his
3173 599 79 20 relative*

2822 620 19 16 i:i
2855 620 40 17 Tim
2904 627 27 10 on
2950 627 23 11 an
2980 621 7 17 1
3001 621 95 18 Dunedin.
3130 621 59 18 There
3205 623 15 17 is
3232 630 18 12 no

2822 642 59 18 doubt
2891 644 33 17 the
2933 650 46 16 poor
2988 644 63 18 fellow
3055 645 85 18 received
3145 645 31 18 his
3181 645 71 23 injuries

2821 665 7 17 i
2836 672 5 10 i
2858 667 66 21 trying
2940 668 21 16 to
2977 673 66 11 arouse
3064 668 33 17 the
3113 668 64 18 others
3190 669 20 17 in
3225 671 25 18 the

2822 689 64 17 house.
2914 690 30 17 He
2958 695 36 17 wsb
3008 690 42 18 able
3064 693 20 15 to
3098 691 58 18 relate
3173 691 41 19 that
3232 695 19 18 he

2822 712 68 18 rushed
2900 714 35 17 out
2943 719 24 11 on
2977 714 31 17 the
3017 714 80 23 landing
3105 720 46 12 n:;ar
3163 715 29 18 his
3205 722 45 14 room

2822 735 37 17 and
2869 735 69 24 falling
2947 736 54 18 down
3016 737 32 17 the
3062 738 64 17 flames
3140 740 56 20 swe;r!
3214 747 23 9 ~-.,
3244 748 6 11 r

2821 757 46 19 him.
2895 759 29 17 He
2933 760 79 17 crawled
3022 761 47 17 back
3078 761 40 17 into
3123 762 33 16 the
3163 765 87 17 rooiunm]

2822 781 91 25 reaching
2933 783 33 17 the
2986 783 86 19 window,
3090 785 79 22 jumped
3188 786 21 16 to
3224 787 26 19 the

2822 806 81 20 ground.
2929 806 60 17 When
2998 806 68 22 picked
3074 813 26 16 up
3108 808 26 20 by
3143 808 77 18 Holmes
3232 811 18 17 he

2822 828 113 21 ejaculated,
2972 830 43 16 Run
3033 832 22 15 to
3070 830 32 18 the
3117 831 58 17 house
3191 832 19 17 in
3224 834 26 17 the

2822 857 8 10 s
2837 852 47 16 -rub.
2893 852 76 18 There's
2978 860 11 9 a
2997 852 37 23 boy
3040 853 53 17 there
3098 854 58 21 being
3164 855 86 18 burn:•!.''

2822 874 44 17 Tiiis
2883 877 50 15 utter
2947 875 160 22 self-abnegation
3121 877 38 17 and
3173 878 76 22 thought

2822 897 10 17 f
2837 903 14 11 >r
2860 898 63 18 others
2930 899 19 16 in
2959 899 32 17 the
2999 899 59 18 midst
3066 899 20 18 of
3094 900 31 17 his
3131 907 42 11 own
3189 901 50 19 dread-

2822 920 28 18 ful
2858 921 101 23 sufferings
2968 922 16 16 is
2992 922 56 21 proaf
3056 923 20 17 of
3088 929 10 11 a
3107 922 37 18 fine
3154 925 95 20 character.

2822 943 28 18 Sit
2859 943 36 19 stbi
2904 946 50 16 terra
2963 943 45 19 levis
3017 943 5 19 .'

2844 966 40 18 Tlie
2901 968 93 17 Maunder
3016 969 67 22 funily
3103 975 48 12 were
3168 972 82 21 provided

2822 990 45 18 with
2878 990 86 23 quarters
2977 992 19 17 in
3011 992 32 17 the
3057 992 58 18 house
3128 994 59 22 lately
3201 1001 40 12 occu-

2821 1013 73 23 pieiby
2897 1015 33 17 Mr
2931 1012 115 25 Fitzgerald,
3051 1020 46 13 near
3101 1016 32 18 the
3137 1016 113 21 Sanatorium

2821 1037 86 22 grounds
2919 1037 39 18 and
2971 1044 21 11 as
3006 1037 32 18 the
3051 1039 63 17 father
3130 1041 38 17 and
3184 1042 68 18 mother

2821 1065 32 12 are
2862 1060 91 22 Buffering
2966 1062 74 21 greatly
3056 1062 46 17 from
3118 1063 50 17 their
3179 1064 71 22 injuries

2821 1088 23 13 an
2854 1084 102 17 attendant
2973 1084 16 18 hi
2998 1090 10 12 s
3023 1085 47 17 been
3086 1086 98 21 provided.
3217 1088 34 19 Mrs

2822 1106 104 19 Maunders
2934 1107 83 22 severely
3031 1108 45 17 hurt
3091 1109 69 17 herself
3172 1110 20 17 in
3205 1111 36 23 leap-

2821 1129 34 22 ing
2864 1131 48 16 from
2923 1130 32 17 the
2964 1131 86 19 window,
3061 1132 37 17 icnd
3107 1132 33 17 her
3149 1133 83 18 husband
3239 1136 12 16 is

2821 1153 58 22 badly
2888 1154 74 17 burned
2971 1154 58 17 about
3038 1155 32 16 the
3078 1155 48 18 head
3139 1156 38 17 and
3191 1157 59 19 hands.

2821 1175 38 18 Tlie
2931 1183 86 15 younger
3025 1176 90 22 children,
3125 1176 62 26 (girls)
3199 1186 41 11 rimm-

2821 1200 34 21 ing
2864 1200 49 17 from
2923 1202 10 14 N
2943 1201 20 16 to
2974 1201 18 16 11
3003 1206 60 16 years,
3073 1207 48 11 were
3135 1203 62 22 asleep
3210 1204 17 16 in
3243 1212 7 10 ;l

2821 1229 51 11 room
2883 1229 24 12 on
2917 1223 32 18 the
2958 1223 75 21 ground
3046 1223 47 18 floor
3108 1225 54 18 when
3175 1227 33 16 the
3224 1228 28 17 fire

2821 1246 60 18 broke
2887 1247 41 18 out.
2953 1247 39 16 The
3001 1247 52 17 elder
3060 1248 21 16 of
3093 1248 52 17 these
3159 1249 91 23 displayed

2821 1270 55 16 much
2897 1276 88 16 presence
3006 1270 21 18 of
3046 1271 52 17 mind
3119 1272 89 23 assisting
3224 1274 28 17 her

2821 1298 86 17 younger
2916 1293 64 17 sisters
2989 1294 20 16 to
3018 1299 65 17 escape
3092 1293 24 23 by
3126 1295 32 17 the
3170 1296 80 19 window.

2821 1316 51 22 Tiny
2890 1322 48 11 were
2951 1317 26 16 all
2992 1317 80 16 unhurt-
3095 1317 39 18 The
3151 1318 101 20 immediate

2821 1339 106 18 necessities
2936 1340 20 17 of
2961 1340 24 17 all
2994 1340 31 17 the
3032 1340 86 17 sufferers
3125 1347 47 12 were
3177 1343 74 18 relieved

2821 1362 24 21 by
2855 1363 33 17 the
2901 1363 75 18 various
2991 1363 59 17 ladies
3064 1364 21 17 of
3099 1364 33 17 the
3145 1366 52 17 town
3213 1367 38 17 who

2821 1390 30 12 are
2860 1385 72 23 always
2942 1387 19 17 to
2972 1387 24 17 be
3010 1387 59 17 found
3083 1387 18 17 in
3116 1388 33 16 tlie
3166 1389 86 19 forefront

2821 1408 54 17 when
2885 1410 88 20 gracious
2987 1410 52 17 work
3055 1411 20 16 of
3091 1410 38 18 this
3144 1411 107 23 description

2821 1431 65 17 awaits
2896 1433 60 17 them.
2980 1432 102 18 Constable
3091 1434 78 23 Murray
3183 1436 39 19 has,
3236 1443 16 10 as

2821 1455 60 18 usual,
2900 1456 64 16 shown
2978 1456 29 16 his
3020 1457 120 17 accustomed
3154 1464 70 17 energy
3237 1460 15 16 in

2821 1478 102 22 attending
2930 1480 22 16 to
2959 1479 32 16 the
3001 1479 85 18 hundred
3095 1480 38 17 and
3142 1487 35 11 one
3192 1482 61 18 details

2821 1502 62 15 which
2893 1502 73 22 require
2975 1501 125 23 adjustment.

2963 1541 44 18 The
3020 1542 96 19 iNntJEST.

2844 1578 40 18 The
2892 1578 79 23 enquiry
2981 1578 41 18 into
3031 1579 32 18 the
3072 1580 143 19 circumstances
3225 1584 18 17 at-

2821 1601 82 24 tending
2910 1602 34 18 the
2958 1602 55 17 death
3031 1603 20 16 of
3069 1603 100 19 Dominick
3186 1604 66 20 Farrell

2821 1625 37 18 and
2867 1625 40 18 also
2915 1625 42 18 into
2971 1625 35 18 the
3018 1626 61 18 origin
3093 1626 21 18 of
3137 1634 22 10 :.o
3173 1628 33 18 fire
3219 1635 33 12 was

2821 1648 44 17 held
2883 1655 22 11 on
2924 1646 94 25 Saturday
3038 1649 24 23 by
3079 1649 31 18 Mr
3126 1650 20 18 C.
3166 1651 84 25 Malfroy,

2821 1676 84 14 coroner,
2914 1671 52 18 audn
2979 1671 43 24 jury
3031 1672 104 25 consisting
3151 1674 21 17 of
3188 1675 64 18 Messrs

2822 1695 27 16 \V.
2860 1694 81 19 Seddon.
2953 1695 18 22 (I'.
2983 1694 2 25 •
2998 1695 61 24 ir.ian),
3078 1696 26 18 W.
3121 1697 21 17 A.
3159 1697 93 22 Williams,

2821 1717 20 18 C.
2851 1719 69 18 Huett,
2931 1719 21 16 I!.
2964 1719 17 16 S.
2996 1717 2 25 I
3016 1724 48 18 amy,
3080 1719 39 18 Jus.
3135 1719 69 20 M'uhro
3220 1722 33 18 and

2822 1742 62 16 Frank
2895 1742 57 17 Lake.

2844 1764 103 19 Constable
2964 1764 79 23 Murray
3058 1766 61 18 stated
3134 1766 43 18 that
3190 1768 16 17 it
3219 1775 34 12 was

2821 1788 72 22 utterly
2911 1787 109 23 impossible
3034 1789 30 17 for
3078 1790 31 16 Mr
3123 1789 94 19 Maunder
3237 1794 17 16 to

2821 1811 65 18 attend
2897 1811 37 18 and
2943 1818 20 11 as
2969 1812 23 17 he
3001 1818 39 11 was
3049 1812 32 18 the
3085 1813 92 23 principle
3181 1814 71 20 witness

2821 1835 15 16 it
2843 1835 63 17 would
2915 1835 23 17 be
2951 1841 99 16 necessary
3063 1837 20 16 to
3096 1836 81 22 adjourn
3192 1839 20 16 to
3228 1838 25 18 his

2821 1858 64 17 house.
2912 1858 29 17 An
2957 1858 135 22 adjournment
3107 1865 37 13 was
3159 1860 54 18 made
3225 1867 18 12 ac-

2821 1881 100 22 cordingly
2930 1884 21 14 to
2959 1882 32 17 the
3001 1883 76 21 cottage
3086 1882 59 18 which
3163 1883 35 19 had
3211 1884 41 18 been

2821 1904 91 23 provided
2921 1905 31 18 for
2959 1905 32 16 the
3000 1904 91 22 sufferers,
3102 1906 62 17 where
3175 1907 32 17 Mr
3220 1908 33 18 and

2822 1928 40 18 Mrs
2883 1928 94 18 Maunder
2997 1934 48 11 were
3059 1929 60 17 found
3136 1930 84 17 confined
3236 1933 17 16 to

2822 1952 42 17 bed.
2902 1952 38 17 Tlie
2961 1951 50 23 jury,
3030 1951 93 20 however,
3142 1950 45 21 with
3205 1956 47 17 scant

2822 1981 106 17 ceremony,
2942 1980 48 11 were
3004 1974 81 18 ushered
3098 1975 40 19 into
3147 1977 33 16 tho
3194 1978 50 21 apart-

2822 1999 53 18 ment
2885 1999 62 16 where
2956 1998 45 21 they
3014 1998 32 22 lay
3062 1998 38 17 and
3114 1999 32 17 the
3161 2001 80 17 examina-

2822 2022 40 17 tion
2870 2028 37 11 was
2913 2021 103 22 proceeded
3025 2020 46 19 with
3086 2028 21 10 as
3113 2021 74 20 follows
3194 2020 4 23 :
3204 2034 8 2 -
3213 2034 9 2 -

2846 2045 66 17 Alfred
2926 2045 25 17 H.
2973 2044 95 17 Maunder
3087 2045 53 17 .after
3157 2046 32 17 the
3206 2048 48 18 usual

2822 2068 143 22 preliminaries,
2975 2067 61 18 stated
3047 2068 41 17 that
3102 2069 53 17 there
3168 2076 48 11 were
3229 2071 23 18 six

2822 2092 90 17 boarders
2928 2092 20 17 in
2962 2092 32 16 the
3008 2091 59 17 house
3079 2097 24 12 on
3121 2092 32 18 the
3169 2093 52 23 night
3237 2095 16 17 in

2822 2116 87 21 question
2917 2113 3 24 ;
2935 2114 24 19 he
2968 2114 36 18 and
3013 2113 30 19 his
3051 2114 44 18 wife
3107 2115 38 17 and
3158 2122 34 11 one
3209 2118 44 17 child

2822 2139 50 22 slept
2894 2144 24 11 on
2938 2138 34 17 the
2996 2142 60 17 upper
3076 2138 47 17 floor
3144 2139 62 17 where
3226 2141 27 17 the

2822 2161 90 17 boarders
2921 2166 49 13 were
2978 2161 40 16 also
3025 2160 4 21 ;
3045 2160 27 17 his
3082 2161 52 17 three
3143 2163 55 17 other
3212 2164 33 17 chil-

2823 2185 46 17 dren
2879 2185 49 21 slept
2937 2184 69 20 below;
3020 2183 66 23 Hemy
3096 2184 50 17 Giles
3155 2186 37 17 and
3198 2187 56 18 David

2824 2208 47 17 Ross
2880 2208 91 22 occupied
2979 2212 36 13 one
3023 2212 58 16 room,
3098 2207 100 19 Dominick
3213 2211 31 16 Far-

2824 2232 33 16 rell
2875 2231 38 17 and
2931 2237 10 11 a
2958 2236 66 17 young
3041 2236 42 11 man
3102 2231 48 18 from
3167 2232 88 20 Wairakei

2824 2254 71 23 (Miles)
2905 2255 86 17 another,
3001 2253 37 17 and
3048 2255 37 16 two
3095 2254 73 23 foreign
3175 2256 82 18 hawkers

2823 2278 38 17 had
2871 2283 10 12 a
2891 2278 51 17 third
2950 2278 3 20 ;
2968 2278 76 16 witness
3053 2278 51 16 went
3116 2279 20 16 to
3152 2279 37 17 bed
3202 2280 52 18 about

2824 2302 42 16 8.30
2879 2307 21 11 as
2909 2301 24 17 he
2941 2300 36 18 had
2992 2301 33 16 not
3042 2300 46 17 been
3105 2301 43 17 well
3165 2302 29 17 for
3210 2309 45 12 some

2824 2324 57 23 days;
2896 2325 23 16 he
2929 2325 46 17 went
2988 2324 112 17 downstairs
3111 2325 59 17 about
3184 2327 41 17 2..'50
3238 2333 17 11 or

2824 2349 10 16 3
2844 2347 73 18 o'clock
2926 2349 21 16 to
2956 2349 33 20 get
2997 2353 11 12 a
3017 2346 55 17 drink
3079 2346 4 23 ;
3097 2347 24 18 he
3128 2347 23 19 lit
3158 2349 32 17 the
3196 2350 60 18 candle

2824 2372 19 17 at
2853 2371 33 18 the
2895 2372 42 16 foot
2944 2372 20 16 of
2973 2371 31 16 the
3020 2370 60 19 stairs,
3096 2371 36 17 and
3150 2372 64 22 placed
3229 2373 26 18 the

2824 2394 116 18 candlestick
2950 2400 23 11 on
2982 2399 12 13 a
3006 2393 59 17 board
3079 2394 54 21 lying
3146 2401 62 12 across
3224 2399 32 15 two

2825 2418 25 16 oil
2860 2417 70 21 drums,
2941 2418 39 21 just
2991 2417 59 17 under
3058 2416 33 18 the
3100 2418 54 17 stairs
3168 2420 55 17 while
3236 2420 20 18 he

2825 2442 51 16 went
2886 2440 84 26 outside;
2984 2440 54 18 there
3053 2446 40 11 was
3109 2446 10 13 a
3136 2443 89 23 quantity
3239 2443 19 17 of

2825 2464 32 21 oil,
2865 2465 61 21 paint,
2936 2464 82 19 varnish,
3029 2464 55 17 scrim
3093 2464 38 17 and
3140 2467 58 16 waste
3204 2472 53 17 paper

2826 2487 60 17 under
2895 2488 32 16 the
2943 2486 65 21 stairs;
3022 2486 54 18 when
3093 2486 23 18 he
3133 2490 88 17 returned
3236 2490 20 17 ho

2825 2511 46 16 took
2881 2511 32 17 the
2922 2510 49 23 light
2981 2509 44 19 with
3036 2509 38 19 him
3086 2512 82 20 upstairs
3175 2509 4 24 ;
3194 2513 61 17 almost

2825 2533 130 23 immediately
2970 2534 49 17 after
3033 2533 24 18 he
3074 2535 33 21 got
3123 2534 41 19 into
3180 2535 35 18 bed
3232 2536 25 17 his

2826 2558 44 16 wife
2879 2558 41 17 told
2929 2557 39 18 him
2977 2558 33 15 she
3018 2554 58 19 heard
3083 2563 11 10 a
3100 2558 52 17 noise
3158 2558 59 19 below
3224 2554 3 25 ;
3237 2559 20 18 he

2825 2580 68 18 looked
2903 2580 82 18 towards
2994 2580 32 17 the
3040 2580 90 21 partition
3146 2582 37 17 and
3196 2589 36 11 saw
3247 2588 8 12 a

2825 2604 51 22 light
2885 2604 78 19 shining
2971 2604 83 22 through
3065 2603 31 18 the
3105 2605 64 17 cracks
3178 2605 79 18 between

2826 2627 32 17 the
2867 2627 79 21 boards;
2961 2627 32 17 the
3010 2627 89 21 partition
3117 2633 39 12 wns
3172 2629 74 17 unlincd
3252 2635 5 13 ;

2825 2650 23 17 he
2857 2650 56 17 knew
2923 2650 52 17 there
2984 2655 38 11 was
3031 2650 107 23 something
3147 2657 66 15 wrong
3224 2652 32 17 and

2827 2676 50 14 went
2886 2675 21 16 to
2916 2674 33 17 the
2958 2673 79 22 landing
3046 2674 19 16 to
3073 2679 50 11 warn
3133 2675 32 17 the
3173 2675 83 18 hoarders

2825 2697 18 16 in
2854 2697 33 17 the
2896 2697 86 23 opposite
2999 2702 51 11 room
3059 2702 5 14 ;
3083 2696 32 19 the
3126 2697 81 24 landing
3224 2704 32 12 was

2826 2726 11 11 a
2845 2727 50 10 tnass
2905 2721 20 16 of
2933 2720 64 17 flames
3012 2720 37 17 and
3062 2720 76 18 witness
3151 2727 39 12 wns
3206 2728 41 11 enve-

2825 2744 57 21 loped
2891 2744 19 16 in
2919 2743 62 20 them;
2996 2743 23 17 he
3029 2743 78 17 shouted
3117 2746 40 19 out,
3164 2745 60 18 found
3229 2746 28 16 the

2825 2766 47 18 door
2881 2767 63 17 would
2953 2768 34 15 not
2996 2772 47 16 open
3053 2766 37 17 and
3104 2768 87 17 returned
3205 2770 20 16 to
3233 2769 25 17 his

2826 2796 52 11 room
2888 2790 74 22 closing
2973 2790 34 17 the
3024 2789 47 18 door
3081 2789 71 19 behind
3166 2791 38 17 him
3213 2789 3 23 ;
3238 2793 20 15 lie

2826 2813 65 21 pulled
2900 2813 32 17 the
2942 2813 42 17 sash
2993 2814 34 16 out
3043 2813 21 16 of
3079 2813 32 18 the
3128 2814 80 18 window
3225 2815 32 17 and

2826 2836 29 18 his
2864 2837 44 17 wife
2916 2835 78 24 jumped
3004 2836 20 17 to
3034 2836 32 17 the
3079 2837 75 20 ground
3161 2835 4 24 ;
3187 2839 73 16 witness

2827 2860 34 20 got
2869 2860 56 17 down
2935 2859 26 22 by
2970 2859 32 17 the
3011 2859 56 22 angle
3076 2861 42 22 stop
3127 2861 21 17 of
3156 2861 33 17 the
3198 2862 59 17 house.

2827 2883 84 21 Finding
2928 2883 42 16 that
2987 2882 28 17 his
3033 2883 38 21 boy
3087 2888 38 12 was
3142 2884 39 17 still
3198 2885 19 17 in
3231 2885 29 17 the

2827 2912 52 11 room
2889 2906 75 17 witness
2973 2905 68 18 looked
3050 2906 30 17 for
3088 2906 32 17 the
3128 2906 68 19 ladder
3199 2907 56 18 which

2827 2935 38 11 was
2874 2930 47 20 kept
2929 2928 19 18 in
2958 2935 40 11 case
3007 2929 20 17 of
3036 2929 33 17 fire
3078 2929 34 17 but
3121 2930 56 17 could
3183 2933 34 15 not
3224 2931 34 16 find

2826 2952 20 18 it.
2886 2949 94 21 Maunder
2997 2952 44 16 then
3059 2953 96 17 described
3172 2954 41 17 how
3231 2954 27 17 the

2827 2975 50 18 child
2887 2982 39 11 was
2935 2975 55 18 saved
2999 2975 26 21 by
3034 2981 65 16 young
3108 2976 56 18 Giles.
3182 2977 76 18 Witness

2826 2999 46 17 then
2882 3000 51 15 went
2942 3000 20 15 to
2970 2999 33 16 the
3017 2998 46 17 shed
3077 3000 20 16 at
3112 3000 33 17 the
3161 3000 49 17 back
3225 3000 32 17 and

2827 3024 34 19 got
2870 3024 34 15 out
2912 3029 11 10 u
2932 3022 52 17 chest
2993 3021 20 17 of
3022 3022 49 17 tools
3083 3022 38 17 and
3134 3029 11 11 a
3158 3023 71 18 bundle
3242 3024 16 17 of

2826 3045 93 22 clothing.
2944 3045 39 17 The
3007 3045 58 17 house
3074 3050 21 13 wi
3104 3050 8 12 s
3120 3047 21 16 of
3158 3047 21 16 10
3196 3052 64 15 rconis,

2827 3069 44 16 four
2879 3074 25 11 on
2913 3068 32 17 the
2955 3068 74 22 ground
3038 3068 47 17 floor
3102 3069 37 17 and
3154 3070 29 17 six
3198 3070 59 20 above,

2827 3092 91 21 covering
2926 3092 22 16 .12
2958 3097 11 11 x
2977 3090 22 19 26
3006 3091 37 17 feet
3050 3092 19 16 of
3076 3092 82 21 ground;
3170 3094 32 16 the
3208 3094 42 17 stair-

2827 3120 42 12 case
2883 3121 38 11 was
2930 3115 28 16 2ft
2967 3114 31 17 Gin
3008 3114 48 18 wide
3065 3115 46 17 with
3121 3121 10 11 a
3144 3116 80 23 landing
3231 3118 10 14 ft
3249 3123 10 10 x

2829 3138 9 17 7
2857 3138 48 21 feet;
2927 3137 26 18 all
2968 3138 33 16 the
3021 3137 55 17 doors
3093 3139 73 21 opened
3184 3139 78 17 inwards

2827 3161 61 18 either
2905 3161 48 17 from
2970 3161 33 16 the
3019 3161 80 23 landing
3116 3167 22 12 or
3154 3168 11 11 a
3185 3168 74 17 passage

2828 3184 79 21 leading
2915 3185 41 16 into
2964 3184 21 16 it.

2852 3208 26 16 At
2885 3208 38 16 this
2931 3208 54 20 stage
2995 3207 33 17 the
3036 3207 75 23 inquiry
3117 3214 38 12 was
3161 3208 99 23 adjourned

2828 3233 21 15 to
2858 3231 57 17 allow
2924 3231 33 16 the
2964 3230 84 22 patients
3054 3233 20 15 to
3081 3231 47 17 have
3133 3232 50 17 their
3187 3233 73 22 injuries

2829 3253 91 19 attended
2928 3255 20 15 to
2955 3254 25 20 by
2989 3254 33 16 the
3031 3254 71 17 doctor.

2853 3278 56 16 After
2917 3276 93 18 luncheon
3020 3277 33 17 the
3067 3278 128 18 examination
3209 3279 20 17 of
3241 3278 21 17 A,

2829 3300 27 17 H.
2863 3300 95 17 Maunder
2964 3306 38 10 was
3009 3300 85 17 resumed
3101 3300 4 19 :
3118 3301 82 18 Witness
3205 3301 58 18 stated

2830 3323 42 18 that
2882 3322 88 18 deceased
2980 3323 73 17 Farrell
3062 3323 48 23 slept
3118 3324 20 17 in
3147 3330 11 11 a
3167 3331 51 11 room
3226 3325 28 16 fac-

2829 3346 35 21 ing
2874 3347 32 16 the
2916 3346 66 21 street;
2997 3346 33 17 the
3038 3346 81 17 window
3128 3347 33 18 sill
3163 3354 40 12 was
3208 3348 53 18 about

2831 3370 40 17 15ft
2879 3370 49 16 from
2937 3369 32 17 the
2978 3370 76 20 ground
3061 3376 5 14 ;
3085 3370 33 18 the
3132 3371 47 17 door
3195 3370 67 24 opened

2829 3393 41 17 into
2879 3393 32 17 the
2920 3392 90 22 passage:
3025 3392 53 18 there
3086 3399 39 11 was
3131 3400 25 11 no
3162 3395 55 17 other
3223 3396 30 15 out-

2829 3415 28 18 let
2864 3416 36 17 but
2909 3412 32 21 the
2951 3415 46 17 door
3008 3415 38 18 and
3055 3416 81 17 window
3144 3422 5 14 ;
3168 3417 32 18 the
3215 3423 17 12 ro
3246 3422 15 12 ni

2829 3445 39 11 was
2884 3438 63 20 lined;
2968 3439 56 16 when
3041 3440 76 16 witness
3135 3441 80 17 reached
3234 3440 30 17 the

2829 3462 75 23 ground
2913 3462 24 16 he
2947 3461 84 22 thought
3039 3462 26 17 all
3080 3462 33 18 the
3127 3462 90 20 boarders
3229 3462 33 19 hod

2829 3485 91 23 escaped;
2933 3485 24 17 he
2965 3490 39 12 saw
3021 3491 51 11 somo
3088 3486 21 17 of
3125 3487 52 17 them
3194 3486 71 18 outside

2829 3508 38 17 and
2876 3508 23 17 ho
2914 3508 84 22 thought
3007 3508 46 22 they
3062 3509 56 17 could
3127 3509 24 18 do
3160 3516 52 11 more
3220 3511 42 16 than

2829 3531 39 17 him
2877 3532 19 16 in
2905 3530 30 18 his
2944 3531 52 17 weak
3005 3533 57 16 state.

2853 3554 29 22 By
2891 3554 32 17 the
2931 3553 57 24 jury:
3001 3554 56 18 Miles
3072 3555 49 22 slept
3135 3556 19 17 in
3169 3556 33 18 the
3216 3560 41 14 sniuo-

2829 3583 52 12 room
2891 3577 46 17 with
2947 3577 78 18 Farrell.
3051 3578 39 17 The
3098 3580 35 21 top
3142 3580 63 17 sashes
3218 3584 47 12 were

2828 3600 95 22 hungbut
2932 3600 32 17 the
2973 3601 75 17 bottom
3057 3607 45 12 ones
3107 3607 48 12 were
3161 3604 45 19 not;
3220 3603 42 21 they

2829 3629 48 11 were
2886 3622 26 18 all
2921 3623 104 18 moveable.
3050 3624 61 18 When
3120 3625 10 17 I
3139 3628 51 15 went
3198 3628 20 15 to
3233 3625 32 17 the

2829 3646 47 18 shed
2884 3647 20 16 to
2914 3652 44 12 save
2966 3653 11 11 a
2991 3647 36 17 few
3039 3647 66 22 things
3119 3648 11 17 I
3142 3648 80 24 thought
3239 3647 22 18 all

2829 3669 33 18 the
2869 3669 90 18 boarders
2968 3675 49 12 were
3026 3671 39 16 out.
3086 3670 40 18 The
3134 3671 88 23 building
3226 3676 36 13 was

2828 3692 77 17 insured
2914 3692 19 17 in
2943 3693 32 17 the
2984 3693 83 18 Phoenix
3076 3693 58 18 Office
3143 3695 30 16 for
3181 3695 49 17 £2OO
3243 3695 18 16 in

2829 3716 54 17 favor
2904 3715 20 18 of
2942 3716 71 18 Messrs
3029 3716 83 18 Jackson
3129 3718 38 17 and
3184 3718 75 18 Russell,

2828 3740 128 21 mortgagees.
2982 3739 39 17 The
3031 3740 94 17 furniture
3138 3746 39 12 was
3190 3739 71 19 insured

2827 3762 21 16 in
2857 3767 51 12 same
2916 3762 52 17 office
2976 3762 20 17 in
3004 3767 33 17 my
3045 3769 56 12 name
3109 3764 30 17 for
3145 3763 56 19 £IOO.
3226 3764 38 17 Thor

2829 3786 80 16 amount
2918 3785 20 17 of
2945 3785 33 17 the
2987 3788 101 20 mortgage
3096 3786 15 17 is
3121 3786 55 19 £l4O.
3206 3788 55 17 There

2827 3813 50 11 were
2886 3814 25 11 no
2919 3814 66 17 escape
2994 3814 55 17 ropes
3057 3810 20 16 in
3083 3810 33 17 the
3121 3816 62 12 rooms
3189 3810 36 18 and
3232 3810 28 17 the

2827 3830 67 18 ladder
2902 3831 38 17 had
2949 3831 47 18 been
3004 3831 41 18 lent
3057 3835 20 14 to
3090 3833 33 17 the
3137 3834 75 22 painter
3227 3832 33 18 and

2827 3855 35 15 not
2874 3854 97 17 returned.
2996 3855 48 17 Ross
3062 3855 49 23 slept
3126 3857 20 16 in
3163 3857 33 18 the
3212 3862 49 12 room

2827 3876 47 18 with
2883 3876 68 23 Henry
2959 3878 58 17 Giles.

2850 3899 41 17 Mrs
2900 3900 111 18 Maunder's
3017 3901 87 18 evidence
3110 3908 39 12 was
3154 3903 94 18 corrobora-

2827 3922 38 19 tive
2874 3923 21 17 of
2903 3923 44 18 that
2955 3925 21 16 of
2983 3925 34 16 her
3025 3924 87 19 husband
3127 3925 38 18 and
3180 3927 32 17 the
3225 3926 35 17 rest

2827 3946 21 16 of
2856 3946 33 17 the
2895 3946 76 23 inquiry
2980 3953 39 12 was
3027 3948 104 18 conducted
3138 3950 20 17 at
3165 3950 33 17 the
3204 3950 48 17 Roto-

2826 3974 35 12 run
2871 3969 66 18 Hotel.

2850 3991 30 19 W.
2902 3993 26 17 K,
2949 3993 75 17 Purcell
3044 3994 61 18 stated
3126 3995 43 18 that
3185 3996 24 17 lie
3225 4000 35 12 was

2826 4016 81 17 aroused
2916 4022 24 11 on
2958 4016 32 17 the
3004 4017 89 23 morning
3105 4018 20 17 hi
3140 4019 85 23 question
3241 4019 18 16 at

2826 4037 58 19 about
2893 4039 54 17 three
2955 4040 77 17 o'clock.
3067 4040 22 17 In
3105 4042 60 22 going
3180 4041 79 19 towards

2825 4061 33 17 the
2867 4062 35 16 fire
2916 4062 24 17 he
2956 4064 39 16 met
3008 4063 42 17 Mrs
3065 4063 96 19 Maunder
3176 4066 36 16 and
3229 4064 32 18 her

2826 4084 85 18 children
2920 4085 37 17 and
2966 4087 42 16 sent
3018 4087 49 16 them
3078 4088 19 16 to
3106 4087 29 18 his
3147 4089 59 21 place.
3231 4088 27 16 On

2825 4108 93 23 reaching
2926 4108 32 17 the
2966 4109 88 22 building
3062 4110 33 18 the
3103 4110 34 19 fire
3144 4117 39 12 was
3194 4111 55 17 break-

2825 4130 35 23 ing
2869 4132 83 21 through
2961 4132 33 17 tlie
3010 4134 48 18 roof,
3073 4133 24 17 he
3114 4139 37 12 saw
3168 4133 92 19 Maunder

2825 4153 21 17 in
2855 4155 32 17 the
2896 4154 93 18 outhouse
2998 4156 38 16 nnd
3051 4157 77 17 warned
3142 4158 40 17 him
3196 4158 20 17 of
3231 4157 30 17 hj&

1215 76 59 24 THE
1302 78 57 22 HOT
1386 76 92 23 LAKES
1506 74 173 26 CHRONICLE,
1707 76 190 24 WEDNESDAY,
1925 75 158 22 FEBRUARY
2111 74 17 24 5,
2147 75 49 18 189G

84 258 104 18 TTXZO2?
200 255 139 18 STEAMSHIP
351 252 116 19 COMPANY
485 250 30 17 OF

91 270 26 28 U
168 282 52 14 i\J',\v
237 276 114 19 ■/jii.aJLUi.isll
360 275 82 17 i^.initrd.

216 345 47 15 tOU
276 343 92 17 SYDSJSS

167 419 38 14 'UK
216 414 132 20 BuUI'HKkM
358 414 101 19 tw'"-,..

81 455 98 16 Taxapuxa
186 459 52 15 every
248 453 28 15 JIo
284 452 14 16 id
307 457 16 9 iv

82 477 111 16 MAbUfiFCA
200 480 44 11 even
259 472 90 20 Thurtfiay

80 499 150 18 EOTOiIAHANA,
237 494 91 21 Tuesday,
347 492 45 18 Feb.
402 492 28 19 18,
440 492 10 14 2
467 494 18 17 p.

81 522 115 19 DINGADEE,
209 517 123 21 Wednesday,
343 515 45 17 Feb.
395 515 16 19 5,
421 515 61 20 Sp.tn.

143 563 15 16 It
169 562 52 16 duced
231 561 59 15 fi.re»a
301 564 9 8 <•
318 562 37 11 now
365 557 16 15 iu
391 555 51 16 forte.

79 584 90 18 Auckland
177 581 65 17 Branch
296 579 103 16 Puliiiei>u>ii
414 576 70 17 Bwlthn

82 716 160 45 ntDDAET,
267 710 113 22 PARKER,
400 710 54 19 AJTD
476 710 37 17 CO.

244 736 107 24 (limited),

103 786 97 19 Snlcndid,
378 779 92 21 Steamers
476 778 38 17 will

80 812 16 16 Ik
113 805 113 30 despatched
234 809 49 16 from
292 809 119 15 Auckland,
421 809 20 12 as
454 802 61 17 under

78 833 93 19 (weather
185 832 39 17 and
242 831 54 17 other
313 830 141 17 circumstances
470 830 44 17 pcr-

80 880 41 19 Fon
128 875 135 22 GISBOKXE,
270 875 104 19 NAPIER,
383 872 114 18 WELLING-

102 903 56 21 TON,
171 899 157 19 LYTTELTON,
339 898 14 18 &
362 894 127 21 DUNEDIN,

84 927 100 19 ANGLIAN,
194 925 102 18 TtJESDAY,
308 922 44 17 Feb.
362 921 26 20 11,
400 920 20 17 10
428 924 44 12 a.m.

84 951 115 16 Tasmania.
207 943 132 24 ...Tuesday,
350 944 44 17 Feb.
402 943 111 17 25.12n00n

208 994 51 17 FOE
273 990 112 20 SYDNEY,

127 1018 115 24 (Returning
253 1018 20 15 to
282 1013 99 20 Auckland
390 1010 77 23 Direct.)

82 1042 92 23 Carrying
195 1041 112 20 Passengers
328 1038 29 16 for
379 1036 134 17 MEi.norUNE,

92 1066 55 18 other
152 1066 131 16 Australian
290 1061 70 19 Pouts,
367 1058 38 18 and
410 1058 91 19 Hohaut,

84 1094 106 18 Tasmania
237 1091 98 17 Monday,
351 1087 45 17 Feb.
407 1087 26 19 10,
443 1087 10 14 4
467 1090 47 18 p.nv

87 1119 102 15 Anglian.
198 1114 104 18 .Monday,
312 1111 45 18 Feb.
364 1112 28 19 24,
402 1111 10 15 3
421 1114 47 18 p_.in«

104 1145 72 16 Return
184 1141 74 18 Tickets
264 1139 93 18 available
363 1138 29 17 for
405 1138 11 15 IS
432 1135 81 18 months.

179 1171 23 17 L.
216 1170 24 17 D.
250 1167 107 19 NATHAN
370 1167 16 17 &
398 1165 45 20 CO.,

411 1188 80 23 Agents.

202 1228 2 35 ;
219 1228 96 35 rjpHbs.
336 1228 105 23 CQOK.&
466 1228 49 18 SON

97 1270 114 31 i&sSj§£>
258 1283 52 13 hook
323 1280 96 14 passages
432 1279 41 14 and

88 1298 116 22 iffitffeM
284 1305 75 14 SECURE
372 1303 76 15 BERTHS

245 1327 31 17 AT
289 1324 103 18 LOWEST
406 1322 79 18 RATES

82 1357 27 14 BY
122 1357 17 13 P.
149 1353 15 17 &
174 1356 17 13 0.
201 1356 36 15 CO,,
247 1353 74 14 ORIENT
330 1352 35 16 CO.,
376 1350 71 14 DIIVKCT
457 1348 58 14 LINES

174 1378 90 16 OCEANIC,
278 1373 142 17 MESSAGEIUKB,

183 1402 26 18 Or
215 1407 36 16 any
260 1400 37 18 line
306 1406 20 10 as
334 1397 78 18 desired.

104 1449 86 23 Enquiry
197 1447 77 18 invited.
290 1444 126 20 Information
424 1443 66 22 gratis.

82 1494 95 22 Intending
184 1498 100 17 passengers
297 1491 61 17 bhould
372 1490 52 20 apply
438 1489 28 16 for
482 1493 31 10 our

103 1518 34 15 free
183 1516 17 15 of
209 1517 72 14 steamer
294 1513 72 20 sailings
378 1511 33 16 and
419 1511 46 15 fares
475 1513 17 13 at

129 1542 89 18 COOK'S
230 1539 125 20 SHIPPING
367 1537 99 20 OFFICE,

157 1572 22 16 76
188 1574 42 14 and
239 1570 22 17 78
274 1569 163 19 Queen-street.

112 1600 85 17 Rotorua
213 1599 77 21 Agency
297 1594 3 26 :
314 1596 94 17 Hinemoa
417 1594 67 17 Street.

103 1631 68 16 N.B.—
172 1630 61 16 Drafts
242 1629 32 16 and
283 1628 77 16 Circular
369 1627 54 15 Notes
430 1625 57 16 issued
496 1627 19 12 ut

87 1654 53 15 owest
148 1654 67 13 current
223 1654 50 12 rates.

84 1690 294 48 Ehrenfried
391 1689 122 45 Bros

225 1747 83 19 BREW
313 1747 56 21 BUS,

161 1780 108 19 ALBERT
285 1777 148 22 BREWERY,

106 1810 215 24 QUJiEN/STBEET,
336 1807 158 22 AUCKLAND

104 1864 67 17 WINE
184 1863 49 16 AND
245 1863 79 16 SPUtlf
338 1860 153 19 MERCHANTS,

125 1891 122 17 BOTTLERS
259 1891 52 16 AND
327 1888 143 20 IMPORTERS,

168 1914 26 19 43,
211 1917 131 12 QUEKtf-iTUEKT
358 1912 69 15 WllAH'.

175 1963 51 13 r-iuzv.
237 1965 59 11 MiriAL
308 1964 35 11 »sn
354 1961 71 13 AivMiris

83 1988 25 16 At
117 1987 27 17 the
158 1987 89 16 followinir
264 1985 112 17 Exhibitions
391 1983 26 16 for
426 1988 32 10 our
467 1982 37 16 well-

177 2009 62 15 known
252 2007 45 16 Bulk
306 2007 33 14 and
350 2005 67 16 Bottled

195 2028 48 18 ALE
254 2028 50 16 AND
316 2025 86 21 STOUT:

82 2057 70 21 Sydney
161 2055 124 17 International
294 2054 107 18 Exhibition,
412 2054 48 16 1879.

83 2078 101 17 Melbourne
193 2077 125 16 International
326 2075 107 18 Exhibition,
443 2074 70 15 1880-81

84 2099 42 16 New
134 2099 73 17 Zealand
216 2099 57 15 indust
278 2099 30 15 rial
313 2096 107 20 Exhibition,
426 2093 77 22 Welling-

127 2124 35 16 ton,
174 2122 46 14 1885.

83 2142 44 16 New
146 2142 74 16 Zealand
235 2141 32 16 and
282 2142 53 15 South
348 2140 41 15 Seas
405 2138 108 17 Exhibition.

127 2163 86 16 Lnnedin.
225 2164 78 14 188<»-90.

85 2185 21 16 In
115 2185 76 16 addition
200 2187 17 13 to
227 2184 53 15 above
288 2184 43 15 have
349 2183 41 15 been
405 2181 80 15 awarded
499 2182 16 13 at

127 2205 104 17 Tasmanian
263 2204 108 18 Exhibition,
398 2201 117 20 Liuncestbn,

129 2227 78 17 1891-92.

169 2257 58 17 FIVE
239 2257 69 17 FIRST
325 2255 105 17 AWARDS

94 2301 66 17 lULK
171 2300 110 17 BOTTLED
295 2300 58 15 ALES
371 2297 52 17 AND
440 2297 77 17 STOUT

277 2321 47 16 Abo.

171 2342 250 34 CHAMPIONSHIP

114 2382 65 23 Gold
191 2381 86 23 Medal
288 2381 27 22 of
325 2378 166 24 Australasia

190 2416 71 12 AGAINBT
272 2415 99 12 AI.I.COMKRS
381 2414 31 13 FOIi

89 2439 88 24 BULK
191 2439 69 23 AND
280 2437 145 24 BOTTLED
439 2436 65 23 ALE

177 2490 72 20 Havicg
257 2496 10 11 a
277 2489 57 21 Large
343 2488 51 17 Stock
402 2489 19 15 of

197 2516 47 16 ALE
256 2516 50 16 AND
319 2514 81 21 STOUT,

87 2543 68 17 Bottled,
162 2542 18 17 in
188 2543 52 20 quart
248 2542 34 16 and
298 2542 38 21 pint
349 2540 68 19 bottles,
433 2538 83 23 specially

85 2564 66 17 brewed
160 2564 27 16 fur
196 2561 2 20 I
203 2564 21 15 lie
233 2569 73 10 summer
315 2563 54 17 trade,
379 2561 54 17 which
443 2566 28 10 are
478 2566 38 10 now

85 2585 105 21 thoroughly
198 2585 84 17 matured,
295 2590 30 10 can
341 2583 42 16 with
397 2587 51 16 every
462 2582 45 15 confi-

86 2608 51 15 cVnce
149 2606 105 16 recommend
270 2610 46 12 name
332 2607 17 14 to
364 2609 118 11 connoisoeurn
499 2609 19 9 us

86 2629 61 15 frcond
155 2630 18 13 to
181 2632 44 11 none
235 2627 15 16 in
261 2627 28 16 ihe
298 2626 71 21 Colony.

175 2667 246 45 NOTICE.

90 2757 195 35 FRANKTON
310 2755 207 34 JUNCTION

251 2790 113 33 HOTEL.

87 2849 203 31 •QASSENGERS
305 2849 26 25 by
348 2848 52 19 train
417 2850 20 16 to
452 2846 65 21 Aiick'

277 2876 54 19 ]nnd.

89 2925 156 28 TRAINS
254 2926 70 30 stop
330 2923 42 26 20
379 2923 139 26 minutes

101 2964 21 14 at
128 2960 34 18 the
171 2958 104 19 Erankton
283 2957 95 19 Junction
388 2957 30 18 for
426 2956 79 18 dinner.

112 2986 43 19 'Die
177 2984 136 24 undersigned
342 2983 37 18 lias
411 2982 43 19 first
468 2981 51 19 class

86 3011 65 20 Jleals
164 3011 62 23 ready
236 3010 39 19 and
286 3009 71 19 served
365 3015 25 12 <>n
407 3007 73 20 arrival
498 3007 22 19 of

87 3038 26 19 nil
125 3037 70 20 trains.

90 3069 218 46 William
340 3065 176 54 Geaeh,

143 3128 318 25 PROPRIETOR.

90 3182 146 24 Hancock's
244 3180 97 23 XXXX
348 3179 63 24 Ales
419 3178 101 29 always

219 3214 32 16 on
262 3206 126 28 Draught.

94 3254 117 32 UNITED
231 3251 185 34 INSURANCE
437 3250 82 36 COY.,

238 3290 127 21 LIMITED.

151 3344 152 27 CAPITAL,
318 3341 143 29 £500,000.

90 3396 92 47 FIKE
191 3396 52 19 risks
251 3396 20 18 of
279 3394 28 21 all
315 3395 73 18 classes
394 3392 126 21 undertaken

159 3425 20 16 at
190 3422 69 19 lowest
269 3424 80 16 current
359 3424 59 15 rates.

91 3457 74 19 Claims
174 3457 71 19 settled
256 3456 101 25 promptly
368 3455 39 18 and
420 3453 100 25 liberally.

103 3506 46 18 New
159 3505 82 18 Zealand
251 3505 55 17 Head
315 3504 63 19 Office,
387 3503 123 22 Wellington.

126 3533 89 18 Resident
224 3532 46 20 See.,
280 3532 67 17 James
356 3530 18 19 S.
387 3531 100 17 Jameson.

215 3561 98 17 Auckland
324 3561 73 21 Agent:

153 3589 23 17 A.
189 3588 108 21 Heather,
307 3588 76 17 Custom
391 3587 68 17 Street.

223 3620 83 17 Rotorua
315 3619 75 22 Agent:

138 3648 22 18 F.
173 3649 22 16 F.
203 3648 68 20 Watt,
284 3648 117 18 Chronicle
412 3645 63 19 Office.

114 3693 42 44 J.
185 3690 48 46 R.
266 3689 238 50 LDJNDOJM,

226 3751 164 23 SOLICITOR,

117 3782 29 19 26,
158 3780 213 19 SIIORTLAND-STIiEET,
381 3779 119 17 AUCKLAND.

92 3827 55 18 N.B.-
170 3826 77 17 Attends
256 3826 78 20 country
344 3825 67 17 Courts
418 3824 26 22 hy
456 3823 68 23 special

94 3849 137 24 atTangement.

150 3893 115 49 FOR
301 3892 162 46 SALE.

93 4029 111 46 TOTAE
207 4027 61 21 AHO
274 4028 13 19 U
292 4027 33 20 SE
331 4026 112 24 BLOCKS,
449 4026 29 19 Sh
483 4026 31 19 ain-

160 4062 31 12 ers
211 4054 39 19 and
260 4054 136 19 Government
406 4051 39 18 size
458 4050 64 23 Posts,

93 4083 22 19 in
125 4088 40 19 any
176 4081 101 25 quantity,
289 4077 101 21 delivered
400 4079 21 16 to
431 4083 39 18 any
479 4080 45 21 part

92 4109 22 19 of
123 4109 36 18 the
168 4104 181 26 district.—Apply
362 4106 21 16 at
392 4102 35 20 the
438 4102 86 19 Auction

90 4134 63 20 Moit.

274 4158 20 18 J.
312 4156 28 19 H.
353 4154 118 21 TAYLOE.

692 347 55 20 ASK
764 346 54 19 FOR

539 395 417 51 HANCOCKS

662 469 184 23 CELEBEATED

649 578 210 50 ALES,

669 647 57 13 MADE
734 646 56 13 I'l'.OM
799 644 41 13 THE

539 689 115 33 FINEST
682 687 87 32 MALT
791 686 63 31 AND
872 684 97 36 HOPS,

577 780 51 15 FKEK
642 780 53 15 FROM
710 779 38 14 AIX
762 774 127 18 AMISEjTICS
901 776 26 14 Oil

643 803 140 16 DKl.KTKliliit'sS
802 803 63 13 ACIDS.

539 877 139 32 GAPT/UN
701 875 83 32 COOK
801 874 168 36 BREWERY,

642 927 193 21 NEWMARKET.

583 995 125 19 PUKEROA
717 994 71 18 HALL
796 992 126 19 ROTORUA.

562 1042 105 21 FRIDAY,
686 1042 15 17 &
719 1039 136 19 SATURDAY
864 1038 77 18 NEXT.

555 1088 121 19 POPULAR
684 1085 222 20 ENTERTAINMENT
915 1082 36 19 BY

539 1121 54 45 W.
621 1116 346 50 MMK,EHZ\E,

538 1183 43 16 The
597 1181 85 19 Famotts
704 1180 120 19 SCOTTISH
846 1177 124 18 VOCALIST

651 1205 53 17 AND
715 1202 141 20 HUMORIST.

678 1234 114 15 SUrPOHTED
804 1234 26 14 BY

557 1258 71 23 l/TI'SS
661 1258 127 19 TESSIE
863 1256 107 17 LOVER

596 1307 103 20 Charming
708 1304 101 19 Character
821 1303 89 19 Vocalist,

584 1334 72 18 MISS
670 1331 112 20 LOUISE
797 1330 124 22 AYLETT,

641 1357 33 17 the
682 1356 83 22 Pojmlar
774 1354 90 24 Soprano,

560 1381 53 17 AND
628 1381 16 16 A
658 1378 143 19 POWERFUL
814 1376 132 19 COMPANY.

539 1411 109 33 MUSIC
678 1410 102 18 DANCES
797 1410 15 17 &
840 1409 26 24 C
870 1409 53 17 ONG
939 1408 16 17 &

590 1435 64 17 IRTH
679 1433 124 18 RECITALS
840 1429 99 22 OTORY

639 1465 121 18 POPULAR
774 1464 96 18 PRICES.

630 1521 247 39 MASSAGE.

539 1573 88 43 MISS
644 1572 106 20 PHASER,
766 1569 89 25 qualified
872 1570 99 18 American

612 1596 102 20 Masseusd,
725 1594 82 22 recently
821 1594 48 16 from
884 1593 86 20 London,

539 1621 13 16 is
565 1618 92 24 prepared
670 1620 21 16 to
704 1617 66 18 attend
786 1616 83 24 patients
885 1623 24 11 on
926 1621 45 18 very

539 1642 93 19 moderate
641 1643 64 17 terms.

561 1666 36 17 She
605 1666 34 16 hiis
648 1665 38 18 had
696 1670 56 16 many
760 1664 59 22 years'
830 1663 108 23 experience
952 1663 18 16 in

539 1689 30 18 the
585 1689 109 20 treatment,
712 1688 38 17 and
769 1687 16 17 is
800 1686 117 22 thoroughly
939 1691 22 12 ac-

540 1711 87 24 quainted
637 1712 45 17 with
692 1711 32 18 the
734 1711 72 22 System
816 1710 20 18 of
846 1710 27 16 Dr
887 1710 19 16 S.
922 1708 50 18 Weil-

540 1735 89 19 Mitchell,
640 1736 20 16 of
668 1733 137 24 Philadelphia,
816 1733 30 17 far
854 1733 32 17 the
896 1738 43 11 euro
952 1732 21 18 of

539 1759 77 16 General
626 1758 91 22 Debility.
724 1757 134 19 Nervousness,
868 1755 103 21 Insomnia,

540 1782 109 22 Dvspepsia,
659 1782 39 19 &c,
708 1780 32 18 &c.

659 1805 34 19 C/o

631 1827 96 22 Bathgate
740 1827 70 19 House,

592 1857 21 11 or
625 1851 46 17 Hot
680 1850 68 18 Lakes
757 1850 118 19 Ciibonicle
884 1848 63 18 Offiee.

701 1969 45 22 >-*■
774 1968 19 17 >
808 1966 34 24 :\~

560 1983 281 33 i*W;!MO2&^2

541 2037 216 46 Rotorua
800 2037 152 45 Tours

541 2136 188 44 I)ASSENGERS
738 2139 19 15 to
767 2137 84 17 Rotorua
859 2142 31 11 are
897 2136 76 18 advised

604 2161 43 16 that
656 2167 12 10 a
680 2161 76 21 regular
768 2160 50 22 daily
832 2160 56 17 coach
905 2159 69 19 service

541 2183 83 18 between
633 2183 91 18 Okoroire
733 2183 38 17 and
781 2183 84 17 Rotorua
880 2183 37 16 and
934 2183 40 18 vice

541 2212 51 11 versa
601 2207 15 16 is
625 2212 42 11 now
677 2206 89 21 running.

563 2230 39 17 The
611 2229 116 24 advantages
733 2230 19 17 of
760 2229 37 18 this
802 2229 54 18 route
860 2234 32 13 are
896 2234 65 13 numer-

541 2258 38 16 ous,
590 2258 10 11 a
609 2253 103 17 somewhat
727 2253 72 17 tedious
808 2253 77 21 railway
893 2252 81 24 journey

541 2276 14 17 is
563 2276 77 20 broken,
651 2276 38 17 and
697 2276 32 17 the
746 2279 53 14 route
816 2277 90 16 traverses
924 2282 50 11 some

541 2300 19 16 of
578 2300 33 16 the
627 2299 85 17 loveliest
729 2299 51 17 Bush
798 2299 79 22 Scenery
894 2299 19 17 in
927 2299 47 17 New

541 2321 87 19 Zealand.

579 2353 106 22 FARES,
701 2354 42 17 10s
752 2352 83 19 EACH
847 2353 83 19 WAY.

541 2382 91 22 Special
649 2382 165 22 Conveyances
832 2386 43 13 can
894 2381 30 18 be
941 2387 22 12 ar-

687 2404 87 23 ranged
783 2404 42 18 for.

541 2451 75 19 Leave
617 2451 135 18 —Okoroire
762 2451 35 18 for
811 2451 103 18 Rotorua
928 2451 47 18 and

609 2474 221 19 Whakare-warewa
859 2474 62 23 daily
950 2476 25 17 at

613 2498 29 18 10
650 2497 52 19 a'm.

541 2521 205 18 Leave--Rotorua
755 2521 45 17 and-

609 2549 63 14 rewa
688 2545 36 17 for
738 2544 116 22 Okoroire,
871 2544 62 23 daily
950 2545 25 18 at

612 2568 29 17 10
649 2573 52 13 a.m.

563 2595 31 17 All
615 2600 111 18 passengers
747 2600 25 12 an
794 2594 76 19 advised
891 2596 19 16 to
926 2596 49 17 avail

541 2618 111 18 themselves
661 2619 20 17 of
689 2618 38 18 tin's
745 2618 60 18 Route
820 2624 20 12 os
855 2617 90 19 Okoroire
959 2618 16 18 is

541 2647 35 11 one
591 2642 20 16 of
622 2642 32 16 the
663 2642 51 16 show
724 2641 62 23 places
803 2642 20 16 of
839 2642 32 16 the
887 2641 87 18 Thermal

541 2665 84 19 District,
648 2665 38 17 and
700 2671 25 11 no
741 2665 44 16 visit
799 2666 20 15 to
835 2665 33 16 the
882 2665 61 17 Lakes
960 2665 15 17 is

541 2688 92 22 complete
642 2688 81 17 without
729 2688 24 16 its
759 2687 97 17 inclusion.

564 2711 73 22 Special
646 2711 94 17 attention
752 2711 16 16 is
781 2710 59 18 called
854 2712 20 16 to
887 2711 32 18 the
936 2712 39 16 fact

541 2734 41 17 that
592 2740 10 11 a
611 2735 57 16 coach
678 2734 60 17 leaves
753 2733 84 18 Rotorua
846 2734 36 17 and
893 2735 65 16 Whaka-

541 2763 99 11 rewaiewa
649 2763 24 10 on
683 2757 77 22 Sunday
769 2760 20 14 at
799 2758 21 15 10
829 2763 43 11 a.m.

676 2804 163 16 KCENTS:

541 2825 72 17 THOS.
627 2825 68 17 COOK
714 2825 14 16 &
748 2825 54 19 SON,
820 2825 99 17 Auckland
938 2825 37 17 and

577 2948 84 37 <f&;

579 3045 138 19 rotoi.ua
732 3044 107 20 jockey
855 3043 80 19 club.

563 3095 10 10 *
607 3093 131 21 MEETING
750 3094 21 18 of
787 3093 34 19 the
837 3092 101 20 Stewards
955 3093 21 18 of

580 3124 12 16 L
622 3121 34 19 the
667 3120 64 19 above
740 3119 53 20 Club
804 3119 39 19 will
854 3119 47 18 take
920 3119 56 24 place

543 3147 20 19 in
573 3147 58 19 Lake
642 3147 70 18 Houso
730 3145 58 19 Hotel
799 3152 24 11 on
832 3145 74 24 Friday
915 3151 49 12 even-

543 3173 37 25 ing
589 3176 55 19 next,
656 3176 21 15 at
687 3175 11 15 8
708 3172 82 22 o'clock,
801 3172 32 17 for
844 3172 34 18 the
888 3177 87 18 purpose

543 3200 20 18 of
574 3198 103 26 receiving
684 3197 153 20 balance-sheet
847 3197 40 19 and
901 3199 74 22 report.

569 3225 20 19 A
598 3224 37 19 lull
647 3224 119 19 attendance
780 3224 17 17 is
807 3222 114 26 requested.

660 3250 22 19 T.
693 3251 21 18 C.
730 3247 165 24 URQUIIAIIT,

841 3275 54 18 Hon.
906 3274 42 19 Sec.

677 3335 63 23 FOE
758 3334 81 24 SALE

749 3433 21 17 T.
783 3433 19 17 J.
816 3432 138 18 ROBINSON.

663 3488 63 19 paper
745 3481 40 19 and
801 3480 114 25 Envelopes
931 3479 47 20 with

627 3508 79 25 printed
721 3507 88 25 heading
820 3509 21 16 nt
850 3506 65 25 cheap
922 3509 56 16 rates

545 3540 21 14 at
577 3535 107 19 Chronicle
698 3534 62 18 office.

1016 4242 104 38 Ask
1147 4243 71 37 for
1243 4239 276 40 Hancock's
1549 4239 130 40 Celet
1691 4240 135 38 rated
1877 4239 189 40 XXXX
2092 4239 113 41 Ales
2232 4243 94 37 and
2352 4241 148 39 Stout.
