<?xml version="1.0" encoding="UTF-8"?>
<alto xmlns:xsi="http://www.w3.org/2001/XMLSchema-instance" xsi:noNamespaceSchemaLocation="//docstorage2/impdata1/docWORKS_KBNL/schema/alto-1-2.xsd" xmlns:xlink="http://www.w3.org/TR/xlink">
	<Description>
		<MeasurementUnit>mm10</MeasurementUnit>
		<sourceImageInformation>
			<fileName>//docstorage2/impdata3/IN/NZ_7/HLC/1896/HLC_18960205/PM_01/0004.tif</fileName>
		</sourceImageInformation>
		<OCRProcessing ID="OCRPROCESSING_1">
			<preProcessingStep>
				<processingSoftware>
					<softwareCreator>CCS Content Conversion Specialists GmbH, Germany</softwareCreator>
					<softwareName>CCS docWORKS</softwareName>
					<softwareVersion>6.6-1.8</softwareVersion>
				</processingSoftware>
			</preProcessingStep>
			<ocrProcessingStep>
				<processingSoftware>
					<softwareCreator>ABBYY (BIT Software), Russia</softwareCreator>
					<softwareName>FineReader</softwareName>
					<softwareVersion>10.0</softwareVersion>
				</processingSoftware>
			</ocrProcessingStep>
		</OCRProcessing>
		<OCRProcessing ID="OCRPROCESSING_2">
			<preProcessingStep>
				<processingSoftware>
					<softwareCreator>CCS Content Conversion Specialists GmbH, Germany</softwareCreator>
					<softwareName>CCS docWORKS</softwareName>
					<softwareVersion>6.6-1.8</softwareVersion>
				</processingSoftware>
			</preProcessingStep>
			<ocrProcessingStep>
				<processingSoftware>
					<softwareCreator>ABBYY (BIT Software), Russia</softwareCreator>
					<softwareName>FineReader</softwareName>
					<softwareVersion>10.0</softwareVersion>
				</processingSoftware>
			</ocrProcessingStep>
		</OCRProcessing>
	</Description>
	<Styles>
		<TextStyle ID="TXT_0" FONTSIZE="10" FONTFAMILY="Times New Roman"/>
		<TextStyle ID="TXT_1" FONTSIZE="8" FONTFAMILY="Times New Roman"/>
		<TextStyle ID="TXT_2" FONTSIZE="6" FONTFAMILY="Times New Roman"/>
		<TextStyle ID="TXT_3" FONTSIZE="7" FONTFAMILY="Times New Roman"/>
		<TextStyle ID="TXT_4" FONTSIZE="27" FONTFAMILY="Arial"/>
		<TextStyle ID="TXT_5" FONTSIZE="15" FONTFAMILY="Times New Roman"/>
		<TextStyle ID="TXT_6" FONTSIZE="12" FONTFAMILY="Times New Roman" FONTSTYLE="bold"/>
		<TextStyle ID="TXT_7" FONTSIZE="7" FONTFAMILY="Times New Roman" FONTSTYLE="italics"/>
		<TextStyle ID="TXT_8" FONTSIZE="4" FONTFAMILY="Times New Roman"/>
		<TextStyle ID="TXT_9" FONTSIZE="9" FONTFAMILY="Times New Roman" FONTSTYLE="bold"/>
		<TextStyle ID="TXT_10" FONTSIZE="10" FONTFAMILY="Times New Roman"/>
		<TextStyle ID="TXT_11" FONTSIZE="13" FONTFAMILY="Arial" FONTSTYLE="bold"/>
		<TextStyle ID="TXT_12" FONTSIZE="9" FONTFAMILY="Times New Roman"/>
		<TextStyle ID="TXT_13" FONTSIZE="15" FONTFAMILY="Arial" FONTSTYLE="bold"/>
		<TextStyle ID="TXT_14" FONTSIZE="12" FONTFAMILY="Arial"/>
		<TextStyle ID="TXT_15" FONTSIZE="24" FONTFAMILY="Times New Roman"/>
		<TextStyle ID="TXT_16" FONTSIZE="10" FONTFAMILY="Times New Roman" FONTSTYLE="bold"/>
		<TextStyle ID="TXT_17" FONTSIZE="25" FONTFAMILY="Arial"/>
		<TextStyle ID="TXT_18" FONTSIZE="21" FONTFAMILY="Times New Roman"/>
		<TextStyle ID="TXT_19" FONTSIZE="20" FONTFAMILY="Arial"/>
		<TextStyle ID="TXT_20" FONTSIZE="27" FONTFAMILY="Times New Roman"/>
		<TextStyle ID="TXT_21" FONTSIZE="7" FONTFAMILY="Times New Roman" FONTSTYLE="bold"/>
		<TextStyle ID="TXT_22" FONTSIZE="23" FONTFAMILY="Times New Roman"/>
		<TextStyle ID="TXT_23" FONTSIZE="14" FONTFAMILY="Times New Roman"/>
		<TextStyle ID="TXT_24" FONTSIZE="14" FONTFAMILY="Times New Roman" FONTSTYLE="bold"/>
		<TextStyle ID="TXT_25" FONTSIZE="29" FONTFAMILY="Times New Roman"/>
		<TextStyle ID="TXT_26" FONTSIZE="16" FONTFAMILY="Times New Roman" FONTSTYLE="bold"/>
		<TextStyle ID="TXT_27" FONTSIZE="12" FONTFAMILY="Times New Roman"/>
		<TextStyle ID="TXT_28" FONTSIZE="5" FONTFAMILY="Times New Roman" FONTSTYLE="bold"/>
		<TextStyle ID="TXT_29" FONTSIZE="32" FONTFAMILY="Arial" FONTSTYLE="bold"/>
		<TextStyle ID="TXT_30" FONTSIZE="36" FONTFAMILY="Arial" FONTSTYLE="bold"/>
		<TextStyle ID="TXT_31" FONTSIZE="9" FONTFAMILY="Times New Roman" FONTSTYLE="italics"/>
		<TextStyle ID="TXT_32" FONTSIZE="16" FONTFAMILY="Times New Roman"/>
		<TextStyle ID="TXT_33" FONTSIZE="16" FONTFAMILY="Times New Roman" FONTSTYLE="italics"/>
		<TextStyle ID="TXT_34" FONTSIZE="13" FONTFAMILY="Times New Roman"/>
		<TextStyle ID="TXT_35" FONTSIZE="13" FONTFAMILY="Times New Roman" FONTSTYLE="italics"/>
		<TextStyle ID="TXT_36" FONTSIZE="21" FONTFAMILY="Times New Roman" FONTSTYLE="italics"/>
		<TextStyle ID="TXT_37" FONTSIZE="11" FONTFAMILY="Times New Roman"/>
		<TextStyle ID="TXT_38" FONTSIZE="11" FONTFAMILY="Times New Roman" FONTSTYLE="italics"/>
		<TextStyle ID="TXT_39" FONTSIZE="6" FONTFAMILY="Arial" FONTSTYLE="bold"/>
		<TextStyle ID="TXT_40" FONTSIZE="15" FONTFAMILY="Times New Roman" FONTSTYLE="bold"/>
		<TextStyle ID="TXT_41" FONTSIZE="8" FONTFAMILY="Arial" FONTSTYLE="bold"/>
		<TextStyle ID="TXT_42" FONTSIZE="6" FONTFAMILY="Times New Roman" FONTSTYLE="italics"/>
		<TextStyle ID="TXT_43" FONTSIZE="17" FONTFAMILY="Arial" FONTSTYLE="bold"/>
		<TextStyle ID="TXT_44" FONTSIZE="19" FONTFAMILY="Times New Roman" FONTSTYLE="bold"/>
		<TextStyle ID="TXT_45" FONTSIZE="8" FONTFAMILY="Times New Roman" FONTSTYLE="bold"/>
		<TextStyle ID="TXT_46" FONTSIZE="14" FONTFAMILY="Times New Roman" FONTSTYLE="bold italics"/>
		<TextStyle ID="TXT_47" FONTSIZE="7" FONTFAMILY="Arial" FONTSTYLE="bold"/>
		<TextStyle ID="TXT_48" FONTSIZE="10" FONTFAMILY="Arial" FONTSTYLE="bold"/>
		<TextStyle ID="TXT_49" FONTSIZE="10" FONTFAMILY="Arial"/>
		<TextStyle ID="TXT_50" FONTSIZE="18" FONTFAMILY="Arial"/>
		<ParagraphStyle ID="PAR_RIGHT" ALIGN="Right"/>
		<ParagraphStyle ID="PAR_BLOCK" ALIGN="Block"/>
		<ParagraphStyle ID="PAR_CENTER" ALIGN="Center"/>
		<ParagraphStyle ID="PAR_LEFT" ALIGN="Left"/>
	</Styles>
	<Layout>
		<Page ID="P4" PHYSICAL_IMG_NR="4" HEIGHT="4235" WIDTH="3288" ACCURACY="98.65" PC="0.827">
			<TopMargin ID="P4_TM00001" HPOS="0" VPOS="0" WIDTH="3288" HEIGHT="76"/>
			<LeftMargin ID="P4_LM00001" HPOS="0" VPOS="76" WIDTH="91" HEIGHT="4091"/>
			<RightMargin ID="P4_RM00001" HPOS="3273" VPOS="76" WIDTH="15" HEIGHT="4091"/>
			<BottomMargin ID="P4_BM00001" HPOS="0" VPOS="4167" WIDTH="3288" HEIGHT="68"/>
			<PrintSpace ID="P4_PS00001" HPOS="91" VPOS="76" WIDTH="3182" HEIGHT="4091">
				<TextBlock ID="P4_TB00001" HPOS="2845" VPOS="123" WIDTH="428" HEIGHT="22" STYLEREFS="TXT_0 PAR_RIGHT">
					<TextLine ID="P4_TL00001" HPOS="2847" VPOS="123" WIDTH="326" HEIGHT="21">
						<String ID="P4_ST00001" HPOS="2847" VPOS="124" WIDTH="157" HEIGHT="20" CONTENT="PACIFYING" WC="0.98" CC="775075377"/>
						<SP ID="P4_SP00001" HPOS="3004" VPOS="144" WIDTH="8"/>
						<String ID="P4_ST00002" HPOS="3012" VPOS="124" WIDTH="19" HEIGHT="19" CONTENT="A" WC="0.26" CC="7"/>
						<SP ID="P4_SP00002" HPOS="3031" VPOS="144" WIDTH="9"/>
						<String ID="P4_ST00003" HPOS="3040" VPOS="123" WIDTH="133" HEIGHT="20" CONTENT="MADMAN." WC="0.97" CC="8788084"/>
					</TextLine>
				</TextBlock>
				<TextBlock ID="P4_TB00002" HPOS="2797" VPOS="160" WIDTH="476" HEIGHT="681" STYLEREFS="TXT_0 PAR_BLOCK">
					<TextLine ID="P4_TL00002" HPOS="2822" VPOS="175" WIDTH="407" HEIGHT="25">
						<String ID="P4_ST00004" HPOS="2822" VPOS="177" WIDTH="18" HEIGHT="18" CONTENT="A" WC="0.97" CC="0"/>
						<SP ID="P4_SP00003" HPOS="2840" VPOS="195" WIDTH="20"/>
						<String ID="P4_ST00005" HPOS="2860" VPOS="175" WIDTH="127" HEIGHT="19" CONTENT="remarkable" WC="0.98" CC="5987878015"/>
						<SP ID="P4_SP00004" HPOS="2987" VPOS="195" WIDTH="19"/>
						<String ID="P4_ST00006" HPOS="3006" VPOS="182" WIDTH="58" HEIGHT="12" CONTENT="scene" WC="0.96" CC="68374"/>
						<SP ID="P4_SP00005" HPOS="3064" VPOS="195" WIDTH="20"/>
						<String ID="P4_ST00007" HPOS="3084" VPOS="182" WIDTH="40" HEIGHT="12" CONTENT="was" WC="0.93" CC="909"/>
						<SP ID="P4_SP00006" HPOS="3124" VPOS="195" WIDTH="18"/>
						<String ID="P4_ST00008" HPOS="3142" VPOS="175" WIDTH="87" HEIGHT="25" CONTENT="recently" WC="0.98" CC="72798108"/>
					</TextLine>
					<TextLine ID="P4_TL00003" HPOS="2797" VPOS="201" WIDTH="432" HEIGHT="20">
						<String ID="P4_ST00009" HPOS="2797" VPOS="202" WIDTH="107" HEIGHT="19" CONTENT="witnessed" WC="0.98" CC="727755706"/>
						<SP ID="P4_SP00007" HPOS="2904" VPOS="221" WIDTH="10"/>
						<String ID="P4_ST00010" HPOS="2914" VPOS="201" WIDTH="79" HEIGHT="19" CONTENT="outside" WC="0.97" CC="0047787"/>
						<SP ID="P4_SP00008" HPOS="2993" VPOS="221" WIDTH="9"/>
						<String ID="P4_ST00011" HPOS="3002" VPOS="201" WIDTH="35" HEIGHT="18" CONTENT="the" WC="0.91" CC="878"/>
						<SP ID="P4_SP00009" HPOS="3037" VPOS="221" WIDTH="9"/>
						<String ID="P4_ST00012" HPOS="3046" VPOS="201" WIDTH="72" HEIGHT="19" CONTENT="Lolian" WC="0.20" CC="697778"/>
						<SP ID="P4_SP00010" HPOS="3118" VPOS="221" WIDTH="14"/>
						<String ID="P4_ST00013" HPOS="3132" VPOS="201" WIDTH="97" HEIGHT="19" CONTENT="Barracks" WC="0.97" CC="96727978"/>
					</TextLine>
					<TextLine ID="P4_TL00004" HPOS="2798" VPOS="227" WIDTH="431" HEIGHT="25">
						<String ID="P4_ST00014" HPOS="2798" VPOS="229" WIDTH="20" HEIGHT="18" CONTENT="in" WC="0.32" CC="67"/>
						<SP ID="P4_SP00011" HPOS="2818" VPOS="247" WIDTH="11"/>
						<String ID="P4_ST00015" HPOS="2829" VPOS="228" WIDTH="64" HEIGHT="19" CONTENT="Paris." WC="0.98" CC="764600"/>
						<SP ID="P4_SP00012" HPOS="2893" VPOS="247" WIDTH="27"/>
						<String ID="P4_ST00016" HPOS="2920" VPOS="227" WIDTH="65" HEIGHT="25" CONTENT="Early" WC="0.97" CC="74064"/>
						<SP ID="P4_SP00013" HPOS="2985" VPOS="252" WIDTH="8"/>
						<String ID="P4_ST00017" HPOS="2993" VPOS="233" WIDTH="38" HEIGHT="12" CONTENT="one" WC="0.94" CC="780"/>
						<SP ID="P4_SP00014" HPOS="3031" VPOS="252" WIDTH="8"/>
						<String ID="P4_ST00018" HPOS="3039" VPOS="227" WIDTH="97" HEIGHT="25" CONTENT="morning" WC="0.97" CC="6537087"/>
						<SP ID="P4_SP00015" HPOS="3136" VPOS="252" WIDTH="18"/>
						<String ID="P4_ST00019" HPOS="3154" VPOS="233" WIDTH="11" HEIGHT="12" CONTENT="a" WC="0.50" CC="4"/>
						<SP ID="P4_SP00016" HPOS="3165" VPOS="252" WIDTH="18"/>
						<String ID="P4_ST00020" HPOS="3183" VPOS="233" WIDTH="46" HEIGHT="13" CONTENT="man" WC="0.92" CC="678"/>
					</TextLine>
					<TextLine ID="P4_TL00005" HPOS="2798" VPOS="253" WIDTH="431" HEIGHT="25">
						<String ID="P4_ST00021" HPOS="2798" VPOS="254" WIDTH="107" HEIGHT="24" CONTENT="presented" WC="0.98" CC="790806600"/>
						<SP ID="P4_SP00017" HPOS="2905" VPOS="278" WIDTH="9"/>
						<String ID="P4_ST00022" HPOS="2914" VPOS="253" WIDTH="83" HEIGHT="19" CONTENT="himself" WC="0.97" CC="8095908"/>
						<SP ID="P4_SP00018" HPOS="2997" VPOS="278" WIDTH="9"/>
						<String ID="P4_ST00023" HPOS="3006" VPOS="255" WIDTH="20" HEIGHT="16" CONTENT="at" WC="0.51" CC="90"/>
						<SP ID="P4_SP00019" HPOS="3026" VPOS="278" WIDTH="10"/>
						<String ID="P4_ST00024" HPOS="3036" VPOS="253" WIDTH="34" HEIGHT="18" CONTENT="the" WC="0.96" CC="073"/>
						<SP ID="P4_SP00020" HPOS="3070" VPOS="278" WIDTH="8"/>
						<String ID="P4_ST00025" HPOS="3078" VPOS="253" WIDTH="87" HEIGHT="19" CONTENT="Lunatic" WC="0.98" CC="6080066"/>
						<SP ID="P4_SP00021" HPOS="3165" VPOS="278" WIDTH="17"/>
						<String ID="P4_ST00026" HPOS="3182" VPOS="253" WIDTH="36" HEIGHT="23" CONTENT="Asy" SUBS_TYPE="HypPart1" SUBS_CONTENT="Asylum's'" WC="0.95" CC="668"/>
						<HYP HPOS="3218" VPOS="253" WIDTH="11" CONTENT="-"/>
					</TextLine>
					<TextLine ID="P4_TL00006" HPOS="2799" VPOS="278" WIDTH="433" HEIGHT="24">
						<String ID="P4_ST00027" HPOS="2799" VPOS="280" WIDTH="65" HEIGHT="19" CONTENT="lum's'" SUBS_TYPE="HypPart2" SUBS_CONTENT="Asylum's'" WC="0.97" CC="176085"/>
						<SP ID="P4_SP00022" HPOS="2864" VPOS="299" WIDTH="8"/>
						<String ID="P4_ST00028" HPOS="2872" VPOS="280" WIDTH="61" HEIGHT="22" CONTENT="office," WC="0.99" CC="4111730"/>
						<SP ID="P4_SP00023" HPOS="2933" VPOS="302" WIDTH="18"/>
						<String ID="P4_ST00029" HPOS="2951" VPOS="278" WIDTH="40" HEIGHT="19" CONTENT="and" WC="0.93" CC="909"/>
						<SP ID="P4_SP00024" HPOS="2991" VPOS="302" WIDTH="14"/>
						<String ID="P4_ST00030" HPOS="3005" VPOS="279" WIDTH="65" HEIGHT="18" CONTENT="stated" WC="0.98" CC="847000"/>
						<SP ID="P4_SP00025" HPOS="3070" VPOS="302" WIDTH="19"/>
						<String ID="P4_ST00031" HPOS="3089" VPOS="278" WIDTH="25" HEIGHT="19" CONTENT="he" WC="0.47" CC="72"/>
						<SP ID="P4_SP00026" HPOS="3114" VPOS="302" WIDTH="19"/>
						<String ID="P4_ST00032" HPOS="3133" VPOS="278" WIDTH="41" HEIGHT="19" CONTENT="had" WC="0.93" CC="099"/>
						<SP ID="P4_SP00027" HPOS="3174" VPOS="302" WIDTH="17"/>
						<String ID="P4_ST00033" HPOS="3191" VPOS="278" WIDTH="41" HEIGHT="24" CONTENT="just" WC="0.95" CC="6576"/>
					</TextLine>
					<TextLine ID="P4_TL00007" HPOS="2799" VPOS="304" WIDTH="433" HEIGHT="26">
						<String ID="P4_ST00034" HPOS="2799" VPOS="305" WIDTH="85" HEIGHT="25" CONTENT="escaped" WC="0.97" CC="1780686"/>
						<SP ID="P4_SP00028" HPOS="2884" VPOS="330" WIDTH="9"/>
						<String ID="P4_ST00035" HPOS="2893" VPOS="306" WIDTH="54" HEIGHT="18" CONTENT="from" WC="0.98" CC="1009"/>
						<SP ID="P4_SP00029" HPOS="2947" VPOS="330" WIDTH="9"/>
						<String ID="P4_ST00036" HPOS="2956" VPOS="312" WIDTH="12" HEIGHT="11" CONTENT="a" WC="0.25" CC="7"/>
						<SP ID="P4_SP00030" HPOS="2968" VPOS="330" WIDTH="6"/>
						<String ID="P4_ST00037" HPOS="2974" VPOS="304" WIDTH="118" HEIGHT="19" CONTENT="madhouse." WC="0.98" CC="068975940"/>
						<SP ID="P4_SP00031" HPOS="3092" VPOS="330" WIDTH="27"/>
						<String ID="P4_ST00038" HPOS="3119" VPOS="304" WIDTH="43" HEIGHT="19" CONTENT="The" WC="0.96" CC="604"/>
						<SP ID="P4_SP00032" HPOS="3162" VPOS="330" WIDTH="5"/>
						<String ID="P4_ST00039" HPOS="3167" VPOS="304" WIDTH="65" HEIGHT="19" CONTENT="clerks" WC="0.98" CC="741307"/>
					</TextLine>
					<TextLine ID="P4_TL00008" HPOS="2801" VPOS="330" WIDTH="432" HEIGHT="25">
						<String ID="P4_ST00040" HPOS="2801" VPOS="337" WIDTH="51" HEIGHT="13" CONTENT="were" WC="0.97" CC="0365"/>
						<SP ID="P4_SP00033" HPOS="2852" VPOS="350" WIDTH="15"/>
						<String ID="P4_ST00041" HPOS="2867" VPOS="331" WIDTH="78" HEIGHT="24" CONTENT="greatly" WC="0.98" CC="7302069"/>
						<SP ID="P4_SP00034" HPOS="2945" VPOS="355" WIDTH="19"/>
						<String ID="P4_ST00042" HPOS="2964" VPOS="330" WIDTH="95" HEIGHT="23" CONTENT="alarmed," WC="0.98" CC="03727360"/>
						<SP ID="P4_SP00035" HPOS="3059" VPOS="355" WIDTH="22"/>
						<String ID="P4_ST00043" HPOS="3081" VPOS="330" WIDTH="36" HEIGHT="19" CONTENT="but" WC="0.94" CC="753"/>
						<SP ID="P4_SP00036" HPOS="3117" VPOS="355" WIDTH="18"/>
						<String ID="P4_ST00044" HPOS="3135" VPOS="330" WIDTH="49" HEIGHT="19" CONTENT="held" WC="0.98" CC="7010"/>
						<SP ID="P4_SP00037" HPOS="3184" VPOS="355" WIDTH="17"/>
						<String ID="P4_ST00045" HPOS="3201" VPOS="330" WIDTH="32" HEIGHT="19" CONTENT="the" WC="0.92" CC="677"/>
					</TextLine>
					<TextLine ID="P4_TL00009" HPOS="2801" VPOS="356" WIDTH="432" HEIGHT="20">
						<String ID="P4_ST00046" HPOS="2801" VPOS="358" WIDTH="70" HEIGHT="18" CONTENT="visitor" WC="0.98" CC="2572471"/>
						<SP ID="P4_SP00038" HPOS="2871" VPOS="376" WIDTH="13"/>
						<String ID="P4_ST00047" HPOS="2884" VPOS="357" WIDTH="21" HEIGHT="18" CONTENT="in" WC="0.57" CC="08"/>
						<SP ID="P4_SP00039" HPOS="2905" VPOS="376" WIDTH="13"/>
						<String ID="P4_ST00048" HPOS="2918" VPOS="356" WIDTH="139" HEIGHT="19" CONTENT="conversation" WC="0.99" CC="503206700768"/>
						<SP ID="P4_SP00040" HPOS="3057" VPOS="376" WIDTH="14"/>
						<String ID="P4_ST00049" HPOS="3071" VPOS="356" WIDTH="52" HEIGHT="18" CONTENT="until" WC="0.98" CC="66050"/>
						<SP ID="P4_SP00041" HPOS="3123" VPOS="376" WIDTH="14"/>
						<String ID="P4_ST00050" HPOS="3137" VPOS="356" WIDTH="35" HEIGHT="18" CONTENT="the" WC="0.97" CC="070"/>
						<SP ID="P4_SP00042" HPOS="3172" VPOS="376" WIDTH="15"/>
						<String ID="P4_ST00051" HPOS="3187" VPOS="357" WIDTH="37" HEIGHT="17" CONTENT="arri" SUBS_TYPE="HypPart1" SUBS_CONTENT="arri[" WC="0.54" CC="0687"/>
						<HYP HPOS="3224" VPOS="357" WIDTH="9" CONTENT="-"/>
					</TextLine>
					<TextLine ID="P4_TL00010" HPOS="2797" VPOS="381" WIDTH="436" HEIGHT="29">
						<String ID="P4_ST00052" HPOS="2797" VPOS="381" WIDTH="1" HEIGHT="29" CONTENT="[" SUBS_TYPE="HypPart2" SUBS_CONTENT="arri[" WC="0.21" CC="7"/>
						<SP ID="P4_SP00043" HPOS="2798" VPOS="410" WIDTH="4"/>
						<String ID="P4_ST00053" HPOS="2802" VPOS="384" WIDTH="33" HEIGHT="18" CONTENT="val" WC="0.57" CC="075"/>
						<SP ID="P4_SP00044" HPOS="2835" VPOS="410" WIDTH="18"/>
						<String ID="P4_ST00054" HPOS="2853" VPOS="382" WIDTH="21" HEIGHT="19" CONTENT="of" WC="0.50" CC="90"/>
						<SP ID="P4_SP00045" HPOS="2874" VPOS="410" WIDTH="9"/>
						<String ID="P4_ST00055" HPOS="2883" VPOS="384" WIDTH="46" HEIGHT="17" CONTENT="four" WC="0.94" CC="8976"/>
						<SP ID="P4_SP00046" HPOS="2929" VPOS="410" WIDTH="9"/>
						<String ID="P4_ST00056" HPOS="2938" VPOS="382" WIDTH="117" HEIGHT="25" CONTENT="policemen," WC="0.99" CC="0943009072"/>
						<SP ID="P4_SP00047" HPOS="3055" VPOS="410" WIDTH="12"/>
						<String ID="P4_ST00057" HPOS="3067" VPOS="382" WIDTH="45" HEIGHT="19" CONTENT="who" WC="0.93" CC="775"/>
						<SP ID="P4_SP00048" HPOS="3112" VPOS="410" WIDTH="9"/>
						<String ID="P4_ST00058" HPOS="3121" VPOS="382" WIDTH="112" HEIGHT="25" CONTENT="persuaded" WC="0.99" CC="005600049"/>
					</TextLine>
					<TextLine ID="P4_TL00011" HPOS="2801" VPOS="407" WIDTH="433" HEIGHT="26">
						<String ID="P4_ST00059" HPOS="2801" VPOS="408" WIDTH="36" HEIGHT="19" CONTENT="the" WC="0.91" CC="679"/>
						<SP ID="P4_SP00049" HPOS="2837" VPOS="427" WIDTH="7"/>
						<String ID="P4_ST00060" HPOS="2844" VPOS="408" WIDTH="96" HEIGHT="19" CONTENT="madman" WC="0.96" CC="898307"/>
						<SP ID="P4_SP00050" HPOS="2940" VPOS="427" WIDTH="14"/>
						<String ID="P4_ST00061" HPOS="2954" VPOS="410" WIDTH="21" HEIGHT="16" CONTENT="to" WC="0.69" CC="06"/>
						<SP ID="P4_SP00051" HPOS="2975" VPOS="427" WIDTH="14"/>
						<String ID="P4_ST00062" HPOS="2989" VPOS="414" WIDTH="122" HEIGHT="19" CONTENT="accompany" WC="0.98" CC="356089056"/>
						<SP ID="P4_SP00052" HPOS="3111" VPOS="433" WIDTH="13"/>
						<String ID="P4_ST00063" HPOS="3124" VPOS="407" WIDTH="56" HEIGHT="19" CONTENT="them" WC="0.97" CC="3740"/>
						<SP ID="P4_SP00053" HPOS="3180" VPOS="433" WIDTH="15"/>
						<String ID="P4_ST00064" HPOS="3195" VPOS="408" WIDTH="39" HEIGHT="19" CONTENT="into" WC="0.95" CC="2747"/>
					</TextLine>
					<TextLine ID="P4_TL00012" HPOS="2802" VPOS="434" WIDTH="432" HEIGHT="25">
						<String ID="P4_ST00065" HPOS="2802" VPOS="434" WIDTH="36" HEIGHT="19" CONTENT="the" WC="0.95" CC="066"/>
						<SP ID="P4_SP00054" HPOS="2838" VPOS="453" WIDTH="8"/>
						<String ID="P4_ST00066" HPOS="2846" VPOS="436" WIDTH="68" HEIGHT="18" CONTENT="street." WC="0.98" CC="5250720"/>
						<SP ID="P4_SP00055" HPOS="2914" VPOS="454" WIDTH="29"/>
						<String ID="P4_ST00067" HPOS="2943" VPOS="434" WIDTH="68" HEIGHT="18" CONTENT="When" WC="0.96" CC="4707"/>
						<SP ID="P4_SP00056" HPOS="3011" VPOS="454" WIDTH="9"/>
						<String ID="P4_ST00068" HPOS="3020" VPOS="434" WIDTH="63" HEIGHT="18" CONTENT="asked" WC="0.99" CC="06000"/>
						<SP ID="P4_SP00057" HPOS="3083" VPOS="454" WIDTH="10"/>
						<String ID="P4_ST00069" HPOS="3093" VPOS="437" WIDTH="21" HEIGHT="15" CONTENT="to" WC="0.85" CC="02"/>
						<SP ID="P4_SP00058" HPOS="3114" VPOS="454" WIDTH="9"/>
						<String ID="P4_ST00070" HPOS="3123" VPOS="436" WIDTH="44" HEIGHT="23" CONTENT="step" WC="0.97" CC="5009"/>
						<SP ID="P4_SP00059" HPOS="3167" VPOS="459" WIDTH="7"/>
						<String ID="P4_ST00071" HPOS="3174" VPOS="434" WIDTH="42" HEIGHT="19" CONTENT="into" WC="0.94" CC="7886"/>
						<SP ID="P4_SP00060" HPOS="3216" VPOS="459" WIDTH="8"/>
						<String ID="P4_ST00072" HPOS="3224" VPOS="441" WIDTH="10" HEIGHT="13" CONTENT="a" WC="0.75" CC="2"/>
					</TextLine>
					<TextLine ID="P4_TL00013" HPOS="2803" VPOS="459" WIDTH="431" HEIGHT="24">
						<String ID="P4_ST00073" HPOS="2803" VPOS="461" WIDTH="38" HEIGHT="18" CONTENT="cab" WC="0.97" CC="007"/>
						<SP ID="P4_SP00061" HPOS="2841" VPOS="479" WIDTH="10"/>
						<String ID="P4_ST00074" HPOS="2851" VPOS="461" WIDTH="26" HEIGHT="18" CONTENT="he" WC="0.26" CC="77"/>
						<SP ID="P4_SP00062" HPOS="2877" VPOS="479" WIDTH="8"/>
						<String ID="P4_ST00075" HPOS="2885" VPOS="459" WIDTH="90" HEIGHT="24" CONTENT="refused," WC="0.99" CC="60638000"/>
						<SP ID="P4_SP00063" HPOS="2975" VPOS="483" WIDTH="10"/>
						<String ID="P4_ST00076" HPOS="2985" VPOS="459" WIDTH="46" HEIGHT="22" CONTENT="and," WC="0.98" CC="1700"/>
						<SP ID="P4_SP00064" HPOS="3031" VPOS="483" WIDTH="16"/>
						<String ID="P4_ST00077" HPOS="3047" VPOS="460" WIDTH="94" HEIGHT="23" CONTENT="exerting" WC="0.98" CC="25144209"/>
						<SP ID="P4_SP00065" HPOS="3141" VPOS="483" WIDTH="18"/>
						<String ID="P4_ST00078" HPOS="3159" VPOS="460" WIDTH="28" HEIGHT="18" CONTENT="all" WC="0.98" CC="031"/>
						<SP ID="P4_SP00066" HPOS="3187" VPOS="483" WIDTH="18"/>
						<String ID="P4_ST00079" HPOS="3205" VPOS="460" WIDTH="29" HEIGHT="19" CONTENT="his" WC="0.94" CC="745"/>
					</TextLine>
					<TextLine ID="P4_TL00014" HPOS="2804" VPOS="485" WIDTH="430" HEIGHT="26">
						<String ID="P4_ST00080" HPOS="2804" VPOS="485" WIDTH="100" HEIGHT="26" CONTENT="strength," WC="0.99" CC="740067070"/>
						<SP ID="P4_SP00067" HPOS="2904" VPOS="511" WIDTH="10"/>
						<String ID="P4_ST00081" HPOS="2914" VPOS="492" WIDTH="73" HEIGHT="18" CONTENT="swung" WC="0.98" CC="70170"/>
						<SP ID="P4_SP00068" HPOS="2987" VPOS="511" WIDTH="10"/>
						<String ID="P4_ST00082" HPOS="2997" VPOS="485" WIDTH="34" HEIGHT="19" CONTENT="the" WC="0.96" CC="071"/>
						<SP ID="P4_SP00069" HPOS="3031" VPOS="511" WIDTH="10"/>
						<String ID="P4_ST00083" HPOS="3041" VPOS="485" WIDTH="91" HEIGHT="24" CONTENT="carriage" WC="0.97" CC="93595870"/>
						<SP ID="P4_SP00070" HPOS="3132" VPOS="511" WIDTH="10"/>
						<String ID="P4_ST00084" HPOS="3142" VPOS="485" WIDTH="43" HEIGHT="19" CONTENT="into" WC="0.96" CC="6712"/>
						<SP ID="P4_SP00071" HPOS="3185" VPOS="511" WIDTH="18"/>
						<String ID="P4_ST00085" HPOS="3203" VPOS="485" WIDTH="31" HEIGHT="20" CONTENT="the" WC="0.95" CC="076"/>
					</TextLine>
					<TextLine ID="P4_TL00015" HPOS="2805" VPOS="511" WIDTH="429" HEIGHT="23">
						<String ID="P4_ST00086" HPOS="2805" VPOS="511" WIDTH="74" HEIGHT="19" CONTENT="middle" WC="0.98" CC="550035"/>
						<SP ID="P4_SP00072" HPOS="2879" VPOS="530" WIDTH="10"/>
						<String ID="P4_ST00087" HPOS="2889" VPOS="512" WIDTH="22" HEIGHT="18" CONTENT="of" WC="0.59" CC="25"/>
						<SP ID="P4_SP00073" HPOS="2911" VPOS="530" WIDTH="8"/>
						<String ID="P4_ST00088" HPOS="2919" VPOS="511" WIDTH="35" HEIGHT="19" CONTENT="the" WC="0.97" CC="061"/>
						<SP ID="P4_SP00074" HPOS="2954" VPOS="530" WIDTH="10"/>
						<String ID="P4_ST00089" HPOS="2964" VPOS="511" WIDTH="55" HEIGHT="23" CONTENT="road," WC="0.96" CC="49890"/>
						<SP ID="P4_SP00075" HPOS="3019" VPOS="534" WIDTH="8"/>
						<String ID="P4_ST00090" HPOS="3027" VPOS="511" WIDTH="40" HEIGHT="18" CONTENT="and" WC="0.94" CC="960"/>
						<SP ID="P4_SP00076" HPOS="3067" VPOS="534" WIDTH="8"/>
						<String ID="P4_ST00091" HPOS="3075" VPOS="511" WIDTH="50" HEIGHT="19" CONTENT="then" WC="0.97" CC="3810"/>
						<SP ID="P4_SP00077" HPOS="3125" VPOS="534" WIDTH="8"/>
						<String ID="P4_ST00092" HPOS="3133" VPOS="511" WIDTH="63" HEIGHT="19" CONTENT="threw" WC="0.95" CC="58559"/>
						<SP ID="P4_SP00078" HPOS="3196" VPOS="534" WIDTH="7"/>
						<String ID="P4_ST00093" HPOS="3203" VPOS="512" WIDTH="31" HEIGHT="18" CONTENT="the" WC="0.92" CC="577"/>
					</TextLine>
					<TextLine ID="P4_TL00016" HPOS="2807" VPOS="537" WIDTH="428" HEIGHT="19">
						<String ID="P4_ST00094" HPOS="2807" VPOS="538" WIDTH="129" HEIGHT="18" CONTENT="unfortunate" WC="0.98" CC="97652308802"/>
						<SP ID="P4_SP00079" HPOS="2936" VPOS="556" WIDTH="15"/>
						<String ID="P4_ST00095" HPOS="2951" VPOS="537" WIDTH="66" HEIGHT="18" CONTENT="driver" WC="0.98" CC="023904"/>
						<SP ID="P4_SP00080" HPOS="3017" VPOS="556" WIDTH="17"/>
						<String ID="P4_ST00096" HPOS="3034" VPOS="537" WIDTH="52" HEIGHT="18" CONTENT="after" WC="0.97" CC="06565"/>
						<SP ID="P4_SP00081" HPOS="3086" VPOS="556" WIDTH="19"/>
						<String ID="P4_ST00097" HPOS="3105" VPOS="537" WIDTH="32" HEIGHT="18" CONTENT="his" WC="0.94" CC="753"/>
						<SP ID="P4_SP00082" HPOS="3137" VPOS="556" WIDTH="18"/>
						<String ID="P4_ST00098" HPOS="3155" VPOS="537" WIDTH="80" HEIGHT="19" CONTENT="vehicle." WC="0.99" CC="00779100"/>
					</TextLine>
					<TextLine ID="P4_TL00017" HPOS="2806" VPOS="563" WIDTH="464" HEIGHT="25">
						<String ID="P4_ST00099" HPOS="2806" VPOS="563" WIDTH="33" HEIGHT="19" CONTENT="He" WC="0.42" CC="74"/>
						<SP ID="P4_SP00083" HPOS="2839" VPOS="582" WIDTH="9"/>
						<String ID="P4_ST00100" HPOS="2848" VPOS="566" WIDTH="49" HEIGHT="16" CONTENT="next" WC="0.97" CC="7160"/>
						<SP ID="P4_SP00084" HPOS="2897" VPOS="582" WIDTH="10"/>
						<String ID="P4_ST00101" HPOS="2907" VPOS="563" WIDTH="82" HEIGHT="24" CONTENT="obliged" WC="0.99" CC="4706000"/>
						<SP ID="P4_SP00085" HPOS="2989" VPOS="587" WIDTH="10"/>
						<String ID="P4_ST00102" HPOS="2999" VPOS="563" WIDTH="33" HEIGHT="18" CONTENT="the" WC="0.94" CC="770"/>
						<SP ID="P4_SP00086" HPOS="3032" VPOS="587" WIDTH="11"/>
						<String ID="P4_ST00103" HPOS="3043" VPOS="563" WIDTH="64" HEIGHT="25" CONTENT="police" WC="0.98" CC="028470"/>
						<SP ID="P4_SP00087" HPOS="3107" VPOS="588" WIDTH="9"/>
						<String ID="P4_ST00104" HPOS="3116" VPOS="566" WIDTH="94" HEIGHT="22" CONTENT="sergeant" WC="0.98" CC="60694160"/>
						<SP ID="P4_SP00088" HPOS="3210" VPOS="588" WIDTH="10"/>
						<String ID="P4_ST00105" HPOS="3220" VPOS="566" WIDTH="16" HEIGHT="16" CONTENT="i.o" WC="0.53" CC="607"/>
						<SP ID="P4_SP00089" HPOS="3236" VPOS="588" WIDTH="33"/>
						<String ID="P4_ST00106" HPOS="3269" VPOS="563" WIDTH="1" HEIGHT="25" CONTENT="j" WC="0.46" CC="5"/>
					</TextLine>
					<TextLine ID="P4_TL00018" HPOS="2807" VPOS="588" WIDTH="431" HEIGHT="24">
						<String ID="P4_ST00107" HPOS="2807" VPOS="589" WIDTH="52" HEIGHT="19" CONTENT="walk" WC="0.96" CC="0566"/>
						<SP ID="P4_SP00090" HPOS="2859" VPOS="608" WIDTH="10"/>
						<String ID="P4_ST00108" HPOS="2869" VPOS="596" WIDTH="26" HEIGHT="12" CONTENT="on" WC="0.50" CC="36"/>
						<SP ID="P4_SP00091" HPOS="2895" VPOS="608" WIDTH="9"/>
						<String ID="P4_ST00109" HPOS="2904" VPOS="589" WIDTH="22" HEIGHT="19" CONTENT="in" WC="0.34" CC="57"/>
						<SP ID="P4_SP00092" HPOS="2926" VPOS="608" WIDTH="9"/>
						<String ID="P4_ST00110" HPOS="2935" VPOS="589" WIDTH="55" HEIGHT="18" CONTENT="front" WC="0.98" CC="05060"/>
						<SP ID="P4_SP00093" HPOS="2990" VPOS="608" WIDTH="9"/>
						<String ID="P4_ST00111" HPOS="2999" VPOS="589" WIDTH="21" HEIGHT="18" CONTENT="of" WC="0.46" CC="63"/>
						<SP ID="P4_SP00094" HPOS="3020" VPOS="608" WIDTH="13"/>
						<String ID="P4_ST00112" HPOS="3033" VPOS="588" WIDTH="49" HEIGHT="24" CONTENT="him," WC="0.98" CC="3500"/>
						<SP ID="P4_SP00095" HPOS="3082" VPOS="612" WIDTH="20"/>
						<String ID="P4_ST00113" HPOS="3102" VPOS="588" WIDTH="40" HEIGHT="19" CONTENT="and" WC="0.95" CC="508"/>
						<SP ID="P4_SP00096" HPOS="3142" VPOS="612" WIDTH="19"/>
						<String ID="P4_ST00114" HPOS="3161" VPOS="589" WIDTH="77" HEIGHT="19" CONTENT="stalked" WC="0.97" CC="7105997"/>
					</TextLine>
					<TextLine ID="P4_TL00019" HPOS="2806" VPOS="614" WIDTH="431" HEIGHT="26">
						<String ID="P4_ST00115" HPOS="2806" VPOS="615" WIDTH="84" HEIGHT="25" CONTENT="gravely" WC="0.99" CC="0400033"/>
						<SP ID="P4_SP00097" HPOS="2890" VPOS="640" WIDTH="23"/>
						<String ID="P4_ST00116" HPOS="2913" VPOS="615" WIDTH="62" HEIGHT="24" CONTENT="along" WC="0.97" CC="01579"/>
						<SP ID="P4_SP00098" HPOS="2975" VPOS="640" WIDTH="22"/>
						<String ID="P4_ST00117" HPOS="2997" VPOS="614" WIDTH="82" HEIGHT="23" CONTENT="behind," WC="0.98" CC="7077700"/>
						<SP ID="P4_SP00099" HPOS="3079" VPOS="640" WIDTH="25"/>
						<String ID="P4_ST00118" HPOS="3104" VPOS="615" WIDTH="90" HEIGHT="18" CONTENT="escorted" WC="0.99" CC="59056000"/>
						<SP ID="P4_SP00100" HPOS="3194" VPOS="640" WIDTH="17"/>
						<String ID="P4_ST00119" HPOS="3211" VPOS="615" WIDTH="26" HEIGHT="25" CONTENT="by" WC="0.31" CC="76"/>
					</TextLine>
					<TextLine ID="P4_TL00020" HPOS="2806" VPOS="636" WIDTH="467" HEIGHT="30">
						<String ID="P4_ST00120" HPOS="2806" VPOS="641" WIDTH="75" HEIGHT="19" CONTENT="several" WC="0.98" CC="8500802"/>
						<SP ID="P4_SP00101" HPOS="2881" VPOS="660" WIDTH="12"/>
						<String ID="P4_ST00121" HPOS="2893" VPOS="640" WIDTH="111" HEIGHT="26" CONTENT="guardians" WC="0.98" CC="047780077"/>
						<SP ID="P4_SP00102" HPOS="3004" VPOS="666" WIDTH="13"/>
						<String ID="P4_ST00122" HPOS="3017" VPOS="640" WIDTH="22" HEIGHT="18" CONTENT="of" WC="0.57" CC="25"/>
						<SP ID="P4_SP00103" HPOS="3039" VPOS="666" WIDTH="18"/>
						<String ID="P4_ST00123" HPOS="3057" VPOS="640" WIDTH="35" HEIGHT="19" CONTENT="the" WC="0.96" CC="073"/>
						<SP ID="P4_SP00104" HPOS="3092" VPOS="666" WIDTH="18"/>
						<String ID="P4_ST00124" HPOS="3110" VPOS="640" WIDTH="45" HEIGHT="22" CONTENT="law," WC="0.94" CC="6991"/>
						<SP ID="P4_SP00105" HPOS="3155" VPOS="666" WIDTH="19"/>
						<String ID="P4_ST00125" HPOS="3174" VPOS="641" WIDTH="64" HEIGHT="19" CONTENT="whose" WC="0.96" CC="97670"/>
						<SP ID="P4_SP00106" HPOS="3238" VPOS="666" WIDTH="31"/>
						<String ID="P4_ST00126" HPOS="3269" VPOS="636" WIDTH="4" HEIGHT="30" CONTENT="I" WC="0.27" CC="7"/>
					</TextLine>
					<TextLine ID="P4_TL00021" HPOS="2806" VPOS="665" WIDTH="466" HEIGHT="25">
						<String ID="P4_ST00127" HPOS="2806" VPOS="667" WIDTH="87" HEIGHT="19" CONTENT="number" WC="0.97" CC="706236"/>
						<SP ID="P4_SP00107" HPOS="2893" VPOS="686" WIDTH="5"/>
						<String ID="P4_ST00128" HPOS="2898" VPOS="665" WIDTH="103" HEIGHT="20" CONTENT="increased" WC="0.99" CC="077430605"/>
						<SP ID="P4_SP00108" HPOS="3001" VPOS="686" WIDTH="7"/>
						<String ID="P4_ST00129" HPOS="3008" VPOS="665" WIDTH="86" HEIGHT="25" CONTENT="rapidly." WC="0.99" CC="03025290"/>
						<SP ID="P4_SP00109" HPOS="3094" VPOS="690" WIDTH="29"/>
						<String ID="P4_ST00130" HPOS="3123" VPOS="666" WIDTH="76" HEIGHT="19" CONTENT="Whilst" WC="0.98" CC="772060"/>
						<SP ID="P4_SP00110" HPOS="3199" VPOS="690" WIDTH="7"/>
						<String ID="P4_ST00131" HPOS="3206" VPOS="667" WIDTH="32" HEIGHT="19" CONTENT="the" WC="0.92" CC="596"/>
						<SP ID="P4_SP00111" HPOS="3238" VPOS="690" WIDTH="31"/>
						<String ID="P4_ST00132" HPOS="3269" VPOS="665" WIDTH="3" HEIGHT="25" CONTENT=";" WC="0.42" CC="5"/>
					</TextLine>
					<TextLine ID="P4_TL00022" HPOS="2817" VPOS="691" WIDTH="420" HEIGHT="26">
						<String ID="P4_ST00133" HPOS="2817" VPOS="696" WIDTH="61" HEIGHT="21" CONTENT="ovtege" WC="0.56" CC="952340"/>
						<SP ID="P4_SP00112" HPOS="2878" VPOS="717" WIDTH="10"/>
						<String ID="P4_ST00134" HPOS="2888" VPOS="699" WIDTH="40" HEIGHT="12" CONTENT="was" WC="0.91" CC="977"/>
						<SP ID="P4_SP00113" HPOS="2928" VPOS="717" WIDTH="10"/>
						<String ID="P4_ST00135" HPOS="2938" VPOS="692" WIDTH="84" HEIGHT="25" CONTENT="passing" WC="0.96" CC="9965489"/>
						<SP ID="P4_SP00114" HPOS="3022" VPOS="717" WIDTH="9"/>
						<String ID="P4_ST00136" HPOS="3031" VPOS="698" WIDTH="48" HEIGHT="12" CONTENT="over" WC="0.96" CC="5084"/>
						<SP ID="P4_SP00115" HPOS="3079" VPOS="717" WIDTH="10"/>
						<String ID="P4_ST00137" HPOS="3089" VPOS="691" WIDTH="34" HEIGHT="20" CONTENT="the" WC="0.95" CC="076"/>
						<SP ID="P4_SP00116" HPOS="3123" VPOS="717" WIDTH="19"/>
						<String ID="P4_ST00138" HPOS="3142" VPOS="692" WIDTH="53" HEIGHT="19" CONTENT="Pont" WC="0.95" CC="7761"/>
						<SP ID="P4_SP00117" HPOS="3195" VPOS="717" WIDTH="18"/>
						<String ID="P4_ST00139" HPOS="3213" VPOS="700" WIDTH="24" HEIGHT="11" CONTENT="au" WC="0.40" CC="38"/>
					</TextLine>
					<TextLine ID="P4_TL00023" HPOS="2807" VPOS="717" WIDTH="466" HEIGHT="28">
						<String ID="P4_ST00140" HPOS="2807" VPOS="718" WIDTH="85" HEIGHT="24" CONTENT="Change" WC="0.97" CC="670706"/>
						<SP ID="P4_SP00118" HPOS="2892" VPOS="742" WIDTH="19"/>
						<String ID="P4_ST00141" HPOS="2911" VPOS="725" WIDTH="11" HEIGHT="12" CONTENT="a" WC="1.00" CC="0"/>
						<SP ID="P4_SP00119" HPOS="2922" VPOS="742" WIDTH="14"/>
						<String ID="P4_ST00142" HPOS="2936" VPOS="722" WIDTH="33" HEIGHT="15" CONTENT="too" WC="0.94" CC="194"/>
						<SP ID="P4_SP00120" HPOS="2969" VPOS="742" WIDTH="18"/>
						<String ID="P4_ST00143" HPOS="2987" VPOS="717" WIDTH="80" HEIGHT="20" CONTENT="curious" WC="0.98" CC="7354730"/>
						<SP ID="P4_SP00121" HPOS="3067" VPOS="742" WIDTH="19"/>
						<String ID="P4_ST00144" HPOS="3086" VPOS="718" WIDTH="96" HEIGHT="19" CONTENT="otdooker" WC="0.33" CC="88954772"/>
						<SP ID="P4_SP00122" HPOS="3182" VPOS="742" WIDTH="19"/>
						<String ID="P4_ST00145" HPOS="3201" VPOS="725" WIDTH="37" HEIGHT="13" CONTENT="was" WC="0.96" CC="056"/>
						<SP ID="P4_SP00123" HPOS="3238" VPOS="742" WIDTH="30"/>
						<String ID="P4_ST00146" HPOS="3268" VPOS="722" WIDTH="5" HEIGHT="23" CONTENT="j" WC="0.31" CC="6"/>
					</TextLine>
					<TextLine ID="P4_TL00024" HPOS="2807" VPOS="743" WIDTH="432" HEIGHT="26">
						<String ID="P4_ST00147" HPOS="2807" VPOS="744" WIDTH="71" HEIGHT="25" CONTENT="neudy" WC="0.24" CC="72899"/>
						<SP ID="P4_SP00124" HPOS="2878" VPOS="769" WIDTH="8"/>
						<String ID="P4_ST00148" HPOS="2886" VPOS="744" WIDTH="80" HEIGHT="19" CONTENT="thrown" WC="0.97" CC="065597"/>
						<SP ID="P4_SP00125" HPOS="2966" VPOS="769" WIDTH="10"/>
						<String ID="P4_ST00149" HPOS="2976" VPOS="744" WIDTH="41" HEIGHT="18" CONTENT="into" WC="0.94" CC="7693"/>
						<SP ID="P4_SP00126" HPOS="3017" VPOS="769" WIDTH="14"/>
						<String ID="P4_ST00150" HPOS="3031" VPOS="743" WIDTH="34" HEIGHT="19" CONTENT="the" WC="0.96" CC="071"/>
						<SP ID="P4_SP00127" HPOS="3065" VPOS="769" WIDTH="20"/>
						<String ID="P4_ST00151" HPOS="3085" VPOS="744" WIDTH="59" HEIGHT="18" CONTENT="Seine" WC="0.96" CC="77556"/>
						<SP ID="P4_SP00128" HPOS="3144" VPOS="769" WIDTH="18"/>
						<String ID="P4_ST00152" HPOS="3162" VPOS="744" WIDTH="29" HEIGHT="23" CONTENT="by" WC="0.62" CC="70"/>
						<SP ID="P4_SP00129" HPOS="3191" VPOS="769" WIDTH="16"/>
						<String ID="P4_ST00153" HPOS="3207" VPOS="744" WIDTH="32" HEIGHT="19" CONTENT="the" WC="0.93" CC="655"/>
					</TextLine>
					<TextLine ID="P4_TL00025" HPOS="2807" VPOS="769" WIDTH="429" HEIGHT="26">
						<String ID="P4_ST00154" HPOS="2807" VPOS="770" WIDTH="102" HEIGHT="23" CONTENT="madman," WC="0.97" CC="0996770"/>
						<SP ID="P4_SP00130" HPOS="2909" VPOS="793" WIDTH="24"/>
						<String ID="P4_ST00155" HPOS="2933" VPOS="769" WIDTH="46" HEIGHT="20" CONTENT="who" WC="0.94" CC="555"/>
						<SP ID="P4_SP00131" HPOS="2979" VPOS="793" WIDTH="22"/>
						<String ID="P4_ST00156" HPOS="3001" VPOS="775" WIDTH="41" HEIGHT="13" CONTENT="was" WC="0.94" CC="907"/>
						<SP ID="P4_SP00132" HPOS="3042" VPOS="793" WIDTH="32"/>
						<String ID="P4_ST00157" HPOS="3074" VPOS="770" WIDTH="49" HEIGHT="18" CONTENT="with" WC="0.95" CC="9507"/>
						<SP ID="P4_SP00133" HPOS="3123" VPOS="793" WIDTH="18"/>
						<String ID="P4_ST00158" HPOS="3141" VPOS="769" WIDTH="95" HEIGHT="26" CONTENT="difficulty" WC="0.99" CC="7333370706"/>
					</TextLine>
					<TextLine ID="P4_TL00026" HPOS="2808" VPOS="795" WIDTH="430" HEIGHT="26">
						<String ID="P4_ST00159" HPOS="2808" VPOS="796" WIDTH="84" HEIGHT="25" CONTENT="pacified" WC="0.99" CC="95600010"/>
						<SP ID="P4_SP00134" HPOS="2892" VPOS="821" WIDTH="15"/>
						<String ID="P4_ST00160" HPOS="2907" VPOS="796" WIDTH="40" HEIGHT="18" CONTENT="and" WC="0.97" CC="240"/>
						<SP ID="P4_SP00135" HPOS="2947" VPOS="821" WIDTH="13"/>
						<String ID="P4_ST00161" HPOS="2960" VPOS="795" WIDTH="74" HEIGHT="24" CONTENT="lodged" WC="0.98" CC="110948"/>
						<SP ID="P4_SP00136" HPOS="3034" VPOS="821" WIDTH="18"/>
						<String ID="P4_ST00162" HPOS="3052" VPOS="795" WIDTH="72" HEIGHT="19" CONTENT="within" WC="0.97" CC="404746"/>
						<SP ID="P4_SP00137" HPOS="3124" VPOS="821" WIDTH="18"/>
						<String ID="P4_ST00163" HPOS="3142" VPOS="798" WIDTH="35" HEIGHT="16" CONTENT="the" WC="0.97" CC="170"/>
						<SP ID="P4_SP00138" HPOS="3177" VPOS="821" WIDTH="19"/>
						<String ID="P4_ST00164" HPOS="3196" VPOS="803" WIDTH="32" HEIGHT="17" CONTENT="asy" SUBS_TYPE="HypPart1" SUBS_CONTENT="asylum" WC="0.99" CC="400"/>
						<HYP HPOS="3228" VPOS="803" WIDTH="10" CONTENT="-"/>
					</TextLine>
					<TextLine ID="P4_TL00027" HPOS="2808" VPOS="822" WIDTH="115" HEIGHT="19">
						<String ID="P4_ST00165" HPOS="2808" VPOS="822" WIDTH="42" HEIGHT="19" CONTENT="lum" SUBS_TYPE="HypPart2" SUBS_CONTENT="asylum" WC="0.96" CC="009"/>
						<SP ID="P4_SP00139" HPOS="2850" VPOS="841" WIDTH="12"/>
						<String ID="P4_ST00166" HPOS="2862" VPOS="822" WIDTH="61" HEIGHT="18" CONTENT="walls." WC="0.97" CC="973170"/>
					</TextLine>
				</TextBlock>
				<TextBlock ID="P4_TB00003" HPOS="1210" VPOS="76" WIDTH="922" HEIGHT="25" STYLEREFS="TXT_1 PAR_CENTER">
					<TextLine ID="P4_TL00028" HPOS="1210" VPOS="77" WIDTH="922" HEIGHT="24">
						<String ID="P4_ST00167" HPOS="1210" VPOS="79" WIDTH="59" HEIGHT="19" CONTENT="TTTE" WC="0.36" CC="6809"/>
						<SP ID="P4_SP00140" HPOS="1269" VPOS="98" WIDTH="13"/>
						<String ID="P4_ST00168" HPOS="1282" VPOS="78" WIDTH="60" HEIGHT="19" CONTENT="TTOT" WC="0.23" CC="6976"/>
						<SP ID="P4_SP00141" HPOS="1342" VPOS="98" WIDTH="15"/>
						<String ID="P4_ST00169" HPOS="1357" VPOS="78" WIDTH="93" HEIGHT="20" CONTENT="LAKES" WC="0.96" CC="28636"/>
						<SP ID="P4_SP00142" HPOS="1450" VPOS="98" WIDTH="15"/>
						<String ID="P4_ST00170" HPOS="1465" VPOS="78" WIDTH="174" HEIGHT="23" CONTENT="CHRONICLE," WC="0.99" CC="5670700930"/>
						<SP ID="P4_SP00143" HPOS="1639" VPOS="101" WIDTH="17"/>
						<String ID="P4_ST00171" HPOS="1656" VPOS="77" WIDTH="191" HEIGHT="23" CONTENT="WEDNESDAY," WC="0.98" CC="9656308770"/>
						<SP ID="P4_SP00144" HPOS="1847" VPOS="101" WIDTH="24"/>
						<String ID="P4_ST00172" HPOS="1871" VPOS="77" WIDTH="157" HEIGHT="20" CONTENT="FEBRUARY" WC="0.97" CC="80759986"/>
						<SP ID="P4_SP00145" HPOS="2028" VPOS="101" WIDTH="11"/>
						<String ID="P4_ST00173" HPOS="2039" VPOS="79" WIDTH="19" HEIGHT="22" CONTENT="5." WC="0.21" CC="87"/>
						<SP ID="P4_SP00146" HPOS="2058" VPOS="101" WIDTH="18"/>
						<String ID="P4_ST00174" HPOS="2076" VPOS="77" WIDTH="56" HEIGHT="23" CONTENT="1*96," WC="0.37" CC="87661"/>
					</TextLine>
				</TextBlock>
				<TextBlock ID="P4_TB00004" HPOS="2809" VPOS="4074" WIDTH="460" HEIGHT="92" STYLEREFS="TXT_2 PAR_BLOCK">
					<TextLine ID="P4_TL00029" HPOS="2810" VPOS="4074" WIDTH="456" HEIGHT="24">
						<String ID="P4_ST00175" HPOS="2810" VPOS="4075" WIDTH="72" HEIGHT="17" CONTENT="Printed" WC="0.97" CC="7377606"/>
						<SP ID="P4_SP00147" HPOS="2882" VPOS="4092" WIDTH="12"/>
						<String ID="P4_ST00176" HPOS="2894" VPOS="4081" WIDTH="32" HEIGHT="11" CONTENT="unu" WC="0.25" CC="867"/>
						<SP ID="P4_SP00148" HPOS="2926" VPOS="4092" WIDTH="12"/>
						<String ID="P4_ST00177" HPOS="2938" VPOS="4076" WIDTH="92" HEIGHT="21" CONTENT="publißhed" WC="0.41" CC="948528614"/>
						<SP ID="P4_SP00149" HPOS="3030" VPOS="4097" WIDTH="19"/>
						<String ID="P4_ST00178" HPOS="3049" VPOS="4076" WIDTH="27" HEIGHT="16" CONTENT="for" WC="0.93" CC="764"/>
						<SP ID="P4_SP00150" HPOS="3076" VPOS="4097" WIDTH="17"/>
						<String ID="P4_ST00179" HPOS="3093" VPOS="4077" WIDTH="29" HEIGHT="16" CONTENT="tlie" WC="0.60" CC="0626"/>
						<SP ID="P4_SP00151" HPOS="3122" VPOS="4097" WIDTH="16"/>
						<String ID="P4_ST00180" HPOS="3138" VPOS="4077" WIDTH="95" HEIGHT="21" CONTENT="proprietor," WC="0.98" CC="76595550750"/>
						<SP ID="P4_SP00152" HPOS="3233" VPOS="4098" WIDTH="20"/>
						<String ID="P4_ST00181" HPOS="3253" VPOS="4074" WIDTH="13" HEIGHT="17" CONTENT="I" WC="0.19" CC="8"/>
					</TextLine>
					<TextLine ID="P4_TL00030" HPOS="2832" VPOS="4097" WIDTH="399" HEIGHT="20">
						<String ID="P4_ST00182" HPOS="2832" VPOS="4100" WIDTH="18" HEIGHT="13" CONTENT="at." WC="0.94" CC="880"/>
						<SP ID="P4_SP00153" HPOS="2850" VPOS="4113" WIDTH="15"/>
						<String ID="P4_ST00183" HPOS="2865" VPOS="4097" WIDTH="28" HEIGHT="16" CONTENT="his" WC="0.93" CC="637"/>
						<SP ID="P4_SP00154" HPOS="2893" VPOS="4113" WIDTH="20"/>
						<String ID="P4_ST00184" HPOS="2913" VPOS="4097" WIDTH="95" HEIGHT="18" CONTENT="registered" WC="0.98" CC="5884768869"/>
						<SP ID="P4_SP00155" HPOS="3008" VPOS="4115" WIDTH="6"/>
						<String ID="P4_ST00185" HPOS="3014" VPOS="4098" WIDTH="79" HEIGHT="19" CONTENT="printinit" WC="0.55" CC="050807818"/>
						<SP ID="P4_SP00156" HPOS="3093" VPOS="4117" WIDTH="5"/>
						<String ID="P4_ST00186" HPOS="3098" VPOS="4098" WIDTH="48" HEIGHT="16" CONTENT="office" WC="0.99" CC="000073"/>
						<SP ID="P4_SP00157" HPOS="3146" VPOS="4117" WIDTH="14"/>
						<String ID="P4_ST00187" HPOS="3160" VPOS="4099" WIDTH="71" HEIGHT="15" CONTENT="Rotirua" WC="0.43" CC="4826079"/>
					</TextLine>
					<TextLine ID="P4_TL00031" HPOS="2831" VPOS="4118" WIDTH="384" HEIGHT="21">
						<String ID="P4_ST00188" HPOS="2831" VPOS="4119" WIDTH="24" HEIGHT="20" CONTENT="by" WC="0.17" CC="79"/>
						<SP ID="P4_SP00158" HPOS="2855" VPOS="4139" WIDTH="7"/>
						<String ID="P4_ST00189" HPOS="2862" VPOS="4118" WIDTH="59" HEIGHT="18" CONTENT="Pkrcv" WC="0.18" CC="87878"/>
						<SP ID="P4_SP00159" HPOS="2921" VPOS="4139" WIDTH="11"/>
						<String ID="P4_ST00190" HPOS="2932" VPOS="4118" WIDTH="59" HEIGHT="17" CONTENT=".Ta.hte*" WC="0.38" CC="28808876"/>
						<SP ID="P4_SP00160" HPOS="2991" VPOS="4139" WIDTH="10"/>
						<String ID="P4_ST00191" HPOS="3001" VPOS="4119" WIDTH="99" HEIGHT="17" CONTENT="Hjlmxond." WC="0.33" CC="819586882"/>
						<SP ID="P4_SP00161" HPOS="3100" VPOS="4139" WIDTH="14"/>
						<String ID="P4_ST00192" HPOS="3114" VPOS="4120" WIDTH="17" HEIGHT="15" CONTENT="nf" WC="0.48" CC="72"/>
						<SP ID="P4_SP00162" HPOS="3131" VPOS="4139" WIDTH="9"/>
						<String ID="P4_ST00193" HPOS="3140" VPOS="4120" WIDTH="75" HEIGHT="16" CONTENT="Rotorua" WC="0.35" CC="7666539"/>
					</TextLine>
					<TextLine ID="P4_TL00032" HPOS="2831" VPOS="4144" WIDTH="383" HEIGHT="22">
						<String ID="P4_ST00194" HPOS="2831" VPOS="4144" WIDTH="163" HEIGHT="22" CONTENT="WEDNESDAY," WC="0.98" CC="7776768760" STYLEREFS="TXT_3"/>
						<SP ID="P4_SP00163" HPOS="2994" VPOS="4166" WIDTH="8"/>
						<String ID="P4_ST00195" HPOS="3002" VPOS="4144" WIDTH="133" HEIGHT="22" CONTENT="FEBRUARY" WC="0.97" CC="88888888" STYLEREFS="TXT_3"/>
						<SP ID="P4_SP00164" HPOS="3135" VPOS="4166" WIDTH="8"/>
						<String ID="P4_ST00196" HPOS="3143" VPOS="4146" WIDTH="71" HEIGHT="20" CONTENT="5,1806," WC="0.52" CC="7008772" STYLEREFS="TXT_3"/>
					</TextLine>
				</TextBlock>
				<ComposedBlock ID="P4_CB00001" HPOS="91" VPOS="149" WIDTH="889" HEIGHT="4018" TYPE="Advertisement">
					<TextBlock ID="P4_TB00005" HPOS="91" VPOS="149" WIDTH="889" HEIGHT="4018" STYLEREFS="TXT_3 PAR_LEFT">
						<TextLine ID="P4_TL00033" HPOS="211" VPOS="149" WIDTH="651" HEIGHT="79">
							<String ID="P4_ST00197" HPOS="211" VPOS="154" WIDTH="246" HEIGHT="70" CONTENT="LAKE" WC="0.98" CC="4600" STYLEREFS="TXT_4"/>
							<SP ID="P4_SP00165" HPOS="457" VPOS="224" WIDTH="58"/>
							<String ID="P4_ST00198" HPOS="515" VPOS="149" WIDTH="347" HEIGHT="79" CONTENT="HOUSE," WC="0.98" CC="000484" STYLEREFS="TXT_4"/>
						</TextLine>
						<TextLine ID="P4_TL00034" HPOS="186" VPOS="249" WIDTH="695" HEIGHT="52">
							<String ID="P4_ST00199" HPOS="186" VPOS="253" WIDTH="307" HEIGHT="48" CONTENT="Hydropathic" WC="0.98" CC="72357099704" STYLEREFS="TXT_5"/>
							<SP ID="P4_SP00166" HPOS="493" VPOS="301" WIDTH="20"/>
							<String ID="P4_ST00200" HPOS="513" VPOS="249" WIDTH="143" HEIGHT="40" CONTENT="Hotel," WC="0.98" CC="708503" STYLEREFS="TXT_5"/>
							<SP ID="P4_SP00167" HPOS="656" VPOS="301" WIDTH="21"/>
							<String ID="P4_ST00201" HPOS="677" VPOS="252" WIDTH="204" HEIGHT="32" CONTENT="Kotorua." WC="0.35" CC="93948807" STYLEREFS="TXT_5"/>
						</TextLine>
						<TextLine ID="P4_TL00035" HPOS="377" VPOS="303" WIDTH="324" HEIGHT="31">
							<String ID="P4_ST00202" HPOS="377" VPOS="304" WIDTH="220" HEIGHT="30" CONTENT="Established" WC="0.99" CC="31837100706" STYLEREFS="TXT_6"/>
							<SP ID="P4_SP00168" HPOS="597" VPOS="334" WIDTH="19"/>
							<String ID="P4_ST00203" HPOS="616" VPOS="303" WIDTH="85" HEIGHT="26" CONTENT="1881." WC="0.92" CC="30000" STYLEREFS="TXT_6"/>
						</TextLine>
						<TextLine ID="P4_TL00036" HPOS="94" VPOS="339" WIDTH="881" HEIGHT="35">
							<String ID="P4_ST00204" HPOS="94" VPOS="348" WIDTH="69" HEIGHT="19" CONTENT="Under" WC="0.96" CC="77755"/>
							<SP ID="P4_SP00169" HPOS="163" VPOS="367" WIDTH="14"/>
							<String ID="P4_ST00205" HPOS="177" VPOS="349" WIDTH="34" HEIGHT="19" CONTENT="the" WC="0.96" CC="370"/>
							<SP ID="P4_SP00170" HPOS="211" VPOS="368" WIDTH="18"/>
							<String ID="P4_ST00206" HPOS="229" VPOS="352" WIDTH="111" HEIGHT="22" CONTENT="patronage" WC="0.98" CC="907347576"/>
							<SP ID="P4_SP00171" HPOS="340" VPOS="374" WIDTH="17"/>
							<String ID="P4_ST00207" HPOS="357" VPOS="346" WIDTH="21" HEIGHT="19" CONTENT="of" WC="0.33" CC="57"/>
							<SP ID="P4_SP00172" HPOS="378" VPOS="374" WIDTH="18"/>
							<String ID="P4_ST00208" HPOS="396" VPOS="346" WIDTH="32" HEIGHT="18" CONTENT="Sir" WC="0.94" CC="752"/>
							<SP ID="P4_SP00173" HPOS="428" VPOS="374" WIDTH="9"/>
							<String ID="P4_ST00209" HPOS="437" VPOS="344" WIDTH="34" HEIGHT="20" CONTENT="W." WC="0.69" CC="41" STYLEREFS="TXT_7"/>
							<SP ID="P4_SP00174" HPOS="471" VPOS="374" WIDTH="16"/>
							<String ID="P4_ST00210" HPOS="487" VPOS="343" WIDTH="86" HEIGHT="23" CONTENT="Jervois," WC="0.61" CC="10456380"/>
							<SP ID="P4_SP00175" HPOS="573" VPOS="374" WIDTH="17"/>
							<String ID="P4_ST00211" HPOS="590" VPOS="342" WIDTH="50" HEIGHT="19" CONTENT="Earl" WC="0.96" CC="6345"/>
							<SP ID="P4_SP00176" HPOS="640" VPOS="374" WIDTH="14"/>
							<String ID="P4_ST00212" HPOS="654" VPOS="343" WIDTH="40" HEIGHT="17" CONTENT="and" WC="0.90" CC="978"/>
							<SP ID="P4_SP00177" HPOS="694" VPOS="374" WIDTH="16"/>
							<String ID="P4_ST00213" HPOS="710" VPOS="342" WIDTH="99" HEIGHT="18" CONTENT="Countess" WC="0.97" CC="76175397"/>
							<SP ID="P4_SP00178" HPOS="809" VPOS="374" WIDTH="14"/>
							<String ID="P4_ST00214" HPOS="823" VPOS="341" WIDTH="21" HEIGHT="18" CONTENT="of" WC="0.33" CC="67"/>
							<SP ID="P4_SP00179" HPOS="844" VPOS="374" WIDTH="10"/>
							<String ID="P4_ST00215" HPOS="854" VPOS="339" WIDTH="121" HEIGHT="25" CONTENT="Hopetown," WC="0.50" CC="890008980"/>
						</TextLine>
						<TextLine ID="P4_TL00037" HPOS="263" VPOS="368" WIDTH="543" HEIGHT="25">
							<String ID="P4_ST00216" HPOS="263" VPOS="375" WIDTH="34" HEIGHT="18" CONTENT="the" WC="0.93" CC="593"/>
							<SP ID="P4_SP00180" HPOS="297" VPOS="393" WIDTH="10"/>
							<String ID="P4_ST00217" HPOS="307" VPOS="374" WIDTH="54" HEIGHT="19" CONTENT="Hon." WC="0.95" CC="7642"/>
							<SP ID="P4_SP00181" HPOS="361" VPOS="393" WIDTH="15"/>
							<String ID="P4_ST00218" HPOS="376" VPOS="371" WIDTH="90" HEIGHT="19" CONTENT="Premier" WC="0.98" CC="7506303"/>
							<SP ID="P4_SP00182" HPOS="466" VPOS="393" WIDTH="9"/>
							<String ID="P4_ST00219" HPOS="475" VPOS="369" WIDTH="40" HEIGHT="19" CONTENT="and" WC="0.92" CC="588"/>
							<SP ID="P4_SP00183" HPOS="515" VPOS="393" WIDTH="13"/>
							<String ID="P4_ST00220" HPOS="528" VPOS="368" WIDTH="104" HEIGHT="20" CONTENT="Members" WC="0.97" CC="7998009"/>
							<SP ID="P4_SP00184" HPOS="632" VPOS="393" WIDTH="14"/>
							<String ID="P4_ST00221" HPOS="646" VPOS="369" WIDTH="20" HEIGHT="18" CONTENT="of" WC="0.61" CC="07"/>
							<SP ID="P4_SP00185" HPOS="666" VPOS="393" WIDTH="11"/>
							<String ID="P4_ST00222" HPOS="677" VPOS="368" WIDTH="129" HEIGHT="18" CONTENT="Parliament." WC="0.98" CC="95961679702"/>
						</TextLine>
						<TextLine ID="P4_TL00038" HPOS="510" VPOS="402" WIDTH="118" HEIGHT="10">
							<String ID="P4_ST00223" HPOS="510" VPOS="404" WIDTH="12" HEIGHT="7" CONTENT="■" WC="0.70" CC="2" STYLEREFS="TXT_8"/>
							<SP ID="P4_SP00186" HPOS="522" VPOS="411" WIDTH="8"/>
							<String ID="P4_ST00224" HPOS="530" VPOS="402" WIDTH="11" HEIGHT="10" CONTENT="■" WC="0.76" CC="2" STYLEREFS="TXT_8"/>
							<SP ID="P4_SP00187" HPOS="541" VPOS="412" WIDTH="7"/>
							<String ID="P4_ST00225" HPOS="548" VPOS="403" WIDTH="12" HEIGHT="8" CONTENT="■" WC="0.72" CC="2" STYLEREFS="TXT_8"/>
							<SP ID="P4_SP00188" HPOS="560" VPOS="412" WIDTH="66"/>
							<String ID="P4_ST00226" HPOS="626" VPOS="402" WIDTH="2" HEIGHT="10" CONTENT="■" WC="0.20" CC="8" STYLEREFS="TXT_8"/>
						</TextLine>
						<TextLine ID="P4_TL00039" HPOS="146" VPOS="416" WIDTH="830" HEIGHT="30">
							<String ID="P4_ST00227" HPOS="146" VPOS="426" WIDTH="42" HEIGHT="19" CONTENT="The" WC="0.96" CC="900"/>
							<SP ID="P4_SP00189" HPOS="188" VPOS="445" WIDTH="10"/>
							<String ID="P4_ST00228" HPOS="198" VPOS="426" WIDTH="61" HEIGHT="19" CONTENT="Hotel" WC="0.97" CC="60524"/>
							<SP ID="P4_SP00190" HPOS="259" VPOS="445" WIDTH="11"/>
							<String ID="P4_ST00229" HPOS="270" VPOS="426" WIDTH="17" HEIGHT="18" CONTENT="is" WC="0.66" CC="06"/>
							<SP ID="P4_SP00191" HPOS="287" VPOS="445" WIDTH="8"/>
							<String ID="P4_ST00230" HPOS="295" VPOS="423" WIDTH="86" HEIGHT="21" CONTENT="situated" WC="0.98" CC="73879009"/>
							<SP ID="P4_SP00192" HPOS="381" VPOS="445" WIDTH="10"/>
							<String ID="P4_ST00231" HPOS="391" VPOS="429" WIDTH="26" HEIGHT="13" CONTENT="on" WC="0.50" CC="27"/>
							<SP ID="P4_SP00193" HPOS="417" VPOS="445" WIDTH="10"/>
							<String ID="P4_ST00232" HPOS="427" VPOS="428" WIDTH="25" HEIGHT="13" CONTENT="an" WC="0.63" CC="07"/>
							<SP ID="P4_SP00194" HPOS="452" VPOS="445" WIDTH="11"/>
							<String ID="P4_ST00233" HPOS="463" VPOS="421" WIDTH="90" HEIGHT="19" CONTENT="elevated" WC="0.99" CC="10018070"/>
							<SP ID="P4_SP00195" HPOS="553" VPOS="445" WIDTH="11"/>
							<String ID="P4_ST00234" HPOS="564" VPOS="421" WIDTH="86" HEIGHT="25" CONTENT="position" WC="0.98" CC="09650437"/>
							<SP ID="P4_SP00196" HPOS="650" VPOS="446" WIDTH="10"/>
							<String ID="P4_ST00235" HPOS="660" VPOS="426" WIDTH="24" HEIGHT="13" CONTENT="on" WC="0.26" CC="77"/>
							<SP ID="P4_SP00197" HPOS="684" VPOS="446" WIDTH="12"/>
							<String ID="P4_ST00236" HPOS="696" VPOS="419" WIDTH="33" HEIGHT="19" CONTENT="the" WC="0.93" CC="296"/>
							<SP ID="P4_SP00198" HPOS="729" VPOS="446" WIDTH="10"/>
							<String ID="P4_ST00237" HPOS="739" VPOS="419" WIDTH="68" HEIGHT="18" CONTENT="shores" WC="0.95" CC="997779"/>
							<SP ID="P4_SP00199" HPOS="807" VPOS="446" WIDTH="10"/>
							<String ID="P4_ST00238" HPOS="817" VPOS="417" WIDTH="21" HEIGHT="20" CONTENT="of" WC="0.28" CC="76"/>
							<SP ID="P4_SP00200" HPOS="838" VPOS="446" WIDTH="14"/>
							<String ID="P4_ST00239" HPOS="852" VPOS="416" WIDTH="56" HEIGHT="20" CONTENT="Lake" WC="0.93" CC="9986"/>
							<SP ID="P4_SP00201" HPOS="908" VPOS="446" WIDTH="7"/>
							<String ID="P4_ST00240" HPOS="915" VPOS="416" WIDTH="49" HEIGHT="19" CONTENT="Eoto" SUBS_TYPE="HypPart1" SUBS_CONTENT="Eotorua," WC="0.86" CC="7000"/>
							<HYP HPOS="964" VPOS="416" WIDTH="12" CONTENT="-"/>
						</TextLine>
						<TextLine ID="P4_TL00040" HPOS="94" VPOS="447" WIDTH="528" HEIGHT="28">
							<String ID="P4_ST00241" HPOS="94" VPOS="459" WIDTH="42" HEIGHT="16" CONTENT="rua," SUBS_TYPE="HypPart2" SUBS_CONTENT="Eotorua," WC="0.61" CC="0770"/>
							<SP ID="P4_SP00202" HPOS="136" VPOS="475" WIDTH="12"/>
							<String ID="P4_ST00242" HPOS="148" VPOS="452" WIDTH="117" HEIGHT="19" CONTENT="convenient" WC="0.99" CC="1074081280"/>
							<SP ID="P4_SP00203" HPOS="265" VPOS="475" WIDTH="13"/>
							<String ID="P4_ST00243" HPOS="278" VPOS="453" WIDTH="20" HEIGHT="17" CONTENT="to" WC="0.66" CC="06"/>
							<SP ID="P4_SP00204" HPOS="298" VPOS="475" WIDTH="11"/>
							<String ID="P4_ST00244" HPOS="309" VPOS="450" WIDTH="25" HEIGHT="19" CONTENT="all" WC="0.95" CC="912"/>
							<SP ID="P4_SP00205" HPOS="334" VPOS="475" WIDTH="11"/>
							<String ID="P4_ST00245" HPOS="345" VPOS="449" WIDTH="34" HEIGHT="19" CONTENT="the" WC="1.00" CC="000"/>
							<SP ID="P4_SP00206" HPOS="379" VPOS="475" WIDTH="10"/>
							<String ID="P4_ST00246" HPOS="389" VPOS="448" WIDTH="65" HEIGHT="25" CONTENT="sights" WC="0.97" CC="609907"/>
							<SP ID="P4_SP00207" HPOS="454" VPOS="475" WIDTH="10"/>
							<String ID="P4_ST00247" HPOS="464" VPOS="448" WIDTH="20" HEIGHT="18" CONTENT="in" WC="1.00" CC="00"/>
							<SP ID="P4_SP00208" HPOS="484" VPOS="475" WIDTH="10"/>
							<String ID="P4_ST00248" HPOS="494" VPOS="447" WIDTH="35" HEIGHT="19" CONTENT="the" WC="1.00" CC="000"/>
							<SP ID="P4_SP00209" HPOS="529" VPOS="475" WIDTH="10"/>
							<String ID="P4_ST00249" HPOS="539" VPOS="447" WIDTH="83" HEIGHT="19" CONTENT="district." WC="0.99" CC="003050500"/>
						</TextLine>
						<TextLine ID="P4_TL00041" HPOS="169" VPOS="477" WIDTH="732" HEIGHT="28">
							<String ID="P4_ST00250" HPOS="169" VPOS="485" WIDTH="132" HEIGHT="20" CONTENT="SULPHITE" WC="0.97" CC="86807876"/>
							<SP ID="P4_SP00210" HPOS="301" VPOS="505" WIDTH="11"/>
							<String ID="P4_ST00251" HPOS="312" VPOS="485" WIDTH="15" HEIGHT="18" CONTENT="&amp;" WC="1.00" CC="0"/>
							<SP ID="P4_SP00211" HPOS="327" VPOS="505" WIDTH="11"/>
							<String ID="P4_ST00252" HPOS="338" VPOS="481" WIDTH="131" HEIGHT="22" CONTENT="MINERAL" WC="0.97" CC="8047749"/>
							<SP ID="P4_SP00212" HPOS="469" VPOS="505" WIDTH="10"/>
							<String ID="P4_ST00253" HPOS="479" VPOS="482" WIDTH="92" HEIGHT="19" CONTENT="BATHS" WC="0.94" CC="89976"/>
							<SP ID="P4_SP00213" HPOS="571" VPOS="505" WIDTH="9"/>
							<String ID="P4_ST00254" HPOS="580" VPOS="482" WIDTH="20" HEIGHT="18" CONTENT="in" WC="0.67" CC="06"/>
							<SP ID="P4_SP00214" HPOS="600" VPOS="505" WIDTH="11"/>
							<String ID="P4_ST00255" HPOS="611" VPOS="482" WIDTH="34" HEIGHT="17" CONTENT="the" WC="0.93" CC="692"/>
							<SP ID="P4_SP00215" HPOS="645" VPOS="505" WIDTH="10"/>
							<String ID="P4_ST00256" HPOS="655" VPOS="480" WIDTH="93" HEIGHT="19" CONTENT="(irounds" WC="0.56" CC="38512803"/>
							<SP ID="P4_SP00216" HPOS="748" VPOS="505" WIDTH="10"/>
							<String ID="P4_ST00257" HPOS="758" VPOS="479" WIDTH="21" HEIGHT="19" CONTENT="of" WC="0.91" CC="10"/>
							<SP ID="P4_SP00217" HPOS="779" VPOS="505" WIDTH="9"/>
							<String ID="P4_ST00258" HPOS="788" VPOS="478" WIDTH="34" HEIGHT="20" CONTENT="the" WC="1.00" CC="000"/>
							<SP ID="P4_SP00218" HPOS="822" VPOS="505" WIDTH="10"/>
							<String ID="P4_ST00259" HPOS="832" VPOS="477" WIDTH="69" HEIGHT="19" CONTENT="Hotel." WC="0.99" CC="700500"/>
						</TextLine>
						<TextLine ID="P4_TL00043" HPOS="94" VPOS="531" WIDTH="660" HEIGHT="31">
							<String ID="P4_ST00260" HPOS="94" VPOS="540" WIDTH="35" HEIGHT="22" CONTENT="Qg-" WC="0.26" CC="794" STYLEREFS="TXT_7"/>
							<SP ID="P4_SP00219" HPOS="129" VPOS="562" WIDTH="16"/>
							<String ID="P4_ST00261" HPOS="145" VPOS="537" WIDTH="50" HEIGHT="20" CONTENT="N.B." WC="0.42" CC="7365"/>
							<String ID="P4_ST00262" HPOS="197" VPOS="537" WIDTH="69" HEIGHT="18" CONTENT="—Mrs" WC="0.95" CC="8708"/>
							<SP ID="P4_SP00220" HPOS="266" VPOS="562" WIDTH="10"/>
							<String ID="P4_ST00263" HPOS="276" VPOS="536" WIDTH="89" HEIGHT="19" CONTENT="Graham" WC="0.97" CC="298090"/>
							<SP ID="P4_SP00221" HPOS="365" VPOS="562" WIDTH="9"/>
							<String ID="P4_ST00264" HPOS="374" VPOS="534" WIDTH="42" HEIGHT="20" CONTENT="will" WC="0.95" CC="9451"/>
							<SP ID="P4_SP00222" HPOS="416" VPOS="562" WIDTH="7"/>
							<String ID="P4_ST00265" HPOS="423" VPOS="534" WIDTH="42" HEIGHT="19" CONTENT="also" WC="0.95" CC="9572"/>
							<SP ID="P4_SP00223" HPOS="465" VPOS="562" WIDTH="10"/>
							<String ID="P4_ST00266" HPOS="475" VPOS="534" WIDTH="94" HEIGHT="19" CONTENT="continue" WC="0.98" CC="10706846"/>
							<SP ID="P4_SP00224" HPOS="569" VPOS="562" WIDTH="10"/>
							<String ID="P4_ST00267" HPOS="579" VPOS="536" WIDTH="20" HEIGHT="16" CONTENT="to" WC="0.41" CC="55"/>
							<SP ID="P4_SP00225" HPOS="599" VPOS="562" WIDTH="10"/>
							<String ID="P4_ST00268" HPOS="609" VPOS="532" WIDTH="101" HEIGHT="25" CONTENT="supervise" WC="0.97" CC="759596077"/>
							<SP ID="P4_SP00226" HPOS="710" VPOS="562" WIDTH="10"/>
							<String ID="P4_ST00269" HPOS="720" VPOS="531" WIDTH="34" HEIGHT="18" CONTENT="the" WC="1.00" CC="000"/>
						</TextLine>
						<TextLine ID="P4_TL00044" HPOS="111" VPOS="559" WIDTH="842" HEIGHT="36">
							<String ID="P4_ST00270" HPOS="111" VPOS="569" WIDTH="172" HEIGHT="26" CONTENT="GEYSER" WC="0.97" CC="824517" STYLEREFS="TXT_9"/>
							<SP ID="P4_SP00227" HPOS="283" VPOS="595" WIDTH="16"/>
							<String ID="P4_ST00271" HPOS="299" VPOS="566" WIDTH="146" HEIGHT="27" CONTENT="HOUSE" WC="0.96" CC="84744" STYLEREFS="TXT_9"/>
							<SP ID="P4_SP00228" HPOS="445" VPOS="595" WIDTH="19"/>
							<String ID="P4_ST00272" HPOS="464" VPOS="565" WIDTH="126" HEIGHT="26" CONTENT="KYDR" WC="0.42" CC="8680" STYLEREFS="TXT_9"/>
							<SP ID="P4_SP00229" HPOS="590" VPOS="595" WIDTH="19"/>
							<String ID="P4_ST00273" HPOS="609" VPOS="561" WIDTH="171" HEIGHT="29" CONTENT="&gt;PATHIC" WC="0.33" CC="5894827" STYLEREFS="TXT_9"/>
							<SP ID="P4_SP00230" HPOS="780" VPOS="595" WIDTH="19"/>
							<String ID="P4_ST00274" HPOS="799" VPOS="559" WIDTH="154" HEIGHT="31" CONTENT="HOTEL," WC="0.98" CC="733300" STYLEREFS="TXT_9"/>
						</TextLine>
						<TextLine ID="P4_TL00045" HPOS="404" VPOS="600" WIDTH="273" HEIGHT="28">
							<String ID="P4_ST00275" HPOS="404" VPOS="600" WIDTH="273" HEIGHT="28" CONTENT="WAIRAKEI," WC="0.88" CC="000500004" STYLEREFS="TXT_10"/>
						</TextLine>
						<TextLine ID="P4_TL00046" HPOS="94" VPOS="628" WIDTH="883" HEIGHT="34">
							<String ID="P4_ST00276" HPOS="94" VPOS="638" WIDTH="65" HEIGHT="20" CONTENT="which" WC="0.98" CC="80250"/>
							<SP ID="P4_SP00231" HPOS="159" VPOS="658" WIDTH="18"/>
							<String ID="P4_ST00277" HPOS="177" VPOS="638" WIDTH="37" HEIGHT="20" CONTENT="has" WC="0.95" CC="085"/>
							<SP ID="P4_SP00232" HPOS="214" VPOS="658" WIDTH="14"/>
							<String ID="P4_ST00278" HPOS="228" VPOS="638" WIDTH="82" HEIGHT="19" CONTENT="become" WC="0.97" CC="837096"/>
							<SP ID="P4_SP00233" HPOS="310" VPOS="658" WIDTH="18"/>
							<String ID="P4_ST00279" HPOS="328" VPOS="644" WIDTH="12" HEIGHT="12" CONTENT="a" WC="1.00" CC="0"/>
							<SP ID="P4_SP00234" HPOS="340" VPOS="658" WIDTH="9"/>
							<String ID="P4_ST00280" HPOS="349" VPOS="635" WIDTH="87" HEIGHT="27" CONTENT="popular" WC="0.97" CC="0895774"/>
							<SP ID="P4_SP00235" HPOS="436" VPOS="662" WIDTH="18"/>
							<String ID="P4_ST00281" HPOS="454" VPOS="635" WIDTH="40" HEIGHT="19" CONTENT="and" WC="0.94" CC="950"/>
							<SP ID="P4_SP00236" HPOS="494" VPOS="662" WIDTH="16"/>
							<String ID="P4_ST00282" HPOS="510" VPOS="635" WIDTH="101" HEIGHT="18" CONTENT="favourite" WC="0.98" CC="187649540"/>
							<SP ID="P4_SP00237" HPOS="611" VPOS="662" WIDTH="19"/>
							<String ID="P4_ST00283" HPOS="630" VPOS="635" WIDTH="63" HEIGHT="17" CONTENT="resort" WC="0.98" CC="007077"/>
							<SP ID="P4_SP00238" HPOS="693" VPOS="662" WIDTH="14"/>
							<String ID="P4_ST00284" HPOS="707" VPOS="633" WIDTH="93" HEIGHT="22" CONTENT="amongst" WC="0.98" CC="6407060"/>
							<SP ID="P4_SP00239" HPOS="800" VPOS="662" WIDTH="16"/>
							<String ID="P4_ST00285" HPOS="816" VPOS="630" WIDTH="106" HEIGHT="20" CONTENT="travellers" WC="0.99" CC="0790142902"/>
							<SP ID="P4_SP00240" HPOS="922" VPOS="662" WIDTH="15"/>
							<String ID="P4_ST00286" HPOS="937" VPOS="628" WIDTH="40" HEIGHT="19" CONTENT="and" WC="0.96" CC="370"/>
						</TextLine>
						<TextLine ID="P4_TL00047" HPOS="491" VPOS="661" WIDTH="93" HEIGHT="19">
							<String ID="P4_ST00287" HPOS="491" VPOS="661" WIDTH="93" HEIGHT="19" CONTENT="invalids." WC="0.99" CC="270503060"/>
						</TextLine>
						<TextLine ID="P4_TL00048" HPOS="534" VPOS="692" WIDTH="11" HEIGHT="11">
							<String ID="P4_ST00288" HPOS="534" VPOS="692" WIDTH="11" HEIGHT="11" CONTENT="o" WC="0.30" CC="6"/>
							<SP ID="P4_SP00241" HPOS="545" VPOS="703" WIDTH="0"/>
						</TextLine>
						<TextLine ID="P4_TL00049" HPOS="237" VPOS="710" WIDTH="595" HEIGHT="28">
							<String ID="P4_ST00289" HPOS="237" VPOS="718" WIDTH="19" HEIGHT="18" CONTENT="A" WC="0.27" CC="7"/>
							<SP ID="P4_SP00242" HPOS="256" VPOS="736" WIDTH="9"/>
							<String ID="P4_ST00290" HPOS="265" VPOS="716" WIDTH="103" HEIGHT="20" CONTENT="reduction" WC="0.98" CC="408770196"/>
							<SP ID="P4_SP00243" HPOS="368" VPOS="736" WIDTH="10"/>
							<String ID="P4_ST00291" HPOS="378" VPOS="715" WIDTH="17" HEIGHT="19" CONTENT="is" WC="0.35" CC="48"/>
							<SP ID="P4_SP00244" HPOS="395" VPOS="736" WIDTH="9"/>
							<String ID="P4_ST00292" HPOS="404" VPOS="714" WIDTH="59" HEIGHT="20" CONTENT="made" WC="0.96" CC="9900"/>
							<SP ID="P4_SP00245" HPOS="463" VPOS="736" WIDTH="9"/>
							<String ID="P4_ST00293" HPOS="472" VPOS="717" WIDTH="20" HEIGHT="16" CONTENT="to" WC="0.85" CC="02"/>
							<SP ID="P4_SP00246" HPOS="492" VPOS="736" WIDTH="14"/>
							<String ID="P4_ST00294" HPOS="506" VPOS="713" WIDTH="78" HEIGHT="25" CONTENT="weekly" WC="0.97" CC="406459"/>
							<SP ID="P4_SP00247" HPOS="584" VPOS="738" WIDTH="9"/>
							<String ID="P4_ST00295" HPOS="593" VPOS="719" WIDTH="22" HEIGHT="12" CONTENT="or" WC="0.41" CC="91"/>
							<SP ID="P4_SP00248" HPOS="615" VPOS="738" WIDTH="15"/>
							<String ID="P4_ST00296" HPOS="630" VPOS="710" WIDTH="91" HEIGHT="25" CONTENT="monthly" WC="0.97" CC="0387719"/>
							<SP ID="P4_SP00249" HPOS="721" VPOS="738" WIDTH="9"/>
							<String ID="P4_ST00297" HPOS="730" VPOS="710" WIDTH="102" HEIGHT="19" CONTENT="boarders." WC="0.99" CC="770003360"/>
						</TextLine>
						<TextLine ID="P4_TL00050" HPOS="106" VPOS="740" WIDTH="859" HEIGHT="30">
							<String ID="P4_ST00298" HPOS="106" VPOS="748" WIDTH="66" HEIGHT="19" CONTENT="Guide" WC="0.99" CC="60000"/>
							<SP ID="P4_SP00250" HPOS="172" VPOS="767" WIDTH="9"/>
							<String ID="P4_ST00299" HPOS="181" VPOS="748" WIDTH="68" HEIGHT="20" CONTENT="Books" WC="0.96" CC="66297"/>
							<SP ID="P4_SP00251" HPOS="249" VPOS="768" WIDTH="10"/>
							<String ID="P4_ST00300" HPOS="259" VPOS="748" WIDTH="40" HEIGHT="19" CONTENT="and" WC="0.92" CC="858"/>
							<SP ID="P4_SP00252" HPOS="299" VPOS="768" WIDTH="9"/>
							<String ID="P4_ST00301" HPOS="308" VPOS="745" WIDTH="131" HEIGHT="22" CONTENT="information" WC="0.99" CC="80003000596"/>
							<SP ID="P4_SP00253" HPOS="439" VPOS="768" WIDTH="17"/>
							<String ID="P4_ST00302" HPOS="456" VPOS="745" WIDTH="63" HEIGHT="25" CONTENT="gratis" WC="0.98" CC="044057"/>
							<SP ID="P4_SP00254" HPOS="519" VPOS="770" WIDTH="10"/>
							<String ID="P4_ST00303" HPOS="529" VPOS="746" WIDTH="21" HEIGHT="18" CONTENT="at" WC="0.47" CC="91"/>
							<SP ID="P4_SP00255" HPOS="550" VPOS="770" WIDTH="10"/>
							<String ID="P4_ST00304" HPOS="560" VPOS="744" WIDTH="54" HEIGHT="19" CONTENT="Cook" WC="0.95" CC="7780"/>
							<SP ID="P4_SP00256" HPOS="614" VPOS="770" WIDTH="16"/>
							<String ID="P4_ST00305" HPOS="630" VPOS="743" WIDTH="40" HEIGHT="19" CONTENT="and" WC="0.94" CC="970"/>
							<SP ID="P4_SP00257" HPOS="670" VPOS="770" WIDTH="10"/>
							<String ID="P4_ST00306" HPOS="680" VPOS="741" WIDTH="56" HEIGHT="20" CONTENT="Sons'" WC="0.96" CC="67790"/>
							<SP ID="P4_SP00258" HPOS="736" VPOS="770" WIDTH="12"/>
							<String ID="P4_ST00307" HPOS="748" VPOS="741" WIDTH="50" HEIGHT="25" CONTENT="(solo" WC="0.96" CC="87708"/>
							<SP ID="P4_SP00259" HPOS="798" VPOS="770" WIDTH="10"/>
							<String ID="P4_ST00308" HPOS="808" VPOS="741" WIDTH="81" HEIGHT="24" CONTENT="agents)" WC="0.98" CC="5970050"/>
							<SP ID="P4_SP00260" HPOS="889" VPOS="770" WIDTH="11"/>
							<String ID="P4_ST00309" HPOS="900" VPOS="740" WIDTH="65" HEIGHT="19" CONTENT="offices" WC="0.99" CC="2000737"/>
						</TextLine>
						<TextLine ID="P4_TL00051" HPOS="401" VPOS="768" WIDTH="267" HEIGHT="27">
							<String ID="P4_ST00310" HPOS="401" VPOS="771" WIDTH="123" HEIGHT="24" CONTENT="throughout" WC="0.98" CC="7797096705"/>
							<SP ID="P4_SP00261" HPOS="524" VPOS="795" WIDTH="11"/>
							<String ID="P4_ST00311" HPOS="535" VPOS="771" WIDTH="35" HEIGHT="18" CONTENT="the" WC="0.97" CC="070"/>
							<SP ID="P4_SP00262" HPOS="570" VPOS="795" WIDTH="16"/>
							<String ID="P4_ST00312" HPOS="586" VPOS="768" WIDTH="82" HEIGHT="25" CONTENT="Colony." WC="0.98" CC="8500187"/>
						</TextLine>
						<TextLine ID="P4_TL00052" HPOS="94" VPOS="820" WIDTH="882" HEIGHT="49">
							<String ID="P4_ST00313" HPOS="94" VPOS="828" WIDTH="103" HEIGHT="37" CONTENT="MRS" WC="0.94" CC="357" STYLEREFS="TXT_11"/>
							<SP ID="P4_SP00263" HPOS="197" VPOS="865" WIDTH="31"/>
							<String ID="P4_ST00314" HPOS="228" VPOS="828" WIDTH="40" HEIGHT="37" CONTENT="R." WC="0.64" CC="51" STYLEREFS="TXT_11"/>
							<SP ID="P4_SP00264" HPOS="268" VPOS="865" WIDTH="21"/>
							<String ID="P4_ST00315" HPOS="289" VPOS="823" WIDTH="206" HEIGHT="46" CONTENT="GRAHAM," WC="0.99" CC="3035140" STYLEREFS="TXT_11"/>
							<SP ID="P4_SP00265" HPOS="495" VPOS="869" WIDTH="52"/>
							<String ID="P4_ST00316" HPOS="547" VPOS="844" WIDTH="17" HEIGHT="6" CONTENT="-" WC="0.55" CC="4" STYLEREFS="TXT_11"/>
							<SP ID="P4_SP00266" HPOS="564" VPOS="869" WIDTH="40"/>
							<String ID="P4_ST00317" HPOS="604" VPOS="843" WIDTH="16" HEIGHT="6" CONTENT="-" WC="0.55" CC="4" STYLEREFS="TXT_11"/>
							<SP ID="P4_SP00267" HPOS="620" VPOS="869" WIDTH="40"/>
							<String ID="P4_ST00318" HPOS="660" VPOS="842" WIDTH="17" HEIGHT="6" CONTENT="-" WC="0.55" CC="4" STYLEREFS="TXT_11"/>
							<SP ID="P4_SP00268" HPOS="677" VPOS="869" WIDTH="49"/>
							<String ID="P4_ST00319" HPOS="726" VPOS="820" WIDTH="250" HEIGHT="46" CONTENT="Proprietress." WC="0.99" CC="3340016046100" STYLEREFS="TXT_11"/>
						</TextLine>
						<TextLine ID="P4_TL00053" HPOS="96" VPOS="926" WIDTH="878" HEIGHT="81">
							<String ID="P4_ST00320" HPOS="96" VPOS="930" WIDTH="461" HEIGHT="77" CONTENT="ATIAMURI" WC="0.89" CC="40000003" STYLEREFS="TXT_4"/>
							<SP ID="P4_SP00269" HPOS="557" VPOS="1007" WIDTH="70"/>
							<String ID="P4_ST00321" HPOS="627" VPOS="926" WIDTH="347" HEIGHT="78" CONTENT="HOTEL," WC="0.99" CC="040004" STYLEREFS="TXT_4"/>
						</TextLine>
						<TextLine ID="P4_TL00054" HPOS="329" VPOS="1023" WIDTH="412" HEIGHT="25">
							<String ID="P4_ST00322" HPOS="329" VPOS="1029" WIDTH="33" HEIGHT="19" CONTENT="On" WC="0.23" CC="68"/>
							<SP ID="P4_SP00270" HPOS="362" VPOS="1048" WIDTH="10"/>
							<String ID="P4_ST00323" HPOS="372" VPOS="1028" WIDTH="34" HEIGHT="19" CONTENT="the" WC="0.95" CC="075"/>
							<SP ID="P4_SP00271" HPOS="406" VPOS="1048" WIDTH="10"/>
							<String ID="P4_ST00324" HPOS="416" VPOS="1025" WIDTH="64" HEIGHT="22" CONTENT="banks" WC="0.96" CC="07795"/>
							<SP ID="P4_SP00272" HPOS="480" VPOS="1048" WIDTH="11"/>
							<String ID="P4_ST00325" HPOS="491" VPOS="1026" WIDTH="21" HEIGHT="18" CONTENT="of" WC="0.03" CC="99"/>
							<SP ID="P4_SP00273" HPOS="512" VPOS="1048" WIDTH="9"/>
							<String ID="P4_ST00326" HPOS="521" VPOS="1026" WIDTH="35" HEIGHT="18" CONTENT="the" WC="0.94" CC="970"/>
							<SP ID="P4_SP00274" HPOS="556" VPOS="1048" WIDTH="11"/>
							<String ID="P4_ST00327" HPOS="567" VPOS="1024" WIDTH="95" HEIGHT="22" CONTENT="Waikato" WC="0.42" CC="7646516"/>
							<SP ID="P4_SP00275" HPOS="662" VPOS="1048" WIDTH="11"/>
							<String ID="P4_ST00328" HPOS="673" VPOS="1023" WIDTH="68" HEIGHT="20" CONTENT="River." WC="0.98" CC="715031"/>
						</TextLine>
						<TextLine ID="P4_TL00055" HPOS="118" VPOS="1068" WIDTH="832" HEIGHT="35">
							<String ID="P4_ST00329" HPOS="118" VPOS="1079" WIDTH="120" HEIGHT="20" CONTENT="Patronised" WC="0.98" CC="7969980770"/>
							<SP ID="P4_SP00276" HPOS="238" VPOS="1099" WIDTH="18"/>
							<String ID="P4_ST00330" HPOS="256" VPOS="1078" WIDTH="28" HEIGHT="25" CONTENT="by" WC="0.68" CC="60"/>
							<SP ID="P4_SP00277" HPOS="284" VPOS="1103" WIDTH="13"/>
							<String ID="P4_ST00331" HPOS="297" VPOS="1077" WIDTH="35" HEIGHT="19" CONTENT="the" WC="0.95" CC="074"/>
							<SP ID="P4_SP00278" HPOS="332" VPOS="1103" WIDTH="13"/>
							<String ID="P4_ST00332" HPOS="345" VPOS="1075" WIDTH="49" HEIGHT="19" CONTENT="Earl" WC="0.96" CC="4742"/>
							<SP ID="P4_SP00279" HPOS="394" VPOS="1103" WIDTH="17"/>
							<String ID="P4_ST00333" HPOS="411" VPOS="1073" WIDTH="40" HEIGHT="20" CONTENT="and" WC="1.00" CC="100"/>
							<SP ID="P4_SP00280" HPOS="451" VPOS="1103" WIDTH="10"/>
							<String ID="P4_ST00334" HPOS="461" VPOS="1074" WIDTH="98" HEIGHT="19" CONTENT="Countess" WC="0.97" CC="69889709"/>
							<SP ID="P4_SP00281" HPOS="559" VPOS="1103" WIDTH="19"/>
							<String ID="P4_ST00335" HPOS="578" VPOS="1072" WIDTH="21" HEIGHT="20" CONTENT="of" WC="1.00" CC="00"/>
							<SP ID="P4_SP00282" HPOS="599" VPOS="1103" WIDTH="10"/>
							<String ID="P4_ST00336" HPOS="609" VPOS="1072" WIDTH="86" HEIGHT="21" CONTENT="Onslow," WC="0.97" CC="8753654"/>
							<SP ID="P4_SP00283" HPOS="695" VPOS="1103" WIDTH="15"/>
							<String ID="P4_ST00337" HPOS="710" VPOS="1070" WIDTH="99" HEIGHT="19" CONTENT="Countess" WC="0.98" CC="60771767"/>
							<SP ID="P4_SP00284" HPOS="809" VPOS="1103" WIDTH="13"/>
							<String ID="P4_ST00338" HPOS="822" VPOS="1069" WIDTH="21" HEIGHT="19" CONTENT="of" WC="0.67" CC="60"/>
							<SP ID="P4_SP00285" HPOS="843" VPOS="1103" WIDTH="11"/>
							<String ID="P4_ST00339" HPOS="854" VPOS="1068" WIDTH="96" HEIGHT="23" CONTENT="Glasgow" WC="0.97" CC="1697069"/>
						</TextLine>
						<TextLine ID="P4_TL00056" HPOS="277" VPOS="1096" WIDTH="541" HEIGHT="26">
							<String ID="P4_ST00340" HPOS="277" VPOS="1103" WIDTH="39" HEIGHT="19" CONTENT="and" WC="0.93" CC="189"/>
							<SP ID="P4_SP00286" HPOS="316" VPOS="1122" WIDTH="14"/>
							<String ID="P4_ST00341" HPOS="330" VPOS="1102" WIDTH="62" HEIGHT="19" CONTENT="Suite." WC="0.98" CC="730650"/>
							<SP ID="P4_SP00287" HPOS="392" VPOS="1122" WIDTH="29"/>
							<String ID="P4_ST00342" HPOS="421" VPOS="1101" WIDTH="31" HEIGHT="18" CONTENT="Sir" WC="0.95" CC="760"/>
							<SP ID="P4_SP00288" HPOS="452" VPOS="1122" WIDTH="9"/>
							<String ID="P4_ST00343" HPOS="461" VPOS="1100" WIDTH="89" HEIGHT="19" CONTENT="Thomas" WC="0.97" CC="079962"/>
							<SP ID="P4_SP00289" HPOS="550" VPOS="1122" WIDTH="14"/>
							<String ID="P4_ST00344" HPOS="564" VPOS="1099" WIDTH="40" HEIGHT="18" CONTENT="and" WC="0.96" CC="080"/>
							<SP ID="P4_SP00290" HPOS="604" VPOS="1122" WIDTH="10"/>
							<String ID="P4_ST00345" HPOS="614" VPOS="1098" WIDTH="57" HEIGHT="24" CONTENT="Lady" WC="0.95" CC="7907"/>
							<SP ID="P4_SP00291" HPOS="671" VPOS="1122" WIDTH="14"/>
							<String ID="P4_ST00346" HPOS="685" VPOS="1096" WIDTH="133" HEIGHT="20" CONTENT="Mclhvraith." WC="0.53" CC="87498004070"/>
						</TextLine>
						<TextLine ID="P4_TL00057" HPOS="126" VPOS="1178" WIDTH="850" HEIGHT="42">
							<String ID="P4_ST00347" HPOS="126" VPOS="1190" WIDTH="109" HEIGHT="26" CONTENT="Situated" WC="1.00" CC="03100005" STYLEREFS="TXT_12"/>
							<SP ID="P4_SP00292" HPOS="235" VPOS="1216" WIDTH="14"/>
							<String ID="P4_ST00348" HPOS="249" VPOS="1189" WIDTH="100" HEIGHT="31" CONTENT="halfway" WC="0.99" CC="3014320" STYLEREFS="TXT_12"/>
							<SP ID="P4_SP00293" HPOS="349" VPOS="1220" WIDTH="9"/>
							<String ID="P4_ST00349" HPOS="358" VPOS="1188" WIDTH="110" HEIGHT="23" CONTENT="between" WC="0.97" CC="5697747" STYLEREFS="TXT_12"/>
							<SP ID="P4_SP00294" HPOS="468" VPOS="1220" WIDTH="11"/>
							<String ID="P4_ST00350" HPOS="479" VPOS="1185" WIDTH="118" HEIGHT="27" CONTENT="Rotorua," WC="0.88" CC="40020101" STYLEREFS="TXT_12"/>
							<SP ID="P4_SP00295" HPOS="597" VPOS="1220" WIDTH="12"/>
							<String ID="P4_ST00351" HPOS="609" VPOS="1183" WIDTH="87" HEIGHT="31" CONTENT="Taupo" WC="0.80" CC="00440" STYLEREFS="TXT_12"/>
							<SP ID="P4_SP00296" HPOS="696" VPOS="1220" WIDTH="12"/>
							<String ID="P4_ST00352" HPOS="708" VPOS="1181" WIDTH="46" HEIGHT="23" CONTENT="and" WC="0.93" CC="755" STYLEREFS="TXT_12"/>
							<SP ID="P4_SP00297" HPOS="754" VPOS="1220" WIDTH="15"/>
							<String ID="P4_ST00353" HPOS="769" VPOS="1178" WIDTH="124" HEIGHT="26" CONTENT="Lichfield." WC="0.99" CC="0506000810" STYLEREFS="TXT_12"/>
							<SP ID="P4_SP00298" HPOS="893" VPOS="1220" WIDTH="30"/>
							<String ID="P4_ST00354" HPOS="923" VPOS="1178" WIDTH="53" HEIGHT="23" CONTENT="The" WC="0.96" CC="271" STYLEREFS="TXT_12"/>
						</TextLine>
						<TextLine ID="P4_TL00058" HPOS="93" VPOS="1211" WIDTH="883" HEIGHT="45">
							<String ID="P4_ST00355" HPOS="93" VPOS="1225" WIDTH="101" HEIGHT="31" CONTENT="starting" WC="1.00" CC="20020004" STYLEREFS="TXT_12"/>
							<SP ID="P4_SP00299" HPOS="194" VPOS="1256" WIDTH="24"/>
							<String ID="P4_ST00356" HPOS="218" VPOS="1223" WIDTH="68" HEIGHT="33" CONTENT="place" WC="0.98" CC="92000" STYLEREFS="TXT_12"/>
							<SP ID="P4_SP00300" HPOS="286" VPOS="1256" WIDTH="15"/>
							<String ID="P4_ST00357" HPOS="301" VPOS="1222" WIDTH="38" HEIGHT="24" CONTENT="for" WC="0.98" CC="302" STYLEREFS="TXT_12"/>
							<SP ID="P4_SP00301" HPOS="339" VPOS="1256" WIDTH="19"/>
							<String ID="P4_ST00358" HPOS="358" VPOS="1220" WIDTH="41" HEIGHT="24" CONTENT="the" WC="0.99" CC="030" STYLEREFS="TXT_12"/>
							<SP ID="P4_SP00302" HPOS="399" VPOS="1256" WIDTH="9"/>
							<String ID="P4_ST00359" HPOS="408" VPOS="1218" WIDTH="182" HEIGHT="26" CONTENT="Aniwhaniwha" WC="0.68" CC="00565014802" STYLEREFS="TXT_12"/>
							<SP ID="P4_SP00303" HPOS="590" VPOS="1256" WIDTH="24"/>
							<String ID="P4_ST00360" HPOS="614" VPOS="1215" WIDTH="72" HEIGHT="27" CONTENT="Falls," WC="0.99" CC="007003" STYLEREFS="TXT_12"/>
							<SP ID="P4_SP00304" HPOS="686" VPOS="1256" WIDTH="20"/>
							<String ID="P4_ST00361" HPOS="706" VPOS="1215" WIDTH="39" HEIGHT="22" CONTENT="the" WC="0.92" CC="777" STYLEREFS="TXT_12"/>
							<SP ID="P4_SP00305" HPOS="745" VPOS="1256" WIDTH="25"/>
							<String ID="P4_ST00362" HPOS="770" VPOS="1211" WIDTH="206" HEIGHT="26" CONTENT="Orakei-Korako" WC="0.81" CC="0003004000096" STYLEREFS="TXT_12"/>
						</TextLine>
						<TextLine ID="P4_TL00059" HPOS="92" VPOS="1244" WIDTH="884" HEIGHT="39">
							<String ID="P4_ST00363" HPOS="92" VPOS="1258" WIDTH="43" HEIGHT="23" CONTENT="red" WC="0.94" CC="096" STYLEREFS="TXT_12"/>
							<SP ID="P4_SP00306" HPOS="135" VPOS="1281" WIDTH="14"/>
							<String ID="P4_ST00364" HPOS="149" VPOS="1258" WIDTH="46" HEIGHT="22" CONTENT="and" WC="0.96" CC="900" STYLEREFS="TXT_12"/>
							<SP ID="P4_SP00307" HPOS="195" VPOS="1281" WIDTH="14"/>
							<String ID="P4_ST00365" HPOS="209" VPOS="1257" WIDTH="70" HEIGHT="23" CONTENT="white" WC="0.97" CC="80370" STYLEREFS="TXT_12"/>
							<SP ID="P4_SP00308" HPOS="279" VPOS="1281" WIDTH="13"/>
							<String ID="P4_ST00366" HPOS="292" VPOS="1255" WIDTH="124" HEIGHT="23" CONTENT="Terraces," WC="0.98" CC="590960477" STYLEREFS="TXT_12"/>
							<SP ID="P4_SP00309" HPOS="416" VPOS="1281" WIDTH="15"/>
							<String ID="P4_ST00367" HPOS="431" VPOS="1252" WIDTH="114" HEIGHT="31" CONTENT="Geysers," WC="0.99" CC="10570001" STYLEREFS="TXT_12"/>
							<SP ID="P4_SP00310" HPOS="545" VPOS="1283" WIDTH="21"/>
							<String ID="P4_ST00368" HPOS="566" VPOS="1250" WIDTH="72" HEIGHT="23" CONTENT="Alum" WC="0.95" CC="3588" STYLEREFS="TXT_12"/>
							<SP ID="P4_SP00311" HPOS="638" VPOS="1283" WIDTH="24"/>
							<String ID="P4_ST00369" HPOS="662" VPOS="1249" WIDTH="88" HEIGHT="23" CONTENT="Caves," WC="0.97" CC="295574" STYLEREFS="TXT_12"/>
							<SP ID="P4_SP00312" HPOS="750" VPOS="1283" WIDTH="19"/>
							<String ID="P4_ST00370" HPOS="769" VPOS="1246" WIDTH="54" HEIGHT="36" CONTENT="&amp;c.," WC="0.79" CC="0034" STYLEREFS="TXT_12"/>
							<SP ID="P4_SP00313" HPOS="823" VPOS="1283" WIDTH="14"/>
							<String ID="P4_ST00371" HPOS="837" VPOS="1250" WIDTH="25" HEIGHT="19" CONTENT="to" WC="0.81" CC="30" STYLEREFS="TXT_12"/>
							<SP ID="P4_SP00314" HPOS="862" VPOS="1283" WIDTH="12"/>
							<String ID="P4_ST00372" HPOS="874" VPOS="1244" WIDTH="76" HEIGHT="24" CONTENT="which" WC="0.98" CC="90600" STYLEREFS="TXT_12"/>
							<SP ID="P4_SP00315" HPOS="950" VPOS="1283" WIDTH="14"/>
							<String ID="P4_ST00373" HPOS="964" VPOS="1253" WIDTH="12" HEIGHT="13" CONTENT="a" WC="1.00" CC="9" STYLEREFS="TXT_12"/>
						</TextLine>
						<TextLine ID="P4_TL00060" HPOS="92" VPOS="1277" WIDTH="884" HEIGHT="43">
							<String ID="P4_ST00374" HPOS="92" VPOS="1300" WIDTH="51" HEIGHT="14" CONTENT="new" WC="0.96" CC="090" STYLEREFS="TXT_12"/>
							<SP ID="P4_SP00316" HPOS="143" VPOS="1314" WIDTH="20"/>
							<String ID="P4_ST00375" HPOS="163" VPOS="1290" WIDTH="47" HEIGHT="23" CONTENT="and" WC="0.93" CC="970" STYLEREFS="TXT_12"/>
							<SP ID="P4_SP00317" HPOS="210" VPOS="1314" WIDTH="21"/>
							<String ID="P4_ST00376" HPOS="231" VPOS="1297" WIDTH="55" HEIGHT="23" CONTENT="easy" WC="1.00" CC="0000" STYLEREFS="TXT_12"/>
							<SP ID="P4_SP00318" HPOS="286" VPOS="1320" WIDTH="25"/>
							<String ID="P4_ST00377" HPOS="311" VPOS="1287" WIDTH="65" HEIGHT="23" CONTENT="track" WC="0.96" CC="59845" STYLEREFS="TXT_12"/>
							<SP ID="P4_SP00319" HPOS="376" VPOS="1320" WIDTH="14"/>
							<String ID="P4_ST00378" HPOS="390" VPOS="1286" WIDTH="19" HEIGHT="24" CONTENT="is" WC="0.39" CC="74" STYLEREFS="TXT_12"/>
							<SP ID="P4_SP00320" HPOS="409" VPOS="1320" WIDTH="21"/>
							<String ID="P4_ST00379" HPOS="430" VPOS="1294" WIDTH="50" HEIGHT="14" CONTENT="now" WC="0.91" CC="787" STYLEREFS="TXT_12"/>
							<SP ID="P4_SP00321" HPOS="480" VPOS="1320" WIDTH="25"/>
							<String ID="P4_ST00380" HPOS="505" VPOS="1282" WIDTH="145" HEIGHT="32" CONTENT="completed." WC="0.98" CC="7889079700" STYLEREFS="TXT_12"/>
							<SP ID="P4_SP00322" HPOS="650" VPOS="1320" WIDTH="37"/>
							<String ID="P4_ST00381" HPOS="687" VPOS="1281" WIDTH="115" HEIGHT="23" CONTENT="Distance" WC="0.98" CC="27820009" STYLEREFS="TXT_12"/>
							<SP ID="P4_SP00323" HPOS="802" VPOS="1320" WIDTH="20"/>
							<String ID="P4_ST00382" HPOS="822" VPOS="1286" WIDTH="55" HEIGHT="15" CONTENT="nine" WC="0.94" CC="9277" STYLEREFS="TXT_12"/>
							<SP ID="P4_SP00324" HPOS="877" VPOS="1320" WIDTH="22"/>
							<String ID="P4_ST00383" HPOS="899" VPOS="1277" WIDTH="77" HEIGHT="24" CONTENT="miles," WC="0.98" CC="050474" STYLEREFS="TXT_12"/>
						</TextLine>
						<TextLine ID="P4_TL00061" HPOS="92" VPOS="1310" WIDTH="883" HEIGHT="38">
							<String ID="P4_ST00384" HPOS="92" VPOS="1324" WIDTH="53" HEIGHT="24" CONTENT="four" WC="0.99" CC="0400" STYLEREFS="TXT_12"/>
							<SP ID="P4_SP00325" HPOS="145" VPOS="1348" WIDTH="9"/>
							<String ID="P4_ST00385" HPOS="154" VPOS="1322" WIDTH="26" HEIGHT="25" CONTENT="of" WC="1.00" CC="00" STYLEREFS="TXT_12"/>
							<SP ID="P4_SP00326" HPOS="180" VPOS="1348" WIDTH="10"/>
							<String ID="P4_ST00386" HPOS="190" VPOS="1322" WIDTH="77" HEIGHT="25" CONTENT="which" WC="0.97" CC="96206" STYLEREFS="TXT_12"/>
							<SP ID="P4_SP00327" HPOS="267" VPOS="1348" WIDTH="17"/>
							<String ID="P4_ST00387" HPOS="284" VPOS="1328" WIDTH="43" HEIGHT="17" CONTENT="can" WC="1.00" CC="000" STYLEREFS="TXT_12"/>
							<SP ID="P4_SP00328" HPOS="327" VPOS="1348" WIDTH="20"/>
							<String ID="P4_ST00388" HPOS="347" VPOS="1320" WIDTH="31" HEIGHT="23" CONTENT="be" WC="0.63" CC="70" STYLEREFS="TXT_12"/>
							<SP ID="P4_SP00329" HPOS="378" VPOS="1348" WIDTH="19"/>
							<String ID="P4_ST00389" HPOS="397" VPOS="1319" WIDTH="84" HEIGHT="22" CONTENT="driven" WC="0.97" CC="092509" STYLEREFS="TXT_12"/>
							<SP ID="P4_SP00330" HPOS="481" VPOS="1348" WIDTH="24"/>
							<String ID="P4_ST00390" HPOS="505" VPOS="1325" WIDTH="59" HEIGHT="15" CONTENT="over" WC="0.94" CC="8875" STYLEREFS="TXT_12"/>
							<SP ID="P4_SP00331" HPOS="564" VPOS="1348" WIDTH="22"/>
							<String ID="P4_ST00391" HPOS="586" VPOS="1316" WIDTH="16" HEIGHT="22" CONTENT="if" WC="0.57" CC="25" STYLEREFS="TXT_12"/>
							<SP ID="P4_SP00332" HPOS="602" VPOS="1348" WIDTH="17"/>
							<String ID="P4_ST00392" HPOS="619" VPOS="1313" WIDTH="104" HEIGHT="25" CONTENT="desired." WC="0.98" CC="97759000" STYLEREFS="TXT_12"/>
							<SP ID="P4_SP00333" HPOS="723" VPOS="1348" WIDTH="44"/>
							<String ID="P4_ST00393" HPOS="767" VPOS="1312" WIDTH="52" HEIGHT="23" CONTENT="Hot" WC="0.93" CC="577" STYLEREFS="TXT_12"/>
							<SP ID="P4_SP00334" HPOS="819" VPOS="1348" WIDTH="21"/>
							<String ID="P4_ST00394" HPOS="840" VPOS="1312" WIDTH="70" HEIGHT="22" CONTENT="baths" WC="0.98" CC="79000" STYLEREFS="TXT_12"/>
							<SP ID="P4_SP00335" HPOS="910" VPOS="1348" WIDTH="19"/>
							<String ID="P4_ST00395" HPOS="929" VPOS="1310" WIDTH="46" HEIGHT="23" CONTENT="and" WC="1.00" CC="000" STYLEREFS="TXT_12"/>
						</TextLine>
						<TextLine ID="P4_TL00062" HPOS="92" VPOS="1350" WIDTH="400" HEIGHT="31">
							<String ID="P4_ST00396" HPOS="92" VPOS="1356" WIDTH="52" HEIGHT="25" CONTENT="falls" WC="0.99" CC="00300" STYLEREFS="TXT_12"/>
							<SP ID="P4_SP00336" HPOS="144" VPOS="1381" WIDTH="18"/>
							<String ID="P4_ST00397" HPOS="162" VPOS="1355" WIDTH="81" HEIGHT="24" CONTENT="within" WC="0.99" CC="008700" STYLEREFS="TXT_12"/>
							<SP ID="P4_SP00337" HPOS="243" VPOS="1381" WIDTH="17"/>
							<String ID="P4_ST00398" HPOS="260" VPOS="1362" WIDTH="28" HEIGHT="16" CONTENT="10" WC="0.70" CC="50" STYLEREFS="TXT_12"/>
							<SP ID="P4_SP00338" HPOS="288" VPOS="1381" WIDTH="11"/>
							<String ID="P4_ST00399" HPOS="299" VPOS="1353" WIDTH="104" HEIGHT="23" CONTENT="minutes" WC="0.99" CC="0005370" STYLEREFS="TXT_12"/>
							<SP ID="P4_SP00339" HPOS="403" VPOS="1381" WIDTH="13"/>
							<String ID="P4_ST00400" HPOS="416" VPOS="1350" WIDTH="76" HEIGHT="24" CONTENT="drive." WC="0.98" CC="004763" STYLEREFS="TXT_12"/>
						</TextLine>
						<TextLine ID="P4_TL00063" HPOS="158" VPOS="1428" WIDTH="750" HEIGHT="40">
							<String ID="P4_ST00401" HPOS="158" VPOS="1440" WIDTH="72" HEIGHT="23" CONTENT="Good" WC="0.95" CC="6970" STYLEREFS="TXT_12"/>
							<SP ID="P4_SP00340" HPOS="230" VPOS="1463" WIDTH="14"/>
							<String ID="P4_ST00402" HPOS="244" VPOS="1442" WIDTH="63" HEIGHT="20" CONTENT="trout" WC="0.96" CC="48774" STYLEREFS="TXT_12"/>
							<SP ID="P4_SP00341" HPOS="307" VPOS="1463" WIDTH="13"/>
							<String ID="P4_ST00403" HPOS="320" VPOS="1435" WIDTH="87" HEIGHT="33" CONTENT="fishing" WC="0.99" CC="2201550" STYLEREFS="TXT_12"/>
							<SP ID="P4_SP00342" HPOS="407" VPOS="1468" WIDTH="12"/>
							<String ID="P4_ST00404" HPOS="419" VPOS="1435" WIDTH="46" HEIGHT="23" CONTENT="and" WC="1.00" CC="000" STYLEREFS="TXT_12"/>
							<SP ID="P4_SP00343" HPOS="465" VPOS="1468" WIDTH="20"/>
							<String ID="P4_ST00405" HPOS="485" VPOS="1433" WIDTH="113" HEIGHT="32" CONTENT="shooting" WC="0.99" CC="00009670" STYLEREFS="TXT_12"/>
							<SP ID="P4_SP00344" HPOS="598" VPOS="1468" WIDTH="14"/>
							<String ID="P4_ST00406" HPOS="612" VPOS="1432" WIDTH="21" HEIGHT="23" CONTENT="in" WC="0.58" CC="43" STYLEREFS="TXT_12"/>
							<SP ID="P4_SP00345" HPOS="633" VPOS="1468" WIDTH="16"/>
							<String ID="P4_ST00407" HPOS="649" VPOS="1431" WIDTH="38" HEIGHT="23" CONTENT="the" WC="0.93" CC="466" STYLEREFS="TXT_12"/>
							<SP ID="P4_SP00346" HPOS="687" VPOS="1468" WIDTH="14"/>
							<String ID="P4_ST00408" HPOS="701" VPOS="1428" WIDTH="207" HEIGHT="33" CONTENT="neighbourhood." WC="0.99" CC="00574576699400" STYLEREFS="TXT_12"/>
						</TextLine>
						<TextLine ID="P4_TL00064" HPOS="538" VPOS="1477" WIDTH="10" HEIGHT="13">
							<String ID="P4_ST00409" HPOS="538" VPOS="1477" WIDTH="10" HEIGHT="13" CONTENT="o" WC="0.29" CC="7" STYLEREFS="TXT_12"/>
							<SP ID="P4_SP00347" HPOS="548" VPOS="1490" WIDTH="0"/>
						</TextLine>
						<TextLine ID="P4_TL00065" HPOS="92" VPOS="1498" WIDTH="882" HEIGHT="35">
							<String ID="P4_ST00410" HPOS="92" VPOS="1512" WIDTH="74" HEIGHT="21" CONTENT="Guides" WC="0.96" CC="774927"/>
							<SP ID="P4_SP00348" HPOS="166" VPOS="1533" WIDTH="8"/>
							<String ID="P4_ST00411" HPOS="174" VPOS="1511" WIDTH="40" HEIGHT="19" CONTENT="and" WC="0.96" CC="440"/>
							<SP ID="P4_SP00349" HPOS="214" VPOS="1533" WIDTH="8"/>
							<String ID="P4_ST00412" HPOS="222" VPOS="1509" WIDTH="74" HEIGHT="21" CONTENT="Saddle" WC="0.98" CC="200846"/>
							<SP ID="P4_SP00350" HPOS="296" VPOS="1533" WIDTH="7"/>
							<String ID="P4_ST00413" HPOS="303" VPOS="1508" WIDTH="78" HEIGHT="19" CONTENT="Horses" WC="0.96" CC="876648"/>
							<SP ID="P4_SP00351" HPOS="381" VPOS="1533" WIDTH="5"/>
							<String ID="P4_ST00414" HPOS="386" VPOS="1506" WIDTH="99" HEIGHT="26" CONTENT="supplied." WC="0.99" CC="700900092"/>
							<SP ID="P4_SP00352" HPOS="485" VPOS="1533" WIDTH="16"/>
							<String ID="P4_ST00415" HPOS="501" VPOS="1506" WIDTH="49" HEIGHT="18" CONTENT="Post" WC="0.97" CC="0670"/>
							<SP ID="P4_SP00353" HPOS="550" VPOS="1533" WIDTH="8"/>
							<String ID="P4_ST00416" HPOS="558" VPOS="1504" WIDTH="39" HEIGHT="19" CONTENT="and" WC="0.91" CC="849"/>
							<SP ID="P4_SP00354" HPOS="597" VPOS="1533" WIDTH="10"/>
							<String ID="P4_ST00417" HPOS="607" VPOS="1501" WIDTH="114" HEIGHT="26" CONTENT="Telegraph" WC="0.98" CC="070790507"/>
							<SP ID="P4_SP00355" HPOS="721" VPOS="1533" WIDTH="7"/>
							<String ID="P4_ST00418" HPOS="728" VPOS="1500" WIDTH="60" HEIGHT="20" CONTENT="Office" WC="0.98" CC="033374"/>
							<SP ID="P4_SP00356" HPOS="788" VPOS="1533" WIDTH="6"/>
							<String ID="P4_ST00419" HPOS="794" VPOS="1507" WIDTH="26" HEIGHT="12" CONTENT="on" WC="0.20" CC="78"/>
							<SP ID="P4_SP00357" HPOS="820" VPOS="1533" WIDTH="6"/>
							<String ID="P4_ST00420" HPOS="826" VPOS="1500" WIDTH="35" HEIGHT="18" CONTENT="the" WC="0.92" CC="778"/>
							<SP ID="P4_SP00358" HPOS="861" VPOS="1533" WIDTH="10"/>
							<String ID="P4_ST00421" HPOS="871" VPOS="1498" WIDTH="103" HEIGHT="26" CONTENT="premises." WC="0.98" CC="926827001"/>
						</TextLine>
						<TextLine ID="P4_TL00066" HPOS="524" VPOS="1537" WIDTH="11" HEIGHT="13">
							<String ID="P4_ST00422" HPOS="524" VPOS="1537" WIDTH="11" HEIGHT="13" CONTENT="o" WC="0.34" CC="6"/>
							<SP ID="P4_SP00359" HPOS="535" VPOS="1550" WIDTH="0"/>
						</TextLine>
						<TextLine ID="P4_TL00067" HPOS="183" VPOS="1552" WIDTH="699" HEIGHT="31">
							<String ID="P4_ST00423" HPOS="183" VPOS="1563" WIDTH="39" HEIGHT="20" CONTENT="For" WC="0.97" CC="440"/>
							<SP ID="P4_SP00360" HPOS="222" VPOS="1583" WIDTH="9"/>
							<String ID="P4_ST00424" HPOS="231" VPOS="1562" WIDTH="79" HEIGHT="19" CONTENT="further" WC="0.98" CC="3870605"/>
							<SP ID="P4_SP00361" HPOS="310" VPOS="1583" WIDTH="10"/>
							<String ID="P4_ST00425" HPOS="320" VPOS="1558" WIDTH="129" HEIGHT="22" CONTENT="information" WC="0.99" CC="67833700077"/>
							<SP ID="P4_SP00362" HPOS="449" VPOS="1583" WIDTH="14"/>
							<String ID="P4_ST00426" HPOS="463" VPOS="1558" WIDTH="61" HEIGHT="25" CONTENT="apply" WC="0.94" CC="79949"/>
							<SP ID="P4_SP00363" HPOS="524" VPOS="1583" WIDTH="16"/>
							<String ID="P4_ST00427" HPOS="540" VPOS="1557" WIDTH="74" HEIGHT="18" CONTENT="Messrs" WC="0.96" CC="877777"/>
							<SP ID="P4_SP00364" HPOS="614" VPOS="1583" WIDTH="10"/>
							<String ID="P4_ST00428" HPOS="624" VPOS="1554" WIDTH="55" HEIGHT="19" CONTENT="Cook" WC="0.93" CC="9867"/>
							<SP ID="P4_SP00365" HPOS="679" VPOS="1583" WIDTH="10"/>
							<String ID="P4_ST00429" HPOS="689" VPOS="1553" WIDTH="40" HEIGHT="19" CONTENT="and" WC="0.94" CC="079"/>
							<SP ID="P4_SP00366" HPOS="729" VPOS="1583" WIDTH="11"/>
							<String ID="P4_ST00430" HPOS="740" VPOS="1552" WIDTH="46" HEIGHT="22" CONTENT="Son," WC="0.96" CC="7082"/>
							<SP ID="P4_SP00367" HPOS="786" VPOS="1583" WIDTH="11"/>
							<String ID="P4_ST00431" HPOS="797" VPOS="1552" WIDTH="85" HEIGHT="24" CONTENT="Agents." WC="0.98" CC="3078090"/>
						</TextLine>
						<TextLine ID="P4_TL00068" HPOS="301" VPOS="1620" WIDTH="459" HEIGHT="50">
							<String ID="P4_ST00432" HPOS="301" VPOS="1626" WIDTH="53" HEIGHT="44" CONTENT="C." WC="0.56" CC="44" STYLEREFS="TXT_13"/>
							<SP ID="P4_SP00368" HPOS="354" VPOS="1670" WIDTH="37"/>
							<String ID="P4_ST00433" HPOS="391" VPOS="1620" WIDTH="369" HEIGHT="49" CONTENT="CROWTHER," WC="0.95" CC="101000000" STYLEREFS="TXT_13"/>
						</TextLine>
						<TextLine ID="P4_TL00069" HPOS="386" VPOS="1675" WIDTH="288" HEIGHT="35">
							<String ID="P4_ST00434" HPOS="386" VPOS="1675" WIDTH="288" HEIGHT="35" CONTENT="PROPRIETOR." WC="0.99" CC="30010073150" STYLEREFS="TXT_14"/>
						</TextLine>
						<TextLine ID="P4_TL00070" HPOS="169" VPOS="1782" WIDTH="730" HEIGHT="66">
							<String ID="P4_ST00435" HPOS="169" VPOS="1791" WIDTH="143" HEIGHT="57" CONTENT="Pure" WC="0.95" CC="7674" STYLEREFS="TXT_15"/>
							<SP ID="P4_SP00369" HPOS="312" VPOS="1848" WIDTH="53"/>
							<String ID="P4_ST00436" HPOS="365" VPOS="1785" WIDTH="257" HEIGHT="61" CONTENT="Jierated" WC="0.26" CC="88289909" STYLEREFS="TXT_15"/>
							<SP ID="P4_SP00370" HPOS="622" VPOS="1848" WIDTH="37"/>
							<String ID="P4_ST00437" HPOS="659" VPOS="1782" WIDTH="240" HEIGHT="65" CONTENT="Waters." WC="0.97" CC="9964762" STYLEREFS="TXT_15"/>
						</TextLine>
						<TextLine ID="P4_TL00071" HPOS="238" VPOS="1908" WIDTH="592" HEIGHT="32">
							<String ID="P4_ST00438" HPOS="238" VPOS="1919" WIDTH="42" HEIGHT="21" CONTENT="One" WC="1.00" CC="000"/>
							<SP ID="P4_SP00371" HPOS="280" VPOS="1940" WIDTH="16"/>
							<String ID="P4_ST00439" HPOS="296" VPOS="1919" WIDTH="21" HEIGHT="19" CONTENT="of" WC="0.47" CC="46"/>
							<SP ID="P4_SP00372" HPOS="317" VPOS="1940" WIDTH="14"/>
							<String ID="P4_ST00440" HPOS="331" VPOS="1917" WIDTH="34" HEIGHT="21" CONTENT="tho" WC="0.49" CC="077"/>
							<SP ID="P4_SP00373" HPOS="365" VPOS="1940" WIDTH="11"/>
							<String ID="P4_ST00441" HPOS="376" VPOS="1916" WIDTH="114" HEIGHT="20" CONTENT="necessities" WC="0.98" CC="77866944450"/>
							<SP ID="P4_SP00374" HPOS="490" VPOS="1940" WIDTH="15"/>
							<String ID="P4_ST00442" HPOS="505" VPOS="1915" WIDTH="21" HEIGHT="20" CONTENT="of" WC="0.51" CC="27"/>
							<SP ID="P4_SP00375" HPOS="526" VPOS="1940" WIDTH="8"/>
							<String ID="P4_ST00443" HPOS="534" VPOS="1915" WIDTH="36" HEIGHT="19" CONTENT="the" WC="0.97" CC="070"/>
							<SP ID="P4_SP00376" HPOS="570" VPOS="1940" WIDTH="10"/>
							<String ID="P4_ST00444" HPOS="580" VPOS="1914" WIDTH="79" HEIGHT="24" CONTENT="coming" WC="0.96" CC="879469"/>
							<SP ID="P4_SP00377" HPOS="659" VPOS="1940" WIDTH="11"/>
							<String ID="P4_ST00445" HPOS="670" VPOS="1913" WIDTH="75" HEIGHT="19" CONTENT="Season" WC="0.96" CC="970678"/>
							<SP ID="P4_SP00378" HPOS="745" VPOS="1940" WIDTH="9"/>
							<String ID="P4_ST00446" HPOS="754" VPOS="1908" WIDTH="41" HEIGHT="23" CONTENT="will" WC="0.94" CC="9656"/>
							<SP ID="P4_SP00379" HPOS="795" VPOS="1940" WIDTH="11"/>
							<String ID="P4_ST00447" HPOS="806" VPOS="1912" WIDTH="24" HEIGHT="16" CONTENT="bo" WC="0.08" CC="98"/>
						</TextLine>
						<TextLine ID="P4_TL00072" HPOS="92" VPOS="1957" WIDTH="886" HEIGHT="40">
							<String ID="P4_ST00448" HPOS="92" VPOS="1971" WIDTH="30" HEIGHT="26" CONTENT="A" WC="1.00" CC="9" STYLEREFS="TXT_16"/>
							<SP ID="P4_SP00380" HPOS="122" VPOS="1997" WIDTH="24"/>
							<String ID="P4_ST00449" HPOS="146" VPOS="1969" WIDTH="127" HEIGHT="27" CONTENT="COOL" WC="0.96" CC="6036" STYLEREFS="TXT_16"/>
							<SP ID="P4_SP00381" HPOS="273" VPOS="1997" WIDTH="24"/>
							<String ID="P4_ST00450" HPOS="297" VPOS="1967" WIDTH="105" HEIGHT="27" CONTENT="AND" WC="0.91" CC="967" STYLEREFS="TXT_16"/>
							<SP ID="P4_SP00382" HPOS="402" VPOS="1997" WIDTH="26"/>
							<String ID="P4_ST00451" HPOS="428" VPOS="1961" WIDTH="348" HEIGHT="32" CONTENT="REFRESHING" WC="0.98" CC="4076467697" STYLEREFS="TXT_16"/>
							<SP ID="P4_SP00383" HPOS="776" VPOS="1997" WIDTH="31"/>
							<String ID="P4_ST00452" HPOS="807" VPOS="1957" WIDTH="171" HEIGHT="28" CONTENT="BRINK" WC="0.95" CC="77676" STYLEREFS="TXT_16"/>
						</TextLine>
						<TextLine ID="P4_TL00073" HPOS="118" VPOS="2001" WIDTH="834" HEIGHT="34">
							<String ID="P4_ST00453" HPOS="118" VPOS="2011" WIDTH="140" HEIGHT="21" CONTENT="Uiitiuctured" WC="0.39" CC="976608656745"/>
							<SP ID="P4_SP00384" HPOS="258" VPOS="2032" WIDTH="12"/>
							<String ID="P4_ST00454" HPOS="270" VPOS="2012" WIDTH="22" HEIGHT="23" CONTENT="by" WC="0.58" CC="16"/>
							<SP ID="P4_SP00385" HPOS="292" VPOS="2035" WIDTH="11"/>
							<String ID="P4_ST00455" HPOS="303" VPOS="2016" WIDTH="38" HEIGHT="19" CONTENT="any" WC="0.94" CC="087"/>
							<SP ID="P4_SP00386" HPOS="341" VPOS="2035" WIDTH="17"/>
							<String ID="P4_ST00456" HPOS="358" VPOS="2010" WIDTH="7" HEIGHT="19" CONTENT="1" WC="0.13" CC="8"/>
							<SP ID="P4_SP00387" HPOS="365" VPOS="2035" WIDTH="6"/>
							<String ID="P4_ST00457" HPOS="371" VPOS="2009" WIDTH="114" HEIGHT="18" CONTENT="Victorious" WC="0.98" CC="9677880588"/>
							<SP ID="P4_SP00388" HPOS="485" VPOS="2035" WIDTH="12"/>
							<String ID="P4_ST00458" HPOS="497" VPOS="2006" WIDTH="100" HEIGHT="21" CONTENT="Chemical" WC="0.97" CC="48671885"/>
							<SP ID="P4_SP00389" HPOS="597" VPOS="2035" WIDTH="12"/>
							<String ID="P4_ST00459" HPOS="609" VPOS="2005" WIDTH="125" HEIGHT="24" CONTENT="Compound." WC="0.98" CC="766904880"/>
							<SP ID="P4_SP00390" HPOS="734" VPOS="2035" WIDTH="40"/>
							<String ID="P4_ST00460" HPOS="774" VPOS="2004" WIDTH="14" HEIGHT="17" CONTENT="A" WC="1.00" CC="9"/>
							<SP ID="P4_SP00391" HPOS="788" VPOS="2035" WIDTH="14"/>
							<String ID="P4_ST00461" HPOS="802" VPOS="2001" WIDTH="61" HEIGHT="20" CONTENT="drink" WC="0.97" CC="87170"/>
							<SP ID="P4_SP00392" HPOS="863" VPOS="2035" WIDTH="10"/>
							<String ID="P4_ST00462" HPOS="873" VPOS="2007" WIDTH="21" HEIGHT="13" CONTENT="at" WC="0.07" CC="98"/>
							<SP ID="P4_SP00393" HPOS="894" VPOS="2035" WIDTH="9"/>
							<String ID="P4_ST00463" HPOS="903" VPOS="2007" WIDTH="49" HEIGHT="12" CONTENT="once" WC="0.93" CC="9797"/>
						</TextLine>
						<TextLine ID="P4_TL00074" HPOS="250" VPOS="2037" WIDTH="566" HEIGHT="38">
							<String ID="P4_ST00464" HPOS="250" VPOS="2042" WIDTH="244" HEIGHT="33" CONTENT="Exhilarating" WC="0.99" CC="167072707077" STYLEREFS="TXT_6"/>
							<SP ID="P4_SP00394" HPOS="494" VPOS="2075" WIDTH="19"/>
							<String ID="P4_ST00465" HPOS="513" VPOS="2041" WIDTH="70" HEIGHT="27" CONTENT="and" WC="0.91" CC="969" STYLEREFS="TXT_6"/>
							<SP ID="P4_SP00395" HPOS="583" VPOS="2075" WIDTH="19"/>
							<String ID="P4_ST00466" HPOS="602" VPOS="2037" WIDTH="214" HEIGHT="32" CONTENT="Refreshing," WC="0.98" CC="70566177991" STYLEREFS="TXT_6"/>
						</TextLine>
						<TextLine ID="P4_TL00075" HPOS="94" VPOS="2077" WIDTH="885" HEIGHT="36">
							<String ID="P4_ST00467" HPOS="94" VPOS="2089" WIDTH="40" HEIGHT="20" CONTENT="and" WC="0.94" CC="970"/>
							<SP ID="P4_SP00396" HPOS="134" VPOS="2109" WIDTH="10"/>
							<String ID="P4_ST00468" HPOS="144" VPOS="2088" WIDTH="65" HEIGHT="20" CONTENT="which" WC="0.95" CC="47579"/>
							<SP ID="P4_SP00397" HPOS="209" VPOS="2109" WIDTH="10"/>
							<String ID="P4_ST00469" HPOS="219" VPOS="2087" WIDTH="41" HEIGHT="21" CONTENT="will" WC="0.97" CC="9050"/>
							<SP ID="P4_SP00398" HPOS="260" VPOS="2109" WIDTH="9"/>
							<String ID="P4_ST00470" HPOS="269" VPOS="2093" WIDTH="61" HEIGHT="20" CONTENT="prove" WC="0.96" CC="90646"/>
							<SP ID="P4_SP00399" HPOS="330" VPOS="2113" WIDTH="10"/>
							<String ID="P4_ST00471" HPOS="340" VPOS="2092" WIDTH="12" HEIGHT="13" CONTENT="a" WC="1.00" CC="9"/>
							<SP ID="P4_SP00400" HPOS="352" VPOS="2113" WIDTH="9"/>
							<String ID="P4_ST00472" HPOS="361" VPOS="2084" WIDTH="116" HEIGHT="27" CONTENT="preventive" WC="0.98" CC="9966077224"/>
							<SP ID="P4_SP00401" HPOS="477" VPOS="2113" WIDTH="10"/>
							<String ID="P4_ST00473" HPOS="487" VPOS="2084" WIDTH="21" HEIGHT="19" CONTENT="of" WC="0.12" CC="79"/>
							<SP ID="P4_SP00402" HPOS="508" VPOS="2113" WIDTH="14"/>
							<String ID="P4_ST00474" HPOS="522" VPOS="2082" WIDTH="115" HEIGHT="27" CONTENT="Dyspepsia" WC="0.97" CC="797979319"/>
							<SP ID="P4_SP00403" HPOS="637" VPOS="2113" WIDTH="18"/>
							<String ID="P4_ST00475" HPOS="655" VPOS="2081" WIDTH="40" HEIGHT="19" CONTENT="and" WC="0.96" CC="820"/>
							<SP ID="P4_SP00404" HPOS="695" VPOS="2113" WIDTH="17"/>
							<String ID="P4_ST00476" HPOS="712" VPOS="2080" WIDTH="27" HEIGHT="19" CONTENT="all" WC="1.00" CC="000"/>
							<SP ID="P4_SP00405" HPOS="739" VPOS="2113" WIDTH="17"/>
							<String ID="P4_ST00477" HPOS="756" VPOS="2078" WIDTH="92" HEIGHT="21" CONTENT="Internal" WC="0.99" CC="87004610"/>
							<SP ID="P4_SP00406" HPOS="848" VPOS="2113" WIDTH="20"/>
							<String ID="P4_ST00478" HPOS="868" VPOS="2077" WIDTH="111" HEIGHT="21" CONTENT="Disorders." WC="0.98" CC="9070094780"/>
						</TextLine>
						<TextLine ID="P4_TL00076" HPOS="119" VPOS="2129" WIDTH="861" HEIGHT="33">
							<String ID="P4_ST00479" HPOS="119" VPOS="2141" WIDTH="88" HEIGHT="20" CONTENT="Aerated" WC="0.97" CC="9560379"/>
							<SP ID="P4_SP00407" HPOS="207" VPOS="2161" WIDTH="11"/>
							<String ID="P4_ST00480" HPOS="218" VPOS="2140" WIDTH="80" HEIGHT="19" CONTENT="Waters" WC="0.98" CC="900627"/>
							<SP ID="P4_SP00408" HPOS="298" VPOS="2161" WIDTH="10"/>
							<String ID="P4_ST00481" HPOS="308" VPOS="2138" WIDTH="39" HEIGHT="20" CONTENT="and" WC="0.90" CC="789"/>
							<SP ID="P4_SP00409" HPOS="347" VPOS="2161" WIDTH="9"/>
							<String ID="P4_ST00482" HPOS="356" VPOS="2137" WIDTH="96" HEIGHT="24" CONTENT="Cordials," WC="0.98" CC="197059070"/>
							<SP ID="P4_SP00410" HPOS="452" VPOS="2161" WIDTH="11"/>
							<String ID="P4_ST00483" HPOS="463" VPOS="2136" WIDTH="124" HEIGHT="26" CONTENT="comprising" WC="0.98" CC="5789946560"/>
							<SP ID="P4_SP00411" HPOS="587" VPOS="2162" WIDTH="11"/>
							<String ID="P4_ST00484" HPOS="598" VPOS="2135" WIDTH="32" HEIGHT="19" CONTENT="the" WC="0.95" CC="607"/>
							<SP ID="P4_SP00412" HPOS="630" VPOS="2162" WIDTH="11"/>
							<String ID="P4_ST00485" HPOS="641" VPOS="2134" WIDTH="73" HEIGHT="20" CONTENT="Purest" WC="0.96" CC="769592"/>
							<SP ID="P4_SP00413" HPOS="714" VPOS="2162" WIDTH="16"/>
							<String ID="P4_ST00486" HPOS="730" VPOS="2131" WIDTH="120" HEIGHT="24" CONTENT="Lemonade," WC="0.98" CC="419684062"/>
							<SP ID="P4_SP00414" HPOS="850" VPOS="2162" WIDTH="22"/>
							<String ID="P4_ST00487" HPOS="872" VPOS="2130" WIDTH="34" HEIGHT="20" CONTENT="the" WC="0.94" CC="690"/>
							<SP ID="P4_SP00415" HPOS="906" VPOS="2162" WIDTH="20"/>
							<String ID="P4_ST00488" HPOS="926" VPOS="2129" WIDTH="54" HEIGHT="20" CONTENT="Most" WC="0.96" CC="8075"/>
						</TextLine>
						<TextLine ID="P4_TL00077" HPOS="94" VPOS="2161" WIDTH="570" HEIGHT="31">
							<String ID="P4_ST00489" HPOS="94" VPOS="2167" WIDTH="101" HEIGHT="21" CONTENT="Delicious" WC="0.98" CC="665071357"/>
							<SP ID="P4_SP00416" HPOS="195" VPOS="2188" WIDTH="10"/>
							<String ID="P4_ST00490" HPOS="205" VPOS="2167" WIDTH="77" HEIGHT="25" CONTENT="Ginger" WC="0.96" CC="708979"/>
							<SP ID="P4_SP00417" HPOS="282" VPOS="2192" WIDTH="11"/>
							<String ID="P4_ST00491" HPOS="293" VPOS="2166" WIDTH="43" HEIGHT="23" CONTENT="Ale," WC="0.97" CC="7070"/>
							<SP ID="P4_SP00418" HPOS="336" VPOS="2192" WIDTH="12"/>
							<String ID="P4_ST00492" HPOS="348" VPOS="2162" WIDTH="163" HEIGHT="28" CONTENT="Higly-charged" WC="0.57" CC="7490043780602"/>
							<SP ID="P4_SP00419" HPOS="511" VPOS="2192" WIDTH="11"/>
							<String ID="P4_ST00493" HPOS="522" VPOS="2162" WIDTH="53" HEIGHT="20" CONTENT="Soda" WC="0.95" CC="6907"/>
							<SP ID="P4_SP00420" HPOS="575" VPOS="2192" WIDTH="13"/>
							<String ID="P4_ST00494" HPOS="588" VPOS="2161" WIDTH="76" HEIGHT="23" CONTENT="Water," WC="0.96" CC="796790"/>
						</TextLine>
						<TextLine ID="P4_TL00078" HPOS="373" VPOS="2197" WIDTH="313" HEIGHT="47">
							<String ID="P4_ST00495" HPOS="373" VPOS="2197" WIDTH="313" HEIGHT="47" CONTENT="ZOLAKONE," WC="0.79" CC="301740010" STYLEREFS="TXT_13"/>
						</TextLine>
						<TextLine ID="P4_TL00079" HPOS="95" VPOS="2242" WIDTH="881" HEIGHT="35">
							<String ID="P4_ST00496" HPOS="95" VPOS="2260" WIDTH="12" HEIGHT="12" CONTENT="a" WC="0.32" CC="6"/>
							<SP ID="P4_SP00421" HPOS="107" VPOS="2272" WIDTH="10"/>
							<String ID="P4_ST00497" HPOS="117" VPOS="2260" WIDTH="43" HEIGHT="12" CONTENT="new" WC="0.94" CC="088"/>
							<SP ID="P4_SP00422" HPOS="160" VPOS="2272" WIDTH="15"/>
							<String ID="P4_ST00498" HPOS="175" VPOS="2251" WIDTH="147" HEIGHT="26" CONTENT="Invigorating," WC="0.99" CC="1833992804700"/>
							<SP ID="P4_SP00423" HPOS="322" VPOS="2277" WIDTH="12"/>
							<String ID="P4_ST00499" HPOS="334" VPOS="2249" WIDTH="146" HEIGHT="20" CONTENT="non-alcoholic." WC="0.99" CC="89740675990070"/>
							<SP ID="P4_SP00424" HPOS="480" VPOS="2277" WIDTH="14"/>
							<String ID="P4_ST00500" HPOS="494" VPOS="2248" WIDTH="110" HEIGHT="24" CONTENT="Beverage;" WC="0.97" CC="889499960"/>
							<SP ID="P4_SP00425" HPOS="604" VPOS="2277" WIDTH="14"/>
							<String ID="P4_ST00501" HPOS="618" VPOS="2247" WIDTH="56" HEIGHT="19" CONTENT="Lime" WC="0.96" CC="0767"/>
							<SP ID="P4_SP00426" HPOS="674" VPOS="2277" WIDTH="19"/>
							<String ID="P4_ST00502" HPOS="693" VPOS="2245" WIDTH="59" HEIGHT="20" CONTENT="Juice" WC="0.98" CC="21050"/>
							<SP ID="P4_SP00427" HPOS="752" VPOS="2277" WIDTH="9"/>
							<String ID="P4_ST00503" HPOS="761" VPOS="2244" WIDTH="86" HEIGHT="23" CONTENT="Cordial," WC="0.97" CC="69997750"/>
							<SP ID="P4_SP00428" HPOS="847" VPOS="2277" WIDTH="11"/>
							<String ID="P4_ST00504" HPOS="858" VPOS="2242" WIDTH="118" HEIGHT="27" CONTENT="Baspberrv" WC="0.43" CC="808843349"/>
						</TextLine>
						<TextLine ID="P4_TL00080" HPOS="94" VPOS="2269" WIDTH="886" HEIGHT="36">
							<String ID="P4_ST00505" HPOS="94" VPOS="2279" WIDTH="136" HEIGHT="26" CONTENT="Peppermint," WC="0.98" CC="07997772820"/>
							<SP ID="P4_SP00429" HPOS="230" VPOS="2305" WIDTH="12"/>
							<String ID="P4_ST00506" HPOS="242" VPOS="2278" WIDTH="76" HEIGHT="23" CONTENT="Cloves," WC="0.98" CC="6309090"/>
							<SP ID="P4_SP00430" HPOS="318" VPOS="2305" WIDTH="12"/>
							<String ID="P4_ST00507" HPOS="330" VPOS="2277" WIDTH="50" HEIGHT="19" CONTENT="Pine" WC="0.99" CC="0005"/>
							<SP ID="P4_SP00431" HPOS="380" VPOS="2305" WIDTH="10"/>
							<String ID="P4_ST00508" HPOS="390" VPOS="2276" WIDTH="71" HEIGHT="25" CONTENT="Apple," WC="0.96" CC="999070"/>
							<SP ID="P4_SP00432" HPOS="461" VPOS="2305" WIDTH="13"/>
							<String ID="P4_ST00509" HPOS="474" VPOS="2276" WIDTH="39" HEIGHT="17" CONTENT="and" WC="0.97" CC="070"/>
							<SP ID="P4_SP00433" HPOS="513" VPOS="2305" WIDTH="10"/>
							<String ID="P4_ST00510" HPOS="523" VPOS="2275" WIDTH="77" HEIGHT="18" CONTENT="Lemon" WC="0.97" CC="67007"/>
							<SP ID="P4_SP00434" HPOS="600" VPOS="2305" WIDTH="14"/>
							<String ID="P4_ST00511" HPOS="614" VPOS="2273" WIDTH="77" HEIGHT="25" CONTENT="Syrups" WC="0.97" CC="764790"/>
							<SP ID="P4_SP00435" HPOS="691" VPOS="2305" WIDTH="16"/>
							<String ID="P4_ST00512" HPOS="707" VPOS="2271" WIDTH="40" HEIGHT="20" CONTENT="and" WC="0.96" CC="900"/>
							<SP ID="P4_SP00436" HPOS="747" VPOS="2305" WIDTH="14"/>
							<String ID="P4_ST00513" HPOS="761" VPOS="2269" WIDTH="135" HEIGHT="27" CONTENT="Sarsapanlla" WC="0.38" CC="69600998609"/>
							<SP ID="P4_SP00437" HPOS="896" VPOS="2305" WIDTH="16"/>
							<String ID="P4_ST00514" HPOS="912" VPOS="2275" WIDTH="34" HEIGHT="13" CONTENT="are" WC="0.95" CC="057"/>
							<SP ID="P4_SP00438" HPOS="946" VPOS="2305" WIDTH="11"/>
							<String ID="P4_ST00515" HPOS="957" VPOS="2269" WIDTH="23" HEIGHT="17" CONTENT="all" WC="0.97" CC="026"/>
						</TextLine>
						<TextLine ID="P4_TL00081" HPOS="355" VPOS="2300" WIDTH="361" HEIGHT="26">
							<String ID="P4_ST00516" HPOS="355" VPOS="2301" WIDTH="155" HEIGHT="21" CONTENT="manufactured" WC="0.98" CC="859079720077"/>
							<SP ID="P4_SP00439" HPOS="510" VPOS="2322" WIDTH="14"/>
							<String ID="P4_ST00517" HPOS="524" VPOS="2307" WIDTH="27" HEIGHT="13" CONTENT="on" WC="0.71" CC="50"/>
							<SP ID="P4_SP00440" HPOS="551" VPOS="2322" WIDTH="15"/>
							<String ID="P4_ST00518" HPOS="566" VPOS="2300" WIDTH="34" HEIGHT="19" CONTENT="the" WC="0.94" CC="095"/>
							<SP ID="P4_SP00441" HPOS="600" VPOS="2322" WIDTH="14"/>
							<String ID="P4_ST00519" HPOS="614" VPOS="2300" WIDTH="102" HEIGHT="26" CONTENT="premises." WC="0.98" CC="990707280"/>
						</TextLine>
						<TextLine ID="P4_TL00082" HPOS="288" VPOS="2350" WIDTH="503" HEIGHT="29">
							<String ID="P4_ST00520" HPOS="288" VPOS="2354" WIDTH="114" HEIGHT="22" CONTENT="Lemonade" WC="0.97" CC="74058796"/>
							<SP ID="P4_SP00442" HPOS="402" VPOS="2376" WIDTH="10"/>
							<String ID="P4_ST00521" HPOS="412" VPOS="2354" WIDTH="40" HEIGHT="19" CONTENT="and" WC="0.94" CC="078"/>
							<SP ID="P4_SP00443" HPOS="452" VPOS="2376" WIDTH="10"/>
							<String ID="P4_ST00522" HPOS="462" VPOS="2354" WIDTH="77" HEIGHT="25" CONTENT="Ginger" WC="0.96" CC="838909"/>
							<SP ID="P4_SP00444" HPOS="539" VPOS="2379" WIDTH="10"/>
							<String ID="P4_ST00523" HPOS="549" VPOS="2353" WIDTH="44" HEIGHT="23" CONTENT="Ale," WC="1.00" CC="0100"/>
							<SP ID="P4_SP00445" HPOS="593" VPOS="2379" WIDTH="11"/>
							<String ID="P4_ST00524" HPOS="604" VPOS="2354" WIDTH="69" HEIGHT="24" CONTENT="(parts" WC="0.97" CC="790504"/>
							<SP ID="P4_SP00446" HPOS="673" VPOS="2379" WIDTH="11"/>
							<String ID="P4_ST00525" HPOS="684" VPOS="2350" WIDTH="39" HEIGHT="20" CONTENT="and" WC="0.93" CC="980"/>
							<SP ID="P4_SP00447" HPOS="723" VPOS="2379" WIDTH="8"/>
							<String ID="P4_ST00526" HPOS="731" VPOS="2350" WIDTH="60" HEIGHT="26" CONTENT="pints." WC="0.97" CC="908263"/>
						</TextLine>
						<TextLine ID="P4_TL00083" HPOS="193" VPOS="2426" WIDTH="707" HEIGHT="89">
							<String ID="P4_ST00527" HPOS="193" VPOS="2434" WIDTH="62" HEIGHT="73" CONTENT="C." WC="0.67" CC="15" STYLEREFS="TXT_17"/>
							<SP ID="P4_SP00448" HPOS="255" VPOS="2507" WIDTH="53"/>
							<String ID="P4_ST00528" HPOS="308" VPOS="2431" WIDTH="64" HEIGHT="74" CONTENT="A." WC="0.57" CC="35" STYLEREFS="TXT_17"/>
							<SP ID="P4_SP00449" HPOS="372" VPOS="2507" WIDTH="54"/>
							<String ID="P4_ST00529" HPOS="426" VPOS="2427" WIDTH="338" HEIGHT="88" CONTENT="CLARKE," WC="0.99" CC="6020033" STYLEREFS="TXT_17"/>
							<SP ID="P4_SP00450" HPOS="764" VPOS="2515" WIDTH="51"/>
							<String ID="P4_ST00530" HPOS="815" VPOS="2426" WIDTH="85" HEIGHT="75" CONTENT="Jr." WC="0.92" CC="974" STYLEREFS="TXT_17"/>
						</TextLine>
						<TextLine ID="P4_TL00084" HPOS="113" VPOS="2567" WIDTH="867" HEIGHT="61">
							<String ID="P4_ST00531" HPOS="113" VPOS="2571" WIDTH="374" HEIGHT="57" CONTENT="SEDDON'S" WC="0.43" CC="66770906" STYLEREFS="TXT_18"/>
							<SP ID="P4_SP00451" HPOS="487" VPOS="2628" WIDTH="41"/>
							<String ID="P4_ST00532" HPOS="528" VPOS="2570" WIDTH="212" HEIGHT="52" CONTENT="LAKE" WC="0.94" CC="5967" STYLEREFS="TXT_18"/>
							<SP ID="P4_SP00452" HPOS="740" VPOS="2628" WIDTH="31"/>
							<String ID="P4_ST00533" HPOS="771" VPOS="2567" WIDTH="209" HEIGHT="51" CONTENT="VIEW" WC="0.94" CC="7759" STYLEREFS="TXT_18"/>
						</TextLine>
						<TextLine ID="P4_TL00085" HPOS="213" VPOS="2633" WIDTH="651" HEIGHT="30">
							<String ID="P4_ST00534" HPOS="213" VPOS="2639" WIDTH="136" HEIGHT="24" CONTENT="Overlooking" WC="0.99" CC="60960208377"/>
							<SP ID="P4_SP00453" HPOS="349" VPOS="2663" WIDTH="9"/>
							<String ID="P4_ST00535" HPOS="358" VPOS="2637" WIDTH="35" HEIGHT="20" CONTENT="the" WC="1.00" CC="000"/>
							<SP ID="P4_SP00454" HPOS="393" VPOS="2663" WIDTH="15"/>
							<String ID="P4_ST00536" HPOS="408" VPOS="2637" WIDTH="34" HEIGHT="24" CONTENT="Pa," WC="0.96" CC="901"/>
							<SP ID="P4_SP00455" HPOS="442" VPOS="2663" WIDTH="12"/>
							<String ID="P4_ST00537" HPOS="454" VPOS="2637" WIDTH="82" HEIGHT="26" CONTENT="Boiling" WC="0.98" CC="7440079"/>
							<SP ID="P4_SP00456" HPOS="536" VPOS="2663" WIDTH="10"/>
							<String ID="P4_ST00538" HPOS="546" VPOS="2637" WIDTH="84" HEIGHT="25" CONTENT="Springs" WC="0.98" CC="7900806"/>
							<SP ID="P4_SP00457" HPOS="630" VPOS="2663" WIDTH="16"/>
							<String ID="P4_ST00539" HPOS="646" VPOS="2635" WIDTH="40" HEIGHT="20" CONTENT="and" WC="0.97" CC="070"/>
							<SP ID="P4_SP00458" HPOS="686" VPOS="2663" WIDTH="14"/>
							<String ID="P4_ST00540" HPOS="700" VPOS="2634" WIDTH="90" HEIGHT="20" CONTENT="Rotorua" WC="0.48" CC="8064654"/>
							<SP ID="P4_SP00459" HPOS="790" VPOS="2663" WIDTH="10"/>
							<String ID="P4_ST00541" HPOS="800" VPOS="2633" WIDTH="64" HEIGHT="20" CONTENT="Lake." WC="0.99" CC="00700"/>
						</TextLine>
						<TextLine ID="P4_TL00086" HPOS="176" VPOS="2725" WIDTH="731" HEIGHT="37">
							<String ID="P4_ST00542" HPOS="176" VPOS="2730" WIDTH="142" HEIGHT="29" CONTENT="TERMS" WC="0.96" CC="34976" STYLEREFS="TXT_6"/>
							<SP ID="P4_SP00460" HPOS="318" VPOS="2759" WIDTH="15"/>
							<String ID="P4_ST00543" HPOS="333" VPOS="2730" WIDTH="106" HEIGHT="27" CONTENT=":—3os" WC="0.55" CC="18632" STYLEREFS="TXT_6"/>
							<SP ID="P4_SP00461" HPOS="439" VPOS="2759" WIDTH="13"/>
							<String ID="P4_ST00544" HPOS="452" VPOS="2736" WIDTH="61" HEIGHT="26" CONTENT="per" WC="0.96" CC="045" STYLEREFS="TXT_6"/>
							<SP ID="P4_SP00462" HPOS="513" VPOS="2762" WIDTH="13"/>
							<String ID="P4_ST00545" HPOS="526" VPOS="2728" WIDTH="106" HEIGHT="33" CONTENT="week," WC="0.98" CC="80044" STYLEREFS="TXT_6"/>
							<SP ID="P4_SP00463" HPOS="632" VPOS="2762" WIDTH="17"/>
							<String ID="P4_ST00546" HPOS="649" VPOS="2734" WIDTH="39" HEIGHT="20" CONTENT="or" WC="0.69" CC="06" STYLEREFS="TXT_6"/>
							<SP ID="P4_SP00464" HPOS="688" VPOS="2762" WIDTH="19"/>
							<String ID="P4_ST00547" HPOS="707" VPOS="2727" WIDTH="37" HEIGHT="26" CONTENT="5s" WC="0.31" CC="66" STYLEREFS="TXT_6"/>
							<SP ID="P4_SP00465" HPOS="744" VPOS="2762" WIDTH="12"/>
							<String ID="P4_ST00548" HPOS="756" VPOS="2733" WIDTH="63" HEIGHT="26" CONTENT="per" WC="0.96" CC="801" STYLEREFS="TXT_6"/>
							<SP ID="P4_SP00466" HPOS="819" VPOS="2762" WIDTH="13"/>
							<String ID="P4_ST00549" HPOS="832" VPOS="2725" WIDTH="75" HEIGHT="33" CONTENT="day." WC="0.97" CC="6204" STYLEREFS="TXT_6"/>
						</TextLine>
						<TextLine ID="P4_TL00087" HPOS="99" VPOS="2780" WIDTH="881" HEIGHT="42">
							<String ID="P4_ST00550" HPOS="99" VPOS="2786" WIDTH="133" HEIGHT="36" CONTENT="Special" WC="0.98" CC="6265023" STYLEREFS="TXT_6"/>
							<SP ID="P4_SP00467" HPOS="232" VPOS="2822" WIDTH="22"/>
							<String ID="P4_ST00551" HPOS="254" VPOS="2784" WIDTH="270" HEIGHT="34" CONTENT="Arrangements" WC="0.99" CC="754077600900" STYLEREFS="TXT_6"/>
							<SP ID="P4_SP00468" HPOS="524" VPOS="2822" WIDTH="24"/>
							<String ID="P4_ST00552" HPOS="548" VPOS="2783" WIDTH="54" HEIGHT="27" CONTENT="for" WC="0.98" CC="500" STYLEREFS="TXT_6"/>
							<SP ID="P4_SP00469" HPOS="602" VPOS="2822" WIDTH="21"/>
							<String ID="P4_ST00553" HPOS="623" VPOS="2790" WIDTH="21" HEIGHT="20" CONTENT="a" WC="1.00" CC="0" STYLEREFS="TXT_6"/>
							<SP ID="P4_SP00470" HPOS="644" VPOS="2822" WIDTH="20"/>
							<String ID="P4_ST00554" HPOS="664" VPOS="2780" WIDTH="209" HEIGHT="34" CONTENT="lengthened" WC="0.98" CC="3499971779" STYLEREFS="TXT_6"/>
							<SP ID="P4_SP00471" HPOS="873" VPOS="2822" WIDTH="26"/>
							<String ID="P4_ST00555" HPOS="899" VPOS="2781" WIDTH="65" HEIGHT="27" CONTENT="resi" SUBS_TYPE="HypPart1" SUBS_CONTENT="residence" WC="0.98" CC="4320" STYLEREFS="TXT_6"/>
							<HYP HPOS="964" VPOS="2781" WIDTH="16" CONTENT="-"/>
						</TextLine>
						<TextLine ID="P4_TL00088" HPOS="357" VPOS="2815" WIDTH="365" HEIGHT="30">
							<String ID="P4_ST00556" HPOS="357" VPOS="2819" WIDTH="105" HEIGHT="26" CONTENT="dence" SUBS_TYPE="HypPart2" SUBS_CONTENT="residence" WC="0.97" CC="96040" STYLEREFS="TXT_6"/>
							<SP ID="P4_SP00472" HPOS="462" VPOS="2845" WIDTH="20"/>
							<String ID="P4_ST00557" HPOS="482" VPOS="2818" WIDTH="70" HEIGHT="26" CONTENT="and" WC="0.94" CC="709" STYLEREFS="TXT_6"/>
							<SP ID="P4_SP00473" HPOS="552" VPOS="2845" WIDTH="17"/>
							<String ID="P4_ST00558" HPOS="569" VPOS="2815" WIDTH="153" HEIGHT="28" CONTENT="lamilies." WC="0.67" CC="880010541" STYLEREFS="TXT_6"/>
						</TextLine>
						<TextLine ID="P4_TL00089" HPOS="358" VPOS="2883" WIDTH="360" HEIGHT="24">
							<String ID="P4_ST00559" HPOS="358" VPOS="2885" WIDTH="170" HEIGHT="22" CONTENT="CUISINE.—A" WC="0.99" CC="0320721280"/>
							<SP ID="P4_SP00474" HPOS="528" VPOS="2907" WIDTH="19"/>
							<String ID="P4_ST00560" HPOS="547" VPOS="2883" WIDTH="171" HEIGHT="21" CONTENT="SPECIALITY." WC="0.99" CC="40471000944"/>
						</TextLine>
						<TextLine ID="P4_TL00090" HPOS="148" VPOS="2930" WIDTH="781" HEIGHT="31">
							<String ID="P4_ST00561" HPOS="148" VPOS="2937" WIDTH="122" HEIGHT="20" CONTENT="References" WC="0.98" CC="1640978707"/>
							<SP ID="P4_SP00475" HPOS="270" VPOS="2957" WIDTH="17"/>
							<String ID="P4_ST00562" HPOS="287" VPOS="2935" WIDTH="125" HEIGHT="26" CONTENT="throughout" WC="0.98" CC="7779599030"/>
							<SP ID="P4_SP00476" HPOS="412" VPOS="2961" WIDTH="19"/>
							<String ID="P4_ST00563" HPOS="431" VPOS="2934" WIDTH="50" HEIGHT="18" CONTENT="New" WC="0.91" CC="779"/>
							<SP ID="P4_SP00477" HPOS="481" VPOS="2961" WIDTH="15"/>
							<String ID="P4_ST00564" HPOS="496" VPOS="2933" WIDTH="89" HEIGHT="19" CONTENT="Zealand" WC="0.96" CC="9565779"/>
							<SP ID="P4_SP00478" HPOS="585" VPOS="2961" WIDTH="12"/>
							<String ID="P4_ST00565" HPOS="597" VPOS="2933" WIDTH="39" HEIGHT="18" CONTENT="and" WC="0.97" CC="060"/>
							<SP ID="P4_SP00479" HPOS="636" VPOS="2961" WIDTH="17"/>
							<String ID="P4_ST00566" HPOS="653" VPOS="2931" WIDTH="34" HEIGHT="20" CONTENT="the" WC="0.98" CC="005"/>
							<SP ID="P4_SP00480" HPOS="687" VPOS="2961" WIDTH="14"/>
							<String ID="P4_ST00567" HPOS="701" VPOS="2931" WIDTH="117" HEIGHT="20" CONTENT="Australian" WC="0.98" CC="8120905289"/>
							<SP ID="P4_SP00481" HPOS="818" VPOS="2961" WIDTH="19"/>
							<String ID="P4_ST00568" HPOS="837" VPOS="2930" WIDTH="92" HEIGHT="21" CONTENT="Colonies" WC="0.98" CC="97157406"/>
						</TextLine>
						<TextLine ID="P4_TL00091" HPOS="410" VPOS="2958" WIDTH="255" HEIGHT="27">
							<String ID="P4_ST00569" HPOS="410" VPOS="2961" WIDTH="52" HEIGHT="18" CONTENT="from" WC="0.94" CC="8678"/>
							<SP ID="P4_SP00482" HPOS="462" VPOS="2979" WIDTH="10"/>
							<String ID="P4_ST00570" HPOS="472" VPOS="2960" WIDTH="94" HEIGHT="25" CONTENT="previous" WC="0.98" CC="90400087"/>
							<SP ID="P4_SP00483" HPOS="566" VPOS="2985" WIDTH="14"/>
							<String ID="P4_ST00571" HPOS="580" VPOS="2958" WIDTH="85" HEIGHT="21" CONTENT="Visitors" WC="0.99" CC="70006408"/>
						</TextLine>
						<TextLine ID="P4_TL00092" HPOS="96" VPOS="3005" WIDTH="882" HEIGHT="32">
							<String ID="P4_ST00572" HPOS="96" VPOS="3011" WIDTH="33" HEIGHT="19" CONTENT="No" WC="0.01" CC="99"/>
							<SP ID="P4_SP00484" HPOS="129" VPOS="3030" WIDTH="9"/>
							<String ID="P4_ST00573" HPOS="138" VPOS="3013" WIDTH="54" HEIGHT="18" CONTENT="touts" WC="0.97" CC="07607"/>
							<SP ID="P4_SP00485" HPOS="192" VPOS="3031" WIDTH="15"/>
							<String ID="P4_ST00574" HPOS="207" VPOS="3010" WIDTH="105" HEIGHT="27" CONTENT="employed" WC="0.99" CC="00022907"/>
							<SP ID="P4_SP00486" HPOS="312" VPOS="3037" WIDTH="10"/>
							<String ID="P4_ST00575" HPOS="322" VPOS="3013" WIDTH="19" HEIGHT="16" CONTENT="at" WC="0.57" CC="80"/>
							<SP ID="P4_SP00487" HPOS="341" VPOS="3037" WIDTH="16"/>
							<String ID="P4_ST00576" HPOS="357" VPOS="3008" WIDTH="107" HEIGHT="21" CONTENT="Auckland" WC="0.97" CC="86762959"/>
							<SP ID="P4_SP00488" HPOS="464" VPOS="3037" WIDTH="15"/>
							<String ID="P4_ST00577" HPOS="479" VPOS="3014" WIDTH="22" HEIGHT="13" CONTENT="or" WC="0.53" CC="71"/>
							<SP ID="P4_SP00489" HPOS="501" VPOS="3037" WIDTH="22"/>
							<String ID="P4_ST00578" HPOS="523" VPOS="3007" WIDTH="91" HEIGHT="20" CONTENT="Rotorua" WC="0.64" CC="8007304"/>
							<SP ID="P4_SP00490" HPOS="614" VPOS="3037" WIDTH="13"/>
							<String ID="P4_ST00579" HPOS="627" VPOS="3006" WIDTH="93" HEIGHT="25" CONTENT="Railway" WC="0.98" CC="7020769"/>
							<SP ID="P4_SP00491" HPOS="720" VPOS="3037" WIDTH="15"/>
							<String ID="P4_ST00580" HPOS="735" VPOS="3006" WIDTH="88" HEIGHT="19" CONTENT="Stations" WC="0.98" CC="70802777"/>
							<SP ID="P4_SP00492" HPOS="823" VPOS="3037" WIDTH="14"/>
							<String ID="P4_ST00581" HPOS="837" VPOS="3012" WIDTH="23" HEIGHT="13" CONTENT="or" WC="0.63" CC="70"/>
							<SP ID="P4_SP00493" HPOS="860" VPOS="3037" WIDTH="14"/>
							<String ID="P4_ST00582" HPOS="874" VPOS="3005" WIDTH="104" HEIGHT="20" CONTENT="Steamers," WC="0.98" CC="900987374"/>
						</TextLine>
						<TextLine ID="P4_TL00093" HPOS="331" VPOS="3053" WIDTH="413" HEIGHT="28">
							<String ID="P4_ST00583" HPOS="331" VPOS="3057" WIDTH="33" HEIGHT="20" CONTENT="No" WC="1.00" CC="99"/>
							<SP ID="P4_SP00494" HPOS="364" VPOS="3077" WIDTH="14"/>
							<String ID="P4_ST00584" HPOS="378" VPOS="3058" WIDTH="33" HEIGHT="18" CONTENT="ton" WC="0.95" CC="238"/>
							<SP ID="P4_SP00495" HPOS="411" VPOS="3077" WIDTH="17"/>
							<String ID="P4_ST00585" HPOS="428" VPOS="3062" WIDTH="35" HEIGHT="19" CONTENT="per" WC="0.91" CC="869"/>
							<SP ID="P4_SP00496" HPOS="463" VPOS="3081" WIDTH="14"/>
							<String ID="P4_ST00586" HPOS="477" VPOS="3057" WIDTH="45" HEIGHT="17" CONTENT="cent" WC="0.96" CC="7570"/>
							<SP ID="P4_SP00497" HPOS="522" VPOS="3081" WIDTH="14"/>
							<String ID="P4_ST00587" HPOS="536" VPOS="3054" WIDTH="94" HEIGHT="26" CONTENT="Coupons" WC="0.97" CC="6647327"/>
							<SP ID="P4_SP00498" HPOS="630" VPOS="3081" WIDTH="14"/>
							<String ID="P4_ST00588" HPOS="644" VPOS="3053" WIDTH="100" HEIGHT="26" CONTENT="accepted." WC="0.98" CC="080709604"/>
						</TextLine>
						<TextLine ID="P4_TL00094" HPOS="131" VPOS="3112" WIDTH="814" HEIGHT="33">
							<String ID="P4_ST00589" HPOS="131" VPOS="3118" WIDTH="155" HEIGHT="27" CONTENT="NOTE,—" WC="0.97" CC="757078" STYLEREFS="TXT_9"/>
							<String ID="P4_ST00590" HPOS="289" VPOS="3117" WIDTH="54" HEIGHT="24" CONTENT="Ask" WC="0.95" CC="084" STYLEREFS="TXT_12"/>
							<SP ID="P4_SP00499" HPOS="343" VPOS="3145" WIDTH="12"/>
							<String ID="P4_ST00591" HPOS="355" VPOS="3116" WIDTH="37" HEIGHT="24" CONTENT="for" WC="0.96" CC="604" STYLEREFS="TXT_12"/>
							<SP ID="P4_SP00500" HPOS="392" VPOS="3145" WIDTH="12"/>
							<String ID="P4_ST00592" HPOS="404" VPOS="3114" WIDTH="172" HEIGHT="31" CONTENT="Seddon'S," WC="0.81" CC="620000330" STYLEREFS="TXT_9"/>
							<SP ID="P4_SP00501" HPOS="576" VPOS="3145" WIDTH="15"/>
							<String ID="P4_ST00593" HPOS="591" VPOS="3114" WIDTH="48" HEIGHT="23" CONTENT="and" WC="0.96" CC="702" STYLEREFS="TXT_12"/>
							<SP ID="P4_SP00502" HPOS="639" VPOS="3145" WIDTH="12"/>
							<String ID="P4_ST00594" HPOS="651" VPOS="3122" WIDTH="41" HEIGHT="15" CONTENT="see" WC="0.95" CC="640" STYLEREFS="TXT_12"/>
							<SP ID="P4_SP00503" HPOS="692" VPOS="3145" WIDTH="10"/>
							<String ID="P4_ST00595" HPOS="702" VPOS="3121" WIDTH="46" HEIGHT="23" CONTENT="you" WC="0.96" CC="036" STYLEREFS="TXT_12"/>
							<SP ID="P4_SP00504" HPOS="748" VPOS="3145" WIDTH="13"/>
							<String ID="P4_ST00596" HPOS="761" VPOS="3121" WIDTH="41" HEIGHT="15" CONTENT="are" WC="0.93" CC="566" STYLEREFS="TXT_12"/>
							<SP ID="P4_SP00505" HPOS="802" VPOS="3145" WIDTH="13"/>
							<String ID="P4_ST00597" HPOS="815" VPOS="3112" WIDTH="44" HEIGHT="25" CONTENT="left" WC="0.98" CC="2150" STYLEREFS="TXT_12"/>
							<SP ID="P4_SP00506" HPOS="859" VPOS="3145" WIDTH="13"/>
							<String ID="P4_ST00598" HPOS="872" VPOS="3113" WIDTH="73" HEIGHT="24" CONTENT="there." WC="0.98" CC="653040" STYLEREFS="TXT_12"/>
						</TextLine>
						<TextLine ID="P4_TL00095" HPOS="235" VPOS="3182" WIDTH="386" HEIGHT="47">
							<String ID="P4_ST00599" HPOS="235" VPOS="3187" WIDTH="51" HEIGHT="42" CONTENT="p" WC="1.00" CC="9" STYLEREFS="TXT_19"/>
							<SP ID="P4_SP00507" HPOS="286" VPOS="3229" WIDTH="57"/>
							<String ID="P4_ST00600" HPOS="343" VPOS="3185" WIDTH="41" HEIGHT="33" CONTENT="a" WC="0.08" CC="9" STYLEREFS="TXT_19"/>
							<SP ID="P4_SP00508" HPOS="384" VPOS="3229" WIDTH="58"/>
							<String ID="P4_ST00601" HPOS="442" VPOS="3182" WIDTH="179" HEIGHT="43" CONTENT="oprn" WC="0.24" CC="7777" STYLEREFS="TXT_19"/>
						</TextLine>
						<TextLine ID="P4_TL00096" HPOS="329" VPOS="3260" WIDTH="413" HEIGHT="65">
							<String ID="P4_ST00602" HPOS="329" VPOS="3260" WIDTH="413" HEIGHT="65" CONTENT="Proprietress." WC="0.99" CC="6750601773664" STYLEREFS="TXT_18"/>
						</TextLine>
						<TextLine ID="P4_TL00097" HPOS="120" VPOS="3408" WIDTH="839" HEIGHT="68">
							<String ID="P4_ST00603" HPOS="120" VPOS="3410" WIDTH="268" HEIGHT="66" CONTENT="WHERE" WC="1.00" CC="03000" STYLEREFS="TXT_15"/>
							<SP ID="P4_SP00509" HPOS="388" VPOS="3476" WIDTH="46"/>
							<String ID="P4_ST00604" HPOS="434" VPOS="3410" WIDTH="86" HEIGHT="64" CONTENT="TO" WC="0.94" CC="10" STYLEREFS="TXT_15"/>
							<SP ID="P4_SP00510" HPOS="520" VPOS="3476" WIDTH="63"/>
							<String ID="P4_ST00605" HPOS="583" VPOS="3408" WIDTH="376" HEIGHT="66" CONTENT="PURCHASE" WC="0.98" CC="66325920" STYLEREFS="TXT_15"/>
						</TextLine>
						<TextLine ID="P4_TL00098" HPOS="480" VPOS="3504" WIDTH="118" HEIGHT="26">
							<String ID="P4_ST00606" HPOS="480" VPOS="3504" WIDTH="118" HEIGHT="26" CONTENT="FROM" WC="0.95" CC="7077" STYLEREFS="TXT_9"/>
						</TextLine>
						<TextLine ID="P4_TL00099" HPOS="260" VPOS="3551" WIDTH="600" HEIGHT="68">
							<String ID="P4_ST00607" HPOS="260" VPOS="3551" WIDTH="600" HEIGHT="68" CONTENT="PMIMiMIiIW" WC="0.19" CC="8989088978" STYLEREFS="TXT_20"/>
						</TextLine>
						<TextLine ID="P4_TL00100" HPOS="97" VPOS="3671" WIDTH="606" HEIGHT="47">
							<String ID="P4_ST00608" HPOS="97" VPOS="3671" WIDTH="162" HEIGHT="47" CONTENT="Lamps" WC="0.98" CC="82021" STYLEREFS="TXT_5"/>
							<SP ID="P4_SP00511" HPOS="259" VPOS="3718" WIDTH="276"/>
							<String ID="P4_ST00609" HPOS="535" VPOS="3671" WIDTH="2" HEIGHT="47" CONTENT="I" WC="0.40" CC="5" STYLEREFS="TXT_5"/>
							<SP ID="P4_SP00512" HPOS="537" VPOS="3718" WIDTH="9"/>
							<String ID="P4_ST00610" HPOS="546" VPOS="3672" WIDTH="157" HEIGHT="35" CONTENT="Cruets" WC="0.97" CC="668084" STYLEREFS="TXT_5"/>
						</TextLine>
						<TextLine ID="P4_TL00101" HPOS="329" VPOS="3716" WIDTH="647" HEIGHT="39">
							<String ID="P4_ST00611" HPOS="329" VPOS="3718" WIDTH="196" HEIGHT="37" CONTENT="Brushes" WC="0.97" CC="7594760" STYLEREFS="TXT_5"/>
							<SP ID="P4_SP00513" HPOS="525" VPOS="3755" WIDTH="283"/>
							<String ID="P4_ST00612" HPOS="808" VPOS="3716" WIDTH="168" HEIGHT="36" CONTENT="Knives" WC="0.97" CC="675724" STYLEREFS="TXT_5"/>
						</TextLine>
						<TextLine ID="P4_TL00102" HPOS="98" VPOS="3765" WIDTH="617" HEIGHT="45">
							<String ID="P4_ST00613" HPOS="98" VPOS="3765" WIDTH="179" HEIGHT="39" CONTENT="Trunks" WC="0.97" CC="560858" STYLEREFS="TXT_5"/>
							<SP ID="P4_SP00514" HPOS="277" VPOS="3804" WIDTH="271"/>
							<String ID="P4_ST00614" HPOS="548" VPOS="3765" WIDTH="167" HEIGHT="45" CONTENT="Spoons" WC="0.98" CC="692320" STYLEREFS="TXT_5"/>
						</TextLine>
						<TextLine ID="P4_TL00103" HPOS="387" VPOS="3806" WIDTH="590" HEIGHT="60">
							<String ID="P4_ST00615" HPOS="387" VPOS="3811" WIDTH="139" HEIGHT="35" CONTENT="Locks" WC="0.96" CC="96560" STYLEREFS="TXT_5"/>
							<SP ID="P4_SP00515" HPOS="526" VPOS="3846" WIDTH="10"/>
							<String ID="P4_ST00616" HPOS="536" VPOS="3806" WIDTH="3" HEIGHT="60" CONTENT="|" WC="0.34" CC="6" STYLEREFS="TXT_5"/>
							<SP ID="P4_SP00516" HPOS="539" VPOS="3866" WIDTH="298"/>
							<String ID="P4_ST00617" HPOS="837" VPOS="3809" WIDTH="140" HEIGHT="34" CONTENT="Forks" WC="0.98" CC="74003" STYLEREFS="TXT_5"/>
						</TextLine>
						<TextLine ID="P4_TL00104" HPOS="98" VPOS="3859" WIDTH="589" HEIGHT="49">
							<String ID="P4_ST00618" HPOS="98" VPOS="3859" WIDTH="161" HEIGHT="34" CONTENT="Razors" WC="0.97" CC="797090" STYLEREFS="TXT_5"/>
							<SP ID="P4_SP00517" HPOS="259" VPOS="3893" WIDTH="278"/>
							<String ID="P4_ST00619" HPOS="537" VPOS="3859" WIDTH="2" HEIGHT="49" CONTENT="|" WC="0.43" CC="5" STYLEREFS="TXT_5"/>
							<SP ID="P4_SP00518" HPOS="539" VPOS="3908" WIDTH="9"/>
							<String ID="P4_ST00620" HPOS="548" VPOS="3859" WIDTH="139" HEIGHT="42" CONTENT="Trays" WC="0.97" CC="80690" STYLEREFS="TXT_5"/>
						</TextLine>
						<TextLine ID="P4_TL00105" HPOS="341" VPOS="3892" WIDTH="635" HEIGHT="56">
							<String ID="P4_ST00621" HPOS="341" VPOS="3904" WIDTH="186" HEIGHT="44" CONTENT="Teapots" WC="0.98" CC="0500592" STYLEREFS="TXT_5"/>
							<SP ID="P4_SP00519" HPOS="527" VPOS="3948" WIDTH="11"/>
							<String ID="P4_ST00622" HPOS="538" VPOS="3892" WIDTH="1" HEIGHT="56" CONTENT="I" WC="1.00" CC="0" STYLEREFS="TXT_5"/>
							<SP ID="P4_SP00520" HPOS="539" VPOS="3948" WIDTH="262"/>
							<String ID="P4_ST00623" HPOS="801" VPOS="3901" WIDTH="175" HEIGHT="36" CONTENT="Churns" WC="0.97" CC="596077" STYLEREFS="TXT_5"/>
						</TextLine>
						<TextLine ID="P4_TL00106" HPOS="202" VPOS="3953" WIDTH="674" HEIGHT="37">
							<String ID="P4_ST00624" HPOS="202" VPOS="3955" WIDTH="74" HEIGHT="32" CONTENT="LAWN" WC="0.94" CC="2968" STYLEREFS="TXT_10"/>
							<SP ID="P4_SP00521" HPOS="276" VPOS="3987" WIDTH="23"/>
							<String ID="P4_ST00625" HPOS="299" VPOS="3955" WIDTH="122" HEIGHT="34" CONTENT="MOWERS," WC="0.97" CC="7758750" STYLEREFS="TXT_10"/>
							<SP ID="P4_SP00522" HPOS="421" VPOS="3989" WIDTH="22"/>
							<String ID="P4_ST00626" HPOS="443" VPOS="3956" WIDTH="77" HEIGHT="33" CONTENT="HOLS," WC="0.96" CC="56765" STYLEREFS="TXT_10"/>
							<SP ID="P4_SP00523" HPOS="520" VPOS="3989" WIDTH="17"/>
							<String ID="P4_ST00627" HPOS="537" VPOS="3955" WIDTH="91" HEIGHT="35" CONTENT="RAKES," WC="0.96" CC="499964" STYLEREFS="TXT_10"/>
							<SP ID="P4_SP00524" HPOS="628" VPOS="3990" WIDTH="23"/>
							<String ID="P4_ST00628" HPOS="651" VPOS="3954" WIDTH="111" HEIGHT="34" CONTENT="SPADE?," WC="0.97" CC="4095944" STYLEREFS="TXT_10"/>
							<SP ID="P4_SP00525" HPOS="762" VPOS="3990" WIDTH="22"/>
							<String ID="P4_ST00629" HPOS="784" VPOS="3953" WIDTH="92" HEIGHT="35" CONTENT="FORKS," WC="0.96" CC="579764" STYLEREFS="TXT_10"/>
						</TextLine>
						<TextLine ID="P4_TL00107" HPOS="143" VPOS="3996" WIDTH="787" HEIGHT="44">
							<String ID="P4_ST00630" HPOS="143" VPOS="3999" WIDTH="59" HEIGHT="35" CONTENT="At" WC="0.16" CC="97" STYLEREFS="TXT_5"/>
							<SP ID="P4_SP00526" HPOS="202" VPOS="4034" WIDTH="61"/>
							<String ID="P4_ST00631" HPOS="263" VPOS="3997" WIDTH="181" HEIGHT="43" CONTENT="Greatly" WC="0.97" CC="7569059" STYLEREFS="TXT_5"/>
							<SP ID="P4_SP00527" HPOS="444" VPOS="4040" WIDTH="61"/>
							<String ID="P4_ST00632" HPOS="505" VPOS="3997" WIDTH="204" HEIGHT="35" CONTENT="Reduced" WC="0.97" CC="7444369" STYLEREFS="TXT_5"/>
							<SP ID="P4_SP00528" HPOS="709" VPOS="4040" WIDTH="64"/>
							<String ID="P4_ST00633" HPOS="773" VPOS="3996" WIDTH="157" HEIGHT="35" CONTENT="iriices." WC="0.39" CC="98807354" STYLEREFS="TXT_5"/>
						</TextLine>
						<TextLine ID="P4_TL00108" HPOS="151" VPOS="4137" WIDTH="771" HEIGHT="30">
							<String ID="P4_ST00634" HPOS="151" VPOS="4139" WIDTH="87" HEIGHT="28" CONTENT="(Fourth" WC="0.43" CC="7960087"/>
							<SP ID="P4_SP00529" HPOS="238" VPOS="4167" WIDTH="9"/>
							<String ID="P4_ST00635" HPOS="247" VPOS="4139" WIDTH="51" HEIGHT="26" CONTENT="shop" WC="0.94" CC="7919"/>
							<SP ID="P4_SP00530" HPOS="298" VPOS="4167" WIDTH="10"/>
							<String ID="P4_ST00636" HPOS="308" VPOS="4138" WIDTH="51" HEIGHT="20" CONTENT="from" WC="0.94" CC="9078"/>
							<SP ID="P4_SP00531" HPOS="359" VPOS="4167" WIDTH="8"/>
							<String ID="P4_ST00637" HPOS="367" VPOS="4137" WIDTH="192" HEIGHT="26" CONTENT="Wellesley-Street," WC="0.49" CC="66074675067356650"/>
							<SP ID="P4_SP00532" HPOS="559" VPOS="4167" WIDTH="64"/>
							<String ID="P4_ST00638" HPOS="623" VPOS="4143" WIDTH="48" HEIGHT="23" CONTENT="304" WC="0.25" CC="867" STYLEREFS="TXT_21"/>
							<SP ID="P4_SP00533" HPOS="671" VPOS="4167" WIDTH="16"/>
							<String ID="P4_ST00639" HPOS="687" VPOS="4140" WIDTH="16" HEIGHT="18" CONTENT="&amp;" WC="1.00" CC="0"/>
							<SP ID="P4_SP00534" HPOS="703" VPOS="4167" WIDTH="15"/>
							<String ID="P4_ST00640" HPOS="718" VPOS="4137" WIDTH="49" HEIGHT="28" CONTENT="306" WC="0.28" CC="677" STYLEREFS="TXT_21"/>
							<SP ID="P4_SP00535" HPOS="767" VPOS="4167" WIDTH="9"/>
							<String ID="P4_ST00641" HPOS="776" VPOS="4137" WIDTH="92" HEIGHT="27" CONTENT="QUEEN" WC="0.96" CC="66447" STYLEREFS="TXT_21"/>
							<SP ID="P4_SP00536" HPOS="868" VPOS="4167" WIDTH="12"/>
							<String ID="P4_ST00642" HPOS="880" VPOS="4137" WIDTH="42" HEIGHT="23" CONTENT="ST." WC="0.98" CC="005" STYLEREFS="TXT_21"/>
						</TextLine>
					</TextBlock>
				</ComposedBlock>
				<ComposedBlock ID="P4_CB00002" HPOS="999" VPOS="1784" WIDTH="898" HEIGHT="2328" TYPE="Advertisement">
					<TextBlock ID="P4_TB00006" HPOS="999" VPOS="1784" WIDTH="898" HEIGHT="2328" STYLEREFS="TXT_3 PAR_LEFT">
						<TextLine ID="P4_TL00109" HPOS="1021" VPOS="1865" WIDTH="853" HEIGHT="27">
							<String ID="P4_ST00643" HPOS="1021" VPOS="1865" WIDTH="71" HEIGHT="22" CONTENT="Under" WC="0.95" CC="88966"/>
							<SP ID="P4_SP00537" HPOS="1092" VPOS="1887" WIDTH="16"/>
							<String ID="P4_ST00644" HPOS="1108" VPOS="1867" WIDTH="34" HEIGHT="19" CONTENT="tho" WC="0.25" CC="588"/>
							<SP ID="P4_SP00538" HPOS="1142" VPOS="1887" WIDTH="17"/>
							<String ID="P4_ST00645" HPOS="1159" VPOS="1865" WIDTH="151" HEIGHT="27" CONTENT="distinguished" WC="0.99" CC="9540068442707" STYLEREFS="TXT_21"/>
							<SP ID="P4_SP00539" HPOS="1310" VPOS="1892" WIDTH="18"/>
							<String ID="P4_ST00646" HPOS="1328" VPOS="1866" WIDTH="117" HEIGHT="25" CONTENT="Patronage" WC="0.97" CC="882977987"/>
							<SP ID="P4_SP00540" HPOS="1445" VPOS="1892" WIDTH="17"/>
							<String ID="P4_ST00647" HPOS="1462" VPOS="1867" WIDTH="21" HEIGHT="19" CONTENT="of" WC="0.30" CC="85"/>
							<SP ID="P4_SP00541" HPOS="1483" VPOS="1892" WIDTH="17"/>
							<String ID="P4_ST00648" HPOS="1500" VPOS="1867" WIDTH="31" HEIGHT="19" CONTENT="his" WC="0.92" CC="768"/>
							<SP ID="P4_SP00542" HPOS="1531" VPOS="1892" WIDTH="10"/>
							<String ID="P4_ST00649" HPOS="1541" VPOS="1866" WIDTH="122" HEIGHT="26" CONTENT="Excellency" WC="0.98" CC="1816507829"/>
							<SP ID="P4_SP00543" HPOS="1663" VPOS="1892" WIDTH="11"/>
							<String ID="P4_ST00650" HPOS="1674" VPOS="1866" WIDTH="34" HEIGHT="20" CONTENT="the" WC="0.91" CC="887"/>
							<SP ID="P4_SP00544" HPOS="1708" VPOS="1892" WIDTH="12"/>
							<String ID="P4_ST00651" HPOS="1720" VPOS="1867" WIDTH="107" HEIGHT="19" CONTENT="Governor" WC="0.97" CC="99587797"/>
							<SP ID="P4_SP00545" HPOS="1827" VPOS="1892" WIDTH="12"/>
							<String ID="P4_ST00652" HPOS="1839" VPOS="1867" WIDTH="35" HEIGHT="19" CONTENT="the" WC="0.92" CC="775"/>
						</TextLine>
						<TextLine ID="P4_TL00110" HPOS="1348" VPOS="1893" WIDTH="192" HEIGHT="20">
							<String ID="P4_ST00653" HPOS="1348" VPOS="1893" WIDTH="50" HEIGHT="18" CONTENT="Earl" WC="0.95" CC="9751"/>
							<SP ID="P4_SP00546" HPOS="1398" VPOS="1911" WIDTH="24"/>
							<String ID="P4_ST00654" HPOS="1422" VPOS="1893" WIDTH="21" HEIGHT="20" CONTENT="of" WC="0.13" CC="79"/>
							<SP ID="P4_SP00547" HPOS="1443" VPOS="1913" WIDTH="10"/>
							<String ID="P4_ST00655" HPOS="1453" VPOS="1893" WIDTH="87" HEIGHT="19" CONTENT="Onslow." WC="0.98" CC="7840570"/>
						</TextLine>
						<TextLine ID="P4_TL00111" HPOS="1060" VPOS="1953" WIDTH="771" HEIGHT="76">
							<String ID="P4_ST00656" HPOS="1060" VPOS="1954" WIDTH="139" HEIGHT="65" CONTENT="HOT" WC="0.96" CC="650" STYLEREFS="TXT_22"/>
							<SP ID="P4_SP00548" HPOS="1199" VPOS="2019" WIDTH="33"/>
							<String ID="P4_ST00657" HPOS="1232" VPOS="1953" WIDTH="302" HEIGHT="66" CONTENT="SPRINGS" WC="0.98" CC="4034670" STYLEREFS="TXT_22"/>
							<SP ID="P4_SP00549" HPOS="1534" VPOS="2019" WIDTH="48"/>
							<String ID="P4_ST00658" HPOS="1582" VPOS="1953" WIDTH="249" HEIGHT="76" CONTENT="HOTEL," WC="0.98" CC="561504" STYLEREFS="TXT_22"/>
						</TextLine>
						<TextLine ID="P4_TL00112" HPOS="1235" VPOS="2049" WIDTH="425" HEIGHT="30">
							<String ID="P4_ST00659" HPOS="1235" VPOS="2050" WIDTH="37" HEIGHT="28" CONTENT="T" WC="0.24" CC="7" STYLEREFS="TXT_23"/>
							<SP ID="P4_SP00550" HPOS="1272" VPOS="2078" WIDTH="15"/>
							<String ID="P4_ST00660" HPOS="1287" VPOS="2049" WIDTH="39" HEIGHT="29" CONTENT="e" WC="0.08" CC="9" STYLEREFS="TXT_23"/>
							<SP ID="P4_SP00551" HPOS="1326" VPOS="2078" WIDTH="57"/>
							<String ID="P4_ST00661" HPOS="1383" VPOS="2049" WIDTH="277" HEIGHT="30" CONTENT="KROHR" WC="0.53" CC="78007" STYLEREFS="TXT_23"/>
						</TextLine>
						<TextLine ID="P4_TL00113" HPOS="1068" VPOS="2108" WIDTH="759" HEIGHT="31">
							<String ID="P4_ST00662" HPOS="1068" VPOS="2109" WIDTH="52" HEIGHT="24" CONTENT="The" WC="0.92" CC="677" STYLEREFS="TXT_12"/>
							<SP ID="P4_SP00552" HPOS="1120" VPOS="2133" WIDTH="16"/>
							<String ID="P4_ST00663" HPOS="1136" VPOS="2109" WIDTH="57" HEIGHT="26" CONTENT="best" WC="0.97" CC="9201" STYLEREFS="TXT_12"/>
							<SP ID="P4_SP00553" HPOS="1193" VPOS="2135" WIDTH="25"/>
							<String ID="P4_ST00664" HPOS="1218" VPOS="2108" WIDTH="129" HEIGHT="29" CONTENT="Situated," WC="0.98" CC="806553584" STYLEREFS="TXT_12"/>
							<SP ID="P4_SP00554" HPOS="1347" VPOS="2137" WIDTH="22"/>
							<String ID="P4_ST00665" HPOS="1369" VPOS="2108" WIDTH="46" HEIGHT="25" CONTENT="the" WC="0.93" CC="774" STYLEREFS="TXT_12"/>
							<SP ID="P4_SP00555" HPOS="1415" VPOS="2137" WIDTH="13"/>
							<String ID="P4_ST00666" HPOS="1428" VPOS="2111" WIDTH="68" HEIGHT="22" CONTENT="most" WC="0.97" CC="2535" STYLEREFS="TXT_12"/>
							<SP ID="P4_SP00556" HPOS="1496" VPOS="2137" WIDTH="14"/>
							<String ID="P4_ST00667" HPOS="1510" VPOS="2109" WIDTH="186" HEIGHT="30" CONTENT="Comfortable," WC="0.99" CC="018737003603" STYLEREFS="TXT_12"/>
							<SP ID="P4_SP00557" HPOS="1696" VPOS="2139" WIDTH="14"/>
							<String ID="P4_ST00668" HPOS="1710" VPOS="2109" WIDTH="45" HEIGHT="25" CONTENT="the" WC="0.95" CC="074" STYLEREFS="TXT_12"/>
							<SP ID="P4_SP00558" HPOS="1755" VPOS="2139" WIDTH="15"/>
							<String ID="P4_ST00669" HPOS="1770" VPOS="2109" WIDTH="57" HEIGHT="25" CONTENT="best" WC="0.97" CC="7005" STYLEREFS="TXT_12"/>
						</TextLine>
						<TextLine ID="P4_TL00114" HPOS="1235" VPOS="2142" WIDTH="432" HEIGHT="31">
							<String ID="P4_ST00670" HPOS="1235" VPOS="2142" WIDTH="139" HEIGHT="31" CONTENT="appointed" WC="0.98" CC="097067076" STYLEREFS="TXT_12"/>
							<SP ID="P4_SP00559" HPOS="1374" VPOS="2173" WIDTH="16"/>
							<String ID="P4_ST00671" HPOS="1390" VPOS="2142" WIDTH="78" HEIGHT="24" CONTENT="Hotel" WC="0.97" CC="79004" STYLEREFS="TXT_12"/>
							<SP ID="P4_SP00560" HPOS="1468" VPOS="2173" WIDTH="10"/>
							<String ID="P4_ST00672" HPOS="1478" VPOS="2142" WIDTH="29" HEIGHT="25" CONTENT="in" WC="0.39" CC="48" STYLEREFS="TXT_12"/>
							<SP ID="P4_SP00561" HPOS="1507" VPOS="2173" WIDTH="12"/>
							<String ID="P4_ST00673" HPOS="1519" VPOS="2144" WIDTH="34" HEIGHT="23" CONTENT="Te" WC="0.53" CC="90" STYLEREFS="TXT_12"/>
							<SP ID="P4_SP00562" HPOS="1553" VPOS="2173" WIDTH="18"/>
							<String ID="P4_ST00674" HPOS="1571" VPOS="2143" WIDTH="96" HEIGHT="25" CONTENT="Aroha." WC="0.49" CC="640774" STYLEREFS="TXT_12"/>
						</TextLine>
						<TextLine ID="P4_TL00115" HPOS="1035" VPOS="2180" WIDTH="862" HEIGHT="33">
							<String ID="P4_ST00675" HPOS="1035" VPOS="2180" WIDTH="110" HEIGHT="33" CONTENT="Adjoins" WC="0.98" CC="9069090" STYLEREFS="TXT_12"/>
							<SP ID="P4_SP00563" HPOS="1145" VPOS="2213" WIDTH="25"/>
							<String ID="P4_ST00676" HPOS="1170" VPOS="2180" WIDTH="74" HEIGHT="32" CONTENT="(with" WC="0.97" CC="44606" STYLEREFS="TXT_12"/>
							<SP ID="P4_SP00564" HPOS="1244" VPOS="2213" WIDTH="24"/>
							<String ID="P4_ST00677" HPOS="1268" VPOS="2180" WIDTH="105" HEIGHT="25" CONTENT="Private" WC="0.98" CC="7358900" STYLEREFS="TXT_12"/>
							<SP ID="P4_SP00565" HPOS="1373" VPOS="2213" WIDTH="27"/>
							<String ID="P4_ST00678" HPOS="1400" VPOS="2180" WIDTH="141" HEIGHT="32" CONTENT="Entrance)" WC="0.98" CC="678207174" STYLEREFS="TXT_12"/>
							<SP ID="P4_SP00566" HPOS="1541" VPOS="2213" WIDTH="27"/>
							<String ID="P4_ST00679" HPOS="1568" VPOS="2181" WIDTH="45" HEIGHT="24" CONTENT="tbe" WC="0.62" CC="091" STYLEREFS="TXT_12"/>
							<SP ID="P4_SP00567" HPOS="1613" VPOS="2213" WIDTH="33"/>
							<String ID="P4_ST00680" HPOS="1646" VPOS="2181" WIDTH="122" HEIGHT="25" CONTENT="Thermal" WC="0.97" CC="4655891" STYLEREFS="TXT_12"/>
							<SP ID="P4_SP00568" HPOS="1768" VPOS="2213" WIDTH="22"/>
							<String ID="P4_ST00681" HPOS="1790" VPOS="2181" WIDTH="107" HEIGHT="32" CONTENT="Springs" WC="0.97" CC="7957073" STYLEREFS="TXT_12"/>
						</TextLine>
						<TextLine ID="P4_TL00116" HPOS="1002" VPOS="2213" WIDTH="494" HEIGHT="33">
							<String ID="P4_ST00682" HPOS="1002" VPOS="2215" WIDTH="120" HEIGHT="31" CONTENT="Domain," WC="0.98" CC="7640393" STYLEREFS="TXT_12"/>
							<SP ID="P4_SP00569" HPOS="1122" VPOS="2246" WIDTH="12"/>
							<String ID="P4_ST00683" HPOS="1134" VPOS="2215" WIDTH="96" HEIGHT="24" CONTENT="Tennis" WC="0.98" CC="920006" STYLEREFS="TXT_12"/>
							<SP ID="P4_SP00570" HPOS="1230" VPOS="2246" WIDTH="13"/>
							<String ID="P4_ST00684" HPOS="1243" VPOS="2213" WIDTH="83" HEIGHT="25" CONTENT="Court" WC="0.97" CC="79140" STYLEREFS="TXT_12"/>
							<SP ID="P4_SP00571" HPOS="1326" VPOS="2246" WIDTH="10"/>
							<String ID="P4_ST00685" HPOS="1336" VPOS="2213" WIDTH="28" HEIGHT="25" CONTENT="in" WC="0.62" CC="07" STYLEREFS="TXT_12"/>
							<SP ID="P4_SP00572" HPOS="1364" VPOS="2246" WIDTH="13"/>
							<String ID="P4_ST00686" HPOS="1377" VPOS="2214" WIDTH="119" HEIGHT="24" CONTENT="Domain." WC="0.98" CC="7070074" STYLEREFS="TXT_12"/>
						</TextLine>
						<TextLine ID="P4_TL00117" HPOS="1003" VPOS="2290" WIDTH="307" HEIGHT="47">
							<String ID="P4_ST00687" HPOS="1003" VPOS="2291" WIDTH="47" HEIGHT="38" CONTENT="W." WC="0.51" CC="90" STYLEREFS="TXT_24"/>
							<SP ID="P4_SP00573" HPOS="1050" VPOS="2329" WIDTH="28"/>
							<String ID="P4_ST00688" HPOS="1078" VPOS="2290" WIDTH="41" HEIGHT="40" CONTENT="Ji" WC="0.10" CC="89" STYLEREFS="TXT_24"/>
							<SP ID="P4_SP00574" HPOS="1119" VPOS="2330" WIDTH="29"/>
							<String ID="P4_ST00689" HPOS="1148" VPOS="2290" WIDTH="162" HEIGHT="47" CONTENT="KJIOCK,," WC="0.70" CC="03306063" STYLEREFS="TXT_24"/>
						</TextLine>
						<TextLine ID="P4_TL00118" HPOS="1028" VPOS="2374" WIDTH="866" HEIGHT="25">
							<String ID="P4_ST00690" HPOS="1028" VPOS="2375" WIDTH="41" HEIGHT="20" CONTENT="The" WC="0.97" CC="071"/>
							<SP ID="P4_SP00575" HPOS="1069" VPOS="2395" WIDTH="18"/>
							<String ID="P4_ST00691" HPOS="1087" VPOS="2375" WIDTH="60" HEIGHT="19" CONTENT="baths" WC="0.96" CC="70797"/>
							<SP ID="P4_SP00576" HPOS="1147" VPOS="2395" WIDTH="19"/>
							<String ID="P4_ST00692" HPOS="1166" VPOS="2375" WIDTH="40" HEIGHT="20" CONTENT="and" WC="0.91" CC="769"/>
							<SP ID="P4_SP00577" HPOS="1206" VPOS="2395" WIDTH="20"/>
							<String ID="P4_ST00693" HPOS="1226" VPOS="2374" WIDTH="96" HEIGHT="22" CONTENT="drinking" WC="0.98" CC="94074074"/>
							<SP ID="P4_SP00578" HPOS="1322" VPOS="2396" WIDTH="21"/>
							<String ID="P4_ST00694" HPOS="1343" VPOS="2377" WIDTH="63" HEIGHT="16" CONTENT="water" WC="0.97" CC="99003"/>
							<SP ID="P4_SP00579" HPOS="1406" VPOS="2396" WIDTH="19"/>
							<String ID="P4_ST00695" HPOS="1425" VPOS="2380" WIDTH="34" HEIGHT="13" CONTENT="are" WC="0.95" CC="490"/>
							<SP ID="P4_SP00580" HPOS="1459" VPOS="2396" WIDTH="16"/>
							<String ID="P4_ST00696" HPOS="1475" VPOS="2374" WIDTH="110" HEIGHT="25" CONTENT="especially" WC="0.98" CC="4495253709"/>
							<SP ID="P4_SP00581" HPOS="1585" VPOS="2399" WIDTH="20"/>
							<String ID="P4_ST00697" HPOS="1605" VPOS="2375" WIDTH="114" HEIGHT="20" CONTENT="efficacious" WC="0.99" CC="50002002584"/>
							<SP ID="P4_SP00582" HPOS="1719" VPOS="2399" WIDTH="21"/>
							<String ID="P4_ST00698" HPOS="1740" VPOS="2375" WIDTH="19" HEIGHT="20" CONTENT="in" WC="0.55" CC="71"/>
							<SP ID="P4_SP00583" HPOS="1759" VPOS="2399" WIDTH="24"/>
							<String ID="P4_ST00699" HPOS="1783" VPOS="2376" WIDTH="58" HEIGHT="19" CONTENT="Gout" WC="0.95" CC="7429"/>
							<SP ID="P4_SP00584" HPOS="1841" VPOS="2399" WIDTH="15"/>
							<String ID="P4_ST00700" HPOS="1856" VPOS="2375" WIDTH="38" HEIGHT="19" CONTENT="and" WC="0.92" CC="777"/>
						</TextLine>
						<TextLine ID="P4_TL00119" HPOS="1002" VPOS="2400" WIDTH="893" HEIGHT="27">
							<String ID="P4_ST00701" HPOS="1002" VPOS="2402" WIDTH="122" HEIGHT="20" CONTENT="Rheumatic" WC="0.98" CC="678754007"/>
							<SP ID="P4_SP00585" HPOS="1124" VPOS="2422" WIDTH="11"/>
							<String ID="P4_ST00702" HPOS="1135" VPOS="2402" WIDTH="115" HEIGHT="22" CONTENT="affections," WC="0.98" CC="69577637670"/>
							<SP ID="P4_SP00586" HPOS="1250" VPOS="2424" WIDTH="10"/>
							<String ID="P4_ST00703" HPOS="1260" VPOS="2400" WIDTH="89" HEIGHT="20" CONTENT="Chronic" WC="0.98" CC="9055710"/>
							<SP ID="P4_SP00587" HPOS="1349" VPOS="2424" WIDTH="9"/>
							<String ID="P4_ST00704" HPOS="1358" VPOS="2400" WIDTH="121" HEIGHT="25" CONTENT="Dyspepsia," WC="0.98" CC="9786087090"/>
							<SP ID="P4_SP00588" HPOS="1479" VPOS="2425" WIDTH="13"/>
							<String ID="P4_ST00705" HPOS="1492" VPOS="2401" WIDTH="108" HEIGHT="19" CONTENT="Disorders" WC="0.98" CC="967740348"/>
							<SP ID="P4_SP00589" HPOS="1600" VPOS="2425" WIDTH="20"/>
							<String ID="P4_ST00706" HPOS="1620" VPOS="2403" WIDTH="21" HEIGHT="17" CONTENT="of" WC="0.56" CC="25"/>
							<SP ID="P4_SP00590" HPOS="1641" VPOS="2425" WIDTH="10"/>
							<String ID="P4_ST00707" HPOS="1651" VPOS="2402" WIDTH="35" HEIGHT="19" CONTENT="the" WC="0.96" CC="080"/>
							<SP ID="P4_SP00591" HPOS="1686" VPOS="2425" WIDTH="10"/>
							<String ID="P4_ST00708" HPOS="1696" VPOS="2402" WIDTH="90" HEIGHT="25" CONTENT="Urinery" WC="0.47" CC="9428029"/>
							<SP ID="P4_SP00592" HPOS="1786" VPOS="2427" WIDTH="23"/>
							<String ID="P4_ST00709" HPOS="1809" VPOS="2404" WIDTH="86" HEIGHT="23" CONTENT="Organs," WC="0.97" CC="8857880"/>
						</TextLine>
						<TextLine ID="P4_TL00120" HPOS="1002" VPOS="2427" WIDTH="893" HEIGHT="26">
							<String ID="P4_ST00710" HPOS="1002" VPOS="2430" WIDTH="116" HEIGHT="18" CONTENT="Cutaneous" WC="0.98" CC="742977625"/>
							<SP ID="P4_SP00593" HPOS="1118" VPOS="2448" WIDTH="10"/>
							<String ID="P4_ST00711" HPOS="1128" VPOS="2429" WIDTH="100" HEIGHT="23" CONTENT="Diseases," WC="0.98" CC="967034080"/>
							<SP ID="P4_SP00594" HPOS="1228" VPOS="2452" WIDTH="15"/>
							<String ID="P4_ST00712" HPOS="1243" VPOS="2427" WIDTH="80" HEIGHT="26" CONTENT="Splenic" WC="0.98" CC="7500341"/>
							<SP ID="P4_SP00595" HPOS="1323" VPOS="2453" WIDTH="10"/>
							<String ID="P4_ST00713" HPOS="1333" VPOS="2427" WIDTH="40" HEIGHT="19" CONTENT="aud" WC="0.15" CC="887"/>
							<SP ID="P4_SP00596" HPOS="1373" VPOS="2453" WIDTH="17"/>
							<String ID="P4_ST00714" HPOS="1390" VPOS="2427" WIDTH="87" HEIGHT="25" CONTENT="Hepalic" WC="0.68" CC="8600250"/>
							<SP ID="P4_SP00597" HPOS="1477" VPOS="2453" WIDTH="14"/>
							<String ID="P4_ST00715" HPOS="1491" VPOS="2427" WIDTH="116" HEIGHT="24" CONTENT="Disorders," WC="0.99" CC="6086606000"/>
							<SP ID="P4_SP00598" HPOS="1607" VPOS="2453" WIDTH="20"/>
							<String ID="P4_ST00716" HPOS="1627" VPOS="2428" WIDTH="92" HEIGHT="20" CONTENT="Diseases" WC="0.98" CC="31806808"/>
							<SP ID="P4_SP00599" HPOS="1719" VPOS="2453" WIDTH="15"/>
							<String ID="P4_ST00717" HPOS="1734" VPOS="2429" WIDTH="38" HEIGHT="19" CONTENT="due" WC="0.99" CC="003"/>
							<SP ID="P4_SP00600" HPOS="1772" VPOS="2453" WIDTH="9"/>
							<String ID="P4_ST00718" HPOS="1781" VPOS="2431" WIDTH="20" HEIGHT="17" CONTENT="to" WC="0.61" CC="61"/>
							<SP ID="P4_SP00601" HPOS="1801" VPOS="2453" WIDTH="8"/>
							<String ID="P4_ST00719" HPOS="1809" VPOS="2429" WIDTH="86" HEIGHT="19" CONTENT="Exeesst" WC="0.67" CC="4809000"/>
						</TextLine>
						<TextLine ID="P4_TL00121" HPOS="1007" VPOS="2453" WIDTH="319" HEIGHT="28">
							<String ID="P4_ST00720" HPOS="1007" VPOS="2455" WIDTH="85" HEIGHT="26" CONTENT="\cidity," WC="0.73" CC="81406000"/>
							<SP ID="P4_SP00602" HPOS="1092" VPOS="2481" WIDTH="10"/>
							<String ID="P4_ST00721" HPOS="1102" VPOS="2454" WIDTH="119" HEIGHT="27" CONTENT="Neuralgia," WC="0.99" CC="5007009240"/>
							<SP ID="P4_SP00603" HPOS="1221" VPOS="2481" WIDTH="11"/>
							<String ID="P4_ST00722" HPOS="1232" VPOS="2453" WIDTH="94" HEIGHT="21" CONTENT="Sciatica." WC="0.99" CC="230000390"/>
						</TextLine>
						<TextLine ID="P4_TL00122" HPOS="1437" VPOS="2491" WIDTH="24" HEIGHT="14">
							<String ID="P4_ST00723" HPOS="1437" VPOS="2491" WIDTH="3" HEIGHT="14" CONTENT=":" WC="0.69" CC="3" STYLEREFS="TXT_1"/>
							<String ID="P4_ST00724" HPOS="1444" VPOS="2493" WIDTH="10" HEIGHT="12" CONTENT="0" STYLE="subscript" WC="0.56" CC="4" STYLEREFS="TXT_1"/>
							<String ID="P4_ST00725" HPOS="1458" VPOS="2491" WIDTH="3" HEIGHT="14" CONTENT="-" WC="0.85" CC="1" STYLEREFS="TXT_1"/>
							<SP ID="P4_SP00604" HPOS="1461" VPOS="2505" WIDTH="0"/>
						</TextLine>
						<TextLine ID="P4_TL00123" HPOS="1124" VPOS="2520" WIDTH="666" HEIGHT="26">
							<String ID="P4_ST00726" HPOS="1124" VPOS="2523" WIDTH="61" HEIGHT="19" CONTENT="Town" WC="0.94" CC="0996"/>
							<SP ID="P4_SP00605" HPOS="1185" VPOS="2542" WIDTH="16"/>
							<String ID="P4_ST00727" HPOS="1201" VPOS="2521" WIDTH="47" HEIGHT="21" CONTENT="Hall" WC="0.96" CC="8532"/>
							<SP ID="P4_SP00606" HPOS="1248" VPOS="2542" WIDTH="12"/>
							<String ID="P4_ST00728" HPOS="1260" VPOS="2521" WIDTH="38" HEIGHT="19" CONTENT="and" WC="0.93" CC="089"/>
							<SP ID="P4_SP00607" HPOS="1298" VPOS="2542" WIDTH="12"/>
							<String ID="P4_ST00729" HPOS="1310" VPOS="2520" WIDTH="80" HEIGHT="24" CONTENT="Sample" WC="0.97" CC="686036"/>
							<SP ID="P4_SP00608" HPOS="1390" VPOS="2544" WIDTH="10"/>
							<String ID="P4_ST00730" HPOS="1400" VPOS="2520" WIDTH="78" HEIGHT="20" CONTENT="Rooms" WC="0.97" CC="76050"/>
							<SP ID="P4_SP00609" HPOS="1478" VPOS="2544" WIDTH="16"/>
							<String ID="P4_ST00731" HPOS="1494" VPOS="2521" WIDTH="110" HEIGHT="20" CONTENT="connected" WC="0.98" CC="597600600"/>
							<SP ID="P4_SP00610" HPOS="1604" VPOS="2544" WIDTH="16"/>
							<String ID="P4_ST00732" HPOS="1620" VPOS="2522" WIDTH="43" HEIGHT="20" CONTENT="jvitb" WC="0.52" CC="88006"/>
							<SP ID="P4_SP00611" HPOS="1663" VPOS="2544" WIDTH="11"/>
							<String ID="P4_ST00733" HPOS="1674" VPOS="2521" WIDTH="34" HEIGHT="21" CONTENT="the" WC="0.97" CC="007"/>
							<SP ID="P4_SP00612" HPOS="1708" VPOS="2544" WIDTH="11"/>
							<String ID="P4_ST00734" HPOS="1719" VPOS="2522" WIDTH="71" HEIGHT="24" CONTENT="Hotel," WC="0.97" CC="677760"/>
						</TextLine>
						<TextLine ID="P4_TL00124" HPOS="1080" VPOS="2598" WIDTH="732" HEIGHT="22">
							<String ID="P4_ST00735" HPOS="1080" VPOS="2601" WIDTH="51" HEIGHT="19" CONTENT="New" WC="0.93" CC="557"/>
							<SP ID="P4_SP00613" HPOS="1131" VPOS="2620" WIDTH="10"/>
							<String ID="P4_ST00736" HPOS="1141" VPOS="2600" WIDTH="86" HEIGHT="20" CONTENT="Billiard" WC="0.99" CC="54500630"/>
							<SP ID="P4_SP00614" HPOS="1227" VPOS="2620" WIDTH="9"/>
							<String ID="P4_ST00737" HPOS="1236" VPOS="2600" WIDTH="65" HEIGHT="20" CONTENT="Room" WC="0.95" CC="9426"/>
							<SP ID="P4_SP00615" HPOS="1301" VPOS="2620" WIDTH="10"/>
							<String ID="P4_ST00738" HPOS="1311" VPOS="2598" WIDTH="50" HEIGHT="21" CONTENT="with" WC="0.95" CC="9409"/>
							<SP ID="P4_SP00616" HPOS="1361" VPOS="2620" WIDTH="13"/>
							<String ID="P4_ST00739" HPOS="1374" VPOS="2605" WIDTH="39" HEIGHT="13" CONTENT="one" WC="0.95" CC="271"/>
							<SP ID="P4_SP00617" HPOS="1413" VPOS="2620" WIDTH="13"/>
							<String ID="P4_ST00740" HPOS="1426" VPOS="2599" WIDTH="21" HEIGHT="20" CONTENT="of" WC="0.48" CC="09"/>
							<SP ID="P4_SP00618" HPOS="1447" VPOS="2620" WIDTH="9"/>
							<String ID="P4_ST00741" HPOS="1456" VPOS="2599" WIDTH="108" HEIGHT="20" CONTENT="Bennett's" WC="0.98" CC="787740006"/>
							<SP ID="P4_SP00619" HPOS="1564" VPOS="2620" WIDTH="10"/>
							<String ID="P4_ST00742" HPOS="1574" VPOS="2600" WIDTH="52" HEIGHT="20" CONTENT="New" WC="0.97" CC="007"/>
							<SP ID="P4_SP00620" HPOS="1626" VPOS="2620" WIDTH="10"/>
							<String ID="P4_ST00743" HPOS="1636" VPOS="2600" WIDTH="85" HEIGHT="20" CONTENT="Billiard" WC="0.99" CC="50125007"/>
							<SP ID="P4_SP00621" HPOS="1721" VPOS="2620" WIDTH="11"/>
							<String ID="P4_ST00744" HPOS="1732" VPOS="2600" WIDTH="80" HEIGHT="20" CONTENT="Tables." WC="0.98" CC="9090750"/>
						</TextLine>
						<TextLine ID="P4_TL00125" HPOS="1006" VPOS="2760" WIDTH="880" HEIGHT="64">
							<String ID="P4_ST00745" HPOS="1006" VPOS="2760" WIDTH="880" HEIGHT="64" CONTENT="GEYSERHOUSE," WC="0.76" CC="605005650000" STYLEREFS="TXT_25"/>
						</TextLine>
						<TextLine ID="P4_TL00126" HPOS="1048" VPOS="2835" WIDTH="793" HEIGHT="47">
							<String ID="P4_ST00746" HPOS="1048" VPOS="2835" WIDTH="330" HEIGHT="47" CONTENT="Hydropathic" WC="0.99" CC="33850603903" STYLEREFS="TXT_26"/>
							<SP ID="P4_SP00622" HPOS="1378" VPOS="2882" WIDTH="30"/>
							<String ID="P4_ST00747" HPOS="1408" VPOS="2835" WIDTH="156" HEIGHT="42" CONTENT="Hotel," WC="0.98" CC="516007" STYLEREFS="TXT_26"/>
							<SP ID="P4_SP00623" HPOS="1564" VPOS="2882" WIDTH="17"/>
							<String ID="P4_ST00748" HPOS="1581" VPOS="2836" WIDTH="260" HEIGHT="39" CONTENT="Wairakei." WC="0.47" CC="873716047" STYLEREFS="TXT_26"/>
						</TextLine>
						<TextLine ID="P4_TL00127" HPOS="1198" VPOS="2886" WIDTH="493" HEIGHT="26">
							<String ID="P4_ST00749" HPOS="1198" VPOS="2886" WIDTH="37" HEIGHT="20" CONTENT="Six" WC="0.96" CC="604"/>
							<SP ID="P4_SP00624" HPOS="1235" VPOS="2906" WIDTH="9"/>
							<String ID="P4_ST00750" HPOS="1244" VPOS="2886" WIDTH="57" HEIGHT="19" CONTENT="miles" WC="0.98" CC="70005"/>
							<SP ID="P4_SP00625" HPOS="1301" VPOS="2906" WIDTH="10"/>
							<String ID="P4_ST00751" HPOS="1311" VPOS="2887" WIDTH="53" HEIGHT="18" CONTENT="from" WC="0.97" CC="5009"/>
							<SP ID="P4_SP00626" HPOS="1364" VPOS="2906" WIDTH="9"/>
							<String ID="P4_ST00752" HPOS="1373" VPOS="2886" WIDTH="58" HEIGHT="19" CONTENT="Lake" WC="0.98" CC="6001"/>
							<SP ID="P4_SP00627" HPOS="1431" VPOS="2906" WIDTH="9"/>
							<String ID="P4_ST00753" HPOS="1440" VPOS="2886" WIDTH="70" HEIGHT="26" CONTENT="Taupo" WC="0.52" CC="05395"/>
							<SP ID="P4_SP00628" HPOS="1510" VPOS="2912" WIDTH="12"/>
							<String ID="P4_ST00754" HPOS="1522" VPOS="2887" WIDTH="100" HEIGHT="24" CONTENT="(Rotorua" WC="0.59" CC="57600406"/>
							<SP ID="P4_SP00629" HPOS="1622" VPOS="2912" WIDTH="11"/>
							<String ID="P4_ST00755" HPOS="1633" VPOS="2887" WIDTH="58" HEIGHT="24" CONTENT="side)." WC="0.98" CC="509063"/>
						</TextLine>
						<TextLine ID="P4_TL00128" HPOS="1126" VPOS="2927" WIDTH="637" HEIGHT="32">
							<String ID="P4_ST00756" HPOS="1126" VPOS="2927" WIDTH="219" HEIGHT="32" CONTENT="SUPERIOR" WC="1.00" CC="20000700" STYLEREFS="TXT_14"/>
							<SP ID="P4_SP00630" HPOS="1345" VPOS="2959" WIDTH="31"/>
							<String ID="P4_ST00757" HPOS="1376" VPOS="2927" WIDTH="387" HEIGHT="31" CONTENT="ACCOMMODATION" WC="0.99" CC="0550910150829" STYLEREFS="TXT_14"/>
						</TextLine>
						<TextLine ID="P4_TL00129" HPOS="1194" VPOS="2968" WIDTH="506" HEIGHT="21">
							<String ID="P4_ST00758" HPOS="1194" VPOS="2970" WIDTH="54" HEIGHT="19" CONTENT="ALL" WC="0.94" CC="923"/>
							<SP ID="P4_SP00631" HPOS="1248" VPOS="2989" WIDTH="9"/>
							<String ID="P4_ST00759" HPOS="1257" VPOS="2969" WIDTH="58" HEIGHT="20" CONTENT="THE" WC="0.94" CC="960"/>
							<SP ID="P4_SP00632" HPOS="1315" VPOS="2989" WIDTH="10"/>
							<String ID="P4_ST00760" HPOS="1325" VPOS="2968" WIDTH="145" HEIGHT="21" CONTENT="COMFORTS" WC="0.98" CC="86760056"/>
							<SP ID="P4_SP00633" HPOS="1470" VPOS="2989" WIDTH="10"/>
							<String ID="P4_ST00761" HPOS="1480" VPOS="2970" WIDTH="35" HEIGHT="19" CONTENT="OP" WC="0.27" CC="67"/>
							<SP ID="P4_SP00634" HPOS="1515" VPOS="2989" WIDTH="11"/>
							<String ID="P4_ST00762" HPOS="1526" VPOS="2970" WIDTH="17" HEIGHT="19" CONTENT="A." WC="0.29" CC="94"/>
							<SP ID="P4_SP00635" HPOS="1543" VPOS="2989" WIDTH="11"/>
							<String ID="P4_ST00763" HPOS="1554" VPOS="2969" WIDTH="81" HEIGHT="20" CONTENT="HOME" WC="0.96" CC="0595"/>
							<SP ID="P4_SP00636" HPOS="1635" VPOS="2989" WIDTH="10"/>
							<String ID="P4_ST00764" HPOS="1645" VPOS="2970" WIDTH="55" HEIGHT="19" CONTENT="FOR" WC="0.93" CC="747"/>
						</TextLine>
						<TextLine ID="P4_TL00130" HPOS="1233" VPOS="3027" WIDTH="438" HEIGHT="28">
							<String ID="P4_ST00765" HPOS="1233" VPOS="3027" WIDTH="155" HEIGHT="28" CONTENT="Tourists" WC="0.98" CC="05975356" STYLEREFS="TXT_27"/>
							<SP ID="P4_SP00637" HPOS="1388" VPOS="3055" WIDTH="19"/>
							<String ID="P4_ST00766" HPOS="1407" VPOS="3027" WIDTH="70" HEIGHT="27" CONTENT="and" WC="0.94" CC="069" STYLEREFS="TXT_27"/>
							<SP ID="P4_SP00638" HPOS="1477" VPOS="3055" WIDTH="30"/>
							<String ID="P4_ST00767" HPOS="1507" VPOS="3027" WIDTH="164" HEIGHT="28" CONTENT="Invalids." WC="0.98" CC="765025704" STYLEREFS="TXT_27"/>
						</TextLine>
						<TextLine ID="P4_TL00131" HPOS="1004" VPOS="3118" WIDTH="885" HEIGHT="34">
							<String ID="P4_ST00768" HPOS="1004" VPOS="3122" WIDTH="66" HEIGHT="27" CONTENT="Hot" WC="0.94" CC="707" STYLEREFS="TXT_27"/>
							<SP ID="P4_SP00639" HPOS="1070" VPOS="3149" WIDTH="19"/>
							<String ID="P4_ST00769" HPOS="1089" VPOS="3120" WIDTH="204" HEIGHT="32" CONTENT="Swimming" WC="0.98" CC="08006697" STYLEREFS="TXT_27"/>
							<SP ID="P4_SP00640" HPOS="1293" VPOS="3152" WIDTH="14"/>
							<String ID="P4_ST00770" HPOS="1307" VPOS="3118" WIDTH="120" HEIGHT="33" CONTENT="Baths," WC="0.97" CC="781726" STYLEREFS="TXT_27"/>
							<SP ID="P4_SP00641" HPOS="1427" VPOS="3152" WIDTH="15"/>
							<String ID="P4_ST00771" HPOS="1442" VPOS="3118" WIDTH="197" HEIGHT="28" CONTENT="Kiri-o-Kai" WC="0.61" CC="4280103790" STYLEREFS="TXT_27"/>
							<SP ID="P4_SP00642" HPOS="1639" VPOS="3152" WIDTH="14"/>
							<String ID="P4_ST00772" HPOS="1653" VPOS="3126" WIDTH="40" HEIGHT="20" CONTENT="or" WC="0.66" CC="06" STYLEREFS="TXT_27"/>
							<SP ID="P4_SP00643" HPOS="1693" VPOS="3152" WIDTH="13"/>
							<String ID="P4_ST00773" HPOS="1706" VPOS="3118" WIDTH="84" HEIGHT="28" CONTENT="New" WC="0.92" CC="965" STYLEREFS="TXT_27"/>
							<SP ID="P4_SP00644" HPOS="1790" VPOS="3152" WIDTH="14"/>
							<String ID="P4_ST00774" HPOS="1804" VPOS="3118" WIDTH="85" HEIGHT="28" CONTENT="Skin" WC="0.96" CC="6309" STYLEREFS="TXT_27"/>
						</TextLine>
						<TextLine ID="P4_TL00132" HPOS="1051" VPOS="3152" WIDTH="792" HEIGHT="34">
							<String ID="P4_ST00775" HPOS="1051" VPOS="3154" WIDTH="99" HEIGHT="32" CONTENT="Bath," WC="0.99" CC="10071" STYLEREFS="TXT_27"/>
							<SP ID="P4_SP00645" HPOS="1150" VPOS="3186" WIDTH="21"/>
							<String ID="P4_ST00776" HPOS="1171" VPOS="3154" WIDTH="71" HEIGHT="27" CONTENT="Hot" WC="0.95" CC="760" STYLEREFS="TXT_27"/>
							<SP ID="P4_SP00646" HPOS="1242" VPOS="3186" WIDTH="19"/>
							<String ID="P4_ST00777" HPOS="1261" VPOS="3152" WIDTH="140" HEIGHT="27" CONTENT="Douche" WC="0.97" CC="856506" STYLEREFS="TXT_27"/>
							<SP ID="P4_SP00647" HPOS="1401" VPOS="3186" WIDTH="24"/>
							<String ID="P4_ST00778" HPOS="1425" VPOS="3153" WIDTH="116" HEIGHT="32" CONTENT="Baths," WC="0.98" CC="709034" STYLEREFS="TXT_27"/>
							<SP ID="P4_SP00648" HPOS="1541" VPOS="3186" WIDTH="17"/>
							<String ID="P4_ST00779" HPOS="1558" VPOS="3153" WIDTH="119" HEIGHT="26" CONTENT="Grand" WC="0.97" CC="70087" STYLEREFS="TXT_27"/>
							<SP ID="P4_SP00649" HPOS="1677" VPOS="3186" WIDTH="14"/>
							<String ID="P4_ST00780" HPOS="1691" VPOS="3152" WIDTH="152" HEIGHT="30" CONTENT="Climate." WC="0.98" CC="47408094" STYLEREFS="TXT_27"/>
						</TextLine>
						<TextLine ID="P4_TL00133" HPOS="1100" VPOS="3190" WIDTH="696" HEIGHT="34">
							<String ID="P4_ST00781" HPOS="1100" VPOS="3191" WIDTH="313" HEIGHT="33" CONTENT="Elevation—l,3so" WC="0.99" CC="977779069850670" STYLEREFS="TXT_27"/>
							<SP ID="P4_SP00650" HPOS="1413" VPOS="3224" WIDTH="10"/>
							<String ID="P4_ST00782" HPOS="1423" VPOS="3191" WIDTH="70" HEIGHT="28" CONTENT="feet" WC="0.97" CC="9020" STYLEREFS="TXT_27"/>
							<SP ID="P4_SP00651" HPOS="1493" VPOS="3224" WIDTH="14"/>
							<String ID="P4_ST00783" HPOS="1507" VPOS="3192" WIDTH="109" HEIGHT="27" CONTENT="above" WC="0.95" CC="78692" STYLEREFS="TXT_27"/>
							<SP ID="P4_SP00652" HPOS="1616" VPOS="3224" WIDTH="13"/>
							<String ID="P4_ST00784" HPOS="1629" VPOS="3198" WIDTH="59" HEIGHT="21" CONTENT="sea" WC="0.91" CC="679" STYLEREFS="TXT_27"/>
							<SP ID="P4_SP00653" HPOS="1688" VPOS="3224" WIDTH="12"/>
							<String ID="P4_ST00785" HPOS="1700" VPOS="3190" WIDTH="96" HEIGHT="28" CONTENT="level." WC="0.98" CC="449510" STYLEREFS="TXT_27"/>
						</TextLine>
						<TextLine ID="P4_TL00135" HPOS="1001" VPOS="3268" WIDTH="887" HEIGHT="34">
							<String ID="P4_ST00786" HPOS="1001" VPOS="3269" WIDTH="255" HEIGHT="32" CONTENT="COMPETENT" WC="0.98" CC="737779760" STYLEREFS="TXT_9"/>
							<SP ID="P4_SP00654" HPOS="1256" VPOS="3301" WIDTH="16"/>
							<String ID="P4_ST00787" HPOS="1272" VPOS="3268" WIDTH="162" HEIGHT="27" CONTENT="GUIDES" WC="0.97" CC="862752" STYLEREFS="TXT_9"/>
							<SP ID="P4_SP00655" HPOS="1434" VPOS="3301" WIDTH="12"/>
							<String ID="P4_ST00788" HPOS="1446" VPOS="3277" WIDTH="156" HEIGHT="25" CONTENT="accompany" WC="0.98" CC="000549796" STYLEREFS="TXT_12"/>
							<SP ID="P4_SP00656" HPOS="1602" VPOS="3302" WIDTH="11"/>
							<String ID="P4_ST00789" HPOS="1613" VPOS="3269" WIDTH="107" HEIGHT="25" CONTENT="tourists" WC="0.97" CC="39870596" STYLEREFS="TXT_12"/>
							<SP ID="P4_SP00657" HPOS="1720" VPOS="3302" WIDTH="10"/>
							<String ID="P4_ST00790" HPOS="1730" VPOS="3269" WIDTH="26" HEIGHT="24" CONTENT="to" WC="0.17" CC="79" STYLEREFS="TXT_12"/>
							<SP ID="P4_SP00658" HPOS="1756" VPOS="3302" WIDTH="9"/>
							<String ID="P4_ST00791" HPOS="1765" VPOS="3268" WIDTH="44" HEIGHT="26" CONTENT="the" WC="0.94" CC="970" STYLEREFS="TXT_12"/>
							<SP ID="P4_SP00659" HPOS="1809" VPOS="3302" WIDTH="13"/>
							<String ID="P4_ST00792" HPOS="1822" VPOS="3268" WIDTH="53" HEIGHT="25" CONTENT="vari" SUBS_TYPE="HypPart1" SUBS_CONTENT="various:" WC="0.96" CC="7957" STYLEREFS="TXT_12"/>
							<HYP HPOS="1875" VPOS="3268" WIDTH="13" CONTENT="-"/>
						</TextLine>
						<TextLine ID="P4_TL00136" HPOS="1099" VPOS="3302" WIDTH="789" HEIGHT="35">
							<String ID="P4_ST00793" HPOS="1099" VPOS="3314" WIDTH="44" HEIGHT="16" CONTENT="ous:" SUBS_TYPE="HypPart2" SUBS_CONTENT="various:" WC="0.96" CC="0773" STYLEREFS="TXT_12"/>
							<SP ID="P4_SP00660" HPOS="1143" VPOS="3330" WIDTH="14"/>
							<String ID="P4_ST00794" HPOS="1157" VPOS="3306" WIDTH="85" HEIGHT="31" CONTENT="places" WC="0.98" CC="969000" STYLEREFS="TXT_12"/>
							<SP ID="P4_SP00661" HPOS="1242" VPOS="3337" WIDTH="12"/>
							<String ID="P4_ST00795" HPOS="1254" VPOS="3304" WIDTH="26" HEIGHT="24" CONTENT="of" WC="0.15" CC="88" STYLEREFS="TXT_12"/>
							<SP ID="P4_SP00662" HPOS="1280" VPOS="3337" WIDTH="13"/>
							<String ID="P4_ST00796" HPOS="1293" VPOS="3303" WIDTH="116" HEIGHT="31" CONTENT="interest," WC="0.98" CC="075776703" STYLEREFS="TXT_12"/>
							<SP ID="P4_SP00663" HPOS="1409" VPOS="3337" WIDTH="14"/>
							<String ID="P4_ST00797" HPOS="1423" VPOS="3303" WIDTH="87" HEIGHT="24" CONTENT="which" WC="0.96" CC="69047" STYLEREFS="TXT_12"/>
							<SP ID="P4_SP00664" HPOS="1510" VPOS="3337" WIDTH="9"/>
							<String ID="P4_ST00798" HPOS="1519" VPOS="3303" WIDTH="75" HEIGHT="24" CONTENT="baffle" WC="0.97" CC="738440" STYLEREFS="TXT_12"/>
							<SP ID="P4_SP00665" HPOS="1594" VPOS="3337" WIDTH="13"/>
							<String ID="P4_ST00799" HPOS="1607" VPOS="3304" WIDTH="45" HEIGHT="23" CONTENT="Uio" WC="0.09" CC="988" STYLEREFS="TXT_12"/>
							<SP ID="P4_SP00666" HPOS="1652" VPOS="3337" WIDTH="13"/>
							<String ID="P4_ST00800" HPOS="1665" VPOS="3304" WIDTH="64" HEIGHT="23" CONTENT="most" WC="0.96" CC="7009" STYLEREFS="TXT_12"/>
							<SP ID="P4_SP00667" HPOS="1729" VPOS="3337" WIDTH="12"/>
							<String ID="P4_ST00801" HPOS="1741" VPOS="3302" WIDTH="78" HEIGHT="25" CONTENT="facile" WC="0.98" CC="900601" STYLEREFS="TXT_12"/>
							<SP ID="P4_SP00668" HPOS="1819" VPOS="3337" WIDTH="9"/>
							<String ID="P4_ST00802" HPOS="1828" VPOS="3310" WIDTH="60" HEIGHT="24" CONTENT="pen," WC="0.98" CC="0153" STYLEREFS="TXT_12"/>
						</TextLine>
						<TextLine ID="P4_TL00137" HPOS="1098" VPOS="3336" WIDTH="523" HEIGHT="29">
							<String ID="P4_ST00803" HPOS="1098" VPOS="3339" WIDTH="50" HEIGHT="24" CONTENT="and" WC="0.94" CC="079" STYLEREFS="TXT_12"/>
							<SP ID="P4_SP00669" HPOS="1148" VPOS="3363" WIDTH="13"/>
							<String ID="P4_ST00804" HPOS="1161" VPOS="3346" WIDTH="47" HEIGHT="17" CONTENT="can" WC="0.94" CC="077" STYLEREFS="TXT_12"/>
							<SP ID="P4_SP00670" HPOS="1208" VPOS="3363" WIDTH="12"/>
							<String ID="P4_ST00805" HPOS="1220" VPOS="3337" WIDTH="60" HEIGHT="28" CONTENT="only" WC="0.95" CC="5846" STYLEREFS="TXT_12"/>
							<SP ID="P4_SP00671" HPOS="1280" VPOS="3365" WIDTH="13"/>
							<String ID="P4_ST00806" HPOS="1293" VPOS="3337" WIDTH="31" HEIGHT="24" CONTENT="be" WC="0.34" CC="75" STYLEREFS="TXT_12"/>
							<SP ID="P4_SP00672" HPOS="1324" VPOS="3365" WIDTH="12"/>
							<String ID="P4_ST00807" HPOS="1336" VPOS="3336" WIDTH="110" HEIGHT="24" CONTENT="realized" WC="0.99" CC="60020604" STYLEREFS="TXT_12"/>
							<SP ID="P4_SP00673" HPOS="1446" VPOS="3365" WIDTH="12"/>
							<String ID="P4_ST00808" HPOS="1458" VPOS="3337" WIDTH="77" HEIGHT="24" CONTENT="when" WC="0.95" CC="6726" STYLEREFS="TXT_12"/>
							<SP ID="P4_SP00674" HPOS="1535" VPOS="3365" WIDTH="19"/>
							<String ID="P4_ST00809" HPOS="1554" VPOS="3344" WIDTH="67" HEIGHT="17" CONTENT="seen." WC="0.98" CC="02072" STYLEREFS="TXT_12"/>
						</TextLine>
						<TextLine ID="P4_TL00138" HPOS="1001" VPOS="3433" WIDTH="887" HEIGHT="28">
							<String ID="P4_ST00810" HPOS="1001" VPOS="3436" WIDTH="193" HEIGHT="25" CONTENT="GEYSER" WC="0.97" CC="770474" STYLEREFS="TXT_21"/>
							<SP ID="P4_SP00675" HPOS="1194" VPOS="3461" WIDTH="14"/>
							<String ID="P4_ST00811" HPOS="1208" VPOS="3435" WIDTH="192" HEIGHT="25" CONTENT="VALLEY" WC="0.97" CC="777604" STYLEREFS="TXT_21"/>
							<SP ID="P4_SP00676" HPOS="1400" VPOS="3461" WIDTH="11"/>
							<String ID="P4_ST00812" HPOS="1411" VPOS="3436" WIDTH="94" HEIGHT="20" CONTENT="contains" WC="0.98" CC="00807068"/>
							<SP ID="P4_SP00677" HPOS="1505" VPOS="3461" WIDTH="8"/>
							<String ID="P4_ST00813" HPOS="1513" VPOS="3436" WIDTH="36" HEIGHT="19" CONTENT="the" WC="0.98" CC="600"/>
							<SP ID="P4_SP00678" HPOS="1549" VPOS="3461" WIDTH="9"/>
							<String ID="P4_ST00814" HPOS="1558" VPOS="3435" WIDTH="106" HEIGHT="26" CONTENT="following" WC="0.98" CC="760039088"/>
							<SP ID="P4_SP00679" HPOS="1664" VPOS="3461" WIDTH="8"/>
							<String ID="P4_ST00815" HPOS="1672" VPOS="3433" WIDTH="122" HEIGHT="27" CONTENT="unequalled" WC="0.98" CC="6879096587"/>
							<SP ID="P4_SP00680" HPOS="1794" VPOS="3461" WIDTH="10"/>
							<String ID="P4_ST00816" HPOS="1804" VPOS="3433" WIDTH="84" HEIGHT="19" CONTENT="Natura" WC="0.42" CC="707656"/>
						</TextLine>
						<TextLine ID="P4_TL00139" HPOS="1078" VPOS="3460" WIDTH="810" HEIGHT="27">
							<String ID="P4_ST00817" HPOS="1078" VPOS="3465" WIDTH="105" HEIGHT="17" CONTENT="wonders:" WC="0.98" CC="41077577"/>
							<String ID="P4_ST00818" HPOS="1186" VPOS="3462" WIDTH="148" HEIGHT="23" CONTENT="—Tuhuatahi," WC="0.98" CC="89257009560"/>
							<SP ID="P4_SP00681" HPOS="1334" VPOS="3485" WIDTH="21"/>
							<String ID="P4_ST00819" HPOS="1355" VPOS="3469" WIDTH="23" HEIGHT="12" CONTENT="or" WC="0.47" CC="64"/>
							<SP ID="P4_SP00682" HPOS="1378" VPOS="3485" WIDTH="20"/>
							<String ID="P4_ST00820" HPOS="1398" VPOS="3462" WIDTH="66" HEIGHT="20" CONTENT="Great" WC="0.96" CC="87095"/>
							<SP ID="P4_SP00683" HPOS="1464" VPOS="3485" WIDTH="19"/>
							<String ID="P4_ST00821" HPOS="1483" VPOS="3464" WIDTH="133" HEIGHT="23" CONTENT="Champagne" WC="0.97" CC="889899988"/>
							<SP ID="P4_SP00684" HPOS="1616" VPOS="3487" WIDTH="19"/>
							<String ID="P4_ST00822" HPOS="1635" VPOS="3461" WIDTH="118" HEIGHT="22" CONTENT="Cauldron;" WC="0.98" CC="700095786"/>
							<SP ID="P4_SP00685" HPOS="1753" VPOS="3487" WIDTH="16"/>
							<String ID="P4_ST00823" HPOS="1769" VPOS="3462" WIDTH="34" HEIGHT="16" CONTENT="the" WC="0.94" CC="905"/>
							<SP ID="P4_SP00686" HPOS="1803" VPOS="3487" WIDTH="18"/>
							<String ID="P4_ST00824" HPOS="1821" VPOS="3460" WIDTH="67" HEIGHT="18" CONTENT="Groat" WC="0.97" CC="80790"/>
						</TextLine>
						<TextLine ID="P4_TL00140" HPOS="1077" VPOS="3486" WIDTH="809" HEIGHT="29">
							<String ID="P4_ST00825" HPOS="1077" VPOS="3489" WIDTH="104" HEIGHT="20" CONTENT='"Wairakei' WC="0.50" CC="689630108"/>
							<SP ID="P4_SP00687" HPOS="1181" VPOS="3509" WIDTH="10"/>
							<String ID="P4_ST00826" HPOS="1191" VPOS="3489" WIDTH="77" HEIGHT="26" CONTENT="Geyßer" WC="0.47" CC="846703"/>
							<SP ID="P4_SP00688" HPOS="1268" VPOS="3515" WIDTH="9"/>
							<String ID="P4_ST00827" HPOS="1277" VPOS="3486" WIDTH="4" HEIGHT="29" CONTENT=";" WC="0.59" CC="4"/>
							<SP ID="P4_SP00689" HPOS="1281" VPOS="3515" WIDTH="10"/>
							<String ID="P4_ST00828" HPOS="1291" VPOS="3488" WIDTH="34" HEIGHT="20" CONTENT="the" WC="0.93" CC="467"/>
							<SP ID="P4_SP00690" HPOS="1325" VPOS="3515" WIDTH="11"/>
							<String ID="P4_ST00829" HPOS="1336" VPOS="3489" WIDTH="87" HEIGHT="25" CONTENT="Donkey" WC="0.97" CC="738326"/>
							<SP ID="P4_SP00691" HPOS="1423" VPOS="3515" WIDTH="11"/>
							<String ID="P4_ST00830" HPOS="1434" VPOS="3490" WIDTH="80" HEIGHT="23" CONTENT="Engine" WC="0.96" CC="477787"/>
							<SP ID="P4_SP00692" HPOS="1514" VPOS="3515" WIDTH="9"/>
							<String ID="P4_ST00831" HPOS="1523" VPOS="3486" WIDTH="4" HEIGHT="29" CONTENT=";" WC="0.53" CC="4"/>
							<SP ID="P4_SP00693" HPOS="1527" VPOS="3515" WIDTH="12"/>
							<String ID="P4_ST00832" HPOS="1539" VPOS="3489" WIDTH="34" HEIGHT="18" CONTENT="the" WC="0.99" CC="002"/>
							<SP ID="P4_SP00694" HPOS="1573" VPOS="3515" WIDTH="11"/>
							<String ID="P4_ST00833" HPOS="1584" VPOS="3487" WIDTH="83" HEIGHT="20" CONTENT="Fairies'" WC="0.98" CC="97607270"/>
							<SP ID="P4_SP00695" HPOS="1667" VPOS="3515" WIDTH="11"/>
							<String ID="P4_ST00834" HPOS="1678" VPOS="3487" WIDTH="51" HEIGHT="19" CONTENT="Bath" WC="0.95" CC="6557"/>
							<SP ID="P4_SP00696" HPOS="1729" VPOS="3515" WIDTH="12"/>
							<String ID="P4_ST00835" HPOS="1741" VPOS="3486" WIDTH="3" HEIGHT="29" CONTENT=";" WC="1.00" CC="0"/>
							<SP ID="P4_SP00697" HPOS="1744" VPOS="3515" WIDTH="12"/>
							<String ID="P4_ST00836" HPOS="1756" VPOS="3487" WIDTH="34" HEIGHT="19" CONTENT="the" WC="0.93" CC="791"/>
							<SP ID="P4_SP00698" HPOS="1790" VPOS="3515" WIDTH="11"/>
							<String ID="P4_ST00837" HPOS="1801" VPOS="3486" WIDTH="73" HEIGHT="24" CONTENT="Lightn" SUBS_TYPE="HypPart1" SUBS_CONTENT="Lightning" WC="0.97" CC="077693"/>
							<HYP HPOS="1874" VPOS="3486" WIDTH="12" CONTENT="-"/>
						</TextLine>
						<TextLine ID="P4_TL00141" HPOS="1078" VPOS="3512" WIDTH="809" HEIGHT="29">
							<String ID="P4_ST00838" HPOS="1078" VPOS="3515" WIDTH="38" HEIGHT="26" CONTENT="ing" SUBS_TYPE="HypPart2" SUBS_CONTENT="Lightning" WC="0.92" CC="379"/>
							<SP ID="P4_SP00699" HPOS="1116" VPOS="3541" WIDTH="13"/>
							<String ID="P4_ST00839" HPOS="1129" VPOS="3512" WIDTH="59" HEIGHT="29" CONTENT="Pool;" WC="0.96" CC="77761"/>
							<SP ID="P4_SP00700" HPOS="1188" VPOS="3541" WIDTH="12"/>
							<String ID="P4_ST00840" HPOS="1200" VPOS="3516" WIDTH="35" HEIGHT="18" CONTENT="the" WC="0.93" CC="890"/>
							<SP ID="P4_SP00701" HPOS="1235" VPOS="3541" WIDTH="9"/>
							<String ID="P4_ST00841" HPOS="1244" VPOS="3515" WIDTH="50" HEIGHT="19" CONTENT="Case" WC="0.96" CC="7174"/>
							<SP ID="P4_SP00702" HPOS="1294" VPOS="3541" WIDTH="14"/>
							<String ID="P4_ST00842" HPOS="1308" VPOS="3515" WIDTH="25" HEIGHT="19" CONTENT="de" WC="0.73" CC="05"/>
							<SP ID="P4_SP00703" HPOS="1333" VPOS="3541" WIDTH="12"/>
							<String ID="P4_ST00843" HPOS="1345" VPOS="3515" WIDTH="84" HEIGHT="25" CONTENT="Geyser," WC="0.97" CC="8697033"/>
							<SP ID="P4_SP00704" HPOS="1429" VPOS="3541" WIDTH="15"/>
							<String ID="P4_ST00844" HPOS="1444" VPOS="3522" WIDTH="23" HEIGHT="13" CONTENT="or" WC="0.69" CC="06"/>
							<SP ID="P4_SP00705" HPOS="1467" VPOS="3541" WIDTH="12"/>
							<String ID="P4_ST00845" HPOS="1479" VPOS="3514" WIDTH="101" HEIGHT="26" CONTENT="Dragon's" WC="0.98" CC="04849808"/>
							<SP ID="P4_SP00706" HPOS="1580" VPOS="3541" WIDTH="12"/>
							<String ID="P4_ST00846" HPOS="1592" VPOS="3514" WIDTH="69" HEIGHT="19" CONTENT="mouth" WC="0.97" CC="73608"/>
							<SP ID="P4_SP00707" HPOS="1661" VPOS="3541" WIDTH="11"/>
							<String ID="P4_ST00847" HPOS="1672" VPOS="3512" WIDTH="3" HEIGHT="29" CONTENT=";" WC="1.00" CC="0"/>
							<SP ID="P4_SP00708" HPOS="1675" VPOS="3541" WIDTH="12"/>
							<String ID="P4_ST00848" HPOS="1687" VPOS="3514" WIDTH="34" HEIGHT="18" CONTENT="the" WC="0.97" CC="060"/>
							<SP ID="P4_SP00709" HPOS="1721" VPOS="3541" WIDTH="11"/>
							<String ID="P4_ST00849" HPOS="1732" VPOS="3513" WIDTH="57" HEIGHT="19" CONTENT="black" WC="0.97" CC="70880"/>
							<SP ID="P4_SP00710" HPOS="1789" VPOS="3541" WIDTH="12"/>
							<String ID="P4_ST00850" HPOS="1801" VPOS="3512" WIDTH="86" HEIGHT="25" CONTENT="Geyser;" WC="0.98" CC="7207295"/>
						</TextLine>
						<TextLine ID="P4_TL00142" HPOS="1061" VPOS="3539" WIDTH="826" HEIGHT="27">
							<String ID="P4_ST00851" HPOS="1061" VPOS="3539" WIDTH="2" HEIGHT="27" CONTENT="." WC="1.00" CC="0"/>
							<SP ID="P4_SP00711" HPOS="1063" VPOS="3566" WIDTH="14"/>
							<String ID="P4_ST00852" HPOS="1077" VPOS="3542" WIDTH="35" HEIGHT="20" CONTENT="the" WC="0.97" CC="080"/>
							<SP ID="P4_SP00712" HPOS="1112" VPOS="3566" WIDTH="9"/>
							<String ID="P4_ST00853" HPOS="1121" VPOS="3542" WIDTH="49" HEIGHT="20" CONTENT="Mud" WC="0.91" CC="959"/>
							<SP ID="P4_SP00713" HPOS="1170" VPOS="3566" WIDTH="13"/>
							<String ID="P4_ST00854" HPOS="1183" VPOS="3542" WIDTH="78" HEIGHT="23" CONTENT="Geyser" WC="0.97" CC="760076"/>
							<SP ID="P4_SP00714" HPOS="1261" VPOS="3566" WIDTH="9"/>
							<String ID="P4_ST00855" HPOS="1270" VPOS="3539" WIDTH="4" HEIGHT="27" CONTENT=";" WC="0.35" CC="6"/>
							<SP ID="P4_SP00715" HPOS="1274" VPOS="3566" WIDTH="18"/>
							<String ID="P4_ST00856" HPOS="1292" VPOS="3541" WIDTH="35" HEIGHT="19" CONTENT="tbe" WC="0.47" CC="375"/>
							<SP ID="P4_SP00716" HPOS="1327" VPOS="3566" WIDTH="10"/>
							<String ID="P4_ST00857" HPOS="1337" VPOS="3541" WIDTH="52" HEIGHT="19" CONTENT="Blue" WC="0.95" CC="7519"/>
							<SP ID="P4_SP00717" HPOS="1389" VPOS="3566" WIDTH="10"/>
							<String ID="P4_ST00858" HPOS="1399" VPOS="3541" WIDTH="55" HEIGHT="20" CONTENT="Lake" WC="0.96" CC="0594"/>
							<SP ID="P4_SP00718" HPOS="1454" VPOS="3566" WIDTH="10"/>
							<String ID="P4_ST00859" HPOS="1464" VPOS="3550" WIDTH="5" HEIGHT="16" CONTENT=";" WC="0.52" CC="4"/>
							<SP ID="P4_SP00719" HPOS="1469" VPOS="3566" WIDTH="10"/>
							<String ID="P4_ST00860" HPOS="1479" VPOS="3542" WIDTH="34" HEIGHT="18" CONTENT="the" WC="0.94" CC="097"/>
							<SP ID="P4_SP00720" HPOS="1513" VPOS="3566" WIDTH="20"/>
							<String ID="P4_ST00861" HPOS="1533" VPOS="3541" WIDTH="32" HEIGHT="18" CONTENT="Oil" WC="0.93" CC="871"/>
							<SP ID="P4_SP00721" HPOS="1565" VPOS="3566" WIDTH="14"/>
							<String ID="P4_ST00862" HPOS="1579" VPOS="3540" WIDTH="65" HEIGHT="23" CONTENT="Bath;" WC="0.96" CC="79660"/>
							<SP ID="P4_SP00722" HPOS="1644" VPOS="3566" WIDTH="19"/>
							<String ID="P4_ST00863" HPOS="1663" VPOS="3540" WIDTH="35" HEIGHT="19" CONTENT="the" WC="0.92" CC="975"/>
							<SP ID="P4_SP00723" HPOS="1698" VPOS="3566" WIDTH="25"/>
							<String ID="P4_ST00864" HPOS="1723" VPOS="3539" WIDTH="76" HEIGHT="26" CONTENT="Eagle's" WC="0.97" CC="8841608"/>
							<SP ID="P4_SP00724" HPOS="1799" VPOS="3566" WIDTH="21"/>
							<String ID="P4_ST00865" HPOS="1820" VPOS="3539" WIDTH="67" HEIGHT="21" CONTENT="Nest;" WC="0.97" CC="94007"/>
						</TextLine>
						<TextLine ID="P4_TL00143" HPOS="1079" VPOS="3565" WIDTH="808" HEIGHT="28">
							<String ID="P4_ST00866" HPOS="1079" VPOS="3569" WIDTH="35" HEIGHT="19" CONTENT="the" WC="0.93" CC="476"/>
							<SP ID="P4_SP00725" HPOS="1114" VPOS="3588" WIDTH="12"/>
							<String ID="P4_ST00867" HPOS="1126" VPOS="3568" WIDTH="76" HEIGHT="20" CONTENT="Devil'*" WC="0.98" CC="7080547"/>
							<SP ID="P4_SP00726" HPOS="1202" VPOS="3588" WIDTH="12"/>
							<String ID="P4_ST00868" HPOS="1214" VPOS="3567" WIDTH="68" HEIGHT="21" CONTENT="Punch" WC="0.97" CC="88700"/>
							<SP ID="P4_SP00727" HPOS="1282" VPOS="3588" WIDTH="14"/>
							<String ID="P4_ST00869" HPOS="1296" VPOS="3567" WIDTH="68" HEIGHT="26" CONTENT="Bowl;" WC="0.96" CC="93607"/>
							<SP ID="P4_SP00728" HPOS="1364" VPOS="3593" WIDTH="11"/>
							<String ID="P4_ST00870" HPOS="1375" VPOS="3567" WIDTH="35" HEIGHT="21" CONTENT="the" WC="0.92" CC="866"/>
							<SP ID="P4_SP00729" HPOS="1410" VPOS="3593" WIDTH="12"/>
							<String ID="P4_ST00871" HPOS="1422" VPOS="3568" WIDTH="71" HEIGHT="19" CONTENT="Prince" WC="0.97" CC="650780"/>
							<SP ID="P4_SP00730" HPOS="1493" VPOS="3593" WIDTH="15"/>
							<String ID="P4_ST00872" HPOS="1508" VPOS="3567" WIDTH="21" HEIGHT="19" CONTENT="of" WC="0.34" CC="39"/>
							<SP ID="P4_SP00731" HPOS="1529" VPOS="3593" WIDTH="12"/>
							<String ID="P4_ST00873" HPOS="1541" VPOS="3567" WIDTH="75" HEIGHT="19" CONTENT="Wales'" WC="0.98" CC="852700"/>
							<SP ID="P4_SP00732" HPOS="1616" VPOS="3593" WIDTH="13"/>
							<String ID="P4_ST00874" HPOS="1629" VPOS="3567" WIDTH="97" HEIGHT="19" CONTENT="Feaihe-s" WC="0.58" CC="87405070"/>
							<SP ID="P4_SP00733" HPOS="1726" VPOS="3593" WIDTH="8"/>
							<String ID="P4_ST00875" HPOS="1734" VPOS="3565" WIDTH="4" HEIGHT="28" CONTENT=";" WC="0.31" CC="6"/>
							<SP ID="P4_SP00734" HPOS="1738" VPOS="3593" WIDTH="9"/>
							<String ID="P4_ST00876" HPOS="1747" VPOS="3570" WIDTH="33" HEIGHT="14" CONTENT="Hie" WC="0.92" CC="877"/>
							<SP ID="P4_SP00735" HPOS="1780" VPOS="3593" WIDTH="17"/>
							<String ID="P4_ST00877" HPOS="1797" VPOS="3565" WIDTH="90" HEIGHT="23" CONTENT="Mirror;" WC="0.98" CC="0005557"/>
						</TextLine>
						<TextLine ID="P4_TL00144" HPOS="1079" VPOS="3591" WIDTH="807" HEIGHT="28">
							<String ID="P4_ST00878" HPOS="1079" VPOS="3595" WIDTH="33" HEIGHT="19" CONTENT="the" WC="0.92" CC="577"/>
							<SP ID="P4_SP00736" HPOS="1112" VPOS="3614" WIDTH="9"/>
							<String ID="P4_ST00879" HPOS="1121" VPOS="3595" WIDTH="55" HEIGHT="19" CONTENT="Twin" WC="0.97" CC="0706"/>
							<SP ID="P4_SP00737" HPOS="1176" VPOS="3614" WIDTH="11"/>
							<String ID="P4_ST00880" HPOS="1187" VPOS="3595" WIDTH="77" HEIGHT="24" CONTENT="Geyser" WC="0.98" CC="900136"/>
							<SP ID="P4_SP00738" HPOS="1264" VPOS="3619" WIDTH="11"/>
							<String ID="P4_ST00881" HPOS="1275" VPOS="3591" WIDTH="4" HEIGHT="28" CONTENT=";" WC="0.58" CC="4"/>
							<SP ID="P4_SP00739" HPOS="1279" VPOS="3619" WIDTH="11"/>
							<String ID="P4_ST00882" HPOS="1290" VPOS="3593" WIDTH="35" HEIGHT="20" CONTENT="the" WC="0.96" CC="009"/>
							<SP ID="P4_SP00740" HPOS="1325" VPOS="3619" WIDTH="10"/>
							<String ID="P4_ST00883" HPOS="1335" VPOS="3594" WIDTH="59" HEIGHT="20" CONTENT="Coral" WC="0.97" CC="76700"/>
							<SP ID="P4_SP00741" HPOS="1394" VPOS="3619" WIDTH="12"/>
							<String ID="P4_ST00884" HPOS="1406" VPOS="3595" WIDTH="78" HEIGHT="24" CONTENT="Geyser" WC="0.99" CC="770000"/>
							<SP ID="P4_SP00742" HPOS="1484" VPOS="3619" WIDTH="10"/>
							<String ID="P4_ST00885" HPOS="1494" VPOS="3603" WIDTH="5" HEIGHT="15" CONTENT=";" WC="1.00" CC="0"/>
							<SP ID="P4_SP00743" HPOS="1499" VPOS="3619" WIDTH="12"/>
							<String ID="P4_ST00886" HPOS="1511" VPOS="3593" WIDTH="34" HEIGHT="21" CONTENT="the" WC="0.97" CC="700"/>
							<SP ID="P4_SP00744" HPOS="1545" VPOS="3619" WIDTH="11"/>
							<String ID="P4_ST00887" HPOS="1556" VPOS="3595" WIDTH="66" HEIGHT="18" CONTENT="Green" WC="0.97" CC="75028"/>
							<SP ID="P4_SP00745" HPOS="1622" VPOS="3619" WIDTH="17"/>
							<String ID="P4_ST00888" HPOS="1639" VPOS="3593" WIDTH="62" HEIGHT="23" CONTENT="Pool;" WC="0.96" CC="69930"/>
							<SP ID="P4_SP00746" HPOS="1701" VPOS="3619" WIDTH="18"/>
							<String ID="P4_ST00889" HPOS="1719" VPOS="3591" WIDTH="133" HEIGHT="24" CONTENT="Terekerehe," WC="0.45" CC="97289518700"/>
							<SP ID="P4_SP00747" HPOS="1852" VPOS="3619" WIDTH="13"/>
							<String ID="P4_ST00890" HPOS="1865" VPOS="3599" WIDTH="21" HEIGHT="11" CONTENT="or" WC="0.61" CC="70"/>
						</TextLine>
						<TextLine ID="P4_TL00145" HPOS="1078" VPOS="3617" WIDTH="808" HEIGHT="28">
							<String ID="P4_ST00891" HPOS="1078" VPOS="3621" WIDTH="48" HEIGHT="20" CONTENT="Hell" WC="0.95" CC="7726"/>
							<SP ID="P4_SP00748" HPOS="1126" VPOS="3641" WIDTH="12"/>
							<String ID="P4_ST00892" HPOS="1138" VPOS="3622" WIDTH="90" HEIGHT="23" CONTENT="Ge\ser;" WC="0.37" CC="7878075"/>
							<SP ID="P4_SP00749" HPOS="1228" VPOS="3645" WIDTH="12"/>
							<String ID="P4_ST00893" HPOS="1240" VPOS="3620" WIDTH="34" HEIGHT="20" CONTENT="the" WC="0.95" CC="074"/>
							<SP ID="P4_SP00750" HPOS="1274" VPOS="3645" WIDTH="10"/>
							<String ID="P4_ST00894" HPOS="1284" VPOS="3621" WIDTH="14" HEIGHT="17" CONTENT="S" WC="0.33" CC="6"/>
							<SP ID="P4_SP00751" HPOS="1298" VPOS="3645" WIDTH="12"/>
							<String ID="P4_ST00895" HPOS="1310" VPOS="3627" WIDTH="43" HEIGHT="13" CONTENT="earn" WC="0.96" CC="0837"/>
							<SP ID="P4_SP00752" HPOS="1353" VPOS="3645" WIDTH="13"/>
							<String ID="P4_ST00896" HPOS="1366" VPOS="3621" WIDTH="101" HEIGHT="19" CONTENT="Hammer." WC="0.97" CC="6677730"/>
							<SP ID="P4_SP00753" HPOS="1467" VPOS="3645" WIDTH="30"/>
							<String ID="P4_ST00897" HPOS="1497" VPOS="3619" WIDTH="85" HEIGHT="21" CONTENT="Guide's" WC="0.98" CC="0360968"/>
							<SP ID="P4_SP00754" HPOS="1582" VPOS="3645" WIDTH="12"/>
							<String ID="P4_ST00898" HPOS="1594" VPOS="3621" WIDTH="31" HEIGHT="18" CONTENT="fee" WC="0.97" CC="070"/>
							<SP ID="P4_SP00755" HPOS="1625" VPOS="3645" WIDTH="11"/>
							<String ID="P4_ST00899" HPOS="1636" VPOS="3622" WIDTH="21" HEIGHT="17" CONTENT="to" WC="0.35" CC="57"/>
							<SP ID="P4_SP00756" HPOS="1657" VPOS="3645" WIDTH="11"/>
							<String ID="P4_ST00900" HPOS="1668" VPOS="3620" WIDTH="79" HEIGHT="24" CONTENT="Geyser" WC="0.97" CC="970772"/>
							<SP ID="P4_SP00757" HPOS="1747" VPOS="3645" WIDTH="20"/>
							<String ID="P4_ST00901" HPOS="1767" VPOS="3617" WIDTH="79" HEIGHT="25" CONTENT="Valley," WC="0.97" CC="6718593"/>
							<SP ID="P4_SP00758" HPOS="1846" VPOS="3645" WIDTH="10"/>
							<String ID="P4_ST00902" HPOS="1856" VPOS="3619" WIDTH="30" HEIGHT="23" CONTENT="ss;" WC="0.33" CC="847"/>
						</TextLine>
						<TextLine ID="P4_TL00146" HPOS="1079" VPOS="3647" WIDTH="379" HEIGHT="23">
							<String ID="P4_ST00903" HPOS="1079" VPOS="3649" WIDTH="92" HEIGHT="19" CONTENT="distance" WC="0.99" CC="04560106"/>
							<SP ID="P4_SP00759" HPOS="1171" VPOS="3668" WIDTH="10"/>
							<String ID="P4_ST00904" HPOS="1181" VPOS="3648" WIDTH="52" HEIGHT="19" CONTENT="from" WC="0.96" CC="6606"/>
							<SP ID="P4_SP00760" HPOS="1233" VPOS="3668" WIDTH="11"/>
							<String ID="P4_ST00905" HPOS="1244" VPOS="3647" WIDTH="33" HEIGHT="19" CONTENT="the" WC="0.95" CC="770"/>
							<SP ID="P4_SP00761" HPOS="1277" VPOS="3668" WIDTH="10"/>
							<String ID="P4_ST00906" HPOS="1287" VPOS="3647" WIDTH="62" HEIGHT="23" CONTENT="hotel," WC="0.98" CC="733700"/>
							<SP ID="P4_SP00762" HPOS="1349" VPOS="3670" WIDTH="10"/>
							<String ID="P4_ST00907" HPOS="1359" VPOS="3654" WIDTH="38" HEIGHT="12" CONTENT="ono" WC="0.53" CC="067"/>
							<SP ID="P4_SP00763" HPOS="1397" VPOS="3670" WIDTH="11"/>
							<String ID="P4_ST00908" HPOS="1408" VPOS="3647" WIDTH="50" HEIGHT="19" CONTENT="mile." WC="0.98" CC="73020"/>
						</TextLine>
						<TextLine ID="P4_TL00148" HPOS="1001" VPOS="3697" WIDTH="885" HEIGHT="28">
							<String ID="P4_ST00909" HPOS="1001" VPOS="3701" WIDTH="94" HEIGHT="24" CONTENT="THE" WC="0.91" CC="878" STYLEREFS="TXT_21"/>
							<SP ID="P4_SP00764" HPOS="1095" VPOS="3725" WIDTH="22"/>
							<String ID="P4_ST00910" HPOS="1117" VPOS="3700" WIDTH="92" HEIGHT="24" CONTENT="ARE" WC="0.93" CC="908" STYLEREFS="TXT_21"/>
							<SP ID="P4_SP00765" HPOS="1209" VPOS="3725" WIDTH="7"/>
							<String ID="P4_ST00911" HPOS="1216" VPOS="3699" WIDTH="97" HEIGHT="24" CONTENT="ATE" WC="0.97" CC="205" STYLEREFS="TXT_21"/>
							<SP ID="P4_SP00766" HPOS="1313" VPOS="3725" WIDTH="7"/>
							<String ID="P4_ST00912" HPOS="1320" VPOS="3699" WIDTH="96" HEIGHT="24" CONTENT="ATE" WC="0.93" CC="566" STYLEREFS="TXT_21"/>
							<SP ID="P4_SP00767" HPOS="1416" VPOS="3725" WIDTH="8"/>
							<String ID="P4_ST00913" HPOS="1424" VPOS="3699" WIDTH="29" HEIGHT="24" CONTENT="A" WC="0.44" CC="5"/>
							<SP ID="P4_SP00768" HPOS="1453" VPOS="3725" WIDTH="32"/>
							<String ID="P4_ST00914" HPOS="1485" VPOS="3707" WIDTH="22" HEIGHT="12" CONTENT="or" WC="0.17" CC="88"/>
							<SP ID="P4_SP00769" HPOS="1507" VPOS="3725" WIDTH="13"/>
							<String ID="P4_ST00915" HPOS="1520" VPOS="3699" WIDTH="79" HEIGHT="20" CONTENT="Ladder" WC="0.96" CC="698787"/>
							<SP ID="P4_SP00770" HPOS="1599" VPOS="3725" WIDTH="10"/>
							<String ID="P4_ST00916" HPOS="1609" VPOS="3698" WIDTH="84" HEIGHT="25" CONTENT="Rapids." WC="0.97" CC="7817771"/>
							<SP ID="P4_SP00771" HPOS="1693" VPOS="3725" WIDTH="28"/>
							<String ID="P4_ST00917" HPOS="1721" VPOS="3697" WIDTH="41" HEIGHT="20" CONTENT="The" WC="0.96" CC="604"/>
							<SP ID="P4_SP00772" HPOS="1762" VPOS="3725" WIDTH="19"/>
							<String ID="P4_ST00918" HPOS="1781" VPOS="3698" WIDTH="105" HEIGHT="20" CONTENT="Grandest" WC="0.98" CC="03029770"/>
						</TextLine>
						<TextLine ID="P4_TL00149" HPOS="1078" VPOS="3725" WIDTH="806" HEIGHT="26">
							<String ID="P4_ST00919" HPOS="1078" VPOS="3727" WIDTH="78" HEIGHT="24" CONTENT="Rapids" WC="0.96" CC="889616"/>
							<SP ID="P4_SP00773" HPOS="1156" VPOS="3751" WIDTH="11"/>
							<String ID="P4_ST00920" HPOS="1167" VPOS="3727" WIDTH="20" HEIGHT="18" CONTENT="in" WC="0.65" CC="06"/>
							<SP ID="P4_SP00774" HPOS="1187" VPOS="3751" WIDTH="11"/>
							<String ID="P4_ST00921" HPOS="1198" VPOS="3727" WIDTH="35" HEIGHT="18" CONTENT="the" WC="1.00" CC="000"/>
							<SP ID="P4_SP00775" HPOS="1233" VPOS="3751" WIDTH="11"/>
							<String ID="P4_ST00922" HPOS="1244" VPOS="3725" WIDTH="101" HEIGHT="19" CONTENT="Southern" WC="0.98" CC="80070867"/>
							<SP ID="P4_SP00776" HPOS="1345" VPOS="3751" WIDTH="11"/>
							<String ID="P4_ST00923" HPOS="1356" VPOS="3725" WIDTH="137" HEIGHT="25" CONTENT="Hemisphere" WC="0.97" CC="4984896769"/>
							<SP ID="P4_SP00777" HPOS="1493" VPOS="3751" WIDTH="10"/>
							<String ID="P4_ST00924" HPOS="1503" VPOS="3725" WIDTH="3" HEIGHT="26" CONTENT=";" WC="0.66" CC="3"/>
							<SP ID="P4_SP00778" HPOS="1506" VPOS="3751" WIDTH="11"/>
							<String ID="P4_ST00925" HPOS="1517" VPOS="3725" WIDTH="73" HEIGHT="25" CONTENT="falling" WC="0.97" CC="9954079"/>
							<SP ID="P4_SP00779" HPOS="1590" VPOS="3751" WIDTH="11"/>
							<String ID="P4_ST00926" HPOS="1601" VPOS="3727" WIDTH="20" HEIGHT="17" CONTENT="in" WC="0.28" CC="76"/>
							<SP ID="P4_SP00780" HPOS="1621" VPOS="3751" WIDTH="21"/>
							<String ID="P4_ST00927" HPOS="1642" VPOS="3725" WIDTH="28" HEIGHT="19" CONTENT="six" WC="0.92" CC="739"/>
							<SP ID="P4_SP00781" HPOS="1670" VPOS="3751" WIDTH="19"/>
							<String ID="P4_ST00928" HPOS="1689" VPOS="3725" WIDTH="86" HEIGHT="19" CONTENT="distinct" WC="0.98" CC="70801789"/>
							<SP ID="P4_SP00782" HPOS="1775" VPOS="3751" WIDTH="17"/>
							<String ID="P4_ST00929" HPOS="1792" VPOS="3725" WIDTH="92" HEIGHT="19" CONTENT="cascades" WC="0.99" CC="00040007"/>
						</TextLine>
						<TextLine ID="P4_TL00150" HPOS="1078" VPOS="3751" WIDTH="806" HEIGHT="28">
							<String ID="P4_ST00930" HPOS="1078" VPOS="3756" WIDTH="93" HEIGHT="23" CONTENT="amongbt" WC="0.19" CC="7778977"/>
							<SP ID="P4_SP00783" HPOS="1171" VPOS="3779" WIDTH="17"/>
							<String ID="P4_ST00931" HPOS="1188" VPOS="3753" WIDTH="60" HEIGHT="19" CONTENT="weird" WC="0.97" CC="99000"/>
							<SP ID="P4_SP00784" HPOS="1248" VPOS="3779" WIDTH="12"/>
							<String ID="P4_ST00932" HPOS="1260" VPOS="3752" WIDTH="40" HEIGHT="19" CONTENT="and" WC="0.95" CC="660"/>
							<SP ID="P4_SP00785" HPOS="1300" VPOS="3779" WIDTH="12"/>
							<String ID="P4_ST00933" HPOS="1312" VPOS="3753" WIDTH="73" HEIGHT="23" CONTENT="rugged" WC="0.97" CC="329590"/>
							<SP ID="P4_SP00786" HPOS="1385" VPOS="3779" WIDTH="17"/>
							<String ID="P4_ST00934" HPOS="1402" VPOS="3759" WIDTH="89" HEIGHT="18" CONTENT="scenery." WC="0.99" CC="03024690"/>
							<SP ID="P4_SP00787" HPOS="1491" VPOS="3779" WIDTH="31"/>
							<String ID="P4_ST00935" HPOS="1522" VPOS="3753" WIDTH="96" HEIGHT="18" CONTENT="Distance" WC="0.98" CC="80809880"/>
							<SP ID="P4_SP00788" HPOS="1618" VPOS="3779" WIDTH="11"/>
							<String ID="P4_ST00936" HPOS="1629" VPOS="3752" WIDTH="50" HEIGHT="18" CONTENT="from" WC="0.96" CC="0098"/>
							<SP ID="P4_SP00789" HPOS="1679" VPOS="3779" WIDTH="13"/>
							<String ID="P4_ST00937" HPOS="1692" VPOS="3751" WIDTH="34" HEIGHT="19" CONTENT="the" WC="0.95" CC="093"/>
							<SP ID="P4_SP00790" HPOS="1726" VPOS="3779" WIDTH="21"/>
							<String ID="P4_ST00938" HPOS="1747" VPOS="3751" WIDTH="61" HEIGHT="24" CONTENT="hotel," WC="0.99" CC="071000"/>
							<SP ID="P4_SP00791" HPOS="1808" VPOS="3779" WIDTH="20"/>
							<String ID="P4_ST00939" HPOS="1828" VPOS="3751" WIDTH="56" HEIGHT="21" CONTENT="three" WC="0.99" CC="00070"/>
						</TextLine>
						<TextLine ID="P4_TL00151" HPOS="1079" VPOS="3777" WIDTH="609" HEIGHT="28">
							<String ID="P4_ST00940" HPOS="1079" VPOS="3780" WIDTH="62" HEIGHT="19" CONTENT="miles." WC="0.96" CC="968886"/>
							<SP ID="P4_SP00792" HPOS="1141" VPOS="3799" WIDTH="30"/>
							<String ID="P4_ST00941" HPOS="1171" VPOS="3779" WIDTH="75" HEIGHT="19" CONTENT="Saddle" WC="1.00" CC="000050"/>
							<SP ID="P4_SP00793" HPOS="1246" VPOS="3799" WIDTH="9"/>
							<String ID="P4_ST00942" HPOS="1255" VPOS="3779" WIDTH="70" HEIGHT="19" CONTENT="horses" WC="0.97" CC="673807"/>
							<SP ID="P4_SP00794" HPOS="1325" VPOS="3799" WIDTH="13"/>
							<String ID="P4_ST00943" HPOS="1338" VPOS="3781" WIDTH="22" HEIGHT="16" CONTENT="to" WC="0.33" CC="66"/>
							<SP ID="P4_SP00795" HPOS="1360" VPOS="3799" WIDTH="11"/>
							<String ID="P4_ST00944" HPOS="1371" VPOS="3777" WIDTH="47" HEIGHT="19" CONTENT="visit" WC="0.98" CC="83013"/>
							<SP ID="P4_SP00796" HPOS="1418" VPOS="3799" WIDTH="9"/>
							<String ID="P4_ST00945" HPOS="1427" VPOS="3779" WIDTH="34" HEIGHT="18" CONTENT="the" WC="0.95" CC="670"/>
							<SP ID="P4_SP00797" HPOS="1461" VPOS="3799" WIDTH="10"/>
							<String ID="P4_ST00946" HPOS="1471" VPOS="3778" WIDTH="83" HEIGHT="27" CONTENT="Kapids," WC="0.70" CC="7007060"/>
							<SP ID="P4_SP00798" HPOS="1554" VPOS="3805" WIDTH="10"/>
							<String ID="P4_ST00947" HPOS="1564" VPOS="3779" WIDTH="23" HEIGHT="19" CONTENT="7b" WC="0.41" CC="38"/>
							<SP ID="P4_SP00799" HPOS="1587" VPOS="3805" WIDTH="10"/>
							<String ID="P4_ST00948" HPOS="1597" VPOS="3778" WIDTH="26" HEIGHT="19" CONTENT="6i" WC="0.64" CC="07"/>
							<SP ID="P4_SP00800" HPOS="1623" VPOS="3805" WIDTH="10"/>
							<String ID="P4_ST00949" HPOS="1633" VPOS="3778" WIDTH="55" HEIGHT="20" CONTENT="each." WC="0.98" CC="10560"/>
						</TextLine>
						<TextLine ID="P4_TL00153" HPOS="1001" VPOS="3826" WIDTH="883" HEIGHT="25">
							<String ID="P4_ST00950" HPOS="1001" VPOS="3826" WIDTH="219" HEIGHT="25" CONTENT="K.ERAPITI" WC="0.60" CC="870008802" STYLEREFS="TXT_21"/>
							<SP ID="P4_SP00801" HPOS="1220" VPOS="3851" WIDTH="29"/>
							<String ID="P4_ST00951" HPOS="1249" VPOS="3833" WIDTH="21" HEIGHT="11" CONTENT="nr" WC="0.41" CC="83"/>
							<SP ID="P4_SP00802" HPOS="1270" VPOS="3851" WIDTH="10"/>
							<String ID="P4_ST00952" HPOS="1280" VPOS="3826" WIDTH="35" HEIGHT="19" CONTENT="tb«" WC="0.55" CC="057"/>
							<SP ID="P4_SP00803" HPOS="1315" VPOS="3851" WIDTH="12"/>
							<String ID="P4_ST00953" HPOS="1327" VPOS="3826" WIDTH="75" HEIGHT="19" CONTENT="Devil's" WC="0.98" CC="5090700"/>
							<SP ID="P4_SP00804" HPOS="1402" VPOS="3851" WIDTH="11"/>
							<String ID="P4_ST00954" HPOS="1413" VPOS="3826" WIDTH="97" HEIGHT="24" CONTENT="Trumpet" WC="0.97" CC="0577990"/>
							<SP ID="P4_SP00805" HPOS="1510" VPOS="3851" WIDTH="11"/>
							<String ID="P4_ST00955" HPOS="1521" VPOS="3826" WIDTH="16" HEIGHT="19" CONTENT="is" WC="0.16" CC="88"/>
							<SP ID="P4_SP00806" HPOS="1537" VPOS="3851" WIDTH="17"/>
							<String ID="P4_ST00956" HPOS="1554" VPOS="3828" WIDTH="42" HEIGHT="17" CONTENT="said" WC="0.95" CC="8509"/>
							<SP ID="P4_SP00807" HPOS="1596" VPOS="3851" WIDTH="20"/>
							<String ID="P4_ST00957" HPOS="1616" VPOS="3829" WIDTH="21" HEIGHT="16" CONTENT="to" WC="0.28" CC="95"/>
							<SP ID="P4_SP00808" HPOS="1637" VPOS="3851" WIDTH="22"/>
							<String ID="P4_ST00958" HPOS="1659" VPOS="3826" WIDTH="50" HEIGHT="19" CONTENT="emit" WC="0.97" CC="5701"/>
							<SP ID="P4_SP00809" HPOS="1709" VPOS="3851" WIDTH="19"/>
							<String ID="P4_ST00959" HPOS="1728" VPOS="3832" WIDTH="12" HEIGHT="12" CONTENT="a" WC="1.00" CC="0"/>
							<SP ID="P4_SP00810" HPOS="1740" VPOS="3851" WIDTH="21"/>
							<String ID="P4_ST00960" HPOS="1761" VPOS="3832" WIDTH="92" HEIGHT="17" CONTENT="pressure" WC="0.98" CC="77480701"/>
							<SP ID="P4_SP00811" HPOS="1853" VPOS="3851" WIDTH="10"/>
							<String ID="P4_ST00961" HPOS="1863" VPOS="3826" WIDTH="21" HEIGHT="19" CONTENT="of" WC="0.33" CC="75"/>
						</TextLine>
						<TextLine ID="P4_TL00154" HPOS="1078" VPOS="3852" WIDTH="804" HEIGHT="24">
							<String ID="P4_ST00962" HPOS="1078" VPOS="3854" WIDTH="69" HEIGHT="18" CONTENT="ISOlbs" WC="0.29" CC="188588"/>
							<SP ID="P4_SP00812" HPOS="1147" VPOS="3872" WIDTH="12"/>
							<String ID="P4_ST00963" HPOS="1159" VPOS="3854" WIDTH="21" HEIGHT="18" CONTENT="of" WC="0.13" CC="79"/>
							<SP ID="P4_SP00813" HPOS="1180" VPOS="3872" WIDTH="15"/>
							<String ID="P4_ST00964" HPOS="1195" VPOS="3858" WIDTH="62" HEIGHT="13" CONTENT="steam" WC="0.96" CC="87705"/>
							<SP ID="P4_SP00814" HPOS="1257" VPOS="3872" WIDTH="43"/>
							<String ID="P4_ST00965" HPOS="1300" VPOS="3852" WIDTH="34" HEIGHT="19" CONTENT="the" WC="0.95" CC="453"/>
							<SP ID="P4_SP00815" HPOS="1334" VPOS="3872" WIDTH="7"/>
							<String ID="P4_ST00966" HPOS="1341" VPOS="3852" WIDTH="53" HEIGHT="21" CONTENT="inch," WC="0.98" CC="38300"/>
							<SP ID="P4_SP00816" HPOS="1394" VPOS="3873" WIDTH="16"/>
							<String ID="P4_ST00967" HPOS="1410" VPOS="3852" WIDTH="51" HEIGHT="19" CONTENT="from" WC="0.96" CC="0487"/>
							<SP ID="P4_SP00817" HPOS="1461" VPOS="3873" WIDTH="12"/>
							<String ID="P4_ST00968" HPOS="1473" VPOS="3859" WIDTH="25" HEIGHT="12" CONTENT="an" WC="0.63" CC="07"/>
							<SP ID="P4_SP00818" HPOS="1498" VPOS="3873" WIDTH="16"/>
							<String ID="P4_ST00969" HPOS="1514" VPOS="3856" WIDTH="96" HEIGHT="20" CONTENT="aperture" WC="0.99" CC="09036000"/>
							<SP ID="P4_SP00819" HPOS="1610" VPOS="3876" WIDTH="10"/>
							<String ID="P4_ST00970" HPOS="1620" VPOS="3852" WIDTH="22" HEIGHT="19" CONTENT="of" WC="0.32" CC="67"/>
							<SP ID="P4_SP00820" HPOS="1642" VPOS="3876" WIDTH="19"/>
							<String ID="P4_ST00971" HPOS="1661" VPOS="3852" WIDTH="63" HEIGHT="19" CONTENT="about" WC="0.96" CC="70688"/>
							<SP ID="P4_SP00821" HPOS="1724" VPOS="3876" WIDTH="19"/>
							<String ID="P4_ST00972" HPOS="1743" VPOS="3853" WIDTH="25" HEIGHT="18" CONTENT="12" WC="0.92" CC="10"/>
							<SP ID="P4_SP00822" HPOS="1768" VPOS="3876" WIDTH="17"/>
							<String ID="P4_ST00973" HPOS="1785" VPOS="3852" WIDTH="68" HEIGHT="19" CONTENT="inches" WC="0.97" CC="270728"/>
							<SP ID="P4_SP00823" HPOS="1853" VPOS="3876" WIDTH="10"/>
							<String ID="P4_ST00974" HPOS="1863" VPOS="3853" WIDTH="19" HEIGHT="18" CONTENT="in" WC="0.58" CC="08"/>
						</TextLine>
						<TextLine ID="P4_TL00155" HPOS="1077" VPOS="3878" WIDTH="807" HEIGHT="24">
							<String ID="P4_ST00975" HPOS="1077" VPOS="3880" WIDTH="79" HEIGHT="17" CONTENT="diamet." WC="0.40" CC="7777064"/>
							<SP ID="P4_SP00824" HPOS="1156" VPOS="3897" WIDTH="8"/>
							<String ID="P4_ST00976" HPOS="1164" VPOS="3887" WIDTH="10" HEIGHT="10" CONTENT="r" WC="0.29" CC="7"/>
							<SP ID="P4_SP00825" HPOS="1174" VPOS="3897" WIDTH="36"/>
							<String ID="P4_ST00977" HPOS="1210" VPOS="3879" WIDTH="96" HEIGHT="19" CONTENT="Distance" WC="0.98" CC="90830877"/>
							<SP ID="P4_SP00826" HPOS="1306" VPOS="3898" WIDTH="13"/>
							<String ID="P4_ST00978" HPOS="1319" VPOS="3878" WIDTH="52" HEIGHT="19" CONTENT="frooa" WC="0.54" CC="00777"/>
							<SP ID="P4_SP00827" HPOS="1371" VPOS="3898" WIDTH="12"/>
							<String ID="P4_ST00979" HPOS="1383" VPOS="3878" WIDTH="54" HEIGHT="19" CONTENT="hotel" WC="0.97" CC="79004"/>
							<SP ID="P4_SP00828" HPOS="1437" VPOS="3898" WIDTH="7"/>
							<String ID="P4_ST00980" HPOS="1444" VPOS="3878" WIDTH="57" HEIGHT="20" CONTENT="three" WC="0.98" CC="08400"/>
							<SP ID="P4_SP00829" HPOS="1501" VPOS="3898" WIDTH="12"/>
							<String ID="P4_ST00981" HPOS="1513" VPOS="3881" WIDTH="38" HEIGHT="17" CONTENT="and" WC="0.91" CC="987"/>
							<SP ID="P4_SP00830" HPOS="1551" VPOS="3898" WIDTH="13"/>
							<String ID="P4_ST00982" HPOS="1564" VPOS="3886" WIDTH="12" HEIGHT="12" CONTENT="a" WC="1.00" CC="0"/>
							<SP ID="P4_SP00831" HPOS="1576" VPOS="3898" WIDTH="11"/>
							<String ID="P4_ST00983" HPOS="1587" VPOS="3878" WIDTH="41" HEIGHT="20" CONTENT="half" WC="0.96" CC="0619"/>
							<SP ID="P4_SP00832" HPOS="1628" VPOS="3898" WIDTH="11"/>
							<String ID="P4_ST00984" HPOS="1639" VPOS="3878" WIDTH="68" HEIGHT="24" CONTENT="miles;" WC="0.97" CC="900477"/>
							<SP ID="P4_SP00833" HPOS="1707" VPOS="3902" WIDTH="20"/>
							<String ID="P4_ST00985" HPOS="1727" VPOS="3878" WIDTH="70" HEIGHT="19" CONTENT="saddle" WC="0.97" CC="009844"/>
							<SP ID="P4_SP00834" HPOS="1797" VPOS="3902" WIDTH="17"/>
							<String ID="P4_ST00986" HPOS="1814" VPOS="3878" WIDTH="70" HEIGHT="20" CONTENT="horses" WC="0.98" CC="703008"/>
						</TextLine>
						<TextLine ID="P4_TL00156" HPOS="1075" VPOS="3904" WIDTH="336" HEIGHT="25">
							<String ID="P4_ST00987" HPOS="1075" VPOS="3908" WIDTH="21" HEIGHT="17" CONTENT="to" WC="0.38" CC="75"/>
							<SP ID="P4_SP00835" HPOS="1096" VPOS="3925" WIDTH="13"/>
							<String ID="P4_ST00988" HPOS="1109" VPOS="3910" WIDTH="47" HEIGHT="15" CONTENT="vieit" WC="0.39" CC="24769"/>
							<SP ID="P4_SP00836" HPOS="1156" VPOS="3925" WIDTH="10"/>
							<String ID="P4_ST00989" HPOS="1166" VPOS="3906" WIDTH="34" HEIGHT="19" CONTENT="the" WC="0.93" CC="475"/>
							<SP ID="P4_SP00837" HPOS="1200" VPOS="3925" WIDTH="11"/>
							<String ID="P4_ST00990" HPOS="1211" VPOS="3906" WIDTH="68" HEIGHT="23" CONTENT="above," WC="0.98" CC="760630"/>
							<SP ID="P4_SP00838" HPOS="1279" VPOS="3929" WIDTH="12"/>
							<String ID="P4_ST00991" HPOS="1291" VPOS="3904" WIDTH="56" HEIGHT="20" CONTENT="2s&lt;id" WC="0.32" CC="08689"/>
							<SP ID="P4_SP00839" HPOS="1347" VPOS="3929" WIDTH="10"/>
							<String ID="P4_ST00992" HPOS="1357" VPOS="3904" WIDTH="54" HEIGHT="20" CONTENT="each." WC="0.97" CC="05770"/>
						</TextLine>
						<TextLine ID="P4_TL00157" HPOS="1408" VPOS="3937" WIDTH="53" HEIGHT="13">
							<String ID="P4_ST00993" HPOS="1408" VPOS="3937" WIDTH="53" HEIGHT="13" CONTENT="ALSO" WC="0.95" CC="9770" STYLEREFS="TXT_28"/>
						</TextLine>
						<TextLine ID="P4_TL00158" HPOS="1000" VPOS="3956" WIDTH="882" HEIGHT="32">
							<String ID="P4_ST00994" HPOS="1000" VPOS="3958" WIDTH="94" HEIGHT="25" CONTENT="THE" WC="0.96" CC="703" STYLEREFS="TXT_21"/>
							<SP ID="P4_SP00840" HPOS="1094" VPOS="3983" WIDTH="21"/>
							<String ID="P4_ST00995" HPOS="1115" VPOS="3957" WIDTH="132" HEIGHT="25" CONTENT="HUKA" WC="0.85" CC="0410" STYLEREFS="TXT_21"/>
							<SP ID="P4_SP00841" HPOS="1247" VPOS="3983" WIDTH="19"/>
							<String ID="P4_ST00996" HPOS="1266" VPOS="3956" WIDTH="169" HEIGHT="32" CONTENT="FALLS," WC="0.99" CC="000064" STYLEREFS="TXT_21"/>
							<SP ID="P4_SP00842" HPOS="1435" VPOS="3988" WIDTH="19"/>
							<String ID="P4_ST00997" HPOS="1454" VPOS="3957" WIDTH="157" HEIGHT="20" CONTENT="thrfGrandr-Rt" WC="0.35" CC="0888605798495"/>
							<SP ID="P4_SP00843" HPOS="1611" VPOS="3988" WIDTH="14"/>
							<String ID="P4_ST00998" HPOS="1625" VPOS="3957" WIDTH="52" HEIGHT="20" CONTENT="Palls" WC="0.95" CC="77567"/>
							<SP ID="P4_SP00844" HPOS="1677" VPOS="3988" WIDTH="11"/>
							<String ID="P4_ST00999" HPOS="1688" VPOS="3964" WIDTH="19" HEIGHT="12" CONTENT="in" WC="0.22" CC="87"/>
							<SP ID="P4_SP00845" HPOS="1707" VPOS="3988" WIDTH="21"/>
							<String ID="P4_ST01000" HPOS="1728" VPOS="3956" WIDTH="34" HEIGHT="20" CONTENT="the" WC="0.97" CC="070"/>
							<SP ID="P4_SP00846" HPOS="1762" VPOS="3988" WIDTH="21"/>
							<String ID="P4_ST01001" HPOS="1783" VPOS="3956" WIDTH="99" HEIGHT="21" CONTENT="Southern" WC="0.98" CC="64477708"/>
						</TextLine>
						<TextLine ID="P4_TL00159" HPOS="1075" VPOS="3988" WIDTH="808" HEIGHT="25">
							<String ID="P4_ST01002" HPOS="1075" VPOS="3990" WIDTH="141" HEIGHT="22" CONTENT="Hemisphere." WC="0.98" CC="59944752230"/>
							<SP ID="P4_SP00847" HPOS="1216" VPOS="4012" WIDTH="28"/>
							<String ID="P4_ST01003" HPOS="1244" VPOS="3988" WIDTH="42" HEIGHT="19" CONTENT="The" WC="0.98" CC="060"/>
							<SP ID="P4_SP00848" HPOS="1286" VPOS="4012" WIDTH="11"/>
							<String ID="P4_ST01004" HPOS="1297" VPOS="3988" WIDTH="55" HEIGHT="19" CONTENT="Falls" WC="0.97" CC="79050"/>
							<SP ID="P4_SP00849" HPOS="1352" VPOS="4012" WIDTH="10"/>
							<String ID="P4_ST01005" HPOS="1362" VPOS="3994" WIDTH="45" HEIGHT="19" CONTENT="may" WC="0.92" CC="579"/>
							<SP ID="P4_SP00850" HPOS="1407" VPOS="4013" WIDTH="16"/>
							<String ID="P4_ST01006" HPOS="1423" VPOS="3989" WIDTH="23" HEIGHT="18" CONTENT="be" WC="1.00" CC="00"/>
							<SP ID="P4_SP00851" HPOS="1446" VPOS="4013" WIDTH="10"/>
							<String ID="P4_ST01007" HPOS="1456" VPOS="3988" WIDTH="72" HEIGHT="19" CONTENT="visited" WC="0.98" CC="7204700"/>
							<SP ID="P4_SP00852" HPOS="1528" VPOS="4013" WIDTH="8"/>
							<String ID="P4_ST01008" HPOS="1536" VPOS="3995" WIDTH="26" HEIGHT="12" CONTENT="on" WC="0.30" CC="49"/>
							<SP ID="P4_SP00853" HPOS="1562" VPOS="4013" WIDTH="10"/>
							<String ID="P4_ST01009" HPOS="1572" VPOS="3988" WIDTH="34" HEIGHT="19" CONTENT="the" WC="0.93" CC="953"/>
							<SP ID="P4_SP00854" HPOS="1606" VPOS="4013" WIDTH="10"/>
							<String ID="P4_ST01010" HPOS="1616" VPOS="3995" WIDTH="54" HEIGHT="12" CONTENT="same" WC="0.96" CC="0843"/>
							<SP ID="P4_SP00855" HPOS="1670" VPOS="4013" WIDTH="6"/>
							<String ID="P4_ST01011" HPOS="1676" VPOS="3988" WIDTH="116" HEIGHT="24" CONTENT="expedition" WC="0.99" CC="0707800095"/>
							<SP ID="P4_SP00856" HPOS="1792" VPOS="4013" WIDTH="14"/>
							<String ID="P4_ST01012" HPOS="1806" VPOS="3995" WIDTH="22" HEIGHT="12" CONTENT="as" WC="0.33" CC="57"/>
							<SP ID="P4_SP00857" HPOS="1828" VPOS="4013" WIDTH="21"/>
							<String ID="P4_ST01013" HPOS="1849" VPOS="3989" WIDTH="34" HEIGHT="20" CONTENT="the" WC="0.98" CC="060"/>
						</TextLine>
						<TextLine ID="P4_TL00160" HPOS="1076" VPOS="4014" WIDTH="807" HEIGHT="24">
							<String ID="P4_ST01014" HPOS="1076" VPOS="4015" WIDTH="77" HEIGHT="19" CONTENT="Devil's" WC="0.98" CC="7376400"/>
							<SP ID="P4_SP00858" HPOS="1153" VPOS="4034" WIDTH="7"/>
							<String ID="P4_ST01015" HPOS="1160" VPOS="4016" WIDTH="104" HEIGHT="22" CONTENT="Trumpet." WC="0.98" CC="66599300"/>
							<SP ID="P4_SP00859" HPOS="1264" VPOS="4038" WIDTH="29"/>
							<String ID="P4_ST01016" HPOS="1293" VPOS="4014" WIDTH="97" HEIGHT="19" CONTENT="Distance" WC="0.98" CC="04707707"/>
							<SP ID="P4_SP00860" HPOS="1390" VPOS="4038" WIDTH="10"/>
							<String ID="P4_ST01017" HPOS="1400" VPOS="4014" WIDTH="51" HEIGHT="19" CONTENT="from" WC="0.94" CC="7469"/>
							<SP ID="P4_SP00861" HPOS="1451" VPOS="4038" WIDTH="14"/>
							<String ID="P4_ST01018" HPOS="1465" VPOS="4014" WIDTH="52" HEIGHT="20" CONTENT="hotel" WC="0.95" CC="25995"/>
							<SP ID="P4_SP00862" HPOS="1517" VPOS="4038" WIDTH="11"/>
							<String ID="P4_ST01019" HPOS="1528" VPOS="4015" WIDTH="59" HEIGHT="18" CONTENT="three" WC="0.98" CC="07025"/>
							<SP ID="P4_SP00863" HPOS="1587" VPOS="4038" WIDTH="8"/>
							<String ID="P4_ST01020" HPOS="1595" VPOS="4014" WIDTH="39" HEIGHT="19" CONTENT="and" WC="0.94" CC="970"/>
							<SP ID="P4_SP00864" HPOS="1634" VPOS="4038" WIDTH="12"/>
							<String ID="P4_ST01021" HPOS="1646" VPOS="4021" WIDTH="11" HEIGHT="12" CONTENT="a" WC="1.00" CC="9"/>
							<SP ID="P4_SP00865" HPOS="1657" VPOS="4038" WIDTH="10"/>
							<String ID="P4_ST01022" HPOS="1667" VPOS="4014" WIDTH="43" HEIGHT="19" CONTENT="half" WC="0.95" CC="7472"/>
							<SP ID="P4_SP00866" HPOS="1710" VPOS="4038" WIDTH="11"/>
							<String ID="P4_ST01023" HPOS="1721" VPOS="4014" WIDTH="62" HEIGHT="19" CONTENT="miles." WC="0.97" CC="660680"/>
							<SP ID="P4_SP00867" HPOS="1783" VPOS="4038" WIDTH="25"/>
							<String ID="P4_ST01024" HPOS="1808" VPOS="4016" WIDTH="75" HEIGHT="19" CONTENT="Saddle" WC="0.98" CC="860007"/>
						</TextLine>
						<TextLine ID="P4_TL00161" HPOS="1077" VPOS="4040" WIDTH="305" HEIGHT="26">
							<String ID="P4_ST01025" HPOS="1077" VPOS="4042" WIDTH="59" HEIGHT="19" CONTENT="horse" WC="0.96" CC="79170"/>
							<SP ID="P4_SP00868" HPOS="1136" VPOS="4061" WIDTH="16"/>
							<String ID="P4_ST01026" HPOS="1152" VPOS="4048" WIDTH="22" HEIGHT="12" CONTENT="or" WC="0.51" CC="54"/>
							<SP ID="P4_SP00869" HPOS="1174" VPOS="4061" WIDTH="11"/>
							<String ID="P4_ST01027" HPOS="1185" VPOS="4042" WIDTH="67" HEIGHT="24" CONTENT="buggy" WC="0.96" CC="70990"/>
							<SP ID="P4_SP00870" HPOS="1252" VPOS="4066" WIDTH="14"/>
							<String ID="P4_ST01028" HPOS="1266" VPOS="4040" WIDTH="50" HEIGHT="19" CONTENT="2t-9d" WC="0.52" CC="57370"/>
							<SP ID="P4_SP00871" HPOS="1316" VPOS="4066" WIDTH="11"/>
							<String ID="P4_ST01029" HPOS="1327" VPOS="4042" WIDTH="55" HEIGHT="17" CONTENT="each." WC="0.97" CC="04870"/>
						</TextLine>
						<TextLine ID="P4_TL00162" HPOS="1130" VPOS="4079" WIDTH="615" HEIGHT="33">
							<String ID="P4_ST01030" HPOS="1130" VPOS="4080" WIDTH="88" HEIGHT="28" CONTENT="MRS" WC="0.92" CC="876" STYLEREFS="TXT_27"/>
							<SP ID="P4_SP00872" HPOS="1218" VPOS="4108" WIDTH="13"/>
							<String ID="P4_ST01031" HPOS="1231" VPOS="4079" WIDTH="37" HEIGHT="28" CONTENT="&amp;&gt;" WC="0.22" CC="78" STYLEREFS="TXT_27"/>
							<SP ID="P4_SP00873" HPOS="1268" VPOS="4108" WIDTH="19"/>
							<String ID="P4_ST01032" HPOS="1287" VPOS="4079" WIDTH="195" HEIGHT="33" CONTENT="GRAHAM:," WC="0.97" CC="77977953" STYLEREFS="TXT_27"/>
							<SP ID="P4_SP00874" HPOS="1482" VPOS="4112" WIDTH="20"/>
							<String ID="P4_ST01033" HPOS="1502" VPOS="4080" WIDTH="243" HEIGHT="32" CONTENT="Proprietress." WC="0.99" CC="7501307976034" STYLEREFS="TXT_27"/>
						</TextLine>
					</TextBlock>
				</ComposedBlock>
				<ComposedBlock ID="P4_CB00003" HPOS="995" VPOS="145" WIDTH="1791" HEIGHT="781" TYPE="Advertisement">
					<TextBlock ID="P4_TB00007" HPOS="995" VPOS="145" WIDTH="1791" HEIGHT="781" STYLEREFS="TXT_3 PAR_LEFT">
						<TextLine ID="P4_TL00163" HPOS="996" VPOS="204" WIDTH="394" HEIGHT="86">
							<String ID="P4_ST01034" HPOS="996" VPOS="204" WIDTH="394" HEIGHT="86" CONTENT="übniKAb" WC="0.42" CC="9762607" STYLEREFS="TXT_29"/>
						</TextLine>
						<TextLine ID="P4_TL00164" HPOS="997" VPOS="317" WIDTH="440" HEIGHT="30">
							<String ID="P4_ST01035" HPOS="997" VPOS="320" WIDTH="57" HEIGHT="25" CONTENT="HIGH" WC="0.94" CC="7476" STYLEREFS="TXT_16"/>
							<SP ID="P4_SP00875" HPOS="1054" VPOS="345" WIDTH="19"/>
							<String ID="P4_ST01036" HPOS="1073" VPOS="319" WIDTH="34" HEIGHT="26" CONTENT="ST." WC="0.97" CC="620" STYLEREFS="TXT_16"/>
							<SP ID="P4_SP00876" HPOS="1107" VPOS="345" WIDTH="21"/>
							<String ID="P4_ST01037" HPOS="1128" VPOS="319" WIDTH="38" HEIGHT="26" CONTENT="and" WC="0.93" CC="377" STYLEREFS="TXT_16"/>
							<SP ID="P4_SP00877" HPOS="1166" VPOS="345" WIDTH="19"/>
							<String ID="P4_ST01038" HPOS="1185" VPOS="319" WIDTH="110" HEIGHT="25" CONTENT="VICTORIA" WC="0.98" CC="66416454" STYLEREFS="TXT_16"/>
							<SP ID="P4_SP00878" HPOS="1295" VPOS="345" WIDTH="22"/>
							<String ID="P4_ST01039" HPOS="1317" VPOS="318" WIDTH="33" HEIGHT="26" CONTENT="ST." WC="0.94" CC="790" STYLEREFS="TXT_16"/>
							<SP ID="P4_SP00879" HPOS="1350" VPOS="345" WIDTH="23"/>
							<String ID="P4_ST01040" HPOS="1373" VPOS="317" WIDTH="64" HEIGHT="30" CONTENT="EAST," WC="0.95" CC="59981" STYLEREFS="TXT_16"/>
						</TextLine>
						<TextLine ID="P4_TL00165" HPOS="1022" VPOS="425" WIDTH="419" HEIGHT="22">
							<String ID="P4_ST01041" HPOS="1022" VPOS="426" WIDTH="43" HEIGHT="20" CONTENT="The" WC="0.92" CC="777" STYLEREFS="TXT_7"/>
							<SP ID="P4_SP00880" HPOS="1065" VPOS="446" WIDTH="16"/>
							<String ID="P4_ST01042" HPOS="1081" VPOS="426" WIDTH="63" HEIGHT="20" CONTENT="above" WC="0.95" CC="47588"/>
							<SP ID="P4_SP00881" HPOS="1144" VPOS="446" WIDTH="19"/>
							<String ID="P4_ST01043" HPOS="1163" VPOS="426" WIDTH="108" HEIGHT="21" CONTENT="Favourite" WC="0.98" CC="167064456"/>
							<SP ID="P4_SP00882" HPOS="1271" VPOS="447" WIDTH="13"/>
							<String ID="P4_ST01044" HPOS="1284" VPOS="426" WIDTH="39" HEIGHT="18" CONTENT="and" WC="0.91" CC="788"/>
							<SP ID="P4_SP00883" HPOS="1323" VPOS="447" WIDTH="12"/>
							<String ID="P4_ST01045" HPOS="1335" VPOS="425" WIDTH="91" HEIGHT="19" CONTENT="Commod" SUBS_TYPE="HypPart1" SUBS_CONTENT="Commodious" WC="0.97" CC="798308"/>
							<HYP HPOS="1426" VPOS="425" WIDTH="15" CONTENT="-"/>
						</TextLine>
						<TextLine ID="P4_TL00166" HPOS="996" VPOS="450" WIDTH="445" HEIGHT="22">
							<String ID="P4_ST01046" HPOS="996" VPOS="452" WIDTH="44" HEIGHT="19" CONTENT="ious" SUBS_TYPE="HypPart2" SUBS_CONTENT="Commodious" WC="0.96" CC="5077"/>
							<SP ID="P4_SP00884" HPOS="1040" VPOS="471" WIDTH="34"/>
							<String ID="P4_ST01047" HPOS="1074" VPOS="453" WIDTH="62" HEIGHT="18" CONTENT="Hotel" WC="0.95" CC="78990"/>
							<SP ID="P4_SP00885" HPOS="1136" VPOS="471" WIDTH="32"/>
							<String ID="P4_ST01048" HPOS="1168" VPOS="453" WIDTH="75" HEIGHT="19" CONTENT="affords" WC="0.98" CC="8007318"/>
							<SP ID="P4_SP00886" HPOS="1243" VPOS="472" WIDTH="31"/>
							<String ID="P4_ST01049" HPOS="1274" VPOS="450" WIDTH="167" HEIGHT="22" CONTENT="EXCELLENT" WC="0.97" CC="486878578"/>
						</TextLine>
						<TextLine ID="P4_TL00167" HPOS="996" VPOS="476" WIDTH="443" HEIGHT="23">
							<String ID="P4_ST01050" HPOS="996" VPOS="477" WIDTH="241" HEIGHT="21" CONTENT="ACCOMMODATION" WC="0.99" CC="4002770694307"/>
							<SP ID="P4_SP00887" HPOS="1237" VPOS="498" WIDTH="14"/>
							<String ID="P4_ST01051" HPOS="1251" VPOS="478" WIDTH="32" HEIGHT="20" CONTENT="for" WC="0.97" CC="710"/>
							<SP ID="P4_SP00888" HPOS="1283" VPOS="498" WIDTH="15"/>
							<String ID="P4_ST01052" HPOS="1298" VPOS="476" WIDTH="141" HEIGHT="23" CONTENT="TOURISTS," WC="0.98" CC="057740920"/>
						</TextLine>
						<TextLine ID="P4_TL00168" HPOS="996" VPOS="501" WIDTH="445" HEIGHT="23">
							<String ID="P4_ST01053" HPOS="996" VPOS="503" WIDTH="183" HEIGHT="21" CONTENT="TRAVELLERS" WC="0.98" CC="8097009406"/>
							<SP ID="P4_SP00889" HPOS="1179" VPOS="524" WIDTH="28"/>
							<String ID="P4_ST01054" HPOS="1207" VPOS="506" WIDTH="16" HEIGHT="17" CONTENT="&amp;" WC="1.00" CC="0"/>
							<SP ID="P4_SP00890" HPOS="1223" VPOS="524" WIDTH="27"/>
							<String ID="P4_ST01055" HPOS="1250" VPOS="503" WIDTH="129" HEIGHT="20" CONTENT="VISITORS" WC="0.97" CC="68748796"/>
							<SP ID="P4_SP00891" HPOS="1379" VPOS="524" WIDTH="17"/>
							<String ID="P4_ST01056" HPOS="1396" VPOS="501" WIDTH="45" HEIGHT="19" CONTENT="who" WC="0.91" CC="779"/>
						</TextLine>
						<TextLine ID="P4_TL00169" HPOS="997" VPOS="528" WIDTH="442" HEIGHT="27">
							<String ID="P4_ST01057" HPOS="997" VPOS="529" WIDTH="40" HEIGHT="19" CONTENT="will" WC="0.98" CC="6004"/>
							<SP ID="P4_SP00892" HPOS="1037" VPOS="548" WIDTH="10"/>
							<String ID="P4_ST01058" HPOS="1047" VPOS="530" WIDTH="77" HEIGHT="20" CONTENT="receive" WC="0.99" CC="3300060"/>
							<SP ID="P4_SP00893" HPOS="1124" VPOS="550" WIDTH="10"/>
							<String ID="P4_ST01059" HPOS="1134" VPOS="537" WIDTH="60" HEIGHT="18" CONTENT="every" WC="0.95" CC="58759"/>
							<SP ID="P4_SP00894" HPOS="1194" VPOS="555" WIDTH="15"/>
							<String ID="P4_ST01060" HPOS="1209" VPOS="531" WIDTH="90" HEIGHT="19" CONTENT="Comfort" WC="0.97" CC="5578896"/>
							<SP ID="P4_SP00895" HPOS="1299" VPOS="555" WIDTH="17"/>
							<String ID="P4_ST01061" HPOS="1316" VPOS="529" WIDTH="40" HEIGHT="19" CONTENT="and" WC="0.91" CC="787"/>
							<SP ID="P4_SP00896" HPOS="1356" VPOS="555" WIDTH="14"/>
							<String ID="P4_ST01062" HPOS="1370" VPOS="528" WIDTH="69" HEIGHT="19" CONTENT="Atten-" WC="0.73" CC="000870"/>
						</TextLine>
						<TextLine ID="P4_TL00170" HPOS="1023" VPOS="651" WIDTH="420" HEIGHT="28">
							<String ID="P4_ST01063" HPOS="1023" VPOS="654" WIDTH="105" HEIGHT="19" CONTENT="Excellent" WC="0.57" CC="075531760"/>
							<SP ID="P4_SP00897" HPOS="1128" VPOS="673" WIDTH="23"/>
							<String ID="P4_ST01064" HPOS="1151" VPOS="654" WIDTH="88" HEIGHT="20" CONTENT="Cuisine." WC="0.99" CC="30550700"/>
							<SP ID="P4_SP00898" HPOS="1239" VPOS="674" WIDTH="42"/>
							<String ID="P4_ST01065" HPOS="1281" VPOS="653" WIDTH="97" HEIGHT="26" CONTENT="Spacious" WC="0.98" CC="68636184"/>
							<SP ID="P4_SP00899" HPOS="1378" VPOS="679" WIDTH="24"/>
							<String ID="P4_ST01066" HPOS="1402" VPOS="651" WIDTH="41" HEIGHT="20" CONTENT="and" WC="0.96" CC="072"/>
						</TextLine>
						<TextLine ID="P4_TL00171" HPOS="1001" VPOS="687" WIDTH="314" HEIGHT="21">
							<String ID="P4_ST01067" HPOS="1001" VPOS="687" WIDTH="113" HEIGHT="20" CONTENT="Well-Vent" WC="0.99" CC="852200087"/>
							<SP ID="P4_SP00900" HPOS="1114" VPOS="707" WIDTH="5"/>
							<String ID="P4_ST01068" HPOS="1119" VPOS="689" WIDTH="62" HEIGHT="19" CONTENT="Hated" WC="0.96" CC="88059"/>
							<SP ID="P4_SP00901" HPOS="1181" VPOS="708" WIDTH="18"/>
							<String ID="P4_ST01069" HPOS="1199" VPOS="689" WIDTH="116" HEIGHT="19" CONTENT="Bedrooms." WC="0.98" CC="904960743"/>
							<SP ID="P4_SP00902" HPOS="1315" VPOS="708" WIDTH="0"/>
						</TextLine>
						<TextLine ID="P4_TL00172" HPOS="997" VPOS="720" WIDTH="446" HEIGHT="22">
							<String ID="P4_ST01070" HPOS="997" VPOS="722" WIDTH="65" HEIGHT="19" CONTENT="Room" WC="0.96" CC="6325"/>
							<SP ID="P4_SP00903" HPOS="1062" VPOS="741" WIDTH="10"/>
							<String ID="P4_ST01071" HPOS="1072" VPOS="722" WIDTH="50" HEIGHT="19" CONTENT="with" WC="0.96" CC="9007"/>
							<SP ID="P4_SP00904" HPOS="1122" VPOS="741" WIDTH="9"/>
							<String ID="P4_ST01072" HPOS="1131" VPOS="726" WIDTH="40" HEIGHT="16" CONTENT="two" WC="0.94" CC="096"/>
							<SP ID="P4_SP00905" HPOS="1171" VPOS="742" WIDTH="10"/>
							<String ID="P4_ST01073" HPOS="1181" VPOS="722" WIDTH="104" HEIGHT="19" CONTENT="first-class" WC="0.98" CC="81980483076"/>
							<SP ID="P4_SP00906" HPOS="1285" VPOS="742" WIDTH="13"/>
							<String ID="P4_ST01074" HPOS="1298" VPOS="721" WIDTH="73" HEIGHT="20" CONTENT="tables." WC="0.98" CC="0077050"/>
							<SP ID="P4_SP00907" HPOS="1371" VPOS="742" WIDTH="28"/>
							<String ID="P4_ST01075" HPOS="1399" VPOS="720" WIDTH="44" HEIGHT="20" CONTENT="Hot" WC="0.94" CC="772"/>
						</TextLine>
						<TextLine ID="P4_TL00173" HPOS="997" VPOS="819" WIDTH="371" HEIGHT="26">
							<String ID="P4_ST01076" HPOS="997" VPOS="820" WIDTH="16" HEIGHT="18" CONTENT="&amp;" WC="1.00" CC="0" STYLEREFS="TXT_7"/>
							<SP ID="P4_SP00908" HPOS="1013" VPOS="838" WIDTH="10"/>
							<String ID="P4_ST01077" HPOS="1023" VPOS="820" WIDTH="51" HEIGHT="19" CONTENT="Cold" WC="0.97" CC="0509"/>
							<SP ID="P4_SP00909" HPOS="1074" VPOS="839" WIDTH="14"/>
							<String ID="P4_ST01078" HPOS="1088" VPOS="820" WIDTH="81" HEIGHT="25" CONTENT="Plunge" WC="0.97" CC="757080"/>
							<SP ID="P4_SP00910" HPOS="1169" VPOS="845" WIDTH="10"/>
							<String ID="P4_ST01079" HPOS="1179" VPOS="822" WIDTH="15" HEIGHT="17" CONTENT="&amp;" WC="1.00" CC="0"/>
							<SP ID="P4_SP00911" HPOS="1194" VPOS="845" WIDTH="12"/>
							<String ID="P4_ST01080" HPOS="1206" VPOS="820" WIDTH="82" HEIGHT="19" CONTENT="Shower" WC="0.98" CC="773011"/>
							<SP ID="P4_SP00912" HPOS="1288" VPOS="845" WIDTH="9"/>
							<String ID="P4_ST01081" HPOS="1297" VPOS="819" WIDTH="71" HEIGHT="19" CONTENT="Baths." WC="0.97" CC="880860"/>
						</TextLine>
						<TextLine ID="P4_TL00174" HPOS="998" VPOS="845" WIDTH="445" HEIGHT="27">
							<String ID="P4_ST01082" HPOS="998" VPOS="846" WIDTH="71" HEIGHT="19" CONTENT="Wines" WC="0.96" CC="95707"/>
							<SP ID="P4_SP00913" HPOS="1069" VPOS="865" WIDTH="36"/>
							<String ID="P4_ST01083" HPOS="1105" VPOS="846" WIDTH="72" HEIGHT="26" CONTENT="Spirits" WC="0.98" CC="7900266"/>
							<SP ID="P4_SP00914" HPOS="1177" VPOS="872" WIDTH="16"/>
							<String ID="P4_ST01084" HPOS="1193" VPOS="846" WIDTH="39" HEIGHT="19" CONTENT="and" WC="0.93" CC="089"/>
							<SP ID="P4_SP00915" HPOS="1232" VPOS="872" WIDTH="16"/>
							<String ID="P4_ST01085" HPOS="1248" VPOS="846" WIDTH="47" HEIGHT="18" CONTENT="Ales" WC="0.98" CC="0206"/>
							<SP ID="P4_SP00916" HPOS="1295" VPOS="872" WIDTH="19"/>
							<String ID="P4_ST01086" HPOS="1314" VPOS="845" WIDTH="22" HEIGHT="20" CONTENT="of" WC="0.22" CC="59"/>
							<SP ID="P4_SP00917" HPOS="1336" VPOS="872" WIDTH="18"/>
							<String ID="P4_ST01087" HPOS="1354" VPOS="845" WIDTH="34" HEIGHT="19" CONTENT="the" WC="0.95" CC="094"/>
							<SP ID="P4_SP00918" HPOS="1388" VPOS="872" WIDTH="13"/>
							<String ID="P4_ST01088" HPOS="1401" VPOS="847" WIDTH="42" HEIGHT="17" CONTENT="best" WC="0.95" CC="7463"/>
						</TextLine>
						<TextLine ID="P4_TL00175" HPOS="1150" VPOS="872" WIDTH="140" HEIGHT="24">
							<String ID="P4_ST01089" HPOS="1150" VPOS="872" WIDTH="79" HEIGHT="19" CONTENT="Brands" WC="0.98" CC="022807"/>
							<SP ID="P4_SP00919" HPOS="1229" VPOS="891" WIDTH="7"/>
							<String ID="P4_ST01090" HPOS="1236" VPOS="872" WIDTH="54" HEIGHT="24" CONTENT="only." WC="0.96" CC="77390"/>
						</TextLine>
						<TextLine ID="P4_TL00176" HPOS="2403" VPOS="200" WIDTH="270" HEIGHT="82">
							<String ID="P4_ST01091" HPOS="2403" VPOS="200" WIDTH="270" HEIGHT="82" CONTENT="huidii" WC="0.42" CC="141979" STYLEREFS="TXT_30"/>
						</TextLine>
						<TextLine ID="P4_TL00177" HPOS="2359" VPOS="428" WIDTH="419" HEIGHT="29">
							<String ID="P4_ST01092" HPOS="2359" VPOS="432" WIDTH="81" HEIGHT="25" CONTENT="Sample" WC="0.95" CC="976968"/>
							<SP ID="P4_SP00920" HPOS="2440" VPOS="457" WIDTH="19"/>
							<String ID="P4_ST01093" HPOS="2459" VPOS="433" WIDTH="67" HEIGHT="18" CONTENT="Room" WC="0.94" CC="0979"/>
							<SP ID="P4_SP00921" HPOS="2526" VPOS="457" WIDTH="21"/>
							<String ID="P4_ST01094" HPOS="2547" VPOS="433" WIDTH="32" HEIGHT="17" CONTENT="lor" WC="0.94" CC="790"/>
							<SP ID="P4_SP00922" HPOS="2579" VPOS="457" WIDTH="8"/>
							<String ID="P4_ST01095" HPOS="2587" VPOS="428" WIDTH="191" HEIGHT="22" CONTENT="COMMERCIAL" WC="0.98" CC="7999198005"/>
						</TextLine>
						<TextLine ID="P4_TL00178" HPOS="2333" VPOS="468" WIDTH="453" HEIGHT="22">
							<String ID="P4_ST01096" HPOS="2333" VPOS="469" WIDTH="182" HEIGHT="21" CONTENT="TRAVELLERS" WC="0.98" CC="6999307392"/>
							<SP ID="P4_SP00923" HPOS="2515" VPOS="490" WIDTH="24"/>
							<String ID="P4_ST01097" HPOS="2539" VPOS="468" WIDTH="101" HEIGHT="21" CONTENT="available" WC="0.98" CC="870763007"/>
							<SP ID="P4_SP00924" HPOS="2640" VPOS="490" WIDTH="18"/>
							<String ID="P4_ST01098" HPOS="2658" VPOS="470" WIDTH="20" HEIGHT="17" CONTENT="at" WC="0.09" CC="89"/>
							<SP ID="P4_SP00925" HPOS="2678" VPOS="490" WIDTH="11"/>
							<String ID="P4_ST01099" HPOS="2689" VPOS="468" WIDTH="28" HEIGHT="18" CONTENT="all" WC="0.96" CC="650"/>
							<SP ID="P4_SP00926" HPOS="2717" VPOS="490" WIDTH="10"/>
							<String ID="P4_ST01100" HPOS="2727" VPOS="468" WIDTH="59" HEIGHT="18" CONTENT="times" WC="0.98" CC="06801"/>
						</TextLine>
						<TextLine ID="P4_TL00179" HPOS="2262" VPOS="569" WIDTH="524" HEIGHT="34">
							<String ID="P4_ST01101" HPOS="2262" VPOS="579" WIDTH="23" HEIGHT="24" CONTENT="£." WC="0.13" CC="97"/>
							<SP ID="P4_SP00927" HPOS="2285" VPOS="603" WIDTH="76"/>
							<String ID="P4_ST01102" HPOS="2361" VPOS="569" WIDTH="91" HEIGHT="27" CONTENT="Charges" WC="0.97" CC="4808877"/>
							<SP ID="P4_SP00928" HPOS="2452" VPOS="603" WIDTH="49"/>
							<String ID="P4_ST01103" HPOS="2501" VPOS="571" WIDTH="109" HEIGHT="21" CONTENT="Moderate." WC="0.98" CC="099870074"/>
							<SP ID="P4_SP00929" HPOS="2610" VPOS="603" WIDTH="62"/>
							<String ID="P4_ST01104" HPOS="2672" VPOS="570" WIDTH="114" HEIGHT="22" CONTENT="SPECIAL" WC="0.98" CC="1747150"/>
						</TextLine>
						<TextLine ID="P4_TL00180" HPOS="2259" VPOS="609" WIDTH="527" HEIGHT="23">
							<String ID="P4_ST01105" HPOS="2259" VPOS="609" WIDTH="22" HEIGHT="23" CONTENT="\\:" WC="0.18" CC="779" STYLEREFS="TXT_7"/>
							<SP ID="P4_SP00930" HPOS="2281" VPOS="632" WIDTH="52"/>
							<String ID="P4_ST01106" HPOS="2333" VPOS="609" WIDTH="91" HEIGHT="19" CONTENT="RATES" WC="0.96" CC="99057"/>
							<SP ID="P4_SP00931" HPOS="2424" VPOS="632" WIDTH="15"/>
							<String ID="P4_ST01107" HPOS="2439" VPOS="610" WIDTH="34" HEIGHT="18" CONTENT="TO" WC="0.65" CC="07"/>
							<SP ID="P4_SP00932" HPOS="2473" VPOS="632" WIDTH="24"/>
							<String ID="P4_ST01108" HPOS="2497" VPOS="610" WIDTH="182" HEIGHT="20" CONTENT="PERMANENT" WC="0.97" CC="888998885"/>
							<SP ID="P4_SP00933" HPOS="2679" VPOS="632" WIDTH="24"/>
							<String ID="P4_ST01109" HPOS="2703" VPOS="609" WIDTH="83" HEIGHT="20" CONTENT="BOAR-" WC="0.97" CC="75271"/>
						</TextLine>
						<TextLine ID="P4_TL00181" HPOS="2456" VPOS="746" WIDTH="206" HEIGHT="45">
							<String ID="P4_ST01110" HPOS="2456" VPOS="746" WIDTH="36" HEIGHT="37" CONTENT="J." WC="0.32" CC="94" STYLEREFS="TXT_11"/>
							<SP ID="P4_SP00934" HPOS="2492" VPOS="783" WIDTH="35"/>
							<String ID="P4_ST01111" HPOS="2527" VPOS="747" WIDTH="135" HEIGHT="44" CONTENT="BUCK," WC="0.97" CC="66180" STYLEREFS="TXT_11"/>
						</TextLine>
					</TextBlock>
				</ComposedBlock>
				<ComposedBlock ID="P4_CB00004" HPOS="994" VPOS="962" WIDTH="1800" HEIGHT="767" TYPE="Advertisement">
					<TextBlock ID="P4_TB00008" HPOS="994" VPOS="962" WIDTH="1800" HEIGHT="767" STYLEREFS="TXT_12 PAR_LEFT">
						<TextLine ID="P4_TL00182" HPOS="1134" VPOS="963" WIDTH="1521" HEIGHT="79">
							<String ID="P4_ST01112" HPOS="1134" VPOS="966" WIDTH="634" HEIGHT="58" CONTENT="WAIWERA" WC="0.67" CC="0470055" STYLEREFS="TXT_20"/>
							<SP ID="P4_SP00935" HPOS="1768" VPOS="1024" WIDTH="109"/>
							<String ID="P4_ST01113" HPOS="1877" VPOS="963" WIDTH="778" HEIGHT="79" CONTENT="SANATORIUM," WC="0.99" CC="03090033203" STYLEREFS="TXT_20"/>
						</TextLine>
						<TextLine ID="P4_TL00183" HPOS="1841" VPOS="1030" WIDTH="120" HEIGHT="33">
							<String ID="P4_ST01114" HPOS="1841" VPOS="1030" WIDTH="120" HEIGHT="33" CONTENT="AND" WC="0.92" CC="983" STYLEREFS="TXT_23"/>
						</TextLine>
						<TextLine ID="P4_TL00184" HPOS="1478" VPOS="1075" WIDTH="907" HEIGHT="81">
							<String ID="P4_ST01115" HPOS="1478" VPOS="1076" WIDTH="169" HEIGHT="75" CONTENT="HOT" WC="1.00" CC="000" STYLEREFS="TXT_17"/>
							<SP ID="P4_SP00936" HPOS="1647" VPOS="1151" WIDTH="27"/>
							<String ID="P4_ST01116" HPOS="1674" VPOS="1075" WIDTH="350" HEIGHT="75" CONTENT="SPRINGS" WC="0.98" CC="6004056" STYLEREFS="TXT_17"/>
							<SP ID="P4_SP00937" HPOS="2024" VPOS="1151" WIDTH="81"/>
							<String ID="P4_ST01117" HPOS="2105" VPOS="1079" WIDTH="280" HEIGHT="77" CONTENT="HOTEL" WC="0.99" CC="60020" STYLEREFS="TXT_17"/>
						</TextLine>
						<TextLine ID="P4_TL00185" HPOS="998" VPOS="1176" WIDTH="1794" HEIGHT="36">
							<String ID="P4_ST01118" HPOS="998" VPOS="1178" WIDTH="86" HEIGHT="32" CONTENT="Only" WC="0.95" CC="7709" STYLEREFS="TXT_27"/>
							<SP ID="P4_SP00938" HPOS="1084" VPOS="1210" WIDTH="28"/>
							<String ID="P4_ST01119" HPOS="1112" VPOS="1179" WIDTH="43" HEIGHT="26" CONTENT="30" WC="0.52" CC="45" STYLEREFS="TXT_27"/>
							<SP ID="P4_SP00939" HPOS="1155" VPOS="1210" WIDTH="32"/>
							<String ID="P4_ST01120" HPOS="1187" VPOS="1179" WIDTH="99" HEIGHT="26" CONTENT="miles" WC="0.98" CC="10408" STYLEREFS="TXT_27"/>
							<SP ID="P4_SP00940" HPOS="1286" VPOS="1210" WIDTH="35"/>
							<String ID="P4_ST01121" HPOS="1321" VPOS="1178" WIDTH="111" HEIGHT="26" CONTENT="North" WC="0.95" CC="90699" STYLEREFS="TXT_27"/>
							<SP ID="P4_SP00941" HPOS="1432" VPOS="1210" WIDTH="32"/>
							<String ID="P4_ST01122" HPOS="1464" VPOS="1178" WIDTH="37" HEIGHT="26" CONTENT="of" WC="0.58" CC="08" STYLEREFS="TXT_27"/>
							<SP ID="P4_SP00942" HPOS="1501" VPOS="1210" WIDTH="25"/>
							<String ID="P4_ST01123" HPOS="1526" VPOS="1177" WIDTH="192" HEIGHT="30" CONTENT="Auckland," WC="0.99" CC="660360441" STYLEREFS="TXT_27"/>
							<SP ID="P4_SP00943" HPOS="1718" VPOS="1210" WIDTH="32"/>
							<String ID="P4_ST01124" HPOS="1750" VPOS="1176" WIDTH="87" HEIGHT="27" CONTENT="with" WC="0.96" CC="7067" STYLEREFS="TXT_27"/>
							<SP ID="P4_SP00944" HPOS="1837" VPOS="1210" WIDTH="28"/>
							<String ID="P4_ST01125" HPOS="1865" VPOS="1176" WIDTH="96" HEIGHT="32" CONTENT="daily" WC="0.98" CC="70024" STYLEREFS="TXT_27"/>
							<SP ID="P4_SP00945" HPOS="1961" VPOS="1210" WIDTH="32"/>
							<String ID="P4_ST01126" HPOS="1993" VPOS="1181" WIDTH="293" HEIGHT="28" CONTENT="communication" WC="0.99" CC="4472883000057" STYLEREFS="TXT_27"/>
							<SP ID="P4_SP00946" HPOS="2286" VPOS="1210" WIDTH="32"/>
							<String ID="P4_ST01127" HPOS="2318" VPOS="1184" WIDTH="85" HEIGHT="27" CONTENT="with" WC="0.98" CC="9000" STYLEREFS="TXT_27"/>
							<SP ID="P4_SP00947" HPOS="2403" VPOS="1211" WIDTH="30"/>
							<String ID="P4_ST01128" HPOS="2433" VPOS="1185" WIDTH="113" HEIGHT="27" CONTENT="Coach" WC="0.98" CC="50009" STYLEREFS="TXT_27"/>
							<SP ID="P4_SP00948" HPOS="2546" VPOS="1212" WIDTH="31"/>
							<String ID="P4_ST01129" HPOS="2577" VPOS="1192" WIDTH="39" HEIGHT="20" CONTENT="or" WC="0.38" CC="47" STYLEREFS="TXT_27"/>
							<SP ID="P4_SP00949" HPOS="2616" VPOS="1212" WIDTH="26"/>
							<String ID="P4_ST01130" HPOS="2642" VPOS="1186" WIDTH="150" HEIGHT="26" CONTENT="st.9am.or" WC="0.42" CC="094839077" STYLEREFS="TXT_27"/>
						</TextLine>
						<TextLine ID="P4_TL00186" HPOS="1326" VPOS="1218" WIDTH="1156" HEIGHT="28">
							<String ID="P4_ST01131" HPOS="1326" VPOS="1219" WIDTH="54" HEIGHT="20" CONTENT="See" WC="0.99" CC="001"/>
							<SP ID="P4_SP00950" HPOS="1380" VPOS="1239" WIDTH="14"/>
							<String ID="P4_ST01132" HPOS="1394" VPOS="1219" WIDTH="167" HEIGHT="21" CONTENT="advertised" WC="0.99" CC="8570770000"/>
							<SP ID="P4_SP00951" HPOS="1561" VPOS="1240" WIDTH="11"/>
							<String ID="P4_ST01133" HPOS="1572" VPOS="1218" WIDTH="84" HEIGHT="21" CONTENT="Time" WC="0.98" CC="0161"/>
							<SP ID="P4_SP00952" HPOS="1656" VPOS="1240" WIDTH="16"/>
							<String ID="P4_ST01134" HPOS="1672" VPOS="1218" WIDTH="77" HEIGHT="20" CONTENT="table" WC="0.96" CC="77570"/>
							<SP ID="P4_SP00953" HPOS="1749" VPOS="1240" WIDTH="12"/>
							<String ID="P4_ST01135" HPOS="1761" VPOS="1218" WIDTH="30" HEIGHT="19" CONTENT="of" WC="0.44" CC="46"/>
							<SP ID="P4_SP00954" HPOS="1791" VPOS="1240" WIDTH="9"/>
							<String ID="P4_ST01136" HPOS="1800" VPOS="1224" WIDTH="45" HEIGHT="14" CONTENT="s.s." WC="0.98" CC="0000"/>
							<SP ID="P4_SP00955" HPOS="1845" VPOS="1240" WIDTH="16"/>
							<String ID="P4_ST01137" HPOS="1861" VPOS="1218" WIDTH="78" HEIGHT="20" CONTENT="Rose" WC="0.99" CC="4200"/>
							<SP ID="P4_SP00956" HPOS="1939" VPOS="1240" WIDTH="11"/>
							<String ID="P4_ST01138" HPOS="1950" VPOS="1218" WIDTH="97" HEIGHT="28" CONTENT="Casey" WC="0.98" CC="36001"/>
							<SP ID="P4_SP00957" HPOS="2047" VPOS="1246" WIDTH="12"/>
							<String ID="P4_ST01139" HPOS="2059" VPOS="1221" WIDTH="57" HEIGHT="19" CONTENT="and" WC="0.95" CC="750"/>
							<SP ID="P4_SP00958" HPOS="2116" VPOS="1246" WIDTH="19"/>
							<String ID="P4_ST01140" HPOS="2135" VPOS="1221" WIDTH="128" HEIGHT="23" CONTENT="Butler's" WC="0.98" CC="80900805"/>
							<SP ID="P4_SP00959" HPOS="2263" VPOS="1246" WIDTH="11"/>
							<String ID="P4_ST01141" HPOS="2274" VPOS="1224" WIDTH="31" HEIGHT="21" CONTENT="R." WC="0.70" CC="50"/>
							<SP ID="P4_SP00960" HPOS="2305" VPOS="1246" WIDTH="15"/>
							<String ID="P4_ST01142" HPOS="2320" VPOS="1225" WIDTH="38" HEIGHT="20" CONTENT="M." WC="0.98" CC="00"/>
							<SP ID="P4_SP00961" HPOS="2358" VPOS="1246" WIDTH="18"/>
							<String ID="P4_ST01143" HPOS="2376" VPOS="1226" WIDTH="106" HEIGHT="20" CONTENT="Coach." WC="0.99" CC="506100"/>
						</TextLine>
						<TextLine ID="P4_TL00187" HPOS="1001" VPOS="1253" WIDTH="1793" HEIGHT="41">
							<String ID="P4_ST01144" HPOS="1001" VPOS="1255" WIDTH="99" HEIGHT="27" CONTENT="yUIII-:" WC="0.31" CC="7767549"/>
							<SP ID="P4_SP00962" HPOS="1100" VPOS="1282" WIDTH="26"/>
							<String ID="P4_ST01145" HPOS="1126" VPOS="1255" WIDTH="117" HEIGHT="25" CONTENT="ABOVE" WC="0.98" CC="91300"/>
							<SP ID="P4_SP00963" HPOS="1243" VPOS="1282" WIDTH="13"/>
							<String ID="P4_ST01146" HPOS="1256" VPOS="1254" WIDTH="301" HEIGHT="25" CONTENT="ESTABLISHMENT" WC="1.00" CC="0007600020506"/>
							<SP ID="P4_SP00964" HPOS="1557" VPOS="1282" WIDTH="9"/>
							<String ID="P4_ST01147" HPOS="1566" VPOS="1253" WIDTH="139" HEIGHT="26" CONTENT="STANDS" WC="0.99" CC="001050"/>
							<SP ID="P4_SP00965" HPOS="1705" VPOS="1282" WIDTH="16"/>
							<String ID="P4_ST01148" HPOS="1721" VPOS="1253" WIDTH="233" HEIGHT="24" CONTENT="UNRIVALLED" WC="0.98" CC="6673058476"/>
							<SP ID="P4_SP00966" HPOS="1954" VPOS="1282" WIDTH="12"/>
							<String ID="P4_ST01149" HPOS="1966" VPOS="1262" WIDTH="26" HEIGHT="15" CONTENT="as" WC="0.26" CC="77"/>
							<SP ID="P4_SP00967" HPOS="1992" VPOS="1282" WIDTH="18"/>
							<String ID="P4_ST01150" HPOS="2010" VPOS="1264" WIDTH="14" HEIGHT="13" CONTENT="a" WC="0.08" CC="9"/>
							<SP ID="P4_SP00968" HPOS="2024" VPOS="1282" WIDTH="12"/>
							<String ID="P4_ST01151" HPOS="2036" VPOS="1255" WIDTH="92" HEIGHT="25" CONTENT="Health" WC="0.98" CC="534005"/>
							<SP ID="P4_SP00969" HPOS="2128" VPOS="1282" WIDTH="9"/>
							<String ID="P4_ST01152" HPOS="2137" VPOS="1265" WIDTH="28" HEIGHT="16" CONTENT="or" WC="0.77" CC="40"/>
							<SP ID="P4_SP00970" HPOS="2165" VPOS="1282" WIDTH="13"/>
							<String ID="P4_ST01153" HPOS="2178" VPOS="1258" WIDTH="110" HEIGHT="31" CONTENT="pleasure" WC="0.97" CC="94997677"/>
							<SP ID="P4_SP00971" HPOS="2288" VPOS="1289" WIDTH="14"/>
							<String ID="P4_ST01154" HPOS="2302" VPOS="1261" WIDTH="97" HEIGHT="27" CONTENT="Resort," WC="0.98" CC="5077771"/>
							<SP ID="P4_SP00972" HPOS="2399" VPOS="1289" WIDTH="14"/>
							<String ID="P4_ST01155" HPOS="2413" VPOS="1262" WIDTH="47" HEIGHT="22" CONTENT="and" WC="0.91" CC="878"/>
							<SP ID="P4_SP00973" HPOS="2460" VPOS="1289" WIDTH="14"/>
							<String ID="P4_ST01156" HPOS="2474" VPOS="1262" WIDTH="43" HEIGHT="22" CONTENT="has" WC="0.94" CC="608"/>
							<SP ID="P4_SP00974" HPOS="2517" VPOS="1289" WIDTH="13"/>
							<String ID="P4_ST01157" HPOS="2530" VPOS="1261" WIDTH="88" HEIGHT="32" CONTENT="special" WC="0.98" CC="4840456"/>
							<SP ID="P4_SP00975" HPOS="2618" VPOS="1293" WIDTH="23"/>
							<String ID="P4_ST01158" HPOS="2641" VPOS="1262" WIDTH="153" HEIGHT="32" CONTENT="advantages" WC="0.99" CC="9600200861"/>
						</TextLine>
						<TextLine ID="P4_TL00188" HPOS="1009" VPOS="1282" WIDTH="509" HEIGHT="32">
							<String ID="P4_ST01159" HPOS="1009" VPOS="1282" WIDTH="22" HEIGHT="32" CONTENT="'XI" WC="0.22" CC="499" STYLEREFS="TXT_31"/>
							<SP ID="P4_SP00976" HPOS="1031" VPOS="1314" WIDTH="51"/>
							<String ID="P4_ST01160" HPOS="1082" VPOS="1288" WIDTH="38" HEIGHT="23" CONTENT="for" WC="0.98" CC="004"/>
							<SP ID="P4_SP00977" HPOS="1120" VPOS="1314" WIDTH="13"/>
							<String ID="P4_ST01161" HPOS="1133" VPOS="1289" WIDTH="77" HEIGHT="23" CONTENT="either" WC="0.97" CC="625534"/>
							<SP ID="P4_SP00978" HPOS="1210" VPOS="1314" WIDTH="24"/>
							<String ID="P4_ST01162" HPOS="1234" VPOS="1288" WIDTH="111" HEIGHT="24" CONTENT="Tourists" WC="0.98" CC="89400009"/>
							<SP ID="P4_SP00979" HPOS="1345" VPOS="1314" WIDTH="16"/>
							<String ID="P4_ST01163" HPOS="1361" VPOS="1296" WIDTH="26" HEIGHT="15" CONTENT="or" WC="0.39" CC="92"/>
							<SP ID="P4_SP00980" HPOS="1387" VPOS="1314" WIDTH="15"/>
							<String ID="P4_ST01164" HPOS="1402" VPOS="1288" WIDTH="116" HEIGHT="24" CONTENT="Invalids." WC="0.99" CC="578010704"/>
						</TextLine>
						<TextLine ID="P4_TL00189" HPOS="1363" VPOS="1385" WIDTH="1020" HEIGHT="38">
							<String ID="P4_ST01165" HPOS="1363" VPOS="1385" WIDTH="139" HEIGHT="27" CONTENT="Beutifu" WC="0.48" CC="4087086" STYLEREFS="TXT_27"/>
							<String ID="P4_ST01166" HPOS="1504" VPOS="1385" WIDTH="8" HEIGHT="11" CONTENT="1" STYLE="superscript" WC="0.31" CC="6" STYLEREFS="TXT_27"/>
							<SP ID="P4_SP00981" HPOS="1512" VPOS="1412" WIDTH="24"/>
							<String ID="P4_ST01167" HPOS="1536" VPOS="1385" WIDTH="157" HEIGHT="33" CONTENT="Scecery." WC="0.45" CC="54074795" STYLEREFS="TXT_27"/>
							<SP ID="P4_SP00982" HPOS="1693" VPOS="1418" WIDTH="41"/>
							<String ID="P4_ST01168" HPOS="1734" VPOS="1385" WIDTH="220" HEIGHT="33" CONTENT='sea-Bthing",' WC="0.49" CC="709379085530" STYLEREFS="TXT_27"/>
							<SP ID="P4_SP00983" HPOS="1954" VPOS="1418" WIDTH="30"/>
							<String ID="P4_ST01169" HPOS="1984" VPOS="1385" WIDTH="163" HEIGHT="36" CONTENT="Boating," WC="0.97" CC="78087880" STYLEREFS="TXT_27"/>
							<SP ID="P4_SP00984" HPOS="2147" VPOS="1421" WIDTH="21"/>
							<String ID="P4_ST01170" HPOS="2168" VPOS="1389" WIDTH="146" HEIGHT="34" CONTENT="Fishing" WC="0.98" CC="7300077" STYLEREFS="TXT_27"/>
							<SP ID="P4_SP00985" HPOS="2314" VPOS="1423" WIDTH="22"/>
							<String ID="P4_ST01171" HPOS="2336" VPOS="1391" WIDTH="47" HEIGHT="27" CONTENT="&amp;c" WC="0.51" CC="35" STYLEREFS="TXT_27"/>
						</TextLine>
						<TextLine ID="P4_TL00190" HPOS="1549" VPOS="1418" WIDTH="670" HEIGHT="35">
							<String ID="P4_ST01172" HPOS="1549" VPOS="1418" WIDTH="126" HEIGHT="27" CONTENT="Cusine" WC="0.36" CC="759077" STYLEREFS="TXT_27"/>
							<SP ID="P4_SP00986" HPOS="1675" VPOS="1445" WIDTH="13"/>
							<String ID="P4_ST01173" HPOS="1688" VPOS="1419" WIDTH="68" HEIGHT="26" CONTENT="and" WC="0.93" CC="439" STYLEREFS="TXT_27"/>
							<SP ID="P4_SP00987" HPOS="1756" VPOS="1445" WIDTH="15"/>
							<String ID="P4_ST01174" HPOS="1771" VPOS="1418" WIDTH="207" HEIGHT="28" CONTENT="attendance" WC="0.98" CC="0993009902" STYLEREFS="TXT_27"/>
							<SP ID="P4_SP00988" HPOS="1978" VPOS="1446" WIDTH="20"/>
							<String ID="P4_ST01175" HPOS="1998" VPOS="1419" WIDTH="36" HEIGHT="26" CONTENT="of" WC="1.00" CC="00" STYLEREFS="TXT_27"/>
							<SP ID="P4_SP00989" HPOS="2034" VPOS="1446" WIDTH="21"/>
							<String ID="P4_ST01176" HPOS="2055" VPOS="1421" WIDTH="57" HEIGHT="27" CONTENT="the" WC="0.96" CC="090" STYLEREFS="TXT_27"/>
							<SP ID="P4_SP00990" HPOS="2112" VPOS="1448" WIDTH="24"/>
							<String ID="P4_ST01177" HPOS="2136" VPOS="1423" WIDTH="83" HEIGHT="30" CONTENT="best." WC="1.00" CC="00004" STYLEREFS="TXT_27"/>
						</TextLine>
						<TextLine ID="P4_TL00191" HPOS="996" VPOS="1460" WIDTH="1798" HEIGHT="38">
							<String ID="P4_ST01178" HPOS="996" VPOS="1460" WIDTH="92" HEIGHT="23" CONTENT="Famed" WC="0.95" CC="66829"/>
							<SP ID="P4_SP00991" HPOS="1088" VPOS="1483" WIDTH="12"/>
							<String ID="P4_ST01179" HPOS="1100" VPOS="1460" WIDTH="37" HEIGHT="23" CONTENT="for" WC="0.95" CC="075"/>
							<SP ID="P4_SP00992" HPOS="1137" VPOS="1483" WIDTH="13"/>
							<String ID="P4_ST01180" HPOS="1150" VPOS="1461" WIDTH="30" HEIGHT="23" CONTENT="its" WC="0.97" CC="107"/>
							<SP ID="P4_SP00993" HPOS="1180" VPOS="1484" WIDTH="14"/>
							<String ID="P4_ST01181" HPOS="1194" VPOS="1460" WIDTH="108" HEIGHT="24" CONTENT="curative" WC="0.99" CC="07090233"/>
							<SP ID="P4_SP00994" HPOS="1302" VPOS="1484" WIDTH="14"/>
							<String ID="P4_ST01182" HPOS="1316" VPOS="1460" WIDTH="93" HEIGHT="23" CONTENT="natural" WC="0.97" CC="6967484"/>
							<SP ID="P4_SP00995" HPOS="1409" VPOS="1484" WIDTH="15"/>
							<String ID="P4_ST01183" HPOS="1424" VPOS="1460" WIDTH="103" HEIGHT="24" CONTENT="medical" WC="0.98" CC="0066094"/>
							<SP ID="P4_SP00996" HPOS="1527" VPOS="1484" WIDTH="16"/>
							<String ID="P4_ST01184" HPOS="1543" VPOS="1460" WIDTH="53" HEIGHT="24" CONTENT="Hot" WC="0.95" CC="038"/>
							<SP ID="P4_SP00997" HPOS="1596" VPOS="1484" WIDTH="12"/>
							<String ID="P4_ST01185" HPOS="1608" VPOS="1460" WIDTH="101" HEIGHT="31" CONTENT="Springs" WC="0.98" CC="0020675"/>
							<SP ID="P4_SP00998" HPOS="1709" VPOS="1491" WIDTH="13"/>
							<String ID="P4_ST01186" HPOS="1722" VPOS="1461" WIDTH="49" HEIGHT="23" CONTENT="and" WC="0.96" CC="900"/>
							<SP ID="P4_SP00999" HPOS="1771" VPOS="1491" WIDTH="15"/>
							<String ID="P4_ST01187" HPOS="1786" VPOS="1461" WIDTH="81" HEIGHT="23" CONTENT="Baths." WC="0.99" CC="300060"/>
							<SP ID="P4_SP01000" HPOS="1867" VPOS="1491" WIDTH="37"/>
							<String ID="P4_ST01188" HPOS="1904" VPOS="1460" WIDTH="36" HEIGHT="24" CONTENT="As" WC="0.50" CC="09"/>
							<SP ID="P4_SP01001" HPOS="1940" VPOS="1491" WIDTH="14"/>
							<String ID="P4_ST01189" HPOS="1954" VPOS="1460" WIDTH="40" HEIGHT="24" CONTENT="the" WC="1.00" CC="000"/>
							<SP ID="P4_SP01002" HPOS="1994" VPOS="1491" WIDTH="15"/>
							<String ID="P4_ST01190" HPOS="2009" VPOS="1461" WIDTH="101" HEIGHT="32" CONTENT="Springs" WC="0.99" CC="2020070"/>
							<SP ID="P4_SP01003" HPOS="2110" VPOS="1493" WIDTH="13"/>
							<String ID="P4_ST01191" HPOS="2123" VPOS="1464" WIDTH="47" HEIGHT="23" CONTENT="and" WC="0.95" CC="760"/>
							<SP ID="P4_SP01004" HPOS="2170" VPOS="1493" WIDTH="16"/>
							<String ID="P4_ST01192" HPOS="2186" VPOS="1465" WIDTH="73" HEIGHT="23" CONTENT="Baths" WC="0.97" CC="99400"/>
							<SP ID="P4_SP01005" HPOS="2259" VPOS="1493" WIDTH="14"/>
							<String ID="P4_ST01193" HPOS="2273" VPOS="1474" WIDTH="40" HEIGHT="15" CONTENT="are" WC="0.97" CC="008"/>
							<SP ID="P4_SP01006" HPOS="2313" VPOS="1493" WIDTH="11"/>
							<String ID="P4_ST01194" HPOS="2324" VPOS="1466" WIDTH="41" HEIGHT="23" CONTENT="the" WC="0.98" CC="201"/>
							<SP ID="P4_SP01007" HPOS="2365" VPOS="1493" WIDTH="13"/>
							<String ID="P4_ST01195" HPOS="2378" VPOS="1472" WIDTH="115" HEIGHT="26" CONTENT="property" WC="0.98" CC="09696006"/>
							<SP ID="P4_SP01008" HPOS="2493" VPOS="1498" WIDTH="13"/>
							<String ID="P4_ST01196" HPOS="2506" VPOS="1467" WIDTH="25" HEIGHT="23" CONTENT="of" WC="0.82" CC="03"/>
							<SP ID="P4_SP01009" HPOS="2531" VPOS="1498" WIDTH="13"/>
							<String ID="P4_ST01197" HPOS="2544" VPOS="1467" WIDTH="40" HEIGHT="24" CONTENT="the" WC="1.00" CC="000"/>
							<SP ID="P4_SP01010" HPOS="2584" VPOS="1498" WIDTH="15"/>
							<String ID="P4_ST01198" HPOS="2599" VPOS="1467" WIDTH="83" HEIGHT="27" CONTENT="Hotel," WC="0.98" CC="792005"/>
							<SP ID="P4_SP01011" HPOS="2682" VPOS="1498" WIDTH="15"/>
							<String ID="P4_ST01199" HPOS="2697" VPOS="1467" WIDTH="97" HEIGHT="24" CONTENT="visitors" WC="0.99" CC="55071220"/>
						</TextLine>
						<TextLine ID="P4_TL00192" HPOS="1026" VPOS="1493" WIDTH="1728" HEIGHT="36">
							<String ID="P4_ST01200" HPOS="1026" VPOS="1502" WIDTH="41" HEIGHT="14" CONTENT="are" WC="0.96" CC="900"/>
							<SP ID="P4_SP01012" HPOS="1067" VPOS="1516" WIDTH="11"/>
							<String ID="P4_ST01201" HPOS="1078" VPOS="1493" WIDTH="111" HEIGHT="32" CONTENT="supplied" WC="0.98" CC="00880185"/>
							<SP ID="P4_SP01013" HPOS="1189" VPOS="1525" WIDTH="11"/>
							<String ID="P4_ST01202" HPOS="1200" VPOS="1493" WIDTH="55" HEIGHT="25" CONTENT="with" WC="0.98" CC="0505"/>
							<SP ID="P4_SP01014" HPOS="1255" VPOS="1525" WIDTH="11"/>
							<String ID="P4_ST01203" HPOS="1266" VPOS="1493" WIDTH="105" HEIGHT="25" CONTENT="Towels," WC="0.98" CC="0279077"/>
							<SP ID="P4_SP01015" HPOS="1371" VPOS="1525" WIDTH="13"/>
							<String ID="P4_ST01204" HPOS="1384" VPOS="1494" WIDTH="47" HEIGHT="22" CONTENT="and" WC="0.95" CC="930"/>
							<SP ID="P4_SP01016" HPOS="1431" VPOS="1525" WIDTH="14"/>
							<String ID="P4_ST01205" HPOS="1445" VPOS="1502" WIDTH="44" HEIGHT="15" CONTENT="can" WC="0.94" CC="087"/>
							<SP ID="P4_SP01017" HPOS="1489" VPOS="1525" WIDTH="10"/>
							<String ID="P4_ST01206" HPOS="1499" VPOS="1494" WIDTH="57" HEIGHT="23" CONTENT="take" WC="0.99" CC="0040"/>
							<SP ID="P4_SP01018" HPOS="1556" VPOS="1525" WIDTH="10"/>
							<String ID="P4_ST01207" HPOS="1566" VPOS="1502" WIDTH="30" HEIGHT="14" CONTENT="an" WC="0.30" CC="93"/>
							<SP ID="P4_SP01019" HPOS="1596" VPOS="1525" WIDTH="13"/>
							<String ID="P4_ST01208" HPOS="1609" VPOS="1493" WIDTH="126" HEIGHT="24" CONTENT="unlimited" WC="0.99" CC="713435070"/>
							<SP ID="P4_SP01020" HPOS="1735" VPOS="1525" WIDTH="14"/>
							<String ID="P4_ST01209" HPOS="1749" VPOS="1494" WIDTH="102" HEIGHT="24" CONTENT="number" WC="0.98" CC="500409"/>
							<SP ID="P4_SP01021" HPOS="1851" VPOS="1525" WIDTH="13"/>
							<String ID="P4_ST01210" HPOS="1864" VPOS="1494" WIDTH="25" HEIGHT="24" CONTENT="of" WC="0.48" CC="36"/>
							<SP ID="P4_SP01022" HPOS="1889" VPOS="1525" WIDTH="13"/>
							<String ID="P4_ST01211" HPOS="1902" VPOS="1493" WIDTH="75" HEIGHT="23" CONTENT="Baths" WC="1.00" CC="00004"/>
							<SP ID="P4_SP01023" HPOS="1977" VPOS="1525" WIDTH="12"/>
							<String ID="P4_ST01212" HPOS="1989" VPOS="1499" WIDTH="24" HEIGHT="18" CONTENT="at" WC="0.50" CC="90"/>
							<SP ID="P4_SP01024" HPOS="2013" VPOS="1525" WIDTH="12"/>
							<String ID="P4_ST01213" HPOS="2025" VPOS="1503" WIDTH="45" HEIGHT="23" CONTENT="any" WC="1.00" CC="000"/>
							<SP ID="P4_SP01025" HPOS="2070" VPOS="1526" WIDTH="14"/>
							<String ID="P4_ST01214" HPOS="2084" VPOS="1497" WIDTH="60" HEIGHT="23" CONTENT="time" WC="0.96" CC="2094"/>
							<SP ID="P4_SP01026" HPOS="2144" VPOS="1526" WIDTH="13"/>
							<String ID="P4_ST01215" HPOS="2157" VPOS="1498" WIDTH="27" HEIGHT="23" CONTENT="of" WC="1.00" CC="00"/>
							<SP ID="P4_SP01027" HPOS="2184" VPOS="1526" WIDTH="10"/>
							<String ID="P4_ST01216" HPOS="2194" VPOS="1498" WIDTH="39" HEIGHT="23" CONTENT="the" WC="0.95" CC="705"/>
							<SP ID="P4_SP01028" HPOS="2233" VPOS="1526" WIDTH="13"/>
							<String ID="P4_ST01217" HPOS="2246" VPOS="1498" WIDTH="47" HEIGHT="31" CONTENT="day" WC="0.95" CC="607"/>
							<SP ID="P4_SP01029" HPOS="2293" VPOS="1529" WIDTH="16"/>
							<String ID="P4_ST01218" HPOS="2309" VPOS="1499" WIDTH="77" HEIGHT="27" CONTENT="FREE" WC="0.96" CC="1636" STYLEREFS="TXT_9"/>
							<SP ID="P4_SP01030" HPOS="2386" VPOS="1529" WIDTH="13"/>
							<String ID="P4_ST01219" HPOS="2399" VPOS="1500" WIDTH="63" HEIGHT="23" CONTENT="from" WC="0.97" CC="0508"/>
							<SP ID="P4_SP01031" HPOS="2462" VPOS="1529" WIDTH="14"/>
							<String ID="P4_ST01220" HPOS="2476" VPOS="1508" WIDTH="47" HEIGHT="21" CONTENT="any" WC="1.00" CC="000"/>
							<SP ID="P4_SP01032" HPOS="2523" VPOS="1529" WIDTH="6"/>
							<String ID="P4_ST01221" HPOS="2529" VPOS="1500" WIDTH="89" HEIGHT="29" CONTENT="charge" WC="0.99" CC="040070"/>
							<SP ID="P4_SP01033" HPOS="2618" VPOS="1529" WIDTH="13"/>
							<String ID="P4_ST01222" HPOS="2631" VPOS="1501" WIDTH="123" HEIGHT="24" CONTENT="whatever" WC="0.99" CC="80006030"/>
						</TextLine>
						<TextLine ID="P4_TL00193" HPOS="1181" VPOS="1533" WIDTH="1519" HEIGHT="51">
							<String ID="P4_ST01223" HPOS="1181" VPOS="1535" WIDTH="225" HEIGHT="39" CONTENT="TARIFF" WC="0.97" CC="096666" STYLEREFS="TXT_32"/>
							<SP ID="P4_SP01034" HPOS="1406" VPOS="1574" WIDTH="17"/>
							<String ID="P4_ST01224" HPOS="1423" VPOS="1535" WIDTH="122" HEIGHT="38" CONTENT="PER" WC="0.92" CC="877" STYLEREFS="TXT_32"/>
							<SP ID="P4_SP01035" HPOS="1545" VPOS="1574" WIDTH="14"/>
							<String ID="P4_ST01225" HPOS="1559" VPOS="1533" WIDTH="141" HEIGHT="47" CONTENT="DAY," WC="0.95" CC="7842" STYLEREFS="TXT_32"/>
							<SP ID="P4_SP01036" HPOS="1700" VPOS="1580" WIDTH="21"/>
							<String ID="P4_ST01226" HPOS="1721" VPOS="1533" WIDTH="54" HEIGHT="41" CONTENT="7s" WC="0.48" CC="81" STYLEREFS="TXT_32"/>
							<SP ID="P4_SP01037" HPOS="1775" VPOS="1580" WIDTH="18"/>
							<String ID="P4_ST01227" HPOS="1793" VPOS="1536" WIDTH="66" HEIGHT="44" CONTENT="8s;" WC="0.82" CC="050" STYLEREFS="TXT_32"/>
							<SP ID="P4_SP01038" HPOS="1859" VPOS="1580" WIDTH="48"/>
							<String ID="P4_ST01228" HPOS="1907" VPOS="1535" WIDTH="121" HEIGHT="39" CONTENT="PER" WC="0.95" CC="750" STYLEREFS="TXT_32"/>
							<SP ID="P4_SP01039" HPOS="2028" VPOS="1580" WIDTH="16"/>
							<String ID="P4_ST01229" HPOS="2044" VPOS="1537" WIDTH="192" HEIGHT="47" CONTENT="WEEK," WC="0.96" CC="56563" STYLEREFS="TXT_32"/>
							<SP ID="P4_SP01040" HPOS="2236" VPOS="1584" WIDTH="21"/>
							<String ID="P4_ST01230" HPOS="2257" VPOS="1540" WIDTH="64" HEIGHT="38" CONTENT="£1" WC="0.29" CC="94" STYLEREFS="TXT_32"/>
							<SP ID="P4_SP01041" HPOS="2321" VPOS="1584" WIDTH="49"/>
							<String ID="P4_ST01231" HPOS="2370" VPOS="1540" WIDTH="80" HEIGHT="39" CONTENT="15s" WC="0.53" CC="174" STYLEREFS="TXT_32"/>
							<SP ID="P4_SP01042" HPOS="2450" VPOS="1584" WIDTH="17"/>
							<String ID="P4_ST01232" HPOS="2467" VPOS="1542" WIDTH="50" HEIGHT="37" CONTENT="to" WC="0.88" CC="02" STYLEREFS="TXT_32"/>
							<SP ID="P4_SP01043" HPOS="2517" VPOS="1584" WIDTH="27"/>
							<String ID="P4_ST01233" HPOS="2544" VPOS="1542" WIDTH="69" HEIGHT="38" CONTENT="£2" WC="0.19" CC="78" STYLEREFS="TXT_33"/>
							<SP ID="P4_SP01044" HPOS="2613" VPOS="1584" WIDTH="19"/>
							<String ID="P4_ST01234" HPOS="2632" VPOS="1542" WIDTH="68" HEIGHT="40" CONTENT="2s." WC="0.68" CC="620" STYLEREFS="TXT_32"/>
						</TextLine>
						<TextLine ID="P4_TL00194" HPOS="1404" VPOS="1589" WIDTH="948" HEIGHT="33">
							<String ID="P4_ST01235" HPOS="1404" VPOS="1590" WIDTH="159" HEIGHT="32" CONTENT="Cotiages" WC="0.53" CC="66023925" STYLEREFS="TXT_27"/>
							<SP ID="P4_SP01045" HPOS="1563" VPOS="1622" WIDTH="13"/>
							<String ID="P4_ST01236" HPOS="1576" VPOS="1591" WIDTH="35" HEIGHT="25" CONTENT="to" WC="1.00" CC="00" STYLEREFS="TXT_27"/>
							<SP ID="P4_SP01046" HPOS="1611" VPOS="1622" WIDTH="14"/>
							<String ID="P4_ST01237" HPOS="1625" VPOS="1589" WIDTH="47" HEIGHT="26" CONTENT="let" WC="0.99" CC="300" STYLEREFS="TXT_27"/>
							<SP ID="P4_SP01047" HPOS="1672" VPOS="1622" WIDTH="12"/>
							<String ID="P4_ST01238" HPOS="1684" VPOS="1589" WIDTH="48" HEIGHT="33" CONTENT="by" WC="0.57" CC="80" STYLEREFS="TXT_27"/>
							<SP ID="P4_SP01048" HPOS="1732" VPOS="1622" WIDTH="13"/>
							<String ID="P4_ST01239" HPOS="1745" VPOS="1590" WIDTH="58" HEIGHT="27" CONTENT="the" WC="1.00" CC="000" STYLEREFS="TXT_27"/>
							<SP ID="P4_SP01049" HPOS="1803" VPOS="1622" WIDTH="19"/>
							<String ID="P4_ST01240" HPOS="1822" VPOS="1589" WIDTH="106" HEIGHT="31" CONTENT="week," WC="0.99" CC="00080" STYLEREFS="TXT_27"/>
							<SP ID="P4_SP01050" HPOS="1928" VPOS="1622" WIDTH="12"/>
							<String ID="P4_ST01241" HPOS="1940" VPOS="1590" WIDTH="130" HEIGHT="32" CONTENT="month," WC="0.98" CC="025092" STYLEREFS="TXT_27"/>
							<SP ID="P4_SP01051" HPOS="2070" VPOS="1622" WIDTH="16"/>
							<String ID="P4_ST01242" HPOS="2086" VPOS="1599" WIDTH="40" HEIGHT="19" CONTENT="or" WC="0.86" CC="20" STYLEREFS="TXT_27"/>
							<SP ID="P4_SP01052" HPOS="2126" VPOS="1622" WIDTH="19"/>
							<String ID="P4_ST01243" HPOS="2145" VPOS="1593" WIDTH="58" HEIGHT="27" CONTENT="the" WC="0.97" CC="701" STYLEREFS="TXT_27"/>
							<SP ID="P4_SP01053" HPOS="2203" VPOS="1622" WIDTH="19"/>
							<String ID="P4_ST01244" HPOS="2222" VPOS="1601" WIDTH="130" HEIGHT="20" CONTENT="season." WC="0.99" CC="0006064" STYLEREFS="TXT_27"/>
						</TextLine>
						<TextLine ID="P4_TL00195" HPOS="995" VPOS="1639" WIDTH="782" HEIGHT="32">
							<String ID="P4_ST01245" HPOS="995" VPOS="1639" WIDTH="47" HEIGHT="23" CONTENT="For" WC="0.96" CC="604"/>
							<SP ID="P4_SP01054" HPOS="1042" VPOS="1662" WIDTH="18"/>
							<String ID="P4_ST01246" HPOS="1060" VPOS="1648" WIDTH="46" HEIGHT="23" CONTENT="any" WC="0.94" CC="970"/>
							<SP ID="P4_SP01055" HPOS="1106" VPOS="1671" WIDTH="13"/>
							<String ID="P4_ST01247" HPOS="1119" VPOS="1640" WIDTH="156" HEIGHT="24" CONTENT="information" WC="0.99" CC="43984410505"/>
							<SP ID="P4_SP01056" HPOS="1275" VPOS="1671" WIDTH="13"/>
							<String ID="P4_ST01248" HPOS="1288" VPOS="1639" WIDTH="112" HEIGHT="32" CONTENT="required" WC="0.99" CC="20823402"/>
							<SP ID="P4_SP01057" HPOS="1400" VPOS="1671" WIDTH="14"/>
							<String ID="P4_ST01249" HPOS="1414" VPOS="1639" WIDTH="82" HEIGHT="32" CONTENT="please" WC="1.00" CC="030100"/>
							<SP ID="P4_SP01058" HPOS="1496" VPOS="1671" WIDTH="13"/>
							<String ID="P4_ST01250" HPOS="1509" VPOS="1639" WIDTH="71" HEIGHT="32" CONTENT="apply" WC="0.99" CC="90000"/>
							<SP ID="P4_SP01059" HPOS="1580" VPOS="1671" WIDTH="13"/>
							<String ID="P4_ST01251" HPOS="1593" VPOS="1644" WIDTH="26" HEIGHT="19" CONTENT="to" WC="1.00" CC="00"/>
							<SP ID="P4_SP01060" HPOS="1619" VPOS="1671" WIDTH="13"/>
							<String ID="P4_ST01252" HPOS="1632" VPOS="1639" WIDTH="145" HEIGHT="32" CONTENT="Proprietor." WC="1.00" CC="60000223400"/>
							<SP ID="P4_SP01061" HPOS="1777" VPOS="1671" WIDTH="0"/>
						</TextLine>
						<TextLine ID="P4_TL00196" HPOS="1553" VPOS="1680" WIDTH="774" HEIGHT="49">
							<String ID="P4_ST01253" HPOS="1553" VPOS="1681" WIDTH="59" HEIGHT="44" CONTENT="A." WC="0.34" CC="57" STYLEREFS="TXT_32"/>
							<SP ID="P4_SP01062" HPOS="1612" VPOS="1725" WIDTH="29"/>
							<String ID="P4_ST01254" HPOS="1641" VPOS="1680" WIDTH="52" HEIGHT="39" CONTENT="A." WC="0.40" CC="74" STYLEREFS="TXT_32"/>
							<SP ID="P4_SP01063" HPOS="1693" VPOS="1725" WIDTH="29"/>
							<String ID="P4_ST01255" HPOS="1722" VPOS="1681" WIDTH="204" HEIGHT="47" CONTENT="SMITH," WC="0.97" CC="657034" STYLEREFS="TXT_32"/>
							<SP ID="P4_SP01064" HPOS="1926" VPOS="1728" WIDTH="122"/>
							<String ID="P4_ST01256" HPOS="2048" VPOS="1684" WIDTH="279" HEIGHT="45" CONTENT="Proprietor." WC="0.99" CC="67077006073" STYLEREFS="TXT_32"/>
						</TextLine>
					</TextBlock>
				</ComposedBlock>
				<ComposedBlock ID="P4_CB00005" HPOS="1909" VPOS="1781" WIDTH="868" HEIGHT="1226" TYPE="Advertisement">
					<TextBlock ID="P4_TB00009" HPOS="1909" VPOS="1781" WIDTH="868" HEIGHT="1226" STYLEREFS="TXT_34 PAR_LEFT">
						<TextLine ID="P4_TL00197" HPOS="2461" VPOS="2010" WIDTH="85" HEIGHT="21">
							<String ID="P4_ST01257" HPOS="2461" VPOS="2010" WIDTH="3" HEIGHT="21" CONTENT=";" WC="0.16" CC="8" STYLEREFS="TXT_12"/>
							<SP ID="P4_SP01065" HPOS="2464" VPOS="2031" WIDTH="10"/>
							<String ID="P4_ST01258" HPOS="2474" VPOS="2010" WIDTH="72" HEIGHT="21" CONTENT="vm?&amp;" WC="0.17" CC="7977" STYLEREFS="TXT_31"/>
						</TextLine>
						<TextLine ID="P4_TL00198" HPOS="2281" VPOS="2126" WIDTH="115" HEIGHT="28">
							<String ID="P4_ST01259" HPOS="2281" VPOS="2126" WIDTH="115" HEIGHT="28" CONTENT="mmm" WC="0.26" CC="794" STYLEREFS="TXT_33"/>
						</TextLine>
						<TextLine ID="P4_TL00199" HPOS="2271" VPOS="2727" WIDTH="391" HEIGHT="46">
							<String ID="P4_ST01260" HPOS="2271" VPOS="2727" WIDTH="179" HEIGHT="46" CONTENT="Proprietors" WC="0.98" CC="78776688588" STYLEREFS="TXT_35"/>
							<SP ID="P4_SP01066" HPOS="2450" VPOS="2773" WIDTH="13"/>
							<String ID="P4_ST01261" HPOS="2463" VPOS="2752" WIDTH="14" HEIGHT="6" CONTENT="-" WC="0.49" CC="5" STYLEREFS="TXT_35"/>
							<SP ID="P4_SP01067" HPOS="2477" VPOS="2773" WIDTH="69"/>
							<String ID="P4_ST01262" HPOS="2546" VPOS="2730" WIDTH="116" HEIGHT="35" CONTENT="'^wsk." WC="0.41" CC="782484" STYLEREFS="TXT_35"/>
						</TextLine>
						<TextLine ID="P4_TL00200" HPOS="2237" VPOS="2775" WIDTH="536" HEIGHT="73">
							<String ID="P4_ST01263" HPOS="2237" VPOS="2785" WIDTH="40" HEIGHT="45" CONTENT="*" WC="0.33" CC="6" STYLEREFS="TXT_18"/>
							<SP ID="P4_SP01068" HPOS="2277" VPOS="2830" WIDTH="23"/>
							<String ID="P4_ST01264" HPOS="2300" VPOS="2775" WIDTH="284" HEIGHT="68" CONTENT="DISTILLERS" WC="0.97" CC="7876897799" STYLEREFS="TXT_18"/>
							<SP ID="P4_SP01069" HPOS="2584" VPOS="2843" WIDTH="39"/>
							<String ID="P4_ST01265" HPOS="2623" VPOS="2783" WIDTH="43" HEIGHT="60" CONTENT="0" WC="1.00" CC="9" STYLEREFS="TXT_36"/>
							<SP ID="P4_SP01070" HPOS="2666" VPOS="2843" WIDTH="33"/>
							<String ID="P4_ST01266" HPOS="2699" VPOS="2782" WIDTH="51" HEIGHT="66" CONTENT="t?" WC="0.24" CC="77" STYLEREFS="TXT_18"/>
							<SP ID="P4_SP01071" HPOS="2750" VPOS="2848" WIDTH="19"/>
							<String ID="P4_ST01267" HPOS="2769" VPOS="2775" WIDTH="4" HEIGHT="73" CONTENT="i" WC="1.00" CC="0" STYLEREFS="TXT_18"/>
						</TextLine>
						<TextLine ID="P4_TL00201" HPOS="2271" VPOS="2854" WIDTH="391" HEIGHT="39">
							<String ID="P4_ST01268" HPOS="2271" VPOS="2878" WIDTH="5" HEIGHT="15" CONTENT="," WC="0.25" CC="7" STYLEREFS="TXT_37"/>
							<SP ID="P4_SP01072" HPOS="2276" VPOS="2893" WIDTH="53"/>
							<String ID="P4_ST01269" HPOS="2329" VPOS="2854" WIDTH="169" HEIGHT="34" CONTENT="fIMMMW." WC="0.28" CC="7777865" STYLEREFS="TXT_38"/>
							<SP ID="P4_SP01073" HPOS="2498" VPOS="2893" WIDTH="25"/>
							<String ID="P4_ST01270" HPOS="2523" VPOS="2858" WIDTH="139" HEIGHT="30" CONTENT="SCOr/.M/j." WC="0.36" CC="3777558980" STYLEREFS="TXT_38"/>
						</TextLine>
						<TextLine ID="P4_TL00202" HPOS="1910" VPOS="2915" WIDTH="474" HEIGHT="42">
							<String ID="P4_ST01271" HPOS="1910" VPOS="2915" WIDTH="271" HEIGHT="34" CONTENT="WHOLESALE" WC="0.99" CC="770040002" STYLEREFS="TXT_14"/>
							<SP ID="P4_SP01074" HPOS="2181" VPOS="2949" WIDTH="22"/>
							<String ID="P4_ST01272" HPOS="2203" VPOS="2919" WIDTH="181" HEIGHT="38" CONTENT="AGENTS," WC="0.98" CC="9500434" STYLEREFS="TXT_14"/>
						</TextLine>
						<TextLine ID="P4_TL00203" HPOS="2202" VPOS="2961" WIDTH="568" HEIGHT="46">
							<String ID="P4_ST01273" HPOS="2202" VPOS="2961" WIDTH="49" HEIGHT="38" CONTENT="L." WC="0.40" CC="74" STYLEREFS="TXT_32"/>
							<SP ID="P4_SP01075" HPOS="2251" VPOS="2999" WIDTH="30"/>
							<String ID="P4_ST01274" HPOS="2281" VPOS="2961" WIDTH="54" HEIGHT="39" CONTENT="D." WC="0.41" CC="74" STYLEREFS="TXT_32"/>
							<SP ID="P4_SP01076" HPOS="2335" VPOS="3000" WIDTH="29"/>
							<String ID="P4_ST01275" HPOS="2364" VPOS="2963" WIDTH="264" HEIGHT="42" CONTENT="NATHAN" WC="0.96" CC="960698" STYLEREFS="TXT_32"/>
							<SP ID="P4_SP01077" HPOS="2628" VPOS="3005" WIDTH="27"/>
							<String ID="P4_ST01276" HPOS="2655" VPOS="2967" WIDTH="115" HEIGHT="40" CONTENT="&amp;Co." WC="0.61" CC="0167" STYLEREFS="TXT_32"/>
						</TextLine>
					</TextBlock>
				</ComposedBlock>
				<ComposedBlock ID="P4_CB00006" HPOS="1900" VPOS="3073" WIDTH="894" HEIGHT="1091" TYPE="Advertisement">
					<TextBlock ID="P4_TB00010" HPOS="1900" VPOS="3073" WIDTH="894" HEIGHT="1091" STYLEREFS="TXT_2 PAR_LEFT">
						<TextLine ID="P4_TL00204" HPOS="1910" VPOS="3073" WIDTH="884" HEIGHT="78">
							<String ID="P4_ST01277" HPOS="1910" VPOS="3073" WIDTH="176" HEIGHT="69" CONTENT="THE" WC="0.98" CC="050" STYLEREFS="TXT_15"/>
							<SP ID="P4_SP01078" HPOS="2086" VPOS="3142" WIDTH="45"/>
							<String ID="P4_ST01278" HPOS="2131" VPOS="3077" WIDTH="304" HEIGHT="71" CONTENT="GRAND" WC="0.97" CC="64742" STYLEREFS="TXT_15"/>
							<SP ID="P4_SP01079" HPOS="2435" VPOS="3148" WIDTH="58"/>
							<String ID="P4_ST01279" HPOS="2493" VPOS="3082" WIDTH="301" HEIGHT="69" CONTENT="HOTEL" WC="0.97" CC="53128" STYLEREFS="TXT_15"/>
						</TextLine>
						<TextLine ID="P4_TL00205" HPOS="2014" VPOS="3234" WIDTH="682" HEIGHT="40">
							<String ID="P4_ST01280" HPOS="2014" VPOS="3234" WIDTH="340" HEIGHT="33" CONTENT="PBII&lt;rCES" WC="0.27" CC="996797562" STYLEREFS="TXT_23"/>
							<SP ID="P4_SP01080" HPOS="2354" VPOS="3267" WIDTH="38"/>
							<String ID="P4_ST01281" HPOS="2392" VPOS="3239" WIDTH="304" HEIGHT="35" CONTENT="STREET," WC="0.97" CC="1977691" STYLEREFS="TXT_23"/>
						</TextLine>
						<TextLine ID="P4_TL00207" HPOS="1941" VPOS="3372" WIDTH="853" HEIGHT="40">
							<String ID="P4_ST01282" HPOS="1941" VPOS="3372" WIDTH="148" HEIGHT="28" CONTENT="First-class" WC="0.98" CC="60778274444" STYLEREFS="TXT_12"/>
							<SP ID="P4_SP01081" HPOS="2089" VPOS="3400" WIDTH="11"/>
							<String ID="P4_ST01283" HPOS="2100" VPOS="3376" WIDTH="93" HEIGHT="31" CONTENT="family" WC="0.97" CC="404349" STYLEREFS="TXT_12"/>
							<SP ID="P4_SP01082" HPOS="2193" VPOS="3407" WIDTH="13"/>
							<String ID="P4_ST01284" HPOS="2206" VPOS="3377" WIDTH="88" HEIGHT="25" CONTENT="Hotel," WC="0.98" CC="705054" STYLEREFS="TXT_12"/>
							<SP ID="P4_SP01083" HPOS="2294" VPOS="3407" WIDTH="41"/>
							<String ID="P4_ST01285" HPOS="2335" VPOS="3378" WIDTH="131" HEIGHT="26" CONTENT="Situation" WC="0.98" CC="866800028" STYLEREFS="TXT_12"/>
							<SP ID="P4_SP01084" HPOS="2466" VPOS="3407" WIDTH="18"/>
							<String ID="P4_ST01286" HPOS="2484" VPOS="3382" WIDTH="174" HEIGHT="30" CONTENT="unsurpassed" WC="0.98" CC="50666946079" STYLEREFS="TXT_12"/>
							<SP ID="P4_SP01085" HPOS="2658" VPOS="3412" WIDTH="47"/>
							<String ID="P4_ST01287" HPOS="2705" VPOS="3383" WIDTH="75" HEIGHT="24" CONTENT="Patro" SUBS_TYPE="HypPart1" SUBS_CONTENT="Patronised" WC="0.98" CC="70570" STYLEREFS="TXT_12"/>
							<HYP HPOS="2780" VPOS="3383" WIDTH="14" CONTENT="-"/>
						</TextLine>
						<TextLine ID="P4_TL00208" HPOS="1907" VPOS="3410" WIDTH="811" HEIGHT="34">
							<String ID="P4_ST01288" HPOS="1907" VPOS="3410" WIDTH="73" HEIGHT="24" CONTENT="nised" SUBS_TYPE="HypPart2" SUBS_CONTENT="Patronised" WC="0.97" CC="70740" STYLEREFS="TXT_12"/>
							<SP ID="P4_SP01086" HPOS="1980" VPOS="3434" WIDTH="12"/>
							<String ID="P4_ST01289" HPOS="1992" VPOS="3412" WIDTH="35" HEIGHT="32" CONTENT="by" WC="0.28" CC="76" STYLEREFS="TXT_12"/>
							<SP ID="P4_SP01087" HPOS="2027" VPOS="3444" WIDTH="12"/>
							<String ID="P4_ST01290" HPOS="2039" VPOS="3414" WIDTH="69" HEIGHT="23" CONTENT="their" WC="0.97" CC="09425" STYLEREFS="TXT_12"/>
							<SP ID="P4_SP01088" HPOS="2108" VPOS="3444" WIDTH="14"/>
							<String ID="P4_ST01291" HPOS="2122" VPOS="3414" WIDTH="181" HEIGHT="25" CONTENT="Excellencies" WC="0.99" CC="860640074000" STYLEREFS="TXT_12"/>
							<SP ID="P4_SP01089" HPOS="2303" VPOS="3444" WIDTH="15"/>
							<String ID="P4_ST01292" HPOS="2318" VPOS="3416" WIDTH="46" HEIGHT="24" CONTENT="the" WC="0.97" CC="070" STYLEREFS="TXT_12"/>
							<SP ID="P4_SP01090" HPOS="2364" VPOS="3444" WIDTH="18"/>
							<String ID="P4_ST01293" HPOS="2382" VPOS="3417" WIDTH="135" HEIGHT="24" CONTENT="Governor" WC="0.98" CC="66900604" STYLEREFS="TXT_12"/>
							<SP ID="P4_SP01091" HPOS="2517" VPOS="3444" WIDTH="12"/>
							<String ID="P4_ST01294" HPOS="2529" VPOS="3418" WIDTH="51" HEIGHT="23" CONTENT="and" WC="0.94" CC="069" STYLEREFS="TXT_12"/>
							<SP ID="P4_SP01092" HPOS="2580" VPOS="3444" WIDTH="12"/>
							<String ID="P4_ST01295" HPOS="2592" VPOS="3419" WIDTH="126" HEIGHT="25" CONTENT="Admiral." WC="0.98" CC="90500940" STYLEREFS="TXT_12"/>
						</TextLine>
						<TextLine ID="P4_TL00209" HPOS="2335" VPOS="3471" WIDTH="10" HEIGHT="13">
							<String ID="P4_ST01296" HPOS="2335" VPOS="3471" WIDTH="10" HEIGHT="13" CONTENT="o" WC="0.96" CC="0" STYLEREFS="TXT_39"/>
							<SP ID="P4_SP01093" HPOS="2345" VPOS="3484" WIDTH="0"/>
						</TextLine>
						<TextLine ID="P4_TL00210" HPOS="2018" VPOS="3499" WIDTH="657" HEIGHT="36">
							<String ID="P4_ST01297" HPOS="2018" VPOS="3499" WIDTH="147" HEIGHT="32" CONTENT="Telegrams" WC="0.98" CC="430095990" STYLEREFS="TXT_12"/>
							<SP ID="P4_SP01094" HPOS="2165" VPOS="3531" WIDTH="23"/>
							<String ID="P4_ST01298" HPOS="2188" VPOS="3501" WIDTH="52" HEIGHT="23" CONTENT="and" WC="0.95" CC="570" STYLEREFS="TXT_12"/>
							<SP ID="P4_SP01095" HPOS="2240" VPOS="3531" WIDTH="22"/>
							<String ID="P4_ST01299" HPOS="2262" VPOS="3501" WIDTH="90" HEIGHT="24" CONTENT="letters" WC="0.98" CC="5094650" STYLEREFS="TXT_12"/>
							<SP ID="P4_SP01096" HPOS="2352" VPOS="3531" WIDTH="10"/>
							<String ID="P4_ST01300" HPOS="2362" VPOS="3503" WIDTH="131" HEIGHT="32" CONTENT="promptly" WC="0.97" CC="99099039" STYLEREFS="TXT_12"/>
							<SP ID="P4_SP01097" HPOS="2493" VPOS="3535" WIDTH="14"/>
							<String ID="P4_ST01301" HPOS="2507" VPOS="3504" WIDTH="121" HEIGHT="24" CONTENT="attended" WC="0.98" CC="08077060" STYLEREFS="TXT_12"/>
							<SP ID="P4_SP01098" HPOS="2628" VPOS="3535" WIDTH="13"/>
							<String ID="P4_ST01302" HPOS="2641" VPOS="3508" WIDTH="34" HEIGHT="22" CONTENT="to." WC="0.93" CC="773" STYLEREFS="TXT_12"/>
						</TextLine>
						<TextLine ID="P4_TL00211" HPOS="2329" VPOS="3554" WIDTH="12" HEIGHT="12">
							<String ID="P4_ST01303" HPOS="2329" VPOS="3554" WIDTH="12" HEIGHT="12" CONTENT="o" WC="0.73" CC="2" STYLEREFS="TXT_39"/>
							<SP ID="P4_SP01099" HPOS="2341" VPOS="3566" WIDTH="0"/>
						</TextLine>
						<TextLine ID="P4_TL00212" HPOS="1978" VPOS="3581" WIDTH="706" HEIGHT="55">
							<String ID="P4_ST01304" HPOS="1978" VPOS="3581" WIDTH="90" HEIGHT="39" CONTENT="MRS" WC="0.97" CC="700" STYLEREFS="TXT_11"/>
							<SP ID="P4_SP01100" HPOS="2068" VPOS="3620" WIDTH="28"/>
							<String ID="P4_ST01305" HPOS="2096" VPOS="3582" WIDTH="273" HEIGHT="48" CONTENT="GALLAGHER," WC="0.99" CC="2304810731" STYLEREFS="TXT_11"/>
							<SP ID="P4_SP01101" HPOS="2369" VPOS="3630" WIDTH="31"/>
							<String ID="P4_ST01306" HPOS="2400" VPOS="3585" WIDTH="284" HEIGHT="51" CONTENT="Proprietress." WC="0.99" CC="0719957564106" STYLEREFS="TXT_11"/>
						</TextLine>
						<TextLine ID="P4_TL00213" HPOS="2176" VPOS="3708" WIDTH="349" HEIGHT="30">
							<String ID="P4_ST01307" HPOS="2176" VPOS="3708" WIDTH="349" HEIGHT="30" CONTENT="THURHNGR" WC="0.35" CC="57567647" STYLEREFS="TXT_23"/>
						</TextLine>
						<TextLine ID="P4_TL00214" HPOS="1905" VPOS="3741" WIDTH="886" HEIGHT="58">
							<String ID="P4_ST01308" HPOS="1905" VPOS="3741" WIDTH="80" HEIGHT="40" CONTENT="Smith" WC="0.96" CC="64479" STYLEREFS="TXT_40"/>
							<SP ID="P4_SP01102" HPOS="1985" VPOS="3781" WIDTH="29"/>
							<String ID="P4_ST01309" HPOS="2014" VPOS="3743" WIDTH="50" HEIGHT="39" CONTENT="and" WC="0.92" CC="778" STYLEREFS="TXT_40"/>
							<SP ID="P4_SP01103" HPOS="2064" VPOS="3782" WIDTH="18"/>
							<String ID="P4_ST01310" HPOS="2082" VPOS="3742" WIDTH="115" HEIGHT="51" CONTENT="Carriage" WC="0.97" CC="79778776" STYLEREFS="TXT_40"/>
							<SP ID="P4_SP01104" HPOS="2197" VPOS="3793" WIDTH="22"/>
							<String ID="P4_ST01311" HPOS="2219" VPOS="3743" WIDTH="105" HEIGHT="46" CONTENT="Works," WC="0.96" CC="546966" STYLEREFS="TXT_40"/>
							<SP ID="P4_SP01105" HPOS="2324" VPOS="3793" WIDTH="31"/>
							<String ID="P4_ST01312" HPOS="2355" VPOS="3743" WIDTH="80" HEIGHT="40" CONTENT="Coach" WC="0.97" CC="73247" STYLEREFS="TXT_40"/>
							<SP ID="P4_SP01106" HPOS="2435" VPOS="3793" WIDTH="28"/>
							<String ID="P4_ST01313" HPOS="2463" VPOS="3746" WIDTH="49" HEIGHT="38" CONTENT="and" WC="0.92" CC="379" STYLEREFS="TXT_40"/>
							<SP ID="P4_SP01107" HPOS="2512" VPOS="3793" WIDTH="30"/>
							<String ID="P4_ST01314" HPOS="2542" VPOS="3745" WIDTH="110" HEIGHT="52" CONTENT="Waggon" WC="0.96" CC="268877" STYLEREFS="TXT_40"/>
							<SP ID="P4_SP01108" HPOS="2652" VPOS="3797" WIDTH="36"/>
							<String ID="P4_ST01315" HPOS="2688" VPOS="3748" WIDTH="103" HEIGHT="51" CONTENT="Factory" WC="0.97" CC="6378097" STYLEREFS="TXT_40"/>
						</TextLine>
						<TextLine ID="P4_TL00215" HPOS="2110" VPOS="3805" WIDTH="476" HEIGHT="23">
							<String ID="P4_ST01316" HPOS="2110" VPOS="3805" WIDTH="214" HEIGHT="21" CONTENT="ESTABLISHED" WC="0.99" CC="50066070500" STYLEREFS="TXT_41"/>
							<SP ID="P4_SP01109" HPOS="2324" VPOS="3826" WIDTH="16"/>
							<String ID="P4_ST01317" HPOS="2340" VPOS="3805" WIDTH="81" HEIGHT="21" CONTENT="OVER" WC="0.97" CC="5070" STYLEREFS="TXT_41"/>
							<SP ID="P4_SP01110" HPOS="2421" VPOS="3826" WIDTH="17"/>
							<String ID="P4_ST01318" HPOS="2438" VPOS="3807" WIDTH="27" HEIGHT="19" CONTENT="10" WC="0.69" CC="60" STYLEREFS="TXT_41"/>
							<SP ID="P4_SP01111" HPOS="2465" VPOS="3826" WIDTH="14"/>
							<String ID="P4_ST01319" HPOS="2479" VPOS="3807" WIDTH="107" HEIGHT="21" CONTENT="YEARS." WC="0.97" CC="549402" STYLEREFS="TXT_41"/>
						</TextLine>
						<TextLine ID="P4_TL00216" HPOS="1981" VPOS="3852" WIDTH="809" HEIGHT="26">
							<String ID="P4_ST01320" HPOS="1981" VPOS="3852" WIDTH="39" HEIGHT="16" CONTENT="ndei" WC="0.14" CC="8897"/>
							<SP ID="P4_SP01112" HPOS="2020" VPOS="3868" WIDTH="4"/>
							<String ID="P4_ST01321" HPOS="2024" VPOS="3852" WIDTH="60" HEIGHT="19" CONTENT="signed" WC="0.97" CC="809870"/>
							<SP ID="P4_SP01113" HPOS="2084" VPOS="3871" WIDTH="9"/>
							<String ID="P4_ST01322" HPOS="2093" VPOS="3857" WIDTH="29" HEIGHT="11" CONTENT="are" WC="0.95" CC="075"/>
							<SP ID="P4_SP01114" HPOS="2122" VPOS="3871" WIDTH="7"/>
							<String ID="P4_ST01323" HPOS="2129" VPOS="3852" WIDTH="139" HEIGHT="16" CONTENT="manufacturers" WC="0.99" CC="8747565545007"/>
							<SP ID="P4_SP01115" HPOS="2268" VPOS="3871" WIDTH="9"/>
							<String ID="P4_ST01324" HPOS="2277" VPOS="3853" WIDTH="17" HEIGHT="15" CONTENT="of" WC="0.16" CC="69"/>
							<SP ID="P4_SP01116" HPOS="2294" VPOS="3871" WIDTH="8"/>
							<String ID="P4_ST01325" HPOS="2302" VPOS="3854" WIDTH="23" HEIGHT="14" CONTENT="all" WC="0.95" CC="750"/>
							<SP ID="P4_SP01117" HPOS="2325" VPOS="3871" WIDTH="9"/>
							<String ID="P4_ST01326" HPOS="2334" VPOS="3853" WIDTH="61" HEIGHT="16" CONTENT="classes" WC="0.97" CC="7097970"/>
							<SP ID="P4_SP01118" HPOS="2395" VPOS="3871" WIDTH="9"/>
							<String ID="P4_ST01327" HPOS="2404" VPOS="3854" WIDTH="19" HEIGHT="15" CONTENT="of" WC="0.21" CC="78"/>
							<SP ID="P4_SP01119" HPOS="2423" VPOS="3871" WIDTH="9"/>
							<String ID="P4_ST01328" HPOS="2432" VPOS="3854" WIDTH="80" HEIGHT="16" CONTENT="Vehicles" WC="0.97" CC="67707789"/>
							<SP ID="P4_SP01120" HPOS="2512" VPOS="3871" WIDTH="9"/>
							<String ID="P4_ST01329" HPOS="2521" VPOS="3854" WIDTH="13" HEIGHT="17" CONTENT="&amp;" WC="1.00" CC="0" STYLEREFS="TXT_42"/>
							<SP ID="P4_SP01121" HPOS="2534" VPOS="3871" WIDTH="10"/>
							<String ID="P4_ST01330" HPOS="2544" VPOS="3855" WIDTH="119" HEIGHT="20" CONTENT="Agricultural" WC="0.98" CC="982286487885"/>
							<SP ID="P4_SP01122" HPOS="2663" VPOS="3875" WIDTH="9"/>
							<String ID="P4_ST01331" HPOS="2672" VPOS="3857" WIDTH="118" HEIGHT="21" CONTENT="Implements." WC="0.98" CC="87858738590"/>
						</TextLine>
						<TextLine ID="P4_TL00217" HPOS="2239" VPOS="3874" WIDTH="553" HEIGHT="25">
							<String ID="P4_ST01332" HPOS="2239" VPOS="3880" WIDTH="6" HEIGHT="1" CONTENT="-" WC="0.37" CC="6"/>
							<SP ID="P4_SP01123" HPOS="2245" VPOS="3881" WIDTH="13"/>
							<String ID="P4_ST01333" HPOS="2258" VPOS="3880" WIDTH="5" HEIGHT="1" CONTENT="-" WC="0.41" CC="5"/>
							<SP ID="P4_SP01124" HPOS="2263" VPOS="3881" WIDTH="4"/>
							<String ID="P4_ST01334" HPOS="2267" VPOS="3874" WIDTH="40" HEIGHT="16" CONTENT="Meal" WC="0.93" CC="9886"/>
							<SP ID="P4_SP01125" HPOS="2307" VPOS="3890" WIDTH="15"/>
							<String ID="P4_ST01335" HPOS="2322" VPOS="3874" WIDTH="101" HEIGHT="17" CONTENT="Mechanica" WC="0.35" CC="537908669"/>
							<SP ID="P4_SP01126" HPOS="2423" VPOS="3891" WIDTH="16"/>
							<String ID="P4_ST01336" HPOS="2439" VPOS="3876" WIDTH="34" HEIGHT="15" CONTENT="and" WC="0.91" CC="986"/>
							<SP ID="P4_SP01127" HPOS="2473" VPOS="3891" WIDTH="15"/>
							<String ID="P4_ST01337" HPOS="2488" VPOS="3876" WIDTH="58" HEIGHT="16" CONTENT="W.P's" WC="0.45" CC="60838"/>
							<SP ID="P4_SP01128" HPOS="2546" VPOS="3892" WIDTH="12"/>
							<String ID="P4_ST01338" HPOS="2558" VPOS="3878" WIDTH="20" HEIGHT="15" CONTENT="27" WC="0.22" CC="87"/>
							<SP ID="P4_SP01129" HPOS="2578" VPOS="3893" WIDTH="16"/>
							<String ID="P4_ST01339" HPOS="2594" VPOS="3883" WIDTH="50" HEIGHT="14" CONTENT="years" WC="0.96" CC="96158"/>
							<SP ID="P4_SP01130" HPOS="2644" VPOS="3897" WIDTH="12"/>
							<String ID="P4_ST01340" HPOS="2656" VPOS="3879" WIDTH="100" HEIGHT="20" CONTENT="experience" WC="0.98" CC="6888445954"/>
							<SP ID="P4_SP01131" HPOS="2756" VPOS="3899" WIDTH="19"/>
							<String ID="P4_ST01341" HPOS="2775" VPOS="3880" WIDTH="17" HEIGHT="14" CONTENT="in" WC="0.63" CC="07"/>
						</TextLine>
						<TextLine ID="P4_TL00218" HPOS="2271" VPOS="3895" WIDTH="522" HEIGHT="21">
							<String ID="P4_ST01342" HPOS="2271" VPOS="3895" WIDTH="4" HEIGHT="21" CONTENT="i" WC="1.00" CC="0"/>
							<SP ID="P4_SP01132" HPOS="2275" VPOS="3916" WIDTH="17"/>
							<String ID="P4_ST01343" HPOS="2292" VPOS="3895" WIDTH="83" HEIGHT="21" CONTENT="claiming" WC="0.98" CC="05605667"/>
							<SP ID="P4_SP01133" HPOS="2375" VPOS="3916" WIDTH="12"/>
							<String ID="P4_ST01344" HPOS="2387" VPOS="3897" WIDTH="39" HEIGHT="16" CONTENT="that" WC="0.98" CC="4300"/>
							<SP ID="P4_SP01134" HPOS="2426" VPOS="3916" WIDTH="16"/>
							<String ID="P4_ST01345" HPOS="2442" VPOS="3902" WIDTH="25" HEIGHT="11" CONTENT="we" WC="0.16" CC="88"/>
							<SP ID="P4_SP01135" HPOS="2467" VPOS="3916" WIDTH="17"/>
							<String ID="P4_ST01346" HPOS="2484" VPOS="3902" WIDTH="31" HEIGHT="11" CONTENT="can" WC="0.91" CC="798"/>
							<SP ID="P4_SP01136" HPOS="2515" VPOS="3916" WIDTH="14"/>
							<String ID="P4_ST01347" HPOS="2529" VPOS="3898" WIDTH="69" HEIGHT="16" CONTENT="furnish" WC="0.96" CC="7678479"/>
							<SP ID="P4_SP01137" HPOS="2598" VPOS="3916" WIDTH="16"/>
							<String ID="P4_ST01348" HPOS="2614" VPOS="3904" WIDTH="10" HEIGHT="10" CONTENT="a" WC="1.00" CC="0"/>
							<SP ID="P4_SP01138" HPOS="2624" VPOS="3916" WIDTH="18"/>
							<String ID="P4_ST01349" HPOS="2642" VPOS="3902" WIDTH="55" HEIGHT="13" CONTENT="U9tte-" WC="0.35" CC="876087"/>
							<SP ID="P4_SP01139" HPOS="2697" VPOS="3916" WIDTH="15"/>
							<String ID="P4_ST01350" HPOS="2712" VPOS="3899" WIDTH="44" HEIGHT="17" CONTENT="class" WC="0.95" CC="87188"/>
							<SP ID="P4_SP01140" HPOS="2756" VPOS="3916" WIDTH="19"/>
							<String ID="P4_ST01351" HPOS="2775" VPOS="3901" WIDTH="18" HEIGHT="15" CONTENT="of" WC="0.63" CC="70"/>
						</TextLine>
						<TextLine ID="P4_TL00219" HPOS="2104" VPOS="3916" WIDTH="615" HEIGHT="25">
							<String ID="P4_ST01352" HPOS="2104" VPOS="3916" WIDTH="25" HEIGHT="15" CONTENT="irh" WC="0.49" CC="087"/>
							<SP ID="P4_SP01141" HPOS="2129" VPOS="3931" WIDTH="9"/>
							<String ID="P4_ST01353" HPOS="2138" VPOS="3916" WIDTH="62" HEIGHT="16" CONTENT="honest" WC="0.96" CC="738699"/>
							<SP ID="P4_SP01142" HPOS="2200" VPOS="3932" WIDTH="9"/>
							<String ID="P4_ST01354" HPOS="2209" VPOS="3917" WIDTH="46" HEIGHT="15" CONTENT="work" WC="0.94" CC="6749"/>
							<SP ID="P4_SP01143" HPOS="2255" VPOS="3932" WIDTH="9"/>
							<String ID="P4_ST01355" HPOS="2264" VPOS="3918" WIDTH="19" HEIGHT="14" CONTENT="at" WC="0.76" CC="04"/>
							<SP ID="P4_SP01144" HPOS="2283" VPOS="3932" WIDTH="8"/>
							<String ID="P4_ST01356" HPOS="2291" VPOS="3922" WIDTH="10" HEIGHT="10" CONTENT="a" WC="0.31" CC="6"/>
							<SP ID="P4_SP01145" HPOS="2301" VPOS="3932" WIDTH="8"/>
							<String ID="P4_ST01357" HPOS="2309" VPOS="3918" WIDTH="75" HEIGHT="19" CONTENT="cheaper" WC="0.97" CC="5950944"/>
							<SP ID="P4_SP01146" HPOS="2384" VPOS="3937" WIDTH="11"/>
							<String ID="P4_ST01358" HPOS="2395" VPOS="3921" WIDTH="37" HEIGHT="13" CONTENT="rate" WC="0.95" CC="1976"/>
							<SP ID="P4_SP01147" HPOS="2432" VPOS="3937" WIDTH="9"/>
							<String ID="P4_ST01359" HPOS="2441" VPOS="3918" WIDTH="41" HEIGHT="16" CONTENT="than" WC="0.95" CC="7097"/>
							<SP ID="P4_SP01148" HPOS="2482" VPOS="3937" WIDTH="11"/>
							<String ID="P4_ST01360" HPOS="2493" VPOS="3923" WIDTH="33" HEIGHT="16" CONTENT="any" WC="0.91" CC="679"/>
							<SP ID="P4_SP01149" HPOS="2526" VPOS="3939" WIDTH="9"/>
							<String ID="P4_ST01361" HPOS="2535" VPOS="3920" WIDTH="19" HEIGHT="14" CONTENT="of" WC="1.00" CC="99"/>
							<SP ID="P4_SP01150" HPOS="2554" VPOS="3939" WIDTH="8"/>
							<String ID="P4_ST01362" HPOS="2562" VPOS="3925" WIDTH="32" HEIGHT="10" CONTENT='"ur' WC="0.71" CC="305"/>
							<SP ID="P4_SP01151" HPOS="2594" VPOS="3939" WIDTH="8"/>
							<String ID="P4_ST01363" HPOS="2602" VPOS="3921" WIDTH="117" HEIGHT="20" CONTENT="competitors." WC="0.98" CC="776975629774"/>
						</TextLine>
						<TextLine ID="P4_TL00220" HPOS="1922" VPOS="3935" WIDTH="868" HEIGHT="27">
							<String ID="P4_ST01364" HPOS="1922" VPOS="3935" WIDTH="38" HEIGHT="17" CONTENT="The" WC="0.93" CC="666"/>
							<SP ID="P4_SP01152" HPOS="1960" VPOS="3952" WIDTH="6"/>
							<String ID="P4_ST01365" HPOS="1966" VPOS="3935" WIDTH="62" HEIGHT="18" CONTENT="Public" WC="0.97" CC="787108"/>
							<SP ID="P4_SP01153" HPOS="2028" VPOS="3953" WIDTH="8"/>
							<String ID="P4_ST01366" HPOS="2036" VPOS="3935" WIDTH="83" HEIGHT="18" CONTENT="will'find" WC="0.46" CC="956602268"/>
							<SP ID="P4_SP01154" HPOS="2119" VPOS="3953" WIDTH="7"/>
							<String ID="P4_ST01367" HPOS="2126" VPOS="3937" WIDTH="16" HEIGHT="17" CONTENT="it" WC="0.50" CC="63"/>
							<SP ID="P4_SP01155" HPOS="2142" VPOS="3954" WIDTH="9"/>
							<String ID="P4_ST01368" HPOS="2151" VPOS="3938" WIDTH="19" HEIGHT="15" CONTENT="to" WC="0.51" CC="36"/>
							<SP ID="P4_SP01156" HPOS="2170" VPOS="3954" WIDTH="15"/>
							<String ID="P4_ST01369" HPOS="2185" VPOS="3937" WIDTH="44" HEIGHT="16" CONTENT="their" WC="0.97" CC="19703"/>
							<SP ID="P4_SP01157" HPOS="2229" VPOS="3954" WIDTH="15"/>
							<String ID="P4_ST01370" HPOS="2244" VPOS="3938" WIDTH="98" HEIGHT="20" CONTENT="advantage" WC="0.98" CC="987675095"/>
							<SP ID="P4_SP01158" HPOS="2342" VPOS="3958" WIDTH="17"/>
							<String ID="P4_ST01371" HPOS="2359" VPOS="3941" WIDTH="17" HEIGHT="14" CONTENT="to" WC="0.74" CC="05"/>
							<SP ID="P4_SP01159" HPOS="2376" VPOS="3958" WIDTH="16"/>
							<String ID="P4_ST01372" HPOS="2392" VPOS="3939" WIDTH="150" HEIGHT="17" CONTENT="ENCOURAGE" WC="0.98" CC="467098980"/>
							<SP ID="P4_SP01160" HPOS="2542" VPOS="3958" WIDTH="20"/>
							<String ID="P4_ST01373" HPOS="2562" VPOS="3940" WIDTH="79" HEIGHT="17" CONTENT="LOCAL" WC="0.98" CC="60007"/>
							<SP ID="P4_SP01161" HPOS="2641" VPOS="3958" WIDTH="19"/>
							<String ID="P4_ST01374" HPOS="2660" VPOS="3941" WIDTH="130" HEIGHT="21" CONTENT="INDUSTRY," WC="0.98" CC="170178875"/>
						</TextLine>
						<TextLine ID="P4_TL00221" HPOS="1903" VPOS="3957" WIDTH="889" HEIGHT="27">
							<String ID="P4_ST01375" HPOS="1903" VPOS="3957" WIDTH="56" HEIGHT="16" CONTENT="where" WC="0.96" CC="99811"/>
							<SP ID="P4_SP01162" HPOS="1959" VPOS="3973" WIDTH="7"/>
							<String ID="P4_ST01376" HPOS="1966" VPOS="3958" WIDTH="41" HEIGHT="20" CONTENT="they" WC="0.96" CC="0970"/>
							<SP ID="P4_SP01163" HPOS="2007" VPOS="3978" WIDTH="17"/>
							<String ID="P4_ST01377" HPOS="2024" VPOS="3963" WIDTH="30" HEIGHT="10" CONTENT="can" WC="0.93" CC="674"/>
							<SP ID="P4_SP01164" HPOS="2054" VPOS="3978" WIDTH="9"/>
							<String ID="P4_ST01378" HPOS="2063" VPOS="3958" WIDTH="44" HEIGHT="16" CONTENT="have" WC="0.95" CC="9075"/>
							<SP ID="P4_SP01165" HPOS="2107" VPOS="3978" WIDTH="7"/>
							<String ID="P4_ST01379" HPOS="2114" VPOS="3958" WIDTH="29" HEIGHT="16" CONTENT="the" WC="0.97" CC="402"/>
							<SP ID="P4_SP01166" HPOS="2143" VPOS="3978" WIDTH="6"/>
							<String ID="P4_ST01380" HPOS="2149" VPOS="3959" WIDTH="79" HEIGHT="20" CONTENT="pleasure" WC="0.97" CC="93649655"/>
							<SP ID="P4_SP01167" HPOS="2228" VPOS="3979" WIDTH="7"/>
							<String ID="P4_ST01381" HPOS="2235" VPOS="3959" WIDTH="18" HEIGHT="15" CONTENT="of" WC="0.56" CC="80"/>
							<SP ID="P4_SP01168" HPOS="2253" VPOS="3979" WIDTH="8"/>
							<String ID="P4_ST01382" HPOS="2261" VPOS="3959" WIDTH="59" HEIGHT="21" CONTENT="seeing" WC="0.96" CC="855089"/>
							<SP ID="P4_SP01169" HPOS="2320" VPOS="3980" WIDTH="14"/>
							<String ID="P4_ST01383" HPOS="2334" VPOS="3960" WIDTH="93" HEIGHT="17" CONTENT="first-class" WC="0.98" CC="00498263768"/>
							<SP ID="P4_SP01170" HPOS="2427" VPOS="3980" WIDTH="15"/>
							<String ID="P4_ST01384" HPOS="2442" VPOS="3962" WIDTH="79" HEIGHT="15" CONTENT="material" WC="0.97" CC="89645096"/>
							<SP ID="P4_SP01171" HPOS="2521" VPOS="3980" WIDTH="13"/>
							<String ID="P4_ST01385" HPOS="2534" VPOS="3962" WIDTH="34" HEIGHT="15" CONTENT="and" WC="0.94" CC="079"/>
							<SP ID="P4_SP01172" HPOS="2568" VPOS="3980" WIDTH="16"/>
							<String ID="P4_ST01386" HPOS="2584" VPOS="3963" WIDTH="127" HEIGHT="21" CONTENT="workmanship" WC="0.98" CC="97597004979"/>
							<SP ID="P4_SP01173" HPOS="2711" VPOS="3984" WIDTH="17"/>
							<String ID="P4_ST01387" HPOS="2728" VPOS="3966" WIDTH="31" HEIGHT="18" CONTENT="put" WC="0.93" CC="954"/>
							<SP ID="P4_SP01174" HPOS="2759" VPOS="3984" WIDTH="16"/>
							<String ID="P4_ST01388" HPOS="2775" VPOS="3964" WIDTH="17" HEIGHT="15" CONTENT="in" WC="0.63" CC="07"/>
						</TextLine>
						<TextLine ID="P4_TL00222" HPOS="1971" VPOS="3979" WIDTH="267" HEIGHT="17">
							<String ID="P4_ST01389" HPOS="1971" VPOS="3979" WIDTH="49" HEIGHT="15" CONTENT="made" WC="0.93" CC="9797"/>
							<SP ID="P4_SP01175" HPOS="2020" VPOS="3994" WIDTH="8"/>
							<String ID="P4_ST01390" HPOS="2028" VPOS="3981" WIDTH="18" HEIGHT="14" CONTENT="to" WC="0.68" CC="06"/>
							<SP ID="P4_SP01176" HPOS="2046" VPOS="3995" WIDTH="9"/>
							<String ID="P4_ST01391" HPOS="2055" VPOS="3979" WIDTH="44" HEIGHT="16" CONTENT="their" WC="0.98" CC="50327"/>
							<SP ID="P4_SP01177" HPOS="2099" VPOS="3995" WIDTH="5"/>
							<String ID="P4_ST01392" HPOS="2104" VPOS="3980" WIDTH="63" HEIGHT="16" CONTENT="valued" WC="0.97" CC="937080"/>
							<SP ID="P4_SP01178" HPOS="2167" VPOS="3996" WIDTH="7"/>
							<String ID="P4_ST01393" HPOS="2174" VPOS="3981" WIDTH="64" HEIGHT="15" CONTENT="orders." WC="0.98" CC="5797000"/>
						</TextLine>
						<TextLine ID="P4_TL00223" HPOS="1922" VPOS="4000" WIDTH="870" HEIGHT="26">
							<String ID="P4_ST01394" HPOS="1922" VPOS="4000" WIDTH="149" HEIGHT="17" CONTENT="N.B.—Vehicles" WC="0.50" CC="5112845737646"/>
							<SP ID="P4_SP01179" HPOS="2071" VPOS="4017" WIDTH="7"/>
							<String ID="P4_ST01395" HPOS="2078" VPOS="4000" WIDTH="18" HEIGHT="16" CONTENT="of" WC="0.41" CC="64"/>
							<SP ID="P4_SP01180" HPOS="2096" VPOS="4017" WIDTH="6"/>
							<String ID="P4_ST01396" HPOS="2102" VPOS="4001" WIDTH="23" HEIGHT="15" CONTENT="all" WC="0.99" CC="030"/>
							<SP ID="P4_SP01181" HPOS="2125" VPOS="4017" WIDTH="9"/>
							<String ID="P4_ST01397" HPOS="2134" VPOS="4001" WIDTH="114" HEIGHT="21" CONTENT="descriptions" WC="0.98" CC="466742943786"/>
							<SP ID="P4_SP01182" HPOS="2248" VPOS="4022" WIDTH="9"/>
							<String ID="P4_ST01398" HPOS="2257" VPOS="4002" WIDTH="84" HEIGHT="20" CONTENT="repaired," WC="0.98" CC="679364501"/>
							<SP ID="P4_SP01183" HPOS="2341" VPOS="4022" WIDTH="11"/>
							<String ID="P4_ST01399" HPOS="2352" VPOS="4002" WIDTH="79" HEIGHT="22" CONTENT="painted," WC="0.98" CC="80143692"/>
							<SP ID="P4_SP01184" HPOS="2431" VPOS="4024" WIDTH="10"/>
							<String ID="P4_ST01400" HPOS="2441" VPOS="4004" WIDTH="94" HEIGHT="16" CONTENT="renovated" WC="0.98" CC="305599749"/>
							<SP ID="P4_SP01185" HPOS="2535" VPOS="4024" WIDTH="10"/>
							<String ID="P4_ST01401" HPOS="2545" VPOS="4004" WIDTH="33" HEIGHT="16" CONTENT="aud" WC="0.25" CC="659"/>
							<SP ID="P4_SP01186" HPOS="2578" VPOS="4024" WIDTH="10"/>
							<String ID="P4_ST01402" HPOS="2588" VPOS="4005" WIDTH="49" HEIGHT="16" CONTENT="made" WC="0.94" CC="4596"/>
							<SP ID="P4_SP01187" HPOS="2637" VPOS="4024" WIDTH="15"/>
							<String ID="P4_ST01403" HPOS="2652" VPOS="4007" WIDTH="18" HEIGHT="14" CONTENT="to" WC="0.75" CC="05"/>
							<SP ID="P4_SP01188" HPOS="2670" VPOS="4024" WIDTH="15"/>
							<String ID="P4_ST01404" HPOS="2685" VPOS="4006" WIDTH="41" HEIGHT="16" CONTENT="look" WC="0.95" CC="3676"/>
							<SP ID="P4_SP01189" HPOS="2726" VPOS="4024" WIDTH="16"/>
							<String ID="P4_ST01405" HPOS="2742" VPOS="4007" WIDTH="50" HEIGHT="19" CONTENT="equid" WC="0.24" CC="67688"/>
						</TextLine>
						<TextLine ID="P4_TL00224" HPOS="1901" VPOS="4024" WIDTH="70" HEIGHT="13">
							<String ID="P4_ST01406" HPOS="1901" VPOS="4024" WIDTH="18" HEIGHT="12" CONTENT="to" WC="0.29" CC="76"/>
							<SP ID="P4_SP01190" HPOS="1919" VPOS="4036" WIDTH="8"/>
							<String ID="P4_ST01407" HPOS="1927" VPOS="4026" WIDTH="44" HEIGHT="11" CONTENT="new." WC="0.96" CC="5290"/>
						</TextLine>
						<TextLine ID="P4_TL00225" HPOS="1901" VPOS="4068" WIDTH="681" HEIGHT="32">
							<String ID="P4_ST01408" HPOS="1901" VPOS="4068" WIDTH="202" HEIGHT="28" CONTENT="WILLIAM" WC="0.97" CC="6418499" STYLEREFS="TXT_27"/>
							<SP ID="P4_SP01191" HPOS="2103" VPOS="4096" WIDTH="226"/>
							<String ID="P4_ST01409" HPOS="2329" VPOS="4071" WIDTH="253" HEIGHT="29" CONTENT="Coachbuilder" WC="0.47" CC="624499602807" STYLEREFS="TXT_27"/>
						</TextLine>
						<TextLine ID="P4_TL00226" HPOS="2254" VPOS="4108" WIDTH="535" HEIGHT="34">
							<String ID="P4_ST01410" HPOS="2254" VPOS="4108" WIDTH="143" HEIGHT="28" CONTENT="JAMES" WC="0.94" CC="99977" STYLEREFS="TXT_27"/>
							<SP ID="P4_SP01192" HPOS="2397" VPOS="4136" WIDTH="21"/>
							<String ID="P4_ST01411" HPOS="2418" VPOS="4110" WIDTH="134" HEIGHT="32" CONTENT="HAUA," WC="0.56" CC="60490" STYLEREFS="TXT_27"/>
							<SP ID="P4_SP01193" HPOS="2552" VPOS="4142" WIDTH="21"/>
							<String ID="P4_ST01412" HPOS="2573" VPOS="4111" WIDTH="216" HEIGHT="30" CONTENT="Blacksmith" WC="0.98" CC="6605708597" STYLEREFS="TXT_27"/>
						</TextLine>
						<TextLine ID="P4_TL00227" HPOS="2202" VPOS="4140" WIDTH="397" HEIGHT="24">
							<String ID="P4_ST01413" HPOS="2202" VPOS="4140" WIDTH="148" HEIGHT="19" CONTENT="DEVONJPORT" WC="0.25" CC="8677848878" STYLEREFS="TXT_21"/>
							<SP ID="P4_SP01194" HPOS="2350" VPOS="4159" WIDTH="12"/>
							<String ID="P4_ST01414" HPOS="2362" VPOS="4141" WIDTH="74" HEIGHT="23" CONTENT="ROAD," WC="0.95" CC="77973" STYLEREFS="TXT_21"/>
							<SP ID="P4_SP01195" HPOS="2436" VPOS="4164" WIDTH="15"/>
							<String ID="P4_ST01415" HPOS="2451" VPOS="4143" WIDTH="148" HEIGHT="20" CONTENT="TAURANGA.." WC="0.35" CC="8078098876" STYLEREFS="TXT_21"/>
						</TextLine>
					</TextBlock>
				</ComposedBlock>
				<ComposedBlock ID="P4_CB00007" HPOS="2810" VPOS="885" WIDTH="460" HEIGHT="1942" TYPE="Advertisement">
					<TextBlock ID="P4_TB00011" HPOS="2810" VPOS="885" WIDTH="460" HEIGHT="1942" STYLEREFS="TXT_3 PAR_LEFT">
						<TextLine ID="P4_TL00228" HPOS="2857" VPOS="887" WIDTH="335" HEIGHT="51">
							<String ID="P4_ST01416" HPOS="2857" VPOS="887" WIDTH="158" HEIGHT="51" CONTENT="Steele" WC="0.97" CC="866707" STYLEREFS="TXT_43"/>
							<SP ID="P4_SP01196" HPOS="3015" VPOS="938" WIDTH="39"/>
							<String ID="P4_ST01417" HPOS="3054" VPOS="887" WIDTH="138" HEIGHT="51" CONTENT="Bros." WC="0.98" CC="60450" STYLEREFS="TXT_43"/>
						</TextLine>
						<TextLine ID="P4_TL00229" HPOS="2813" VPOS="971" WIDTH="421" HEIGHT="49">
							<String ID="P4_ST01418" HPOS="2813" VPOS="973" WIDTH="193" HEIGHT="47" CONTENT="MABAEROA" WC="0.51" CC="44760672" STYLEREFS="TXT_40"/>
							<SP ID="P4_SP01197" HPOS="3006" VPOS="1020" WIDTH="56"/>
							<String ID="P4_ST01419" HPOS="3062" VPOS="971" WIDTH="172" HEIGHT="46" CONTENT="SAWMILL," WC="0.97" CC="76993870" STYLEREFS="TXT_40"/>
						</TextLine>
						<TextLine ID="P4_TL00230" HPOS="2812" VPOS="1030" WIDTH="426" HEIGHT="50">
							<String ID="P4_ST01420" HPOS="2812" VPOS="1032" WIDTH="133" HEIGHT="48" CONTENT="DESIRB" WC="0.44" CC="537708"/>
							<SP ID="P4_SP01198" HPOS="2945" VPOS="1080" WIDTH="9"/>
							<String ID="P4_ST01421" HPOS="2954" VPOS="1033" WIDTH="21" HEIGHT="18" CONTENT="to" WC="0.65" CC="07"/>
							<SP ID="P4_SP01199" HPOS="2975" VPOS="1080" WIDTH="10"/>
							<String ID="P4_ST01422" HPOS="2985" VPOS="1030" WIDTH="61" HEIGHT="21" CONTENT="thank" WC="0.97" CC="18085"/>
							<SP ID="P4_SP01200" HPOS="3046" VPOS="1080" WIDTH="23"/>
							<String ID="P4_ST01423" HPOS="3069" VPOS="1032" WIDTH="33" HEIGHT="19" CONTENT="the" WC="0.95" CC="760"/>
							<SP ID="P4_SP01201" HPOS="3102" VPOS="1080" WIDTH="20"/>
							<String ID="P4_ST01424" HPOS="3122" VPOS="1032" WIDTH="67" HEIGHT="25" CONTENT="public" WC="0.96" CC="987667"/>
							<SP ID="P4_SP01202" HPOS="3189" VPOS="1080" WIDTH="21"/>
							<String ID="P4_ST01425" HPOS="3210" VPOS="1033" WIDTH="28" HEIGHT="20" CONTENT="For" WC="0.91" CC="896"/>
						</TextLine>
						<TextLine ID="P4_TL00231" HPOS="2891" VPOS="1058" WIDTH="347" HEIGHT="26">
							<String ID="P4_ST01426" HPOS="2891" VPOS="1062" WIDTH="44" HEIGHT="22" CONTENT="past" WC="0.95" CC="0759"/>
							<SP ID="P4_SP01203" HPOS="2935" VPOS="1084" WIDTH="9"/>
							<String ID="P4_ST01427" HPOS="2944" VPOS="1058" WIDTH="67" HEIGHT="18" CONTENT="favors" WC="0.96" CC="575767"/>
							<SP ID="P4_SP01204" HPOS="3011" VPOS="1084" WIDTH="8"/>
							<String ID="P4_ST01428" HPOS="3019" VPOS="1058" WIDTH="38" HEIGHT="19" CONTENT="and" WC="0.93" CC="980"/>
							<SP ID="P4_SP01205" HPOS="3057" VPOS="1084" WIDTH="10"/>
							<String ID="P4_ST01429" HPOS="3067" VPOS="1058" WIDTH="36" HEIGHT="21" CONTENT="beu" WC="0.24" CC="588"/>
							<SP ID="P4_SP01206" HPOS="3103" VPOS="1084" WIDTH="9"/>
							<String ID="P4_ST01430" HPOS="3112" VPOS="1062" WIDTH="18" HEIGHT="15" CONTENT="to" WC="0.27" CC="77"/>
							<SP ID="P4_SP01207" HPOS="3130" VPOS="1084" WIDTH="8"/>
							<String ID="P4_ST01431" HPOS="3138" VPOS="1065" WIDTH="100" HEIGHT="15" CONTENT="announce" WC="0.97" CC="74674877"/>
						</TextLine>
						<TextLine ID="P4_TL00232" HPOS="2811" VPOS="1084" WIDTH="427" HEIGHT="25">
							<String ID="P4_ST01432" HPOS="2811" VPOS="1087" WIDTH="44" HEIGHT="17" CONTENT="that," WC="0.96" CC="68773"/>
							<SP ID="P4_SP01208" HPOS="2855" VPOS="1104" WIDTH="17"/>
							<String ID="P4_ST01433" HPOS="2872" VPOS="1085" WIDTH="75" HEIGHT="23" CONTENT="having" WC="0.97" CC="653467"/>
							<SP ID="P4_SP01209" HPOS="2947" VPOS="1108" WIDTH="18"/>
							<String ID="P4_ST01434" HPOS="2965" VPOS="1091" WIDTH="12" HEIGHT="12" CONTENT="a" WC="0.25" CC="7"/>
							<SP ID="P4_SP01210" HPOS="2977" VPOS="1108" WIDTH="22"/>
							<String ID="P4_ST01435" HPOS="2999" VPOS="1084" WIDTH="56" HEIGHT="25" CONTENT="large" WC="0.96" CC="59095"/>
							<SP ID="P4_SP01211" HPOS="3055" VPOS="1109" WIDTH="18"/>
							<String ID="P4_ST01436" HPOS="3073" VPOS="1089" WIDTH="20" HEIGHT="14" CONTENT="at" WC="0.15" CC="88"/>
							<SP ID="P4_SP01212" HPOS="3093" VPOS="1109" WIDTH="14"/>
							<String ID="P4_ST01437" HPOS="3107" VPOS="1085" WIDTH="24" HEIGHT="19" CONTENT="ck" WC="0.09" CC="89"/>
							<SP ID="P4_SP01213" HPOS="3131" VPOS="1109" WIDTH="20"/>
							<String ID="P4_ST01438" HPOS="3151" VPOS="1086" WIDTH="22" HEIGHT="18" CONTENT="of" WC="0.20" CC="78"/>
							<SP ID="P4_SP01214" HPOS="3173" VPOS="1109" WIDTH="18"/>
							<String ID="P4_ST01439" HPOS="3191" VPOS="1087" WIDTH="38" HEIGHT="18" CONTENT="well" SUBS_TYPE="HypPart1" SUBS_CONTENT="wellseasoned" WC="0.96" CC="6178"/>
							<HYP HPOS="3229" VPOS="1087" WIDTH="9" CONTENT="-"/>
						</TextLine>
						<TextLine ID="P4_TL00233" HPOS="2811" VPOS="1110" WIDTH="427" HEIGHT="21">
							<String ID="P4_ST01440" HPOS="2811" VPOS="1112" WIDTH="94" HEIGHT="19" CONTENT="seasoned" SUBS_TYPE="HypPart2" SUBS_CONTENT="wellseasoned" WC="0.97" CC="76974756"/>
							<SP ID="P4_SP01215" HPOS="2905" VPOS="1131" WIDTH="21"/>
							<String ID="P4_ST01441" HPOS="2926" VPOS="1111" WIDTH="105" HEIGHT="18" CONTENT="tirst-clu.ss" WC="0.51" CC="407000858778"/>
							<SP ID="P4_SP01216" HPOS="3031" VPOS="1131" WIDTH="19"/>
							<String ID="P4_ST01442" HPOS="3050" VPOS="1110" WIDTH="74" HEIGHT="20" CONTENT="timber" WC="0.98" CC="007663"/>
							<SP ID="P4_SP01217" HPOS="3124" VPOS="1131" WIDTH="19"/>
							<String ID="P4_ST01443" HPOS="3143" VPOS="1117" WIDTH="25" HEIGHT="13" CONTENT="on" WC="0.57" CC="08"/>
							<SP ID="P4_SP01218" HPOS="3168" VPOS="1131" WIDTH="20"/>
							<String ID="P4_ST01444" HPOS="3188" VPOS="1112" WIDTH="50" HEIGHT="19" CONTENT="hand" WC="0.95" CC="5781"/>
						</TextLine>
						<TextLine ID="P4_TL00234" HPOS="2811" VPOS="1136" WIDTH="425" HEIGHT="27">
							<String ID="P4_ST01445" HPOS="2811" VPOS="1138" WIDTH="47" HEIGHT="25" CONTENT="t!n-y" WC="0.33" CC="97880"/>
							<SP ID="P4_SP01219" HPOS="2858" VPOS="1163" WIDTH="11"/>
							<String ID="P4_ST01446" HPOS="2869" VPOS="1144" WIDTH="33" HEIGHT="12" CONTENT="are" WC="0.96" CC="505"/>
							<SP ID="P4_SP01220" HPOS="2902" VPOS="1163" WIDTH="11"/>
							<String ID="P4_ST01447" HPOS="2913" VPOS="1136" WIDTH="97" HEIGHT="25" CONTENT="prepared" WC="0.97" CC="65897580"/>
							<SP ID="P4_SP01221" HPOS="3010" VPOS="1163" WIDTH="19"/>
							<String ID="P4_ST01448" HPOS="3029" VPOS="1142" WIDTH="20" HEIGHT="13" CONTENT="to" WC="0.35" CC="75"/>
							<SP ID="P4_SP01222" HPOS="3049" VPOS="1163" WIDTH="18"/>
							<String ID="P4_ST01449" HPOS="3067" VPOS="1137" WIDTH="52" HEIGHT="19" CONTENT="fulfil" WC="0.97" CC="263768"/>
							<SP ID="P4_SP01223" HPOS="3119" VPOS="1163" WIDTH="19"/>
							<String ID="P4_ST01450" HPOS="3138" VPOS="1138" WIDTH="68" HEIGHT="19" CONTENT="orders" WC="0.96" CC="929659"/>
							<SP ID="P4_SP01224" HPOS="3206" VPOS="1163" WIDTH="12"/>
							<String ID="P4_ST01451" HPOS="3218" VPOS="1144" WIDTH="18" HEIGHT="13" CONTENT="iit" WC="0.53" CC="607"/>
						</TextLine>
						<TextLine ID="P4_TL00235" HPOS="2811" VPOS="1164" WIDTH="156" HEIGHT="19">
							<String ID="P4_ST01452" HPOS="2811" VPOS="1164" WIDTH="85" HEIGHT="19" CONTENT="reduced" WC="0.96" CC="9998779"/>
							<SP ID="P4_SP01225" HPOS="2896" VPOS="1183" WIDTH="13"/>
							<String ID="P4_ST01453" HPOS="2909" VPOS="1167" WIDTH="58" HEIGHT="15" CONTENT="rates." WC="0.98" CC="190043"/>
						</TextLine>
						<TextLine ID="P4_TL00236" HPOS="2813" VPOS="1221" WIDTH="222" HEIGHT="49">
							<String ID="P4_ST01454" HPOS="2813" VPOS="1223" WIDTH="48" HEIGHT="47" CONTENT="T." WC="0.62" CC="70" STYLEREFS="TXT_44"/>
							<SP ID="P4_SP01226" HPOS="2861" VPOS="1270" WIDTH="29"/>
							<String ID="P4_ST01455" HPOS="2890" VPOS="1221" WIDTH="54" HEIGHT="47" CONTENT="M" WC="1.00" CC="0" STYLEREFS="TXT_44"/>
							<SP ID="P4_SP01227" HPOS="2944" VPOS="1270" WIDTH="47"/>
							<String ID="P4_ST01456" HPOS="2991" VPOS="1223" WIDTH="44" HEIGHT="44" CONTENT="H" WC="0.26" CC="7" STYLEREFS="TXT_44"/>
						</TextLine>
						<TextLine ID="P4_TL00237" HPOS="3041" VPOS="1221" WIDTH="192" HEIGHT="23">
							<String ID="P4_ST01457" HPOS="3041" VPOS="1221" WIDTH="132" HEIGHT="23" CONTENT="ARRIaON." WC="0.71" CC="00008680"/>
							<SP ID="P4_SP01228" HPOS="3173" VPOS="1244" WIDTH="14"/>
							<String ID="P4_ST01458" HPOS="3187" VPOS="1223" WIDTH="46" HEIGHT="20" CONTENT="B.A." WC="0.42" CC="7293"/>
						</TextLine>
						<TextLine ID="P4_TL00238" HPOS="2829" VPOS="1280" WIDTH="400" HEIGHT="25">
							<String ID="P4_ST01459" HPOS="2829" VPOS="1280" WIDTH="158" HEIGHT="21" CONTENT="BARRISTER" WC="0.97" CC="097878819"/>
							<SP ID="P4_SP01229" HPOS="2987" VPOS="1301" WIDTH="17"/>
							<String ID="P4_ST01460" HPOS="3004" VPOS="1280" WIDTH="59" HEIGHT="21" CONTENT="AND" WC="0.93" CC="476"/>
							<SP ID="P4_SP01230" HPOS="3063" VPOS="1301" WIDTH="11"/>
							<String ID="P4_ST01461" HPOS="3074" VPOS="1280" WIDTH="155" HEIGHT="25" CONTENT="*OMCII'OK," WC="0.53" CC="7187740242"/>
						</TextLine>
						<TextLine ID="P4_TL00239" HPOS="2827" VPOS="1313" WIDTH="402" HEIGHT="23">
							<String ID="P4_ST01462" HPOS="2827" VPOS="1314" WIDTH="43" HEIGHT="22" CONTENT="118," WC="0.78" CC="1070"/>
							<SP ID="P4_SP01231" HPOS="2870" VPOS="1336" WIDTH="13"/>
							<String ID="P4_ST01463" HPOS="2883" VPOS="1313" WIDTH="108" HEIGHT="19" CONTENT="Victoria" WC="0.97" CC="02868759"/>
							<SP ID="P4_SP01232" HPOS="2991" VPOS="1336" WIDTH="12"/>
							<String ID="P4_ST01464" HPOS="3003" VPOS="1314" WIDTH="92" HEIGHT="22" CONTENT="Akca.de," WC="0.54" CC="81770370"/>
							<SP ID="P4_SP01233" HPOS="3095" VPOS="1336" WIDTH="13"/>
							<String ID="P4_ST01465" HPOS="3108" VPOS="1314" WIDTH="121" HEIGHT="19" CONTENT="Auckland." WC="0.97" CC="778990880"/>
						</TextLine>
						<TextLine ID="P4_TL00240" HPOS="3003" VPOS="1348" WIDTH="56" HEIGHT="19">
							<String ID="P4_ST01466" HPOS="3003" VPOS="1348" WIDTH="56" HEIGHT="19" CONTENT="Also" WC="0.96" CC="0972"/>
						</TextLine>
						<TextLine ID="P4_TL00241" HPOS="2816" VPOS="1377" WIDTH="425" HEIGHT="27">
							<String ID="P4_ST01467" HPOS="2816" VPOS="1378" WIDTH="100" HEIGHT="20" CONTENT="Barrister" WC="0.98" CC="090536097"/>
							<SP ID="P4_SP01234" HPOS="2916" VPOS="1398" WIDTH="12"/>
							<String ID="P4_ST01468" HPOS="2928" VPOS="1378" WIDTH="36" HEIGHT="18" CONTENT="and" WC="0.90" CC="989"/>
							<SP ID="P4_SP01235" HPOS="2964" VPOS="1398" WIDTH="13"/>
							<String ID="P4_ST01469" HPOS="2977" VPOS="1377" WIDTH="92" HEIGHT="20" CONTENT="Solicitor" WC="0.98" CC="265166078"/>
							<SP ID="P4_SP01236" HPOS="3069" VPOS="1398" WIDTH="11"/>
							<String ID="P4_ST01470" HPOS="3080" VPOS="1377" WIDTH="22" HEIGHT="20" CONTENT="of" WC="0.66" CC="60"/>
							<SP ID="P4_SP01237" HPOS="3102" VPOS="1398" WIDTH="6"/>
							<String ID="P4_ST01471" HPOS="3108" VPOS="1380" WIDTH="35" HEIGHT="18" CONTENT="the" WC="0.92" CC="885"/>
							<SP ID="P4_SP01238" HPOS="3143" VPOS="1398" WIDTH="6"/>
							<String ID="P4_ST01472" HPOS="3149" VPOS="1378" WIDTH="92" HEIGHT="26" CONTENT="Supremo" WC="0.97" CC="3890467"/>
						</TextLine>
						<TextLine ID="P4_TL00242" HPOS="2893" VPOS="1404" WIDTH="268" HEIGHT="24">
							<String ID="P4_ST01473" HPOS="2893" VPOS="1404" WIDTH="70" HEIGHT="24" CONTENT="Court," WC="0.97" CC="646363"/>
							<SP ID="P4_SP01239" HPOS="2963" VPOS="1428" WIDTH="12"/>
							<String ID="P4_ST01474" HPOS="2975" VPOS="1405" WIDTH="92" HEIGHT="23" CONTENT="Ontario," WC="0.98" CC="78894070"/>
							<SP ID="P4_SP01240" HPOS="3067" VPOS="1428" WIDTH="12"/>
							<String ID="P4_ST01475" HPOS="3079" VPOS="1404" WIDTH="82" HEIGHT="20" CONTENT="Canada" WC="0.97" CC="717626"/>
						</TextLine>
						<TextLine ID="P4_TL00243" HPOS="2819" VPOS="1474" WIDTH="423" HEIGHT="45">
							<String ID="P4_ST01476" HPOS="2819" VPOS="1474" WIDTH="273" HEIGHT="45" CONTENT="PHOENIX" WC="0.98" CC="2035380" STYLEREFS="TXT_43"/>
							<SP ID="P4_SP01241" HPOS="3092" VPOS="1519" WIDTH="23"/>
							<String ID="P4_ST01477" HPOS="3115" VPOS="1474" WIDTH="127" HEIGHT="45" CONTENT="FIRE" WC="0.98" CC="1420" STYLEREFS="TXT_43"/>
						</TextLine>
						<TextLine ID="P4_TL00244" HPOS="2918" VPOS="1529" WIDTH="224" HEIGHT="44">
							<String ID="P4_ST01478" HPOS="2918" VPOS="1529" WIDTH="224" HEIGHT="44" CONTENT="OFFICE." WC="0.99" CC="0002630" STYLEREFS="TXT_43"/>
						</TextLine>
						<TextLine ID="P4_TL00245" HPOS="2817" VPOS="1632" WIDTH="426" HEIGHT="26">
							<String ID="P4_ST01479" HPOS="2817" VPOS="1633" WIDTH="81" HEIGHT="20" CONTENT="Losses" WC="0.96" CC="826777"/>
							<SP ID="P4_SP01242" HPOS="2898" VPOS="1653" WIDTH="25"/>
							<String ID="P4_ST01480" HPOS="2923" VPOS="1633" WIDTH="54" HEIGHT="18" CONTENT="Paid" WC="0.94" CC="7947"/>
							<SP ID="P4_SP01243" HPOS="2977" VPOS="1653" WIDTH="134"/>
							<String ID="P4_ST01481" HPOS="3111" VPOS="1632" WIDTH="116" HEIGHT="26" CONTENT="£2O,GQQfi&lt;" WC="0.45" CC="8960867007" STYLEREFS="TXT_7"/>
							<String ID="P4_ST01482" HPOS="3227" VPOS="1634" WIDTH="12" HEIGHT="14" CONTENT="v" STYLE="superscript" WC="0.38" CC="6" STYLEREFS="TXT_7"/>
							<String ID="P4_ST01483" HPOS="3240" VPOS="1632" WIDTH="3" HEIGHT="26" CONTENT=")" WC="0.19" CC="8" STYLEREFS="TXT_7"/>
						</TextLine>
						<TextLine ID="P4_TL00246" HPOS="2818" VPOS="1684" WIDTH="425" HEIGHT="26">
							<String ID="P4_ST01484" HPOS="2818" VPOS="1686" WIDTH="53" HEIGHT="19" CONTENT="Fiiie" WC="0.21" CC="77788"/>
							<SP ID="P4_SP01244" HPOS="2871" VPOS="1705" WIDTH="10"/>
							<String ID="P4_ST01485" HPOS="2881" VPOS="1686" WIDTH="105" HEIGHT="19" CONTENT="Pukmium" WC="0.17" CC="9769768"/>
							<SP ID="P4_SP01245" HPOS="2986" VPOS="1705" WIDTH="10"/>
							<String ID="P4_ST01486" HPOS="2996" VPOS="1684" WIDTH="99" HEIGHT="20" CONTENT="Exceeds" WC="0.97" CC="1777794"/>
							<SP ID="P4_SP01246" HPOS="3095" VPOS="1705" WIDTH="45"/>
							<String ID="P4_ST01487" HPOS="3140" VPOS="1686" WIDTH="33" HEIGHT="24" CONTENT="1,5'" WC="0.53" CC="5074"/>
							<String ID="P4_ST01488" HPOS="3179" VPOS="1684" WIDTH="29" HEIGHT="26" CONTENT="111" WC="0.92" CC="776"/>
							<SP ID="P4_SP01247" HPOS="3208" VPOS="1710" WIDTH="14"/>
							<String ID="P4_ST01489" HPOS="3222" VPOS="1687" WIDTH="21" HEIGHT="20" CONTENT="00" WC="0.46" CC="73"/>
						</TextLine>
						<TextLine ID="P4_TL00247" HPOS="2816" VPOS="1737" WIDTH="281" HEIGHT="20">
							<String ID="P4_ST01490" HPOS="2816" VPOS="1739" WIDTH="162" HEIGHT="18" CONTENT="ACCU.UULVTED" WC="0.24" CC="759878709896" STYLEREFS="TXT_2"/>
							<SP ID="P4_SP01248" HPOS="2978" VPOS="1757" WIDTH="49"/>
							<String ID="P4_ST01491" HPOS="3027" VPOS="1737" WIDTH="70" HEIGHT="19" CONTENT='Fd"Nl&gt;"' WC="0.38" CC="7816837" STYLEREFS="TXT_2"/>
						</TextLine>
						<TextLine ID="P4_TL00248" HPOS="2816" VPOS="1764" WIDTH="423" HEIGHT="21">
							<String ID="P4_ST01492" HPOS="2816" VPOS="1764" WIDTH="89" HEIGHT="19" CONTENT="Exceed" WC="0.97" CC="590907"/>
							<SP ID="P4_SP01249" HPOS="2905" VPOS="1783" WIDTH="232"/>
							<String ID="P4_ST01493" HPOS="3137" VPOS="1765" WIDTH="102" HEIGHT="20" CONTENT="£IOOOOOII" WC="0.54" CC="000377776"/>
						</TextLine>
						<TextLine ID="P4_TL00249" HPOS="2816" VPOS="1816" WIDTH="406" HEIGHT="25">
							<String ID="P4_ST01494" HPOS="2816" VPOS="1816" WIDTH="24" HEIGHT="21" CONTENT="W." WC="0.59" CC="16" STYLEREFS="TXT_1"/>
							<SP ID="P4_SP01250" HPOS="2840" VPOS="1837" WIDTH="17"/>
							<String ID="P4_ST01495" HPOS="2857" VPOS="1816" WIDTH="58" HEIGHT="21" CONTENT="WARD" WC="0.95" CC="6924" STYLEREFS="TXT_1"/>
							<SP ID="P4_SP01251" HPOS="2915" VPOS="1837" WIDTH="9"/>
							<String ID="P4_ST01496" HPOS="2924" VPOS="1816" WIDTH="66" HEIGHT="21" CONTENT="BAKER" WC="0.96" CC="29444" STYLEREFS="TXT_1"/>
							<SP ID="P4_SP01252" HPOS="2990" VPOS="1837" WIDTH="60"/>
							<String ID="P4_ST01497" HPOS="3050" VPOS="1816" WIDTH="24" HEIGHT="22" CONTENT="W." WC="0.48" CC="72" STYLEREFS="TXT_1"/>
							<SP ID="P4_SP01253" HPOS="3074" VPOS="1838" WIDTH="18"/>
							<String ID="P4_ST01498" HPOS="3092" VPOS="1817" WIDTH="16" HEIGHT="20" CONTENT="A." WC="0.37" CC="92" STYLEREFS="TXT_1"/>
							<SP ID="P4_SP01254" HPOS="3108" VPOS="1838" WIDTH="15"/>
							<String ID="P4_ST01499" HPOS="3123" VPOS="1817" WIDTH="99" HEIGHT="24" CONTENT="WILLIAMS" WC="0.97" CC="78398646" STYLEREFS="TXT_1"/>
						</TextLine>
						<TextLine ID="P4_TL00250" HPOS="2851" VPOS="1841" WIDTH="347" HEIGHT="26">
							<String ID="P4_ST01500" HPOS="2851" VPOS="1842" WIDTH="70" HEIGHT="21" CONTENT="District" WC="0.98" CC="47656860" STYLEREFS="TXT_1"/>
							<SP ID="P4_SP01255" HPOS="2921" VPOS="1863" WIDTH="9"/>
							<String ID="P4_ST01501" HPOS="2930" VPOS="1841" WIDTH="77" HEIGHT="26" CONTENT="Manager" WC="0.97" CC="7083945" STYLEREFS="TXT_1"/>
							<SP ID="P4_SP01256" HPOS="3007" VPOS="1867" WIDTH="74"/>
							<String ID="P4_ST01502" HPOS="3081" VPOS="1842" WIDTH="52" HEIGHT="21" CONTENT="Local" WC="0.97" CC="07555" STYLEREFS="TXT_1"/>
							<SP ID="P4_SP01257" HPOS="3133" VPOS="1867" WIDTH="12"/>
							<String ID="P4_ST01503" HPOS="3145" VPOS="1842" WIDTH="53" HEIGHT="25" CONTENT="Agent" WC="0.95" CC="89277" STYLEREFS="TXT_1"/>
						</TextLine>
						<TextLine ID="P4_TL00251" HPOS="2906" VPOS="1865" WIDTH="299" HEIGHT="23">
							<String ID="P4_ST01504" HPOS="2906" VPOS="1865" WIDTH="96" HEIGHT="23" CONTENT="Auckland." WC="0.98" CC="066504786" STYLEREFS="TXT_1"/>
							<SP ID="P4_SP01258" HPOS="3002" VPOS="1888" WIDTH="126"/>
							<String ID="P4_ST01505" HPOS="3128" VPOS="1867" WIDTH="77" HEIGHT="21" CONTENT="Rotorua." WC="0.55" CC="07744515" STYLEREFS="TXT_1"/>
						</TextLine>
						<TextLine ID="P4_TL00252" HPOS="2817" VPOS="1929" WIDTH="421" HEIGHT="43">
							<String ID="P4_ST01506" HPOS="2817" VPOS="1929" WIDTH="165" HEIGHT="43" CONTENT="ROTOROA" WC="0.44" CC="7762770" STYLEREFS="TXT_40"/>
							<SP ID="P4_SP01259" HPOS="2982" VPOS="1972" WIDTH="19"/>
							<String ID="P4_ST01507" HPOS="3001" VPOS="1930" WIDTH="166" HEIGHT="41" CONTENT="SAWMILL" WC="0.97" CC="6785276" STYLEREFS="TXT_40"/>
							<SP ID="P4_SP01260" HPOS="3167" VPOS="1972" WIDTH="25"/>
							<String ID="P4_ST01508" HPOS="3192" VPOS="1930" WIDTH="46" HEIGHT="41" CONTENT="CO," WC="0.94" CC="790" STYLEREFS="TXT_40"/>
						</TextLine>
						<TextLine ID="P4_TL00253" HPOS="2821" VPOS="2009" WIDTH="418" HEIGHT="49">
							<String ID="P4_ST01509" HPOS="2821" VPOS="2009" WIDTH="133" HEIGHT="49" CONTENT="WHITE" WC="0.96" CC="67396"/>
							<SP ID="P4_SP01261" HPOS="2954" VPOS="2058" WIDTH="9"/>
							<String ID="P4_ST01510" HPOS="2963" VPOS="2009" WIDTH="61" HEIGHT="20" CONTENT="AND" WC="0.90" CC="997"/>
							<SP ID="P4_SP01262" HPOS="3024" VPOS="2058" WIDTH="11"/>
							<String ID="P4_ST01511" HPOS="3035" VPOS="2009" WIDTH="56" HEIGHT="20" CONTENT="RED" WC="0.93" CC="818"/>
							<SP ID="P4_SP01263" HPOS="3091" VPOS="2058" WIDTH="9"/>
							<String ID="P4_ST01512" HPOS="3100" VPOS="2009" WIDTH="70" HEIGHT="20" CONTENT="PINE" WC="0.95" CC="7690"/>
							<SP ID="P4_SP01264" HPOS="3170" VPOS="2058" WIDTH="9"/>
							<String ID="P4_ST01513" HPOS="3179" VPOS="2009" WIDTH="21" HEIGHT="20" CONTENT="of" WC="0.50" CC="09"/>
							<SP ID="P4_SP01265" HPOS="3200" VPOS="2058" WIDTH="12"/>
							<String ID="P4_ST01514" HPOS="3212" VPOS="2009" WIDTH="27" HEIGHT="20" CONTENT="the" WC="0.94" CC="970"/>
						</TextLine>
						<TextLine ID="P4_TL00254" HPOS="2917" VPOS="2036" WIDTH="322" HEIGHT="26">
							<String ID="P4_ST01515" HPOS="2917" VPOS="2037" WIDTH="59" HEIGHT="19" CONTENT="finest" WC="0.96" CC="708578"/>
							<SP ID="P4_SP01266" HPOS="2976" VPOS="2056" WIDTH="18"/>
							<String ID="P4_ST01516" HPOS="2994" VPOS="2036" WIDTH="78" HEIGHT="26" CONTENT="quality" WC="0.97" CC="7622888"/>
							<SP ID="P4_SP01267" HPOS="3072" VPOS="2062" WIDTH="19"/>
							<String ID="P4_ST01517" HPOS="3091" VPOS="2036" WIDTH="41" HEIGHT="20" CONTENT="and" WC="0.92" CC="379"/>
							<SP ID="P4_SP01268" HPOS="3132" VPOS="2062" WIDTH="17"/>
							<String ID="P4_ST01518" HPOS="3149" VPOS="2036" WIDTH="90" HEIGHT="26" CONTENT="carefully" WC="0.98" CC="773096669"/>
						</TextLine>
						<TextLine ID="P4_TL00255" HPOS="2813" VPOS="2065" WIDTH="41" HEIGHT="18">
							<String ID="P4_ST01519" HPOS="2813" VPOS="2065" WIDTH="41" HEIGHT="18" CONTENT="cut." WC="0.97" CC="7600"/>
						</TextLine>
						<TextLine ID="P4_TL00256" HPOS="3003" VPOS="2088" WIDTH="52" HEIGHT="20">
							<String ID="P4_ST01520" HPOS="3003" VPOS="2088" WIDTH="52" HEIGHT="20" CONTENT="Also" WC="0.93" CC="9974"/>
						</TextLine>
						<TextLine ID="P4_TL00257" HPOS="2814" VPOS="2120" WIDTH="426" HEIGHT="26">
							<String ID="P4_ST01521" HPOS="2814" VPOS="2122" WIDTH="90" HEIGHT="21" CONTENT="Matai," WC="0.30" CC="989184" STYLEREFS="TXT_12"/>
							<SP ID="P4_SP01269" HPOS="2904" VPOS="2143" WIDTH="29"/>
							<String ID="P4_ST01522" HPOS="2933" VPOS="2121" WIDTH="127" HEIGHT="25" CONTENT="Pukatea," WC="0.53" CC="63297160" STYLEREFS="TXT_12"/>
							<SP ID="P4_SP01270" HPOS="3060" VPOS="2146" WIDTH="33"/>
							<String ID="P4_ST01523" HPOS="3093" VPOS="2120" WIDTH="51" HEIGHT="22" CONTENT="and" WC="0.90" CC="799" STYLEREFS="TXT_12"/>
							<SP ID="P4_SP01271" HPOS="3144" VPOS="2146" WIDTH="25"/>
							<String ID="P4_ST01524" HPOS="3169" VPOS="2120" WIDTH="71" HEIGHT="22" CONTENT="Tawa" WC="0.42" CC="5295" STYLEREFS="TXT_12"/>
						</TextLine>
						<TextLine ID="P4_TL00258" HPOS="2841" VPOS="2147" WIDTH="365" HEIGHT="27">
							<String ID="P4_ST01525" HPOS="2841" VPOS="2148" WIDTH="134" HEIGHT="26" CONTENT="Shingles," WC="0.98" CC="672798050" STYLEREFS="TXT_12"/>
							<SP ID="P4_SP01272" HPOS="2975" VPOS="2174" WIDTH="12"/>
							<String ID="P4_ST01526" HPOS="2987" VPOS="2147" WIDTH="117" HEIGHT="26" CONTENT="Palings," WC="0.99" CC="70100770" STYLEREFS="TXT_12"/>
							<SP ID="P4_SP01273" HPOS="3104" VPOS="2174" WIDTH="17"/>
							<String ID="P4_ST01527" HPOS="3121" VPOS="2147" WIDTH="85" HEIGHT="22" CONTENT="Block" WC="0.98" CC="30066" STYLEREFS="TXT_12"/>
						</TextLine>
						<TextLine ID="P4_TL00259" HPOS="2954" VPOS="2173" WIDTH="157" HEIGHT="22">
							<String ID="P4_ST01528" HPOS="2954" VPOS="2173" WIDTH="51" HEIGHT="22" CONTENT="and" WC="0.97" CC="007" STYLEREFS="TXT_12"/>
							<SP ID="P4_SP01274" HPOS="3005" VPOS="2195" WIDTH="24"/>
							<String ID="P4_ST01529" HPOS="3029" VPOS="2173" WIDTH="82" HEIGHT="22" CONTENT="Posts-" WC="0.96" CC="657878" STYLEREFS="TXT_12"/>
						</TextLine>
						<TextLine ID="P4_TL00260" HPOS="2839" VPOS="2216" WIDTH="400" HEIGHT="27">
							<String ID="P4_ST01530" HPOS="2839" VPOS="2218" WIDTH="18" HEIGHT="19" CONTENT="A" WC="1.00" CC="9"/>
							<SP ID="P4_SP01275" HPOS="2857" VPOS="2237" WIDTH="15"/>
							<String ID="P4_ST01531" HPOS="2872" VPOS="2218" WIDTH="52" HEIGHT="25" CONTENT="good" WC="0.94" CC="7919"/>
							<SP ID="P4_SP01276" HPOS="2924" VPOS="2243" WIDTH="10"/>
							<String ID="P4_ST01532" HPOS="2934" VPOS="2217" WIDTH="40" HEIGHT="20" CONTENT="and" WC="0.91" CC="499"/>
							<SP ID="P4_SP01277" HPOS="2974" VPOS="2243" WIDTH="10"/>
							<String ID="P4_ST01533" HPOS="2984" VPOS="2217" WIDTH="89" HEIGHT="19" CONTENT="assorted" WC="0.98" CC="47507359"/>
							<SP ID="P4_SP01278" HPOS="3073" VPOS="2243" WIDTH="15"/>
							<String ID="P4_ST01534" HPOS="3088" VPOS="2216" WIDTH="74" HEIGHT="27" CONTENT="supply" WC="0.96" CC="769939"/>
							<SP ID="P4_SP01279" HPOS="3162" VPOS="2243" WIDTH="9"/>
							<String ID="P4_ST01535" HPOS="3171" VPOS="2216" WIDTH="68" HEIGHT="26" CONTENT="always" WC="0.97" CC="039377"/>
						</TextLine>
						<TextLine ID="P4_TL00261" HPOS="2813" VPOS="2243" WIDTH="332" HEIGHT="24">
							<String ID="P4_ST01536" HPOS="2813" VPOS="2252" WIDTH="26" HEIGHT="11" CONTENT="on" WC="0.24" CC="77"/>
							<SP ID="P4_SP01280" HPOS="2839" VPOS="2263" WIDTH="10"/>
							<String ID="P4_ST01537" HPOS="2849" VPOS="2244" WIDTH="53" HEIGHT="19" CONTENT="baud" WC="0.93" CC="7979"/>
							<SP ID="P4_SP01281" HPOS="2902" VPOS="2263" WIDTH="14"/>
							<String ID="P4_ST01538" HPOS="2916" VPOS="2247" WIDTH="20" HEIGHT="16" CONTENT="at" WC="0.71" CC="05"/>
							<SP ID="P4_SP01282" HPOS="2936" VPOS="2263" WIDTH="9"/>
							<String ID="P4_ST01539" HPOS="2945" VPOS="2244" WIDTH="35" HEIGHT="19" CONTENT="the" WC="0.94" CC="077"/>
							<SP ID="P4_SP01283" HPOS="2980" VPOS="2263" WIDTH="10"/>
							<String ID="P4_ST01540" HPOS="2990" VPOS="2243" WIDTH="81" HEIGHT="19" CONTENT="Timber" WC="0.96" CC="638749"/>
							<SP ID="P4_SP01284" HPOS="3071" VPOS="2263" WIDTH="10"/>
							<String ID="P4_ST01541" HPOS="3081" VPOS="2243" WIDTH="64" HEIGHT="24" CONTENT="Yard," WC="0.95" CC="59991"/>
						</TextLine>
						<TextLine ID="P4_TL00262" HPOS="2959" VPOS="2274" WIDTH="138" HEIGHT="21">
							<String ID="P4_ST01542" HPOS="2959" VPOS="2274" WIDTH="138" HEIGHT="21" CONTENT="ROTORUA." WC="0.34" CC="87807496"/>
						</TextLine>
						<TextLine ID="P4_TL00263" HPOS="2812" VPOS="2324" WIDTH="428" HEIGHT="28">
							<String ID="P4_ST01543" HPOS="2812" VPOS="2325" WIDTH="161" HEIGHT="27" CONTENT="N.B.—Special" WC="0.57" CC="407187900507"/>
							<SP ID="P4_SP01285" HPOS="2973" VPOS="2352" WIDTH="11"/>
							<String ID="P4_ST01544" HPOS="2984" VPOS="2331" WIDTH="43" HEIGHT="12" CONTENT="care" WC="0.96" CC="7037"/>
							<SP ID="P4_SP01286" HPOS="3027" VPOS="2352" WIDTH="11"/>
							<String ID="P4_ST01545" HPOS="3038" VPOS="2325" WIDTH="61" HEIGHT="19" CONTENT="taken" WC="0.95" CC="58977"/>
							<SP ID="P4_SP01287" HPOS="3099" VPOS="2352" WIDTH="18"/>
							<String ID="P4_ST01546" HPOS="3117" VPOS="2324" WIDTH="21" HEIGHT="20" CONTENT="in" WC="0.42" CC="37"/>
							<SP ID="P4_SP01288" HPOS="3138" VPOS="2352" WIDTH="16"/>
							<String ID="P4_ST01547" HPOS="3154" VPOS="2324" WIDTH="33" HEIGHT="20" CONTENT="tlio" WC="0.66" CC="0076"/>
							<SP ID="P4_SP01289" HPOS="3187" VPOS="2352" WIDTH="17"/>
							<String ID="P4_ST01548" HPOS="3204" VPOS="2330" WIDTH="36" HEIGHT="14" CONTENT="sea-" WC="0.96" CC="7506"/>
						</TextLine>
						<TextLine ID="P4_TL00264" HPOS="2825" VPOS="2398" WIDTH="404" HEIGHT="22">
							<String ID="P4_ST01549" HPOS="2825" VPOS="2400" WIDTH="99" HEIGHT="20" CONTENT="PRICES" WC="0.97" CC="770755"/>
							<SP ID="P4_SP01290" HPOS="2924" VPOS="2420" WIDTH="16"/>
							<String ID="P4_ST01550" HPOS="2940" VPOS="2399" WIDTH="35" HEIGHT="20" CONTENT="AT" WC="0.66" CC="60"/>
							<SP ID="P4_SP01291" HPOS="2975" VPOS="2420" WIDTH="16"/>
							<String ID="P4_ST01551" HPOS="2991" VPOS="2398" WIDTH="132" HEIGHT="20" CONTENT="CURRENT" WC="0.97" CC="6777309"/>
							<SP ID="P4_SP01292" HPOS="3123" VPOS="2420" WIDTH="15"/>
							<String ID="P4_ST01552" HPOS="3138" VPOS="2398" WIDTH="91" HEIGHT="20" CONTENT="RATES." WC="0.96" CC="799872"/>
						</TextLine>
						<TextLine ID="P4_TL00265" HPOS="2864" VPOS="2457" WIDTH="335" HEIGHT="26">
							<String ID="P4_ST01553" HPOS="2864" VPOS="2460" WIDTH="32" HEIGHT="20" CONTENT="W." WC="0.47" CC="82"/>
							<SP ID="P4_SP01293" HPOS="2896" VPOS="2480" WIDTH="16"/>
							<String ID="P4_ST01554" HPOS="2912" VPOS="2458" WIDTH="153" HEIGHT="25" CONTENT="HENSHAW," WC="0.28" CC="81878983"/>
							<SP ID="P4_SP01294" HPOS="3065" VPOS="2483" WIDTH="23"/>
							<String ID="P4_ST01555" HPOS="3088" VPOS="2457" WIDTH="111" HEIGHT="20" CONTENT="Manages." WC="0.97" CC="79777773"/>
						</TextLine>
						<TextLine ID="P4_TL00266" HPOS="2862" VPOS="2514" WIDTH="339" HEIGHT="43">
							<String ID="P4_ST01556" HPOS="2862" VPOS="2516" WIDTH="163" HEIGHT="35" CONTENT="Rotorua" WC="0.58" CC="8292060" STYLEREFS="TXT_40"/>
							<SP ID="P4_SP01295" HPOS="3025" VPOS="2551" WIDTH="14"/>
							<String ID="P4_ST01557" HPOS="3039" VPOS="2514" WIDTH="162" HEIGHT="43" CONTENT="Library." WC="0.99" CC="73800040" STYLEREFS="TXT_40"/>
						</TextLine>
						<TextLine ID="P4_TL00267" HPOS="2814" VPOS="2579" WIDTH="424" HEIGHT="50">
							<String ID="P4_ST01558" HPOS="2814" VPOS="2581" WIDTH="114" HEIGHT="48" CONTENT="OPEN" WC="0.95" CC="5657"/>
							<SP ID="P4_SP01296" HPOS="2928" VPOS="2629" WIDTH="15"/>
							<String ID="P4_ST01559" HPOS="2943" VPOS="2581" WIDTH="53" HEIGHT="20" CONTENT="from" WC="0.94" CC="9558"/>
							<SP ID="P4_SP01297" HPOS="2996" VPOS="2629" WIDTH="12"/>
							<String ID="P4_ST01560" HPOS="3008" VPOS="2582" WIDTH="23" HEIGHT="18" CONTENT="10" WC="0.53" CC="45"/>
							<SP ID="P4_SP01298" HPOS="3031" VPOS="2629" WIDTH="12"/>
							<String ID="P4_ST01561" HPOS="3043" VPOS="2587" WIDTH="45" HEIGHT="13" CONTENT="a.m." WC="0.97" CC="6050"/>
							<SP ID="P4_SP01299" HPOS="3088" VPOS="2629" WIDTH="9"/>
							<String ID="P4_ST01562" HPOS="3097" VPOS="2582" WIDTH="22" HEIGHT="17" CONTENT="to" WC="0.30" CC="67"/>
							<SP ID="P4_SP01300" HPOS="3119" VPOS="2629" WIDTH="10"/>
							<String ID="P4_ST01563" HPOS="3129" VPOS="2582" WIDTH="12" HEIGHT="17" CONTENT="5" WC="0.32" CC="6"/>
							<SP ID="P4_SP01301" HPOS="3141" VPOS="2629" WIDTH="8"/>
							<String ID="P4_ST01564" HPOS="3149" VPOS="2587" WIDTH="45" HEIGHT="19" CONTENT="p.m." WC="0.97" CC="6050"/>
							<SP ID="P4_SP01302" HPOS="3194" VPOS="2629" WIDTH="11"/>
							<String ID="P4_ST01565" HPOS="3205" VPOS="2579" WIDTH="33" HEIGHT="20" CONTENT="and" WC="0.93" CC="566"/>
						</TextLine>
						<TextLine ID="P4_TL00268" HPOS="2874" VPOS="2607" WIDTH="363" HEIGHT="25">
							<String ID="P4_ST01566" HPOS="2874" VPOS="2610" WIDTH="46" HEIGHT="18" CONTENT="6.30" WC="0.68" CC="1064"/>
							<SP ID="P4_SP01303" HPOS="2920" VPOS="2628" WIDTH="8"/>
							<String ID="P4_ST01567" HPOS="2928" VPOS="2611" WIDTH="20" HEIGHT="16" CONTENT="to" WC="0.50" CC="90"/>
							<SP ID="P4_SP01304" HPOS="2948" VPOS="2628" WIDTH="11"/>
							<String ID="P4_ST01568" HPOS="2959" VPOS="2609" WIDTH="24" HEIGHT="18" CONTENT="10" WC="0.49" CC="63"/>
							<SP ID="P4_SP01305" HPOS="2983" VPOS="2628" WIDTH="9"/>
							<String ID="P4_ST01569" HPOS="2992" VPOS="2614" WIDTH="14" HEIGHT="18" CONTENT="p." WC="1.00" CC="00"/>
							<SP ID="P4_SP01306" HPOS="3006" VPOS="2632" WIDTH="7"/>
							<String ID="P4_ST01570" HPOS="3013" VPOS="2614" WIDTH="23" HEIGHT="12" CONTENT="m." WC="0.66" CC="60"/>
							<SP ID="P4_SP01307" HPOS="3036" VPOS="2632" WIDTH="12"/>
							<String ID="P4_ST01571" HPOS="3048" VPOS="2608" WIDTH="94" HEIGHT="24" CONTENT="Sundays" WC="0.96" CC="7088897"/>
							<SP ID="P4_SP01308" HPOS="3142" VPOS="2632" WIDTH="9"/>
							<String ID="P4_ST01572" HPOS="3151" VPOS="2607" WIDTH="31" HEIGHT="18" CONTENT="till" WC="0.97" CC="1086"/>
							<SP ID="P4_SP01309" HPOS="3182" VPOS="2632" WIDTH="7"/>
							<String ID="P4_ST01573" HPOS="3189" VPOS="2608" WIDTH="48" HEIGHT="24" CONTENT="9p.m" WC="0.53" CC="5804"/>
						</TextLine>
						<TextLine ID="P4_TL00269" HPOS="2814" VPOS="2639" WIDTH="420" HEIGHT="23">
							<String ID="P4_ST01574" HPOS="2814" VPOS="2639" WIDTH="192" HEIGHT="23" CONTENT="Subscription:" WC="0.99" CC="7747365657063" STYLEREFS="TXT_45"/>
							<SP ID="P4_SP01310" HPOS="3006" VPOS="2662" WIDTH="9"/>
							<String ID="P4_ST01575" HPOS="3015" VPOS="2639" WIDTH="51" HEIGHT="17" CONTENT="2«s" WC="0.31" CC="874" STYLEREFS="TXT_45"/>
							<SP ID="P4_SP01311" HPOS="3066" VPOS="2662" WIDTH="14"/>
							<String ID="P4_ST01576" HPOS="3080" VPOS="2643" WIDTH="48" HEIGHT="18" CONTENT="per" WC="0.91" CC="977" STYLEREFS="TXT_45"/>
							<SP ID="P4_SP01312" HPOS="3128" VPOS="2662" WIDTH="13"/>
							<String ID="P4_ST01577" HPOS="3141" VPOS="2642" WIDTH="93" HEIGHT="14" CONTENT="annum" WC="0.94" CC="88889" STYLEREFS="TXT_45"/>
						</TextLine>
						<TextLine ID="P4_TL00270" HPOS="2840" VPOS="2669" WIDTH="399" HEIGHT="26">
							<String ID="P4_ST01578" HPOS="2840" VPOS="2672" WIDTH="87" HEIGHT="19" CONTENT="Visitors" WC="0.98" CC="70706261"/>
							<SP ID="P4_SP01313" HPOS="2927" VPOS="2691" WIDTH="20"/>
							<String ID="P4_ST01579" HPOS="2947" VPOS="2677" WIDTH="44" HEIGHT="18" CONTENT="may" WC="0.94" CC="609"/>
							<SP ID="P4_SP01314" HPOS="2991" VPOS="2695" WIDTH="19"/>
							<String ID="P4_ST01580" HPOS="3010" VPOS="2676" WIDTH="85" HEIGHT="19" CONTENT="procure" WC="0.98" CC="7057470"/>
							<SP ID="P4_SP01315" HPOS="3095" VPOS="2695" WIDTH="16"/>
							<String ID="P4_ST01581" HPOS="3111" VPOS="2669" WIDTH="67" HEIGHT="19" CONTENT="Books" WC="0.97" CC="76207"/>
							<SP ID="P4_SP01316" HPOS="3178" VPOS="2695" WIDTH="16"/>
							<String ID="P4_ST01582" HPOS="3194" VPOS="2669" WIDTH="45" HEIGHT="19" CONTENT="from" WC="0.94" CC="9478"/>
						</TextLine>
						<TextLine ID="P4_TL00271" HPOS="2815" VPOS="2695" WIDTH="423" HEIGHT="27">
							<String ID="P4_ST01583" HPOS="2815" VPOS="2698" WIDTH="33" HEIGHT="20" CONTENT="the" WC="0.93" CC="566"/>
							<SP ID="P4_SP01317" HPOS="2848" VPOS="2718" WIDTH="17"/>
							<String ID="P4_ST01584" HPOS="2865" VPOS="2698" WIDTH="86" HEIGHT="24" CONTENT="Library" WC="0.98" CC="2072659"/>
							<SP ID="P4_SP01318" HPOS="2951" VPOS="2722" WIDTH="17"/>
							<String ID="P4_ST01585" HPOS="2968" VPOS="2704" WIDTH="25" HEIGHT="12" CONTENT="on" WC="0.30" CC="67"/>
							<SP ID="P4_SP01319" HPOS="2993" VPOS="2722" WIDTH="18"/>
							<String ID="P4_ST01586" HPOS="3011" VPOS="2696" WIDTH="81" HEIGHT="26" CONTENT="making" WC="0.99" CC="900000"/>
							<SP ID="P4_SP01320" HPOS="3092" VPOS="2722" WIDTH="17"/>
							<String ID="P4_ST01587" HPOS="3109" VPOS="2704" WIDTH="12" HEIGHT="12" CONTENT="a" WC="0.01" CC="9"/>
							<SP ID="P4_SP01321" HPOS="3121" VPOS="2722" WIDTH="14"/>
							<String ID="P4_ST01588" HPOS="3135" VPOS="2696" WIDTH="78" HEIGHT="24" CONTENT="deposit" WC="0.99" CC="1052056"/>
							<SP ID="P4_SP01322" HPOS="3213" VPOS="2722" WIDTH="9"/>
							<String ID="P4_ST01589" HPOS="3222" VPOS="2695" WIDTH="16" HEIGHT="19" CONTENT="of" WC="0.39" CC="38"/>
						</TextLine>
						<TextLine ID="P4_TL00272" HPOS="2815" VPOS="2722" WIDTH="422" HEIGHT="26">
							<String ID="P4_ST01590" HPOS="2815" VPOS="2726" WIDTH="36" HEIGHT="18" CONTENT="not" WC="0.94" CC="509"/>
							<SP ID="P4_SP01323" HPOS="2851" VPOS="2744" WIDTH="15"/>
							<String ID="P4_ST01591" HPOS="2866" VPOS="2724" WIDTH="39" HEIGHT="20" CONTENT="less" WC="0.97" CC="0065"/>
							<SP ID="P4_SP01324" HPOS="2905" VPOS="2744" WIDTH="19"/>
							<String ID="P4_ST01592" HPOS="2924" VPOS="2723" WIDTH="49" HEIGHT="19" CONTENT="than" WC="0.96" CC="5707"/>
							<SP ID="P4_SP01325" HPOS="2973" VPOS="2744" WIDTH="17"/>
							<String ID="P4_ST01593" HPOS="2990" VPOS="2730" WIDTH="28" HEIGHT="15" CONTENT="os," WC="0.50" CC="770"/>
							<SP ID="P4_SP01326" HPOS="3018" VPOS="2745" WIDTH="18"/>
							<String ID="P4_ST01594" HPOS="3036" VPOS="2723" WIDTH="38" HEIGHT="19" CONTENT="and" WC="0.93" CC="089"/>
							<SP ID="P4_SP01327" HPOS="3074" VPOS="2745" WIDTH="17"/>
							<String ID="P4_ST01595" HPOS="3091" VPOS="2722" WIDTH="119" HEIGHT="26" CONTENT="purchasing" WC="0.98" CC="3440717485"/>
							<SP ID="P4_SP01328" HPOS="3210" VPOS="2748" WIDTH="10"/>
							<String ID="P4_ST01596" HPOS="3220" VPOS="2723" WIDTH="17" HEIGHT="19" CONTENT="Is" WC="0.48" CC="27"/>
						</TextLine>
						<TextLine ID="P4_TL00273" HPOS="2815" VPOS="2749" WIDTH="337" HEIGHT="26">
							<String ID="P4_ST01597" HPOS="2815" VPOS="2758" WIDTH="79" HEIGHT="17" CONTENT="coupon" WC="0.98" CC="361077"/>
							<SP ID="P4_SP01329" HPOS="2894" VPOS="2775" WIDTH="10"/>
							<String ID="P4_ST01598" HPOS="2904" VPOS="2751" WIDTH="32" HEIGHT="19" CONTENT="for" WC="0.98" CC="023"/>
							<SP ID="P4_SP01330" HPOS="2936" VPOS="2775" WIDTH="9"/>
							<String ID="P4_ST01599" HPOS="2945" VPOS="2756" WIDTH="62" HEIGHT="18" CONTENT="every" WC="0.96" CC="09809"/>
							<SP ID="P4_SP01331" HPOS="3007" VPOS="2775" WIDTH="10"/>
							<String ID="P4_ST01600" HPOS="3017" VPOS="2749" WIDTH="55" HEIGHT="20" CONTENT="Four" WC="0.96" CC="7037"/>
							<SP ID="P4_SP01332" HPOS="3072" VPOS="2775" WIDTH="10"/>
							<String ID="P4_ST01601" HPOS="3082" VPOS="2749" WIDTH="70" HEIGHT="19" CONTENT="books." WC="0.98" CC="750070"/>
						</TextLine>
						<TextLine ID="P4_TL00274" HPOS="2841" VPOS="2775" WIDTH="398" HEIGHT="27">
							<String ID="P4_ST01602" HPOS="2841" VPOS="2777" WIDTH="42" HEIGHT="20" CONTENT="The" WC="0.95" CC="075"/>
							<SP ID="P4_SP01333" HPOS="2883" VPOS="2797" WIDTH="19"/>
							<String ID="P4_ST01603" HPOS="2902" VPOS="2777" WIDTH="87" HEIGHT="25" CONTENT="Library" WC="0.98" CC="0470619"/>
							<SP ID="P4_SP01334" HPOS="2989" VPOS="2802" WIDTH="17"/>
							<String ID="P4_ST01604" HPOS="3006" VPOS="2775" WIDTH="18" HEIGHT="21" CONTENT="is" WC="0.30" CC="58"/>
							<SP ID="P4_SP01335" HPOS="3024" VPOS="2802" WIDTH="23"/>
							<String ID="P4_ST01605" HPOS="3047" VPOS="2782" WIDTH="52" HEIGHT="20" CONTENT="open" WC="0.97" CC="5007"/>
							<SP ID="P4_SP01336" HPOS="3099" VPOS="2802" WIDTH="24"/>
							<String ID="P4_ST01606" HPOS="3123" VPOS="2776" WIDTH="71" HEIGHT="25" CONTENT="during" WC="0.98" CC="006079"/>
							<SP ID="P4_SP01337" HPOS="3194" VPOS="2802" WIDTH="19"/>
							<String ID="P4_ST01607" HPOS="3213" VPOS="2775" WIDTH="26" HEIGHT="19" CONTENT="the" WC="0.96" CC="370"/>
						</TextLine>
					</TextBlock>
				</ComposedBlock>
				<ComposedBlock ID="P4_CB00008" HPOS="2810" VPOS="2861" WIDTH="455" HEIGHT="1177" TYPE="Advertisement">
					<TextBlock ID="P4_TB00012" HPOS="2810" VPOS="2861" WIDTH="455" HEIGHT="1177" STYLEREFS="TXT_3 PAR_LEFT">
						<TextLine ID="P4_TL00275" HPOS="2838" VPOS="2862" WIDTH="358" HEIGHT="43">
							<String ID="P4_ST01608" HPOS="2838" VPOS="2865" WIDTH="45" HEIGHT="40" CONTENT="M" WC="1.00" CC="0" STYLEREFS="TXT_24"/>
							<String ID="P4_ST01609" HPOS="2888" VPOS="2864" WIDTH="17" HEIGHT="15" CONTENT="R" STYLE="superscript" WC="0.25" CC="7" STYLEREFS="TXT_24"/>
							<SP ID="P4_SP01338" HPOS="2905" VPOS="2905" WIDTH="25"/>
							<String ID="P4_ST01610" HPOS="2930" VPOS="2863" WIDTH="50" HEIGHT="37" CONTENT="W" WC="0.54" CC="4" STYLEREFS="TXT_24"/>
							<SP ID="P4_SP01339" HPOS="2980" VPOS="2905" WIDTH="32"/>
							<String ID="P4_ST01611" HPOS="3012" VPOS="2863" WIDTH="39" HEIGHT="37" CONTENT="J." WC="0.63" CC="43" STYLEREFS="TXT_24"/>
							<SP ID="P4_SP01340" HPOS="3051" VPOS="2905" WIDTH="27"/>
							<String ID="P4_ST01612" HPOS="3078" VPOS="2862" WIDTH="95" HEIGHT="38" CONTENT="W™" WC="0.11" CC="89" STYLEREFS="TXT_46"/>
							<String ID="P4_ST01613" HPOS="3177" VPOS="2863" WIDTH="10" HEIGHT="18" CONTENT="R" SUBS_TYPE="HypPart1" SUBS_CONTENT="RBARRISTER" STYLE="superscript" WC="0.45" CC="5" STYLEREFS="TXT_46"/>
							<HYP HPOS="3187" VPOS="2863" WIDTH="9" CONTENT="-"/>
						</TextLine>
						<TextLine ID="P4_TL00276" HPOS="2866" VPOS="2909" WIDTH="329" HEIGHT="20">
							<String ID="P4_ST01614" HPOS="2866" VPOS="2910" WIDTH="151" HEIGHT="19" CONTENT="BARRISTER" SUBS_TYPE="HypPart2" SUBS_CONTENT="RBARRISTER" WC="0.98" CC="397703967" STYLEREFS="TXT_21"/>
							<SP ID="P4_SP01341" HPOS="3017" VPOS="2929" WIDTH="11"/>
							<String ID="P4_ST01615" HPOS="3028" VPOS="2909" WIDTH="17" HEIGHT="19" CONTENT="&amp;" WC="1.00" CC="0" STYLEREFS="TXT_21"/>
							<SP ID="P4_SP01342" HPOS="3045" VPOS="2929" WIDTH="9"/>
							<String ID="P4_ST01616" HPOS="3054" VPOS="2910" WIDTH="141" HEIGHT="18" CONTENT="SOLICITOR." WC="0.99" CC="4291419002" STYLEREFS="TXT_21"/>
						</TextLine>
						<TextLine ID="P4_TL00277" HPOS="2815" VPOS="2938" WIDTH="420" HEIGHT="24">
							<String ID="P4_ST01617" HPOS="2815" VPOS="2941" WIDTH="146" HEIGHT="18" CONTENT="Commissioner" WC="0.98" CC="638907757800"/>
							<SP ID="P4_SP01343" HPOS="2961" VPOS="2959" WIDTH="8"/>
							<String ID="P4_ST01618" HPOS="2969" VPOS="2941" WIDTH="20" HEIGHT="17" CONTENT="of" WC="0.31" CC="76"/>
							<SP ID="P4_SP01344" HPOS="2989" VPOS="2959" WIDTH="8"/>
							<String ID="P4_ST01619" HPOS="2997" VPOS="2940" WIDTH="31" HEIGHT="17" CONTENT="the" WC="0.93" CC="476"/>
							<SP ID="P4_SP01345" HPOS="3028" VPOS="2959" WIDTH="17"/>
							<String ID="P4_ST01620" HPOS="3045" VPOS="2941" WIDTH="90" HEIGHT="21" CONTENT="Supreme" WC="0.97" CC="7792077"/>
							<SP ID="P4_SP01346" HPOS="3135" VPOS="2962" WIDTH="14"/>
							<String ID="P4_ST01621" HPOS="3149" VPOS="2940" WIDTH="59" HEIGHT="17" CONTENT="Court" WC="0.95" CC="86868"/>
							<SP ID="P4_SP01347" HPOS="3208" VPOS="2962" WIDTH="10"/>
							<String ID="P4_ST01622" HPOS="3218" VPOS="2938" WIDTH="17" HEIGHT="19" CONTENT="of" WC="0.51" CC="44"/>
						</TextLine>
						<TextLine ID="P4_TL00278" HPOS="3008" VPOS="2963" WIDTH="53" HEIGHT="24">
							<String ID="P4_ST01623" HPOS="3008" VPOS="2963" WIDTH="53" HEIGHT="24" CONTENT="Fiji-)" WC="0.97" CC="757740"/>
						</TextLine>
						<TextLine ID="P4_TL00279" HPOS="2815" VPOS="2986" WIDTH="424" HEIGHT="20">
							<String ID="P4_ST01624" HPOS="2815" VPOS="2988" WIDTH="87" HEIGHT="18" CONTENT="Solicitor" WC="0.98" CC="506025775"/>
							<SP ID="P4_SP01348" HPOS="2902" VPOS="3006" WIDTH="13"/>
							<String ID="P4_ST01625" HPOS="2915" VPOS="2989" WIDTH="19" HEIGHT="16" CONTENT="to" WC="0.65" CC="60"/>
							<SP ID="P4_SP01349" HPOS="2934" VPOS="3006" WIDTH="9"/>
							<String ID="P4_ST01626" HPOS="2943" VPOS="2987" WIDTH="32" HEIGHT="18" CONTENT="tlie" WC="0.41" CC="2775"/>
							<SP ID="P4_SP01350" HPOS="2975" VPOS="3006" WIDTH="9"/>
							<String ID="P4_ST01627" HPOS="2984" VPOS="2987" WIDTH="24" HEIGHT="17" CONTENT="N." WC="0.62" CC="70"/>
							<SP ID="P4_SP01351" HPOS="3008" VPOS="3006" WIDTH="10"/>
							<String ID="P4_ST01628" HPOS="3018" VPOS="2987" WIDTH="19" HEIGHT="17" CONTENT="Z." WC="0.78" CC="40"/>
							<SP ID="P4_SP01352" HPOS="3037" VPOS="3006" WIDTH="11"/>
							<String ID="P4_ST01629" HPOS="3048" VPOS="2988" WIDTH="127" HEIGHT="16" CONTENT="(Jovernment" WC="0.34" CC="88327768566"/>
							<SP ID="P4_SP01353" HPOS="3175" VPOS="3006" WIDTH="14"/>
							<String ID="P4_ST01630" HPOS="3189" VPOS="2986" WIDTH="50" HEIGHT="18" CONTENT="under" WC="0.95" CC="88966"/>
						</TextLine>
						<TextLine ID="P4_TL00280" HPOS="2864" VPOS="3010" WIDTH="336" HEIGHT="19">
							<String ID="P4_ST01631" HPOS="2864" VPOS="3011" WIDTH="50" HEIGHT="18" CONTENT='"The' WC="0.94" CC="7777"/>
							<SP ID="P4_SP01354" HPOS="2914" VPOS="3029" WIDTH="9"/>
							<String ID="P4_ST01632" HPOS="2923" VPOS="3011" WIDTH="95" HEIGHT="17" CONTENT="Advances" WC="0.97" CC="98688176"/>
							<SP ID="P4_SP01355" HPOS="3018" VPOS="3029" WIDTH="9"/>
							<String ID="P4_ST01633" HPOS="3027" VPOS="3012" WIDTH="19" HEIGHT="16" CONTENT="to" WC="0.97" CC="00"/>
							<SP ID="P4_SP01356" HPOS="3046" VPOS="3029" WIDTH="9"/>
							<String ID="P4_ST01634" HPOS="3055" VPOS="3010" WIDTH="77" HEIGHT="17" CONTENT="Settlers" WC="0.97" CC="79075657"/>
							<SP ID="P4_SP01357" HPOS="3132" VPOS="3029" WIDTH="13"/>
							<String ID="P4_ST01635" HPOS="3145" VPOS="3010" WIDTH="55" HEIGHT="17" CONTENT='Act."' WC="0.97" CC="08434"/>
						</TextLine>
						<TextLine ID="P4_TL00281" HPOS="2815" VPOS="3043" WIDTH="423" HEIGHT="26">
							<String ID="P4_ST01636" HPOS="2815" VPOS="3047" WIDTH="97" HEIGHT="18" CONTENT="Victoria" WC="0.98" CC="42770709"/>
							<SP ID="P4_SP01358" HPOS="2912" VPOS="3065" WIDTH="9"/>
							<String ID="P4_ST01637" HPOS="2921" VPOS="3047" WIDTH="90" HEIGHT="22" CONTENT="Ahcade," WC="0.47" CC="0869660"/>
							<SP ID="P4_SP01359" HPOS="3011" VPOS="3069" WIDTH="7"/>
							<String ID="P4_ST01638" HPOS="3018" VPOS="3046" WIDTH="116" HEIGHT="22" CONTENT="Quben-st.," WC="0.45" CC="6777347730"/>
							<SP ID="P4_SP01360" HPOS="3134" VPOS="3069" WIDTH="9"/>
							<String ID="P4_ST01639" HPOS="3143" VPOS="3043" WIDTH="95" HEIGHT="20" CONTENT="Auckland" WC="0.98" CC="98401088"/>
						</TextLine>
						<TextLine ID="P4_TL00282" HPOS="2838" VPOS="3081" WIDTH="400" HEIGHT="24">
							<String ID="P4_ST01640" HPOS="2838" VPOS="3083" WIDTH="69" HEIGHT="22" CONTENT="Money" WC="0.95" CC="71879"/>
							<SP ID="P4_SP01361" HPOS="2907" VPOS="3105" WIDTH="10"/>
							<String ID="P4_ST01641" HPOS="2917" VPOS="3085" WIDTH="18" HEIGHT="15" CONTENT="to" WC="0.91" CC="01"/>
							<SP ID="P4_SP01362" HPOS="2935" VPOS="3105" WIDTH="10"/>
							<String ID="P4_ST01642" HPOS="2945" VPOS="3082" WIDTH="49" HEIGHT="18" CONTENT="lend" WC="0.96" CC="2447"/>
							<SP ID="P4_SP01363" HPOS="2994" VPOS="3105" WIDTH="10"/>
							<String ID="P4_ST01643" HPOS="3004" VPOS="3087" WIDTH="24" HEIGHT="12" CONTENT="on" WC="0.53" CC="35"/>
							<SP ID="P4_SP01364" HPOS="3028" VPOS="3105" WIDTH="10"/>
							<String ID="P4_ST01644" HPOS="3038" VPOS="3082" WIDTH="83" HEIGHT="17" CONTENT="freehold" WC="0.98" CC="09857740"/>
							<SP ID="P4_SP01365" HPOS="3121" VPOS="3105" WIDTH="13"/>
							<String ID="P4_ST01645" HPOS="3134" VPOS="3081" WIDTH="78" HEIGHT="23" CONTENT="security" WC="0.98" CC="74772519"/>
							<SP ID="P4_SP01366" HPOS="3212" VPOS="3105" WIDTH="12"/>
							<String ID="P4_ST01646" HPOS="3224" VPOS="3083" WIDTH="14" HEIGHT="14" CONTENT="at" WC="0.19" CC="87"/>
						</TextLine>
						<TextLine ID="P4_TL00283" HPOS="2814" VPOS="3106" WIDTH="424" HEIGHT="22">
							<String ID="P4_ST01647" HPOS="2814" VPOS="3107" WIDTH="36" HEIGHT="17" CONTENT="low" WC="0.92" CC="379"/>
							<SP ID="P4_SP01367" HPOS="2850" VPOS="3124" WIDTH="10"/>
							<String ID="P4_ST01648" HPOS="2860" VPOS="3108" WIDTH="49" HEIGHT="16" CONTENT="rates" WC="0.96" CC="69076"/>
							<SP ID="P4_SP01368" HPOS="2909" VPOS="3124" WIDTH="5"/>
							<String ID="P4_ST01649" HPOS="2914" VPOS="3106" WIDTH="20" HEIGHT="17" CONTENT="of" WC="0.48" CC="19"/>
							<SP ID="P4_SP01369" HPOS="2934" VPOS="3124" WIDTH="3"/>
							<String ID="P4_ST01650" HPOS="2937" VPOS="3106" WIDTH="82" HEIGHT="17" CONTENT="interest." WC="0.98" CC="579767710"/>
							<SP ID="P4_SP01370" HPOS="3019" VPOS="3124" WIDTH="26"/>
							<String ID="P4_ST01651" HPOS="3045" VPOS="3106" WIDTH="72" HEIGHT="22" CONTENT="Money" WC="0.95" CC="36869"/>
							<SP ID="P4_SP01371" HPOS="3117" VPOS="3128" WIDTH="8"/>
							<String ID="P4_ST01652" HPOS="3125" VPOS="3106" WIDTH="84" HEIGHT="17" CONTENT="invested" WC="0.97" CC="56897477"/>
							<SP ID="P4_SP01372" HPOS="3209" VPOS="3128" WIDTH="7"/>
							<String ID="P4_ST01653" HPOS="3216" VPOS="3107" WIDTH="22" HEIGHT="14" CONTENT="lor" WC="0.94" CC="871"/>
						</TextLine>
						<TextLine ID="P4_TL00284" HPOS="2815" VPOS="3129" WIDTH="226" HEIGHT="21">
							<String ID="P4_ST01654" HPOS="2815" VPOS="3130" WIDTH="67" HEIGHT="18" CONTENT="clients" WC="0.97" CC="2607856"/>
							<SP ID="P4_SP01373" HPOS="2882" VPOS="3148" WIDTH="10"/>
							<String ID="P4_ST01655" HPOS="2892" VPOS="3129" WIDTH="38" HEIGHT="18" CONTENT="free" WC="0.95" CC="7077"/>
							<SP ID="P4_SP01374" HPOS="2930" VPOS="3148" WIDTH="9"/>
							<String ID="P4_ST01656" HPOS="2939" VPOS="3129" WIDTH="20" HEIGHT="18" CONTENT="of" WC="0.45" CC="46"/>
							<SP ID="P4_SP01375" HPOS="2959" VPOS="3148" WIDTH="9"/>
							<String ID="P4_ST01657" HPOS="2968" VPOS="3129" WIDTH="73" HEIGHT="21" CONTENT="charge." WC="0.97" CC="6991750"/>
						</TextLine>
						<TextLine ID="P4_TL00285" HPOS="2866" VPOS="3180" WIDTH="325" HEIGHT="33">
							<String ID="P4_ST01658" HPOS="2866" VPOS="3182" WIDTH="29" HEIGHT="26" CONTENT="J." WC="0.29" CC="94" STYLEREFS="TXT_37"/>
							<SP ID="P4_SP01376" HPOS="2895" VPOS="3208" WIDTH="15"/>
							<String ID="P4_ST01659" HPOS="2910" VPOS="3181" WIDTH="51" HEIGHT="32" CONTENT="W." WC="0.32" CC="94" STYLEREFS="TXT_37"/>
							<SP ID="P4_SP01377" HPOS="2961" VPOS="3213" WIDTH="15"/>
							<String ID="P4_ST01660" HPOS="2976" VPOS="3180" WIDTH="215" HEIGHT="33" CONTENT="WRISLEY," WC="0.51" CC="76445144" STYLEREFS="TXT_37"/>
						</TextLine>
						<TextLine ID="P4_TL00286" HPOS="2817" VPOS="3221" WIDTH="421" HEIGHT="26">
							<String ID="P4_ST01661" HPOS="2817" VPOS="3221" WIDTH="421" HEIGHT="26" CONTENT="ARCHITECT," WC="0.98" CC="7707175664"/>
						</TextLine>
						<TextLine ID="P4_TL00287" HPOS="2957" VPOS="3257" WIDTH="145" HEIGHT="21">
							<String ID="P4_ST01662" HPOS="2957" VPOS="3257" WIDTH="145" HEIGHT="21" CONTENT="ROTORUA." WC="0.46" CC="84768700" STYLEREFS="TXT_21"/>
						</TextLine>
						<TextLine ID="P4_TL00288" HPOS="2841" VPOS="3290" WIDTH="397" HEIGHT="26">
							<String ID="P4_ST01663" HPOS="2841" VPOS="3291" WIDTH="67" HEIGHT="25" CONTENT="Agent" WC="0.98" CC="09053"/>
							<SP ID="P4_SP01378" HPOS="2908" VPOS="3316" WIDTH="8"/>
							<String ID="P4_ST01664" HPOS="2916" VPOS="3290" WIDTH="33" HEIGHT="19" CONTENT="for" WC="0.94" CC="376"/>
							<SP ID="P4_SP01379" HPOS="2949" VPOS="3316" WIDTH="12"/>
							<String ID="P4_ST01665" HPOS="2961" VPOS="3290" WIDTH="32" HEIGHT="19" CONTENT="the" WC="0.94" CC="960"/>
							<SP ID="P4_SP01380" HPOS="2993" VPOS="3316" WIDTH="11"/>
							<String ID="P4_ST01666" HPOS="3004" VPOS="3290" WIDTH="63" HEIGHT="19" CONTENT="South" WC="0.96" CC="70666"/>
							<SP ID="P4_SP01381" HPOS="3067" VPOS="3316" WIDTH="16"/>
							<String ID="P4_ST01667" HPOS="3083" VPOS="3290" WIDTH="78" HEIGHT="20" CONTENT="British" WC="0.98" CC="5220777"/>
							<SP ID="P4_SP01382" HPOS="3161" VPOS="3316" WIDTH="9"/>
							<String ID="P4_ST01668" HPOS="3170" VPOS="3290" WIDTH="45" HEIGHT="20" CONTENT="Fire" WC="0.96" CC="7407"/>
							<SP ID="P4_SP01383" HPOS="3215" VPOS="3316" WIDTH="10"/>
							<String ID="P4_ST01669" HPOS="3225" VPOS="3290" WIDTH="13" HEIGHT="19" CONTENT="&amp;" WC="1.00" CC="0" STYLEREFS="TXT_7"/>
						</TextLine>
						<TextLine ID="P4_TL00289" HPOS="2815" VPOS="3317" WIDTH="324" HEIGHT="25">
							<String ID="P4_ST01670" HPOS="2815" VPOS="3317" WIDTH="82" HEIGHT="20" CONTENT="Marine" WC="0.98" CC="820060"/>
							<SP ID="P4_SP01384" HPOS="2897" VPOS="3337" WIDTH="10"/>
							<String ID="P4_ST01671" HPOS="2907" VPOS="3317" WIDTH="112" HEIGHT="19" CONTENT="Insurance" WC="0.98" CC="546755470"/>
							<SP ID="P4_SP01385" HPOS="3019" VPOS="3337" WIDTH="10"/>
							<String ID="P4_ST01672" HPOS="3029" VPOS="3317" WIDTH="110" HEIGHT="25" CONTENT="Company." WC="0.97" CC="79797873"/>
						</TextLine>
						<TextLine ID="P4_TL00290" HPOS="2872" VPOS="3397" WIDTH="315" HEIGHT="21">
							<String ID="P4_ST01673" HPOS="2872" VPOS="3397" WIDTH="72" HEIGHT="20" CONTENT="Whin" WC="0.95" CC="6077" STYLEREFS="TXT_47"/>
							<SP ID="P4_SP01386" HPOS="2944" VPOS="3417" WIDTH="15"/>
							<String ID="P4_ST01674" HPOS="2959" VPOS="3398" WIDTH="22" HEIGHT="19" CONTENT="in" WC="0.35" CC="75" STYLEREFS="TXT_47"/>
							<SP ID="P4_SP01387" HPOS="2981" VPOS="3417" WIDTH="13"/>
							<String ID="P4_ST01675" HPOS="2994" VPOS="3397" WIDTH="125" HEIGHT="21" CONTENT="Auckland" WC="0.99" CC="85070201" STYLEREFS="TXT_47"/>
							<SP ID="P4_SP01388" HPOS="3119" VPOS="3418" WIDTH="10"/>
							<String ID="P4_ST01676" HPOS="3129" VPOS="3397" WIDTH="58" HEIGHT="21" CONTENT="Visit" WC="0.96" CC="94910" STYLEREFS="TXT_47"/>
						</TextLine>
						<TextLine ID="P4_TL00291" HPOS="2889" VPOS="3430" WIDTH="281" HEIGHT="28">
							<String ID="P4_ST01677" HPOS="2889" VPOS="3430" WIDTH="32" HEIGHT="28" CONTENT="E." WC="0.68" CC="33" STYLEREFS="TXT_48"/>
							<SP ID="P4_SP01389" HPOS="2921" VPOS="3458" WIDTH="21"/>
							<String ID="P4_ST01678" HPOS="2942" VPOS="3430" WIDTH="228" HEIGHT="27" CONTENT="SPENCERS" WC="0.98" CC="46065640" STYLEREFS="TXT_48"/>
						</TextLine>
						<TextLine ID="P4_TL00292" HPOS="2854" VPOS="3469" WIDTH="349" HEIGHT="32">
							<String ID="P4_ST01679" HPOS="2854" VPOS="3469" WIDTH="141" HEIGHT="24" CONTENT="CURIO" WC="0.98" CC="51520" STYLEREFS="TXT_49"/>
							<SP ID="P4_SP01390" HPOS="2995" VPOS="3493" WIDTH="24"/>
							<String ID="P4_ST01680" HPOS="3019" VPOS="3469" WIDTH="184" HEIGHT="32" CONTENT="DEPOT," WC="0.98" CC="720308" STYLEREFS="TXT_49"/>
						</TextLine>
						<TextLine ID="P4_TL00293" HPOS="2902" VPOS="3498" WIDTH="255" HEIGHT="22">
							<String ID="P4_ST01681" HPOS="2902" VPOS="3499" WIDTH="32" HEIGHT="20" CONTENT="(Om" WC="0.29" CC="469"/>
							<SP ID="P4_SP01391" HPOS="2934" VPOS="3519" WIDTH="14"/>
							<String ID="P4_ST01682" HPOS="2948" VPOS="3498" WIDTH="58" HEIGHT="19" CONTENT="Que2n" WC="0.39" CC="95571"/>
							<SP ID="P4_SP01392" HPOS="3006" VPOS="3519" WIDTH="11"/>
							<String ID="P4_ST01683" HPOS="3017" VPOS="3500" WIDTH="54" HEIGHT="15" CONTENT="Street" WC="0.97" CC="704796"/>
							<SP ID="P4_SP01393" HPOS="3071" VPOS="3519" WIDTH="11"/>
							<String ID="P4_ST01684" HPOS="3082" VPOS="3499" WIDTH="75" HEIGHT="21" CONTENT="Wharf.)" WC="0.97" CC="8756947"/>
						</TextLine>
						<TextLine ID="P4_TL00294" HPOS="2854" VPOS="3542" WIDTH="348" HEIGHT="20">
							<String ID="P4_ST01685" HPOS="2854" VPOS="3542" WIDTH="41" HEIGHT="19" CONTENT="•For" WC="0.97" CC="8600"/>
							<SP ID="P4_SP01394" HPOS="2895" VPOS="3561" WIDTH="9"/>
							<String ID="P4_ST01686" HPOS="2904" VPOS="3542" WIDTH="26" HEIGHT="19" CONTENT="all" WC="0.98" CC="040"/>
							<SP ID="P4_SP01395" HPOS="2930" VPOS="3561" WIDTH="11"/>
							<String ID="P4_ST01687" HPOS="2941" VPOS="3542" WIDTH="60" HEIGHT="19" CONTENT="kinds" WC="0.97" CC="35726"/>
							<SP ID="P4_SP01396" HPOS="3001" VPOS="3561" WIDTH="10"/>
							<String ID="P4_ST01688" HPOS="3011" VPOS="3542" WIDTH="21" HEIGHT="19" CONTENT="of" WC="0.56" CC="26"/>
							<SP ID="P4_SP01397" HPOS="3032" VPOS="3561" WIDTH="16"/>
							<String ID="P4_ST01689" HPOS="3048" VPOS="3542" WIDTH="52" HEIGHT="19" CONTENT="Now" WC="0.91" CC="987"/>
							<SP ID="P4_SP01398" HPOS="3100" VPOS="3561" WIDTH="11"/>
							<String ID="P4_ST01690" HPOS="3111" VPOS="3542" WIDTH="91" HEIGHT="20" CONTENT="Zealand" WC="0.97" CC="7501749"/>
						</TextLine>
						<TextLine ID="P4_TL00295" HPOS="2888" VPOS="3568" WIDTH="276" HEIGHT="20">
							<String ID="P4_ST01691" HPOS="2888" VPOS="3568" WIDTH="71" HEIGHT="20" CONTENT="Curios" WC="0.97" CC="077068"/>
							<SP ID="P4_SP01399" HPOS="2959" VPOS="3588" WIDTH="11"/>
							<String ID="P4_ST01692" HPOS="2970" VPOS="3568" WIDTH="39" HEIGHT="19" CONTENT="and" WC="0.97" CC="700"/>
							<SP ID="P4_SP01400" HPOS="3009" VPOS="3588" WIDTH="15"/>
							<String ID="P4_ST01693" HPOS="3024" VPOS="3568" WIDTH="140" HEIGHT="20" CONTENT="Greenstones." WC="0.99" CC="860495767021"/>
						</TextLine>
						<TextLine ID="P4_TL00296" HPOS="2837" VPOS="3648" WIDTH="381" HEIGHT="55">
							<String ID="P4_ST01694" HPOS="2837" VPOS="3650" WIDTH="68" HEIGHT="45" CONTENT="W." WC="1.00" CC="00" STYLEREFS="TXT_50"/>
							<SP ID="P4_SP01401" HPOS="2905" VPOS="3695" WIDTH="26"/>
							<String ID="P4_ST01695" HPOS="2931" VPOS="3648" WIDTH="287" HEIGHT="55" CONTENT="THOMAS," WC="0.99" CC="0008054" STYLEREFS="TXT_50"/>
						</TextLine>
						<TextLine ID="P4_TL00297" HPOS="2839" VPOS="3712" WIDTH="378" HEIGHT="23">
							<String ID="P4_ST01696" HPOS="2839" VPOS="3713" WIDTH="73" HEIGHT="22" CONTENT="MOW" WC="0.92" CC="885" STYLEREFS="TXT_21"/>
							<SP ID="P4_SP01402" HPOS="2912" VPOS="3735" WIDTH="5"/>
							<String ID="P4_ST01697" HPOS="2917" VPOS="3712" WIDTH="50" HEIGHT="22" CONTENT="51M" WC="0.19" CC="877" STYLEREFS="TXT_21"/>
							<SP ID="P4_SP01403" HPOS="2967" VPOS="3735" WIDTH="6"/>
							<String ID="P4_ST01698" HPOS="2973" VPOS="3712" WIDTH="70" HEIGHT="22" CONTENT="EXT" WC="0.26" CC="788" STYLEREFS="TXT_21"/>
							<SP ID="P4_SP01404" HPOS="3043" VPOS="3735" WIDTH="3"/>
							<String ID="P4_ST01699" HPOS="3046" VPOS="3714" WIDTH="45" HEIGHT="19" CONTENT="AI," WC="0.92" CC="687" STYLEREFS="TXT_21"/>
							<SP ID="P4_SP01405" HPOS="3091" VPOS="3735" WIDTH="13"/>
							<String ID="P4_ST01700" HPOS="3104" VPOS="3713" WIDTH="24" HEIGHT="22" CONTENT="M" WC="0.24" CC="7" STYLEREFS="TXT_21"/>
							<SP ID="P4_SP01406" HPOS="3128" VPOS="3735" WIDTH="7"/>
							<String ID="P4_ST01701" HPOS="3135" VPOS="3712" WIDTH="82" HEIGHT="23" CONTENT="4SOX" WC="0.13" CC="9797" STYLEREFS="TXT_21"/>
						</TextLine>
						<TextLine ID="P4_TL00298" HPOS="2859" VPOS="3753" WIDTH="337" HEIGHT="26">
							<String ID="P4_ST01702" HPOS="2859" VPOS="3754" WIDTH="138" HEIGHT="21" CONTENT="VJQTORIA" WC="0.20" CC="76878869"/>
							<SP ID="P4_SP01407" HPOS="2997" VPOS="3775" WIDTH="12"/>
							<String ID="P4_ST01703" HPOS="3009" VPOS="3753" WIDTH="103" HEIGHT="22" CONTENT="SfjJBRT" WC="0.19" CC="4888888"/>
							<SP ID="P4_SP01408" HPOS="3112" VPOS="3775" WIDTH="11"/>
							<String ID="P4_ST01704" HPOS="3123" VPOS="3755" WIDTH="73" HEIGHT="24" CONTENT="EAST," WC="0.98" CC="50250" STYLEREFS="TXT_21"/>
						</TextLine>
						<TextLine ID="P4_TL00299" HPOS="2945" VPOS="3795" WIDTH="169" HEIGHT="20">
							<String ID="P4_ST01705" HPOS="2945" VPOS="3795" WIDTH="169" HEIGHT="20" CONTENT="AUCKLAND." WC="0.97" CC="977578871"/>
						</TextLine>
						<TextLine ID="P4_TL00300" HPOS="2845" VPOS="3848" WIDTH="392" HEIGHT="28">
							<String ID="P4_ST01706" HPOS="2845" VPOS="3848" WIDTH="92" HEIGHT="25" CONTENT="Orders" WC="0.97" CC="265077" STYLEREFS="TXT_10"/>
							<SP ID="P4_SP01409" HPOS="2937" VPOS="3873" WIDTH="22"/>
							<String ID="P4_ST01707" HPOS="2959" VPOS="3848" WIDTH="28" HEIGHT="25" CONTENT="in" WC="0.50" CC="09" STYLEREFS="TXT_10"/>
							<SP ID="P4_SP01410" HPOS="2987" VPOS="3873" WIDTH="21"/>
							<String ID="P4_ST01708" HPOS="3008" VPOS="3849" WIDTH="110" HEIGHT="27" CONTENT="MarMe," WC="0.32" CC="538966" STYLEREFS="TXT_10"/>
							<SP ID="P4_SP01411" HPOS="3118" VPOS="3876" WIDTH="20"/>
							<String ID="P4_ST01709" HPOS="3138" VPOS="3848" WIDTH="99" HEIGHT="26" CONTENT="Granite" WC="0.97" CC="8808286" STYLEREFS="TXT_10"/>
						</TextLine>
						<TextLine ID="P4_TL00301" HPOS="2811" VPOS="3882" WIDTH="426" HEIGHT="33">
							<String ID="P4_ST01710" HPOS="2811" VPOS="3882" WIDTH="49" HEIGHT="23" CONTENT="and" WC="0.91" CC="489" STYLEREFS="TXT_10"/>
							<SP ID="P4_SP01412" HPOS="2860" VPOS="3905" WIDTH="10"/>
							<String ID="P4_ST01711" HPOS="2870" VPOS="3882" WIDTH="86" HEIGHT="28" CONTENT="Stone," WC="0.97" CC="496870" STYLEREFS="TXT_10"/>
							<SP ID="P4_SP01413" HPOS="2956" VPOS="3910" WIDTH="11"/>
							<String ID="P4_ST01712" HPOS="2967" VPOS="3883" WIDTH="131" HEIGHT="32" CONTENT="promptly" WC="0.98" CC="97887031" STYLEREFS="TXT_10"/>
							<SP ID="P4_SP01414" HPOS="3098" VPOS="3915" WIDTH="11"/>
							<String ID="P4_ST01713" HPOS="3109" VPOS="3883" WIDTH="50" HEIGHT="24" CONTENT="aad" WC="0.36" CC="477" STYLEREFS="TXT_10"/>
							<SP ID="P4_SP01415" HPOS="3159" VPOS="3915" WIDTH="7"/>
							<String ID="P4_ST01714" HPOS="3166" VPOS="3882" WIDTH="60" HEIGHT="25" CONTENT="faith" SUBS_TYPE="HypPart1" SUBS_CONTENT="faithfully" WC="0.99" CC="40007" STYLEREFS="TXT_10"/>
							<HYP HPOS="3226" VPOS="3882" WIDTH="11" CONTENT="-"/>
						</TextLine>
						<TextLine ID="P4_TL00302" HPOS="2811" VPOS="3915" WIDTH="213" HEIGHT="32">
							<String ID="P4_ST01715" HPOS="2811" VPOS="3915" WIDTH="68" HEIGHT="32" CONTENT="fully" SUBS_TYPE="HypPart2" SUBS_CONTENT="faithfully" WC="0.96" CC="76616" STYLEREFS="TXT_10"/>
							<SP ID="P4_SP01416" HPOS="2879" VPOS="3947" WIDTH="12"/>
							<String ID="P4_ST01716" HPOS="2891" VPOS="3916" WIDTH="133" HEIGHT="25" CONTENT="executed." WC="0.98" CC="874670886" STYLEREFS="TXT_10"/>
						</TextLine>
						<TextLine ID="P4_TL00303" HPOS="2839" VPOS="3975" WIDTH="376" HEIGHT="32">
							<String ID="P4_ST01717" HPOS="2839" VPOS="3975" WIDTH="109" HEIGHT="31" CONTENT="Design" WC="0.96" CC="852788" STYLEREFS="TXT_10"/>
							<SP ID="P4_SP01417" HPOS="2948" VPOS="4006" WIDTH="22"/>
							<String ID="P4_ST01718" HPOS="2970" VPOS="3975" WIDTH="43" HEIGHT="24" CONTENT="nd" WC="0.10" CC="89" STYLEREFS="TXT_10"/>
							<SP ID="P4_SP01418" HPOS="3013" VPOS="4006" WIDTH="11"/>
							<String ID="P4_ST01719" HPOS="3024" VPOS="3977" WIDTH="82" HEIGHT="30" CONTENT="prices" WC="0.96" CC="974677" STYLEREFS="TXT_10"/>
							<SP ID="P4_SP01419" HPOS="3106" VPOS="4007" WIDTH="10"/>
							<String ID="P4_ST01720" HPOS="3116" VPOS="3975" WIDTH="54" HEIGHT="25" CONTENT="free" WC="0.98" CC="0330" STYLEREFS="TXT_10"/>
							<SP ID="P4_SP01420" HPOS="3170" VPOS="4007" WIDTH="13"/>
							<String ID="P4_ST01721" HPOS="3183" VPOS="3983" WIDTH="32" HEIGHT="16" CONTENT="on" WC="0.52" CC="18" STYLEREFS="TXT_10"/>
						</TextLine>
						<TextLine ID="P4_TL00304" HPOS="2944" VPOS="4008" WIDTH="164" HEIGHT="30">
							<String ID="P4_ST01722" HPOS="2944" VPOS="4008" WIDTH="164" HEIGHT="30" CONTENT="application." WC="0.98" CC="999356818064" STYLEREFS="TXT_10"/>
						</TextLine>
					</TextBlock>
				</ComposedBlock>
			</PrintSpace>
		</Page>
	</Layout>
</alto>
