2540 4020
531 629 129 47 POBiT
682 638 284 37 NICHOLSON,
988 625 302 43 WEDNESDAY
1312 627 238 39 MORNING,
1573 628 263 33 DECEMBER
1858 633 52 34 21,
1934 633 89 28 1842.

74 654 62 30 No.
153 651 97 38 204.]-

52 60 146 425 THE
247 60 145 425 NEW
441 60 339 425 ZEALAND
829 60 340 425 GAZETTE
1218 60 145 425 AND
1412 60 485 425 WELLINGTON
1946 60 486 425 SPECTATOR.

585 526 216 40 PUBLISHED
846 523 131 40 EVERY
1021 517 251 45 WEQNESDAY
1316 515 88 38 AND
1447 513 226 38 SATURDAY
1717 514 204 36 MORNINC.

2236 628 99 40 [Vol.
2358 625 66 32 111.

173 744 54 20 For
254 741 117 21 London
400 739 96 23 direct,

194 777 29 20 To
232 776 106 24 sailearly
348 775 23 19 in
379 774 104 22 January.

197 812 96 26 rpHE-
313 810 49 22 well
382 810 81 21 known
486 807 44 21 fast
550 805 80 26 sailing

67 830 118 39 JBBSki
204 840 57 24 A,,
279 838 88 27 -barque
388 846 4 14 j
404 835 110 26 Clydeside,
549 832 81 22 Alfred

47 860 145 34 /43PjSffi.
210 866 86 22 Adams
307 862 149 27 commander,
463 861 45 22 will
516 860 42 22 sail
569 860 60 24 early

45 887 149 31 MT^lrTFan
209 893 25 21 in
242 892 107 26 January.
421 890 58 20 most
486 887 25 22 of
514 887 42 21 her
564 892 64 19 cargo

253 917 106 28 engaged,
385 915 118 26 intending;
531 912 98 27 shippers

116 963 6 5 .
145 953 3 4 •
208 945 45 24 will
271 944 86 28 require
376 946 23 19 to
418 942 76 21 make.'
499 939 130 23 immediate

45 974 142 28 application.
215 973 133 25 Passengers
366 977 40 15 are
425 969 45 21 also
488 965 104 29 required
606 967 23 19 to

46 1009 76 14 secure
132 1002 37 21 the
184 1000 81 24 berths,
277 1006 23 14 as
311 998 51 26 only
379 1004 14 14 a
407 996 45 23 few.
465 1002 38 14 arc
514 1000 55 14 -now
584 995 46 18 dis-

47 1028 107 26 engaged.
183 1027 47 22 The
251 1025 105 27 Clydeside
368 1023 53 26 will,
437 1020 153 25 immediately
599 1024 29 15 on

47 1054 140 28 discharging
200 1054 40 21 her
257 1059 65 20 cargo
337 1052 24 21 in
379 1048 100 27 London,
487 1049 101 24 'prepare
608 1047 22 17 to

46 1085 78 18 return
136 1084 36 19 -to.
183 1081 57 21 New
254 1078 106 23 Zealand.
390 1077 44 20 She
457 1073 45 22 will
517 1071 112 22 therefore

46 1108 70 21 afford
132 1115 29 15 an
177 1106 110 24 excellent
304 1101 140 31 opportunity
454 1101 33 20 for
505 1099 71 26 goods
594 1103 36 15 re-

46 1134 78 26 quired
140 1137 24 18 at
178 1134 37 21 the
236 1132 87 21 earliest
340 1127 80 30 period
437 1127 39 31 by,
477 1130 81 23 parties
569 1127 59 21 here,

46 1161 49 22 who
106 1168 37 14 are
152 1156 118 30 requested
277 1160 23 19 to
310 1158 93 21 instruct
419 1156 65 26 their,
492 1154 79 25 agents
585 1152 46 19 and

45 1187 85 22 friends
140 1190 23 18 at
171 1186 68 21 home
247 1188 23 18 to
280 1184 51 30 give
341 1183 46 21 this
398 1179 101 25 Colonial
509 1179 74 21 trader
592 1179 38 19 the

45 1214 129 27 preference
204 1212 44 22 For
256 1211 82 26 freight
347 1217 24 14 or
380 1214 100 23 passage,
492 1205 66 28 apply
568 1208 22 17 to

360 1241 85 22 Waitt
460 1238 45 22 and
518 1237 86 22 Tyser.

73 1280 145 26 Wellington,
230 1277 125 22 December
364 1277 36 24 16,
411 1274 63 21 1842.

45 1326 67 25 Ship
127 1324 84 21 Hotel
225 1324 21 19 &
261 1323 113 23 Tavern,
390 1319 130 22 Manners
536 1316 96 23 Street,

199 1357 40 21 BY
254 1355 84 22 JOHN
354 1351 130 26 FULLER,
534 1351 4 4 '

51 1392 83 20 WINES,'
143 1391 94 19 SPIRITS,
249 1390 45 17 A;ND
304 1388 61 15 MALT
376 1386 98 16 LIQ.UORS
484 1385 27 13 OF
522 1382 113 16 SUPERIOR

287 1414 108 17 QUALITY.

124 1435 155 25 Commodious
288 1441 74 15 rooms
372 1431 54 23 with
434 1430 57 28 good
500 1430 62 21 beds.

79 1468 100 19 Dinners'
188 1465 37 24 got
245 1463 63 25 ready
327 1468 27 14 on
373 1461 36 19 the
423 1459 89 19 shortest
533 1456 75 21 notice.
642 1462 2 16 ;

134 1499 30 15 AN
175 1496 118 16 ORDINARY
303 1495 70 15 DAILY
383 1495 30 14 AT
423 1487 12 19 2
454 1485 101 21 O'CLOCK.

158 1534 196 24 SUFFOLK
381 1530 150 26 HOTEL,
566 1553 3 3 .

330 1569 29 14 BY

260 1590 33 21 H.
312 1589 54 20 Gar
369 1586 59 25 rod,

105 1625 127 17 THORNDON
253 1623 67 20 QUAY,
336 1621 70 15 NEAR'
419 1618 91 16 PIPITEA
530 1618 55 14 PAH.

310 1653 28 5 —
339 1649 11 13 O

54 1677 78 24 Wines,
154 1673 86 26 Spirits,
261 1672 35 25 8(c.
315 1670 29 25 of
358 1670 36 19 the
407 1668 54 27 first
481 1666 92 27 quality;
585 1670 55 21 upon

246 1698 118 21 reasonable
376 1698 71 19 terms.
580 1703 3 4 •
612 1698 3 8 l

163 1743 167 28 Survey-office,
340 1742 57 22 New
407 1738 100 24 Zealand
517 1738 121 26 Company,

244 1770 144 26 Wellington,
400 1768 49 22 Oct.
460 1766 19 26 7,
491 1766 62 21 1842.

56 1806 146 52 NOTICE
217 1805 29 21 IS
260 1802 128 23 HEREBY
404 1798 106 27 GIVEN,
533 1797 48 21 that
602 1795 38 22 the

138 1833 98 25 Country
246 1830 65 22 Land
320 1836 50 15 now
379 1826 74 23 under
461 1832 81 19 survey
551 1824 45 21 will
611 1824 28 20 be

55 1862 86 21 thrown
152 1866 55 20 open
217 1859 34 21 for
265 1856 105 23 selection
385 1854 38 22 for
438 1852 37 21 the
491 1851 149 25 Preliminary

56 1887 106 26 Sections,
181 1889 23 18 at
220 1887 90 25 present
326 1880 126 26 remaining
469 1879 122 24 unchosen,
602 1903 6 5 _
613 1883 27 14 on
646 1885 2 4 -

57 1914 107 26 Monday,
175 1913 37 21 the
222 1912 46 21 2nd
277 1911 106 25 January,
395 1908 61 25 1843,
472 1905 44 22 and
526 1903 115 27 following

54 1942 84 27 days—
139 1939 153 25 commencing
301 1939 23 19 at
338 1938 24 19 11
380 1941 59 18 a.m.,
457 1933 45 20 and
519 1933 83 24 closing
618 1934 23 16 at

54 1971 16 19 4
78 1976 62 18 p.m.,
150 1966 116 28 precisely,
276 1964 45 21 and
329 1962 68 27 being
407 1967 24 16 as
440 1960 84 21 follows
533 1966 36 13 :—

79 1985 14 11 r
481 1993 33 16 No.
526 1992 21 16 of
561 1991 79 17 Sections

489 2013 59 16 under
555 2013 74 18 Survey.

84 2049 111 21 District
206 2053 26 13 of
239 2051 45 15 the
291 2041 102 26 Odifriiu,
400 2036 37 25 tKe
444 2037 101 23 Sections

112 2081 36 15 are
159 2072 95 22 situated
267 2071 24 20 in
307 2069 38 21 the
354 2067 81 25 valley,
454 2066 93 25 parallel

110 2100 54 22 with
183 2099 49 21 that
250 2097 65 26 given
335 2097 38 18 out
392 2096 25 18 at
438 2092 39 20 the
501 2092 43 19 last

111 2126 112 25 selection,
235 2123 44 22 and
289 2127 106 21 comprise
406 2121 23 20 at
436 2120 65 19 least.
510 2131 32 5 ...
587 2120 27 16 44

93 2154 80 27 [Plans
183 2159 57 20 open
253 2150 33 22 for
300 2147 125 28 inspection
434 2148 23 18 at
466 2145 37 20 the
514 2145 88 23 Ottice.J

86 2189 112 21 District
213 2193 27 14 of
255 2191 45 15 the
314 2182 69 22 Hutt
389 2191 154 9 ............
576 2178 39 20 100

112 2214 48 23 The
179 2212 98 22 Sections
295 2216 38 15 are
354 2209 46 21 laid
414 2209 37 18 out
467 2209 23 18 at
508 2209 39 16 the

112 2248 69 18 upper
189 2242 50 24 part
245 2238 25 21 of
277 2237 36 21 the
322 2235 66 26 river,
397 2232 43 24 and
450 2239 36 14 are
494 2239 54 14 con-
561 2238 3 3 •

113 2267 81 24 necteil
212 2265 53 22 with
286 2263 62 21 those
372 2259 91 26 already
481 2265 67 21 given

115 2298 44 19 out.
188 2293 67 22 Plans
264 2294 23 19 to
295 2291 29 20 be
333 2289 69 26 ready
411 2288 33 20 Ist
452 2286 96 21 Decem-

114 2323 46 26 ber,
172 2321 60 22 1842.
358 2335 3 5 ,

89 2358 111 22 District
211 2361 26 14 of
247 2353 103 23 Horoki,
362 2347 121 26 extending
492 2346 55 21 from

115 2390 54 15 near
179 2380 89 24 Section
277 2381 33 25 10,
321 2375 226 29 KinaporaDistrict,

115 2408 93 24 towards
230 2407 38 21 the
291 2407 62 20 coast
374 2406 25 19 at
423 2401 127 21 Wai-kanai

103 2444 80 48 [Sans
193 2465 22 18 to
225 2448 149 38 be'readylst
385 2454 130 25 December,
528 2450 73 29 1842.]

89 2498 113 22 District
231 2502 27 13 of
290 2493 82 21 Loury
407 2489 56 25 Bay,
498 2487 54 21 Port

117 2522 122 25 Nicholson
432 2529 5 7 •
447 2529 6 6 •
460 2529 4 5 •
580 2543 3 4 .
604 2516 14 17 5

236 2547 77 28 [Plans
323 2552 51 15 now
383 2543 90 26 ready.J

89 2586 113 23 Porirua,
213 2582 133 24 Kinapora,
354 2575 133 27 andsundry
493 2576 64 26 parts,

117 2610 85 23 around
211 2609 54 21 Port
273 2606 124 23 Nicholson
422 2616 97 7 ........
529 2615 5 5 •
541 2615 7 5 •
594 2605 7 16 J
608 2607 12 14 »

104 2638 79 27 [Plans
192 2639 22 19 to
223 2635 29 22 be
260 2633 70 27 ready
339 2634 34 20 Ist
384 2628 135 27 November,
531 2628 73 25 1842.J

90 2666 114 22 District
214 2670 26 14 of
250 2661 147 24 Manawatu,
406 2656 37 23 the
454 2656 99 21 Sections

117 2690 83 24 extend
228 2688 72 26 along,
320 2686 39 22 the
381 2682 61 25 bank
464 2682 26 21 of
514 2681 40 22 the

119 2718 67 22 River
195 2716 70 22 above
275 2717 61 19 those
347 2712 67 28 given
425 2712 38 19 out
477 2712 23 18 at
515 2712 39 17 the

118 2745 43 22 last
174 2742 112 26 selection,
305 2740 81 22 thence
404 2741 23 18 to
446 2737 38 20 the
502 2737 53 19 hills
642 2754 6 2 _

119 2771 43 23 and
171 2769 108 28 comprise
294 2769 25 19 at
333 2766 69 22 least.
409 2780 4 4 .
423 2776 98 7 ••••••••
531 2776 6 5 •
545 2776 5 5 •
595 2764 13 32 ?
630 2786 2 6 -

98 2798 91 27 F[Plans
199 2799 22 18 to
231 2795 29 21 be
268 2793 68 26 ready
347 2794 33 19 Ist
389 2788 132 25 December,
533 2788 61 20 1842.
595 2790 11 23 J

91 2831 49 22 The
150 2827 64 23 Field
225 2825 62 23 Plots
294 2830 54 20 may
359 2823 30 20 be
403 2826 52 16 seen
472 2822 23 18 at
507 2818 38 21 the
561 2820 87 24 present

65 2858 54 21 time
129 2858 23 20 at
160 2855 39 21 the
209 2853 83 25 Survey
303 2849 99 23 Stations
418 2846 24 22 of
452 2845 37 22 the
506 2844 86 22 several
606 2844 42 21 dis-

65 2878 339 54 '"itSrtSmmodate
413 2899 36 22 the
459 2898 89 22 holders
559 2896 25 23 of
590 2896 58 27 early

66 2937 96 25 choices,
174 2933 165 26 arrangements
346 2928 60 22 have
422 2926 56 22 been
493 2924 66 22 made
568 2924 34 21 for
614 2924 34 20 the

66 2968 65 22 party
141 2959 125 30 possessing
281 2957 38 21 the
335 2955 49 22 first
394 2952 64 24 order
475 2952 25 21 of
507 2951 83 26 choice,
602 2957 46 14 suc-

66 2972 109 44 cessively
184 2986 91 26 making
291 2983 58 22 their
362 2981 106 22 selection
478 2982 23 18 at
515 2978 44 21 the,
569 2978 79 25 Survey

69 3017 72 22 Office
151 3022 24 15 as
185 3020 54 15 soon
249 3019 23 15 as
282 3010 37 22 the
328 3008 68 23 Plans
406 3013 36 16 are
451 3006 75 26 ready.

312 3042 94 21 Samuel
421 3039 105 21 Charles
541 3036 84 26 Brees,

412 3065 53 22 Prin
468 3063 151 28 cipal-Survey
622 3069 26 14 or.

214 3132 4 3 .
237 3114 77 21 Meat
335 3113 149 25 Company.

68 3149 93 52 THE
181 3145 237 26 UNDERSIGNED,
435 3142 84 27 having
537 3142 58 21 been
616 3148 32 20 ap-

143 3175 91 28 pointed
249 3175 108 25 Manager
367 3171 28 23 of
407 3170 36 22 the
457 3169 63 22 Meat
530 3169 118 26 Company,

68 3206 55 25 begs
132 3208 23 18 to
164 3208 118 17 announce
290 3200 50 22 that
354 3206 13 14 a
376 3197 88 28 regular
474 3195 78 28 supply
561 3195 26 21 of
595 3194 53 26 beef,

69 3235 95 23 mutton,
185 3229 45 22 and
246 3227 57 29 pork
317 3233 53 20 may
390 3225 82 26 always
488 3223 28 21 be
537 3223 111 26 depended

69 3267 62 19 upon
141 3261 23 19 at
174 3256 44 23 this
228 3253 172 24 establishment.
484 3260 3 5 <

96 3287 33 21 As
152 3284 45 23 this
220 3283 114 26 Company
353 3284 107 22 purposes
479 3277 79 25 selling
576 3277 23 19 at
618 3277 30 19 the

69 3312 78 23 lowest
154 3310 73 28 prices
236 3312 24 19 at
272 3307 75 23 which
354 3309 19 18 it
386 3305 20 22 is
414 3303 71 22 found
493 3303 38 21 the
540 3304 61 19 meat
614 3308 34 15 can

70 3340 28 21 be
109 3337 105 27 afforded,
226 3335 37 23 the
272 3330 152 29 undersigned
431 3337 18 15 is
463 3329 52 27 only
524 3328 124 22 authorized

71 3370 23 18 to
103 3366 50 24 give
159 3371 54 19 very
218 3361 87 24 limited
313 3359 77 26 credit,
398 3357 46 23 and
450 3357 40 21 has
494 3357 59 20 been
562 3357 86 20 ordered

71 3396 22 19 to
110 3396 49 24 stop
172 3391 30 22 all
215 3390 104 22 accounts
333 3385 75 24 which
423 3390 35 15 are
474 3385 40 19 not
527 3382 54 28 paid
594 3388 54 21 upon

72 3418 100 23 demand.
307 3428 5 4 -
468 3436 7 5 .
547 3435 5 5 .
573 3435 7 8 ,
632 3435 5 4 .

98 3446 47 22 The
153 3444 102 23 business
265 3442 24 22 of
296 3441 38 22 the
345 3440 114 27 Company
467 3443 20 15 is
496 3437 87 20 carried
592 3443 29 14 on
630 3442 18 15 in

72 3472 56 23 their
143 3479 49 15 new
206 3469 107 27 building,
322 3466 92 27 .erected
431 3464 102 22 between
551 3463 97 21 Frances

73 3500 67 21 Hotel
159 3498 43 23 and
220 3497 39 21 the
276 3495 59 22 head
352 3493 25 23 of
391 3493 39 21 the
444 3490 56 27 Bay,
517 3488 47 22 and
578 3488 70 27 nearly

70 3526 100 28 -opposite
180 3528 22 19 to
213 3524 45 22 Mr.
268 3521 83 29 Lyon's
360 3521 71 21 Store.

342 3554 36 22 W.
393 3554 101 23 Flyger,
510 3550 117 26 Manager.

99 3585 129 24 November
234 3585 36 25 23,
282 3584 59 20 1842.

310 3632 111 20 Cheese*

75 3671 49 47 A
133 3667 117 24 SUPPLY
259 3664 101 24 received
367 3662 87 27 weekly
461 3662 26 22 of
493 3660 57 23 New
556 3658 92 24 Zealand

151 3695 65 23 made
227 3693 90 26 Cheese,
323 3691 59 21 frona
392 3690 38 22 the
437 3690 142 26 Cowpasture
585 3686 63 27 dairy,

74 3723 44 22 and
126 3723 34 22 for
167 3723 51 21 sale.
223 3724 24 19 at
261 3719 38 23 the
308 3717 107 30 premises
427 3716 22 21 of
463 3716 38 21 the
516 3715 65 23 Meat
590 3715 58 20 Com-

73 3757 65 20 pany.
371 3745 7 8 *
397 3770 19 7 _,
493 3762 44 15 •_,
573 3761 3 3 •

350 3771 37 21 W.
397 3770 101 26 Flyger,
510 3769 118 27 Manager.

100 3803 157 24 Willis-street,
268 3798 126 24 December
403 3798 34 25 20,
448 3797 60 21 1842.

261 3844 84 23 Fresh
359 3842 105 23 Butter,

76 3880 157 50 ALWAYS
250 3886 28 14 on
293 3878 50 22 Sale
359 3880 24 20 at
399 3876 38 21 the
447 3874 64 23 Meat
522 3873 126 29 Company's

152 3907 114 28 premises.
448 3926 8 5 _

341 3930 37 22 W.
393 3930 103 24 Flyger,
512 3928 116 27 Manager.

100 3966 158 26 Willis-atreet,
269 3965 55 22 Dec.
335 3965 20 26 2,
366 3962 64 27 1842,

722 732 4 4 •
740 732 53 19 For
802 729 59 21 Sale
870 729 36 24 by
915 725 108 23 Private
1032 725 136 25 Bargain..
1190 734 5 5 •

660 765 90 50 THE
761 764 69 22 Lease
842 762 26 21 of
879 755 152 30 Preliminary
1042 756 87 24 Section
1142 756 26 22 of
1180 755 64 23 Land

717 798 5 4 •
734 791 44 22 No.
787 790 33 25 45,
835 787 98 23 situated
940 787 24 21 in
973 784 134 23 Robinson's
1116 783 57 27 Bay,
1185 790 59 14 com-

660 818 76 26 monly
753 816 72 23 called
843 814 79 26 Okiwi,
938 813 56 22 Port
999 810 136 26 'Nicholson,
1156 812 33 19 as*
1195 816 49 20 pre-

660 845 71 27 sently
746 842 116 29 possessed
879 841 31 27 by
922 839 100 22 William
1038 838 82 24 Deans,
1136 838 55 19 with
1207 836 37 21 the

660 873 95 24 Houses,
768 871 73 26 Crops,
853 868 48 26 &c,
916 874 30 14 on
957 866 36 21 the
1002 871 69 16 same.
1099 863 48 22 The
1156 863 60 20 lease
1226 870 18 13 is

658 898 83 22 for'the
752 901 56 17 term
818 896 25 21 of
847 896 28 21 14
882 900 72 21 years,
962 892 44 22 and
1014 890 145 23 commenced
1168 896 28 14 on
1207 890 37 20 the

659 925 52 22 25th
730 924 106 26 January,
855 922 60 24 1841,
936 923 23 18 at
973 918 36 22 the
1029 917 78 27 yearly
1121 915 57 22 fent'
1191 915 25 22 of
1232 922 13 15 a

660 958 67 21 peper
736 957 53 15 corn
796 950 35 20 for
840 948 39 21 the
886 947 50 22 first
942 946 62 21 three
1012 950 73 21 years,
1097 942 43 21 and
1149 942 47 22 £30
1206 950 40 19 per

660 984 83 16 annum
754 977 33 21 for
798 976 37 21 the
845 972 124 26 remaining
979 971 79 23 eleven
1063 976 77 20 .years.
1154 979 3 5 •
1190 979 14 12 ,-.
1215 970 10 21 :.

687 1004 72 21 There
776 1003 19 21 is
814 1009 14 14 a
851 997 150 25 considerable
1026 999 101 25 quantity
1140 997 31 20 .of
1175 997 71 20 -.land

660 1030 90 26 already
764 1027 87 23 cleared
870 1026 45 21 and
932 1025 25 21 in
969 1025 61 25 crop.
1068 1022 46 22 The
1130 1021 115 28 dwelling-

660 1057 69 21 house
742 1056 20 21 is
777 1062 13 14 a
804 1056 57 19 most
878 1050 149 26 comfortable,
1035 1056 3 5 '
1048 1049 146 26 substantial,'
1202 1049 43 21 and

660 1082 149 22 commodious
824 1080 96 21 erection
928 1087 5 18 ;
950 1077 44 22 and
1004 1077 37 21 the
1049 1076 63 28 place
1120 1075 125 27 altogether

660 1110 19 21 is
693 1111 57 20 most
762 1106 123 26 admirably
896 1104 167 23 calculated;for
1079 1103 36 21 the
1130 1102 114 22 residence

661 1136 25 22 of
697 1143 14 14 a
721 1134 135 28 respectable
866 1132 85 26 family,
966 1131 43 22 and
1020 1130 43 21 will
1079 1128 43 23 suit
1132 1128 50 22 well
1191 1128 54 22 both

661 1171 23 13 as
696 1171 12 13 a
716 1162 61 27 dairy
783 1160 44 23 and
837 1159 61 22 stock
1023 1157 47 21 The
1079 1155 120 28 purchaser
1204 1162 40 15 can

661 1190 56 21 have
729 1197 12 13 a
749 1189 61 25 large
820 1186 86 28 quatity
916 1185 26 21 of
947 1184 88 28 poultry
1045 1183 21 21 if
1072 1183 28 21 he
1110 1182 84 27 choses;

689 1216 44 22 For
741 1215 86 22 further
836 1212 129 28 particulars
971 1211 66 27 apply
1043 1213 22 18 to
1075 1210 52 21 Mr.-
1136 1212 110 18 William

662 1244 73 25 Lyon,
747 1240 125 26 Merchant,
882 1238 145 26 Wellington,
1039 1244 24 14 or
1072 1239 22 18 to
1105 1236 48 22 Mr.
1166 1235 80 22 Deans

663 1277 28 14 on
703 1269 37 21 the
748 1267 114 29 premises.

691 1295 125 22 December
826 1294 33 25 14,
872 1293 61 20 1842.
1143 1306 3 4 ■

664 1342 53 20 For
728 1340 67 24 Sale,
806 1339 45 19 the
863 1343 83 21 cargo
959 1336 29 21 of
1000 1336 44 20 the

669 1375 101 24 qaa
788 1369 81 22 TONS
888 1367 76 23 BEST
983 1365 134 24 CHILIAN
1135 1364 111 27 FLOUR,

665 1394 33 29 O
703 1390 68 34 UU
799 1396 60 22 fresh
868 1395 88 27 ground
964 1393 72 23 direct
1044 1393 57 21 from
1109 1391 137 28 Valparaiso,

763 1433 3 3 •
774 1426 23 19 at
806 1423 96 26 £20.per
914 1425 47 23 ton,
971 1420 61 22 cash.

1016 1454 87 21 Waitt-
1110 1452 46 23 and
1164 1452 84 21 Tyser.

658 1485 153 27 -Wellington,
822 1482 129 23 November
959 1483 21 25 4,
991 1482 63 21 1842.

668 1531 54 20 For
733 1529 68 24 Sale,
811 1529 46 19 the
875 1532 82 21 cargo
973 1525 31 21 of
1015 1525 45 20 the

676 1562 15 28 1
711 1561 61 29 fCH
801 1559 80 26 TONS
905 1559 26 21 of
950 1558 52 23 the.
1009 1558 50 21 best
1081 1556 60 22 fresh
1162 1555 89 28 ground

674 1579 98 30 XOU
884 1586 71 26 'flour,
969 1592 52 14 now
1036 1583 90 27 landing
1140 1583 57 21 from
1215 1581 35 22 the

790 1613 102 26 Cheerful,
910 1612 70 21 direct
994 1611 57 22 from
1057 1612 5 6 '
1070 1609 130 28 Valparaiso
1201 1620 28 4 —
1230 1611 22 19 at

669 1642 48 21 £20
726 1648 38 20 per
775 1644 44 18 ton.
916 1641 3 8 '
1032 1649 3 5 ■
1065 1641 4 4 '
1096 1638 4 7 '
1137 1641 10 9 '*

982 1665 88 22 Waitt.
1080 1670 50 15 and.
1139 1663 86 22 Tyser.

698 1695 48 21 Oct.
757 1696 32 25 23,
802 1695 60 20 1842.
1002 1699 4 25 ;
1244 1717 4 5 .

846 1739 43 21 Ex

674 1772 65 32 Ofi
753 1771 82 24 TONS
849 1772 50 21 first
912 1770 59 22 fresh
986 1769 86 28 ground
1089 1768 91 28 Sydney
1190 1767 58 21 flour

770 1800 26 21 15
811 1799 73 21 chests
892 1798 72 27 hyson
974 1800 43 23 tea,
1252 1795 2 23 '.

758 1828 39 19 100
811 1825 73 22 chests
893 1832 69 20 green
971 1827 42 24 tea,
1020 1825 3 5 '

772 1854 27 20 10
811 1852 56 27 bags
877 1851 75 26 coffee,

785 1880 12 21 5
811 1879 56 26 bags
876 1885 88 21 pepper,

985 1903 83 22 Waitt
1082 1902 44 22 and
1140 1903 85 21 Tyser.

700 1933 96 22 October
805 1933 34 26 25,
851 1933 61 20 1842.
1065 1939 4 25 ;
1249 1942 5 5 -

919 1976 90 21 Seeds.
1249 1969 5 6 *

672 2011 72 47 ON
755 2011 84 25 SALE,
851 2012 23 18 at
882 2009 37 21 the
929 2010 86 18 Gazette
1020 2008 78 25 Office,
1106 2008 22 20 in
1134 2006 119 27 quantities

749 2040 22 18 to
778 2037 44 21 suit
831 2035 137 28 purchasers,
979 2034 37 22 the
1027 2034 111 26 following
1147 2033 64 21 seeds
1219 2040 34 14 :—

699 2063 75 21 Sword
783 2062 108 27 long-pod
900 2062 64 26 bean,

700 2089 117 27 Lorg-pod
828 2089 64 25 bean,

699 2115 109 28 Speckled
816 2115 73 22 dwaif
896 2114 84 28 kidney
989 2115 65 25 bean,

699 2143 72 21 Broad
782 2143 65 26 bean,

701 2170 71 21 Horse
781 2169 65 26 bean,

701 2197 84 21 Scarlet
793 2203 90 20 runner,

701 2223 67 27 Early
777 2223 107 21 Warwick
893 2230 49 20 pea,

701 2250 67 27 Early
777 2249 115 22 Mazarine
902 2256 49 20 pea,

701 2277 103 22 Prussian
814 2276 51 22 blue
875 2283 47 20 pea,

702 2303 109 24 Nonsuch,
816 2310 51 20 pea.

701 2331 55 21 Blue
766 2329 101 28 imperial
877 2336 47 21 pea,

702 2357 94 27 Spanish
806 2357 72 21 dwarf
882 2363 49 20 pea,

703 2385 70 26 Large
784 2383 97 27 cabbage
890 2383 88 26 lettuce,

702 2410 132 22 Drumhead
843 2409 97 27 cabbage
949 2409 90 26 lettuce,

703 2438 113 22 Battersea
827 2437 104 26 cabbage,

703 2464 130 22 Drumhead
842 2463 106 26 cabbage,

703 2491 51 22 Red
762 2491 75 22 Dutch
848 2490 104 26 cabbage,

704 2519 93 21 Puller's
806 2517 61 27 early
878 2517 104 26 cabbage,

704 2545 104 22 Prussian
817 2544 65 22 white
893 2544 79 26 turnip,

704 2572 84 22 Yellow
801 2571 77 23 Swede
888 2571 80 26 turnip,
981 2596 5 5 _

706 2599 79 27 Purple
795 2602 37 23 top
842 2597 77 23 Swede
929 2596 79 28 turnip,

705 2626 73 22 White
788 2628 63 19 stone
863 2624 82 27 turnip,

705 2653 74 21 White
788 2652 56 22 horn
855 2651 81 27 turnip,

694 2680 82 21 -Silver
784 2679 80 21 leaved
873 2678 57 26 beet,

683 2707 72 21 -'Red
762 2707 59 26 beet,

706 2733 110 27 Mangold
827 2731 94 27 wurtsel,

707 2759 141 27 Altringham
858 2761 79 24 carrot,

707 2787 66 26 Early
782 2787 57 21 horn
849 2788 80 25 carrot,

707 2813 64 26 Long
781 2819 82 20 orange
874 2814 78 24 carrot,

708 2839 73 21 White
791 2837 107 27 mustard,

709 2865 79 22 Curled
797 2872 66 19 cress,
996 2879 3 5 ,
1129 2873 4 8 '

708 2892 64 27 Long
781 2891 80 22 scarlet
870 2890 80 27 radish,

708 2919 73 21 White
791 2918 74 27 turnip
874 2917 81 26 radish,

708 2945 50 22 Red
766 2944 75 27 turnip
849 2943 82 27 radish;

710 2972 132 26 Strasburgn
851 2970 74 26 onion,

710 2999 79 21 Brown
800 2997 96 28 Spanish
905 2997 72 26 onion,

710 3025 97 27 Parsnip,

711 3051 81 23 Curled
801 3050 94 29 parsley,

712 3079 73 22 Green
796 3077 76 23 curled
884 3076 85 27 endive,

711 3105 107 23 Batavian
828 3104 86 27 endive,

712 3131 68 28 Leek,
795 3134 3 3 '
976 3135 5 5 '
1131 3140 4 5 -

712 3160 133 27 Asparagus,

713 3187 42 21 Sea
764 3186 52 26 kail,

714 3213 71 22 Globe
795 3220 86 19 savoys,
958 3219 8 9 <-

691 3237 16 17 ■'
714 3239 80 23 Curled
803 3239 91 24 brocoli,
947 3250 2 5 •
1009 3244 6 26 \

683 3274 3 4 •
712 3267 50 21 Red
770 3266 57 26 splid
837 3266 77 27 celery,
919 3265 45 23 and
969 3264 70 26 .white
1049 3264 80 27 celery,
1137 3278 4 5 -
1241 3268 3 4 '
1264 3272 3 4 •

714 3293 101 27 Cabbage
826 3292 89 27 lettuce,

675 3326 4 6 •
714 3321 102 21 Summer
825 3326 87 21 savory,

675 3347 2 5 '
712 3347 88 21 Winter
809 3352 85 21 savory,
1024 3343 4 6 '
1059 3343 7 11 '*

714 3375 63 26 Sage,

713 3400 74 22 White
796 3399 59 28 beet,

712 3427 93 28 Thyme,
937 3443 2 5 ,
1019 3440 3 4 ■

713 3453 99 23 Brussels
821 3455 94 26 sprouts,

713 3481 93 26 Borage,

713 3507 117 28 Angelica,

714 3534 74 23 White
798 3534 79 22 selesia
884 3533 89 26 lettuce,

714 3562 80 22 Brown
804 3560 46 22 and
858 3559 66 23 white
934 3566 49 21 goas
991 3559 91 26 lettuce;
1116 3566 2 5 •

714 3588 92 27 Salsafy,
817 3603 4 3 -

714 3614 72 22 Vanal
795 3614 104 27 cabbage,

714 3641 76 27 Sorell,
870 3645 2 5 '
899 3644 2 4 '
1236 3660 7 10 „

714 3668 92 26 Fennel,

714 3695 122 27 Lavender,

714 3723 64 26 Long
788 3721 86 28 prickly
883 3720 125 26 cucumber,
1063 3732 2 5 ■

715 3751 72 20 Sweet
795 3746 56 24 basil
860 3747 44 23 and
912 3747 56 23 bush
978 3746 63 27 basil,
1110 3753 4 4 '
1160 3764 11 7 
1215 3757 11 12 /

715 3776 96 27 Hyssop,
1133 3790 106 11 ...

715 3802 68 28 Early
792 3801 140 23 cauliflower.
1241 3824 5 5 ,
1262 3814 3 4 -

715 3830 56 23 Also
780 3836 15 15 a
808 3828 88 27 variety
898 3829 31 20 .of
934 3827 76 21 flower
1016 3829 3 12 !
1020 3825 71 26 seeds,
1101 3824 56 22 both
1169 3824 98 22 Colonial

688 3857 45 23 and
743 3855 100 28 English.

715 3883 126 24 December
851 3883 20 25 8,
882 3882 61 21 1842.
1160 3899 14 4 ..
1196 3891 7 3 -

688 3928 93 50 JUST
794 3926 132 25 OPENED,
935 3924 43 23 and
989 3931 28 14 on
1028 3923 50 22 Sale
1088 3926 22 18 at
1119 3922 38 22 the
1168 3921 71 23 Office
1249 3923 18 21 ol

752 3954 43 23 this
804 3954 79 29 Paper,
892 3951 42 24 ink
942 3951 76 23 stands
1028 3951 26 22 of
1060 3950 88 22 various
1157 3949 65 22 sizes.

1359 729 4 5 ■
1383 718 53 26 £or
1449 716 70 25 Sale,
1535 722 35 14 ex
1584 716 16 21 '.'
1606 716 125 22 Nelson.'r'
1745 726 5 6 -

1270 750 106 50 PALE
1391 748 95 22 INDIA
1500 747 63 22 ALE
1576 746 25 22 in
1615 746 78 28 bottle,
1702 746 94 28 Bryant-
1803 746 45 22 and

1342 775 95 27 Davis's,
1516 791 3 5 ,
1550 791 4 4 .
1573 786 16 9 ..
1616 777 30 17 \i.
1661 776 3 5 '
1685 789 3 3 ■
1707 776 16 17 '.
1737 781 3 8 '

1297 805 69 25 Stout,
1377 802 85 26 Bryant
1471 800 45 22 and
1524 800 70 23 Davxs
1603 807 22 20 5,.
1634 810 3 9 »
1664 817 5 3 .

1258 848 2 9 ,
1296 831 62 21 Bass'
1369 830 83 21 Burton
1463 826 41 27 ale,
1598 840 5 9 i
1626 832 8 16 \
1639 830 4 17 :
1651 842 6 7 s

1296 857 54 22 Pale
1370 856 76 24 sherry
1465 853 44 22 and
1524 852 112 28 Madeira,
1655 852 133 23 Rutherford
1804 852 45 23 and

1269 883 101 28 Drury's,
1371 881 115 26 brand,--'
1501 893 30 12 ...
1568 896 2 4 .
1600 887 97 16 '.'•■■-
1721 889 23 10 •!
1749 889 4 16 \

1296 910 62 27 Very
1368 908 35 22 old
1412 906 109 26 Madeira,
1532 909 51 24 port
1597 906 44 21 and
1655 906 74 27 sherry
1738 906 24 22 in
1777 906 71 26 wood,

1270 934 134 24 Rutherford
1413 933 147 26 and-Drury's
1570 932 78 26 brand,

1299 963 44 21 Old
1352 968 84 21 cognac
1444 960 87 27 brandy
1540 960 24 21 in
1573 959 75 26 bottle,

1298 990 82 25 Cherry
1390 986 85 28 brandy
1486 987 21 21 in
1517 994 69 20 cases,
1611 993 32 3 -~*

1259 1012 7 21 '•'
1298 1016 116 28 Sparkling
1423 1014 147 27 champagne/

1260 1050 5 9 '
1298 1041 140 23 Maraschion
1449 1040 44 22 and
1500 1040 75 27 punch
1586 1043 104 23 essence,'

1260 1070 5 16 !
1298 1070 49 21 Eau
1357 1070 27 21 de
1398 1068 102 26 Cologne,
1542 1071 2 4 '
1556 1070 3 4 '

1260 1099 3 2 '
1300 1097 10 20 1
1322 1104 49 14 case
1381 1094 86 23 French
1477 1100 60 20 rugs.

1255 1115 3 33 I
1282 1134 4 3 •
1299 1123 109 22 Assorted
1415 1121 102 25 anchors,

1300 1149 77 27 Chain,
1380 1150 79 24 cables,
1471 1148 88 22 various
1569 1146 63 26 sizes,

1268 1195 2 8 ,
1299 1176 84 22 Patent
1388 1179 102 23 car.pets,-

1301 1203 95 26 Glassesj
1413 1212 12 4 ••

1302 1253 94 28 Picklesi
1406 1275 3 5 ,

1302 1284 78 21 Butter
1386 1283 23 21 in
1416 1282 54 27 jars,

1302 1310 54 22 Pine
1367 1310 83 26 cheese,
1465 1309 39 22 &c.
1516 1308 40 21 &c.

1427 1351 16 11 _,
1563 1343 5 4 ■
1583 1334 84 21 Waitt
1680 1332 45 22 and
1742 1332 84 23 Tyser.

1303 1369 141 27 Wellington,
1456 1367 129 28 September
1594 1367 106 26 30,1842.
1717 1374 3 4 •
1782 1360 3 4 '
1808 1367 3 5 '

1303 1416 39 19 To
1354 1413 196 27 Ship-builders
1567 1412 55 21 and
1636 1411 191 26 Ship-owners.

1279 1447 70 48 ON
1365 1445 76 23 SALE
1453 1445 31 26 by
1494 1444 38 22 the
1542 1442 147 28 undersigned
1695 1450 5 14 :
1702 1453 28 5 —

1342 1471 101 24 Anchors
1455 1472 26 20 of
1491 1471 30 21 all
1531 1471 63 26 sizes,

1306 1500 70 22 Chain
1385 1498 73 22 cables
1469 1498 43 21 and
1526 1498 61 20 short
1601 1496 76 22 linked
1691 1495 84 26 chains,
1787 1494 70 22 tested

1278 1528 30 27 by
1318 1534 13 14 a
1339 1525 133 29 hydrostatic
1482 1524 86 27 engine,
1577 1522 98 23 assorted
1683 1523 55 21 sizes
1749 1522 43 21 and
1802 1529 55 14 war-

1278 1554 84 27 ranted,

1307 1578 157 24 Bitheadsand
1474 1585 63 20 spare
1545 1576 109 26 shackles,

1306 1607 111 21 Windlass
1425 1606 67 20 metal
1502 1604 24 21 in
1538 1603 106 27 complete
1655 1604 57 24 setts,

1307 1633 109 23 Mariners
1427 1638 129 20 compasses,

1308 1661 44 21 Sail
1363 1666 90 16 canvass
1462 1658 45 21 and
1517 1658 72 25 twine,

1307 1687 72 27 Pitch,
1389 1689 42 23 tar,-
1441 1685 40 21 &c.
1492 1685 40 21 &c.
1660 1694 7 5 »
1698 1706 3 4 .

1641 1710 85 20 Willis
1736 1716 46 14 and
1792 1710 39 19 Co.

1283 1741 96 21 October
1388 1740 31 25 11,
1431 1739 60 21 1842:
1804 1753 1 5 .

1335 1786 52 20 For
1406 1783 60 21 Sale
1490 1783 28 20 at
1540 1782 44 20 the
1600 1781 106 20 Nelson
1724 1779 81 26 Dairy

1558 1809 42 19 at.

1458 1835 105 21 Nelson
1576 1834 102 20 Haven.

1286 1876 64 24 QA
1366 1868 82 24 COWS
1444 1895 5 4 .
1463 1867 35 22 IN
1515 1866 74 23 CALP
1589 1866 11 30 !>

1281 1890 69 34 01/
1379 1898 27 21 30
1413 1894 82 22 heifers
1504 1894 24 21 in
1539 1891 53 29 calf,'

1379 1923 27 22 50
1414 1928 76 20 young
1498 1920 89 26 heifers,

1309 1953 15 20 4
1333 1948 113 24 half-bred
1455 1947 102 22 Durham
1568 1945 68 26 bulls,

1310 1979 23 20 11
1345 1980 73 22 steers,

1336 2006 13 18 6
1356 2002 102 24 .working
1466 1999 109 25 bullocks,

1335 2030 15 20 4
1360 2026 61 24 stock
1428 2026 85 26 horses,

1338 2057 40 20 100
1387 2060 63 19 ewes,

1336 2082 28 21 50
1373 2080 101 26 wethers,

1310 2110 49 22 The
1373 2107 68 22 above
1456 2113 37 14 are
1507 2106 58 21 from
1580 2104 40 22 Dr.
1632 2102 90 27 Imlay's
1738 2101 124 23 celebrated

1284 2137 63 22 stock
1356 2138 22 18 at
1388 2133 99 22 Twofold
1498 2133 44 26 Baj
1549 2148 5 5 .
1570 2149 3 4 .
1583 2131 48 21 The
1642 2130 64 21 cattle
1721 2136 36 14 are
1767 2128 37 21 the
1816 2128 46 21 best

1285 2163 61 27 bred,
1356 2162 56 21 have
1423 2160 57 21 been
1489 2159 84 21 landed
1582 2159 24 21 in
1618 2157 39 21 the
1667 2157 64 21 finest
1741 2155 69 25 order,
1822 2156 40 19 and

1275 2198 3 2 •
1285 2192 58 20 form
1352 2190 37 21 the
1403 2188 49 21 best
1461 2187 105 20 selection
1573 2185 26 21 of
1606 2191 42 20 any
1655 2183 29 21 lot
1693 2186 39 24 yet
1740 2181 96 27 brought
1844 2184 18 18 tc

1286 2218 56 21 New
1351 2214 105 23 Zealand.
1486 2213 44 21 For
1536 2211 135 29 particulars,
1681 2209 64 28 apply
1756 2213 21 17 to

1474 2248 21 20 S.
1512 2247 99 26 Revans,
1627 2244 141 27 Wellington,
1781 2250 23 14 or

1475 2274 28 22 D.
1514 2274 145 23 Drummond,
1670 2271 84 22 Nelson
1764 2270 89 21 Haven.

1314 2304 54 26 July
1378 2304 19 22 7.
1409 2303 60 20 1842.
1833 2325 29 4 _

1460 2345 107 21 Heifers
1582 2345 29 19 in
1627 2343 64 21 Calf.

1290 2381 88 48 FOR
1391 2378 84 26 SALE,
1486 2376 69 22 about
1568 2377 28 21 50
1604 2374 99 28 superior
1712 2373 56 22 bred
1781 2373 79 21 heifers

1348 2409 58 19 most
1422 2404 24 22 of
1457 2404 62 21 them
1533 2404 73 25 heavy
1619 2402 24 21 in
1661 2401 48 27 calf,
1726 2400 45 21 and
1786 2399 76 27 having

1289 2435 57 21 been
1366 2439 58 16 some
1439 2431 53 21 time
1507 2430 24 21 in
1544 2430 38 21 the
1603 2428 88 27 Colony,
1709 2430 40 18 not
1762 2426 67 22 liable
1846 2430 16 17 t(

1290 2461 67 21 suffer
1365 2461 54 20 from
1429 2458 38 21 the
1477 2457 74 22 effects
1562 2456 25 21 of
1599 2456 37 21 the
1651 2454 60 22 Toot.
1740 2453 47 22 The
1800 2453 62 21 above

1291 2487 67 22 cattle
1374 2493 39 15 can
1429 2484 27 22 be
1473 2483 98 27 strongly
1584 2480 177 26 recommended,
1780 2487 23 14 sis
1818 2479 44 26 the}

1291 2514 58 22 have
1364 2514 54 21 been
1437 2510 96 23 selected
1546 2510 58 21 from
1620 2508 43 21 the-
1673 2514 116 15 numerous
1804 2506 58 21 cattii

1292 2541 58 27 ships
1361 2538 70 23 which
1439 2537 57 22 have
1514 2536 87 22 arrived
1613 2536 60 21 here.
1701 2533 74 28 Apply
1791 2537 21 17 to
1825 2533 37 21 Mr

1293 2568 95 26 Revans,
1402 2566 84 19 Gazette
1495 2564 71 26 office,
1578 2570 24 14 or
1611 2565 23 18 to
1644 2561 42 22 Mr.
1698 2561 84 25 Hulke,
1791 2560 71 21 Evans

1293 2594 55 27 Bay.

1320 2621 61 26 Also,
1392 2618 59 22 three
1463 2616 113 23 well-bred
1586 2623 72 14 mares
1664 2615 22 21 in
1695 2613 53 27 foal,
1761 2618 21 16 to
1792 2614 70 26 impor

1293 2647 37 21 ted
1339 2647 81 21 horses.

1387 2689 90 21 Union
1491 2688 79 20 Bank
1585 2687 29 20 of
1632 2685 146 22 Australia.

1295 2724 93 22 London
1407 2723 90 25 Office,
1514 2721 43 21 No.
1571 2721 37 24 33,
1627 2719 48 21 Old
1690 2719 172 21 BitOAi>-sTKEm

1349 2755 91 28 Capital,
1450 2754 121 26 £800,000;
1592 2751 52 27 paid
1651 2758 36 20 up,
1703 2750 117 25 £500,000.

1526 2788 118 14 DIRECTORS*

1400 2815 67 19 George
1474 2813 39 16 Fife
1519 2812 67 20 Angas,
1594 2811 49 19 Esq.,

1401 2835 66 16 Robert
1473 2833 74 19 Brooks,
1557 2832 49 19 Esq.,

1401 2856 60 16 James
1469 2854 48 16 John
1523 2853 100 17 Cummins,
1630 2851 47 20 Esq.,

1402 2876 65 17 Robert
1474 2875 95 18 Gardener,
1580 2874 50 19 Esq.,
1641 2872 119 17 Manchester,

1401 2897 47 16 John
1456 2896 46 16 Gore
1517 2895 49 19 Esq.,

1401 2918 47 16 John
1455 2916 81 17 -William
1541 2914 74 19 BucWe,
1621 2914 49 20 Esq.,

1402 2937 93 21 JSenjamin
1502 2937 22 16 E.
1530 2935 63 19 lindo,
1601 2935 48 19 Esq.,
1665 2947 3 7 ,

1401 2959 72 16 Charles
1481 2957 75 17 Edward
1563 2955 87 21 Mangles,
1658 2955 47 20 Esq.,

1401 2978 115 21 Christopher
1521 2978 84 18 Rawson,
1613 2976 49 20 Esq.,
1672 2975 79 19 Halifax,

1401 3001 78 15 Thomas
1486 2999 62 18 Sands,
1557 2997 49 20 Esq.,
1612 2996 104 21 Liverpool,,

1401 3022 61 15 James
1469 3020 55 20 Bogle
1532 3018 64 18 Smith,
1601 3017 61 20 Esq.,-

1401 3042 61 16 James
1469 3039 79 18 Ruddell
1554 3037 57 19 Todd,
1617 3037 43 20 Esq.

1300 3072 97 16 Trustees:
1412 3069 81 16 George
1504 3067 57 16 Cabr
1571 3065 62 19 Gltn,
1644 3064 48 20 Es<i.,
1702 3064 52 16 Jobs
1766 3063 61 19 Gore,
1839 3064 40 18 U.m\.

1441 3089 37 17 and
1484 3089 66 16 James
1557 3086 16 16 J.
1581 3086 99 19 Cummins,
1689 3085 44 20 Esq.

1325 3119 89 16 Bankets:
1425 3117 75 16 Messrs.
1507 3115 61 18 Gittn,
1579 3113 112 18 Halmfax,
1699 3112 71 19 Miils,
1778 3111 36 16 and
1822 3111 30 17 Co.

1415 3145 101 19 Secretary:
1528 3142 83 17 Samuel
1616 3140 93 19 Jackson,
1716 3140 44 19 Esq.
1787 3151 3 4 .

1387 3172 80 17 Colonial
1473 3171 102 21 Inspector:
1587 3168 18 17 J.
1612 3168 19 16 C.
1639 3167 101 19 M'laren,
1747 3167 42 20 Esq.

1418 3220 68 21 New
1504 3215 123 24 Zealand
1644 3214 113 22 Branch*

1298 3256 54 18 Local
1359 3253 108 19 Directors:'
1475 3252 47 17 Geo.
1534 3251 16 16 S.
1562 3250 79 17 Evans,-
1647 3249 48 20 Esq.,
1707 3248 63 17 D.C.L.
1790 3248 37 17 and
1839 3248 40 17 Geo

1507 3272 101 19 .Hunter,
1619 3270 43 20 Esq.
1744 3276 3 7 >
1809 3274 4 12 '.

1298 3302 96 15 Manacer-
1405 3300 48 16 John
1460 3299 73 17 Smith,
1540 3296 49 20 Esq.,
1596 3295 37 16 late
1639 3295 21 16 of
1668 3295 29 16 the
1704 3294 117 17 Commercial
1827 3295 53 16 Bank

1389 3314 5 13 :
1436 3327 15 6 .•
1464 3319 22 16 of
1493 3317 89 21 England,
1593 3316 120 16 Manchester.

1407 3344 113 24 Branches
1530 3345 23 20 at
1568 3342 97 27 Sydney,

1514 3375 3 3 ■
1542 3385 3 4 .
1569 3368 170 27 HobartTown,

1570 3396 146 25 Launceslon,
1727 3394 45 22 and

1570 3422 55 22 Port
1634 3421 78 28 Philip.

1301 3457 53 21 Port
1363 3451 128 27 Nicholson,
1502 3448 82 25 March
1592 3449 35 26 24,
1637 3449 60 21 1840.

1301 3508 91 49 THE
1407 3505 114 23 Directors
1538 3502 25 22 of
1577 3502 40 21 the
1634 3501 54 22 New
1703 3500 100 23 Zealand
1817 3500 65 23 Land

1375 3535 115 25 Company
1502 3530 85 26 hereby
1603 3528 50 27 give
1669 3528 84 26 notice;,
1765 3527 49 22 that
1827 3527 55 28 they

1299 3562 58 22 have
1364 3566 111 18 effected
1484 3564 31 15 an
1524 3554 273 24 ARRANGEMENTjwiththe
1805 3554 76 23 Union

1300 3588 65 23 Bank
1378 3587 26 22 of
1418 3584 122 26 Australia,
1554 3582 45 22 No.
1615 3582 39 26 38,'
1664 3581 43 22 Old
1722 3580 159 28 Broad-street,

1300 3615 101 22 London,
1411 3613 35 21 for
1454 3611 38 21 the
1504 3608 168 23 establishment
1683 3607 26 22 of
1722 3615 14 13 a
1751 3606 130 24 BRANCH

1300 3639 96 25 BANK.
1402 3639 34 22 IN
1450 3636 71 24 NEW
1536 3634 155 27 ZEALAND,
1704 3634 96 26 through
1809 3634 73 23 which

1300 3669 38 21 the
1345 3666 102 24 business
1458 3664 28 22 of
1496 3663 46 29 the.
1550 3662 58 22 New
1735 3660 65 23 Land
1816 3661 66 22 Com-

1300 3702 61 19 pany
1368 3691 45 25 will
1420 3693 29 21 be
1458 3688 133 24 transacted.
1618 3685 49 24 The
1680 3687 113 22 Directors
1808 3687 74 23 there-

1300 3723 47 21 fore
1356 3716 143 27 recommend
1507 3719 24 19 to
1547 3714 111 23 Colonists
1673 3713 36 22 the
1726 3714 75 21 Union
1818 3713 64 24 Bank

1301 3749 26 21 of
1344 3745 113 25 Australia
1465 3750 32 15 >aa
1516 3749 29 15 an
1570 3740 167 23 establishment
1757 3742 125 28 possessing

1300 3775 57 22 their
1373 3772 69 24 entire
1465 3769 136 27 confidence,
1621 3766 44 23 and
1683 3766 50 23 able
1791 3768 91 27 provide

1300 3799 124 27 effectually
1439 3798 35 21 for
1489 3796 39 22 the
1541 3793 105 24 financial
1660 3796 69 19 wants
1746 3794 25 21 of
1783 3794 36 22 the
1836 3795 46 22 first

1300 3828 134 23 settlement,

1328 3857 2 9 i
1466 3850 34 27 By
1510 3848 65 23 order
1585 3847 26 22 of
1620 3847 38 22 the
1668 3847 78 27 Board,

1543 3881 86 23 JOHN
1643 3879 101 28 WARD,
1761 3881 121 28 Secretary.

1302 3916 56 22 New
1367 3911 99 26 Zealand
1474 3909 66 23 Land
1548 3906 134 29 Company's
1691 3907 77 28 Office,

1329 3949 19 26 1,
1360 3945 158 24 Adam-street,
1529 3939 106 29 Adelphi,
1644 3938 51 24 27th
1704 3938 59 27 Aug.
1783 3940 59 21 1839.

2065 716 39 22 TO
2120 709 151 30 MORROW.'

2048 750 149 21 Christmas
2214 751 73 21 Beef.
2419 757 7 6 -
2450 758 9 15 «

1882 783 88 48 MR.
1982 783 83 22 JOHN
2080 783 95 22 WADE
2184 784 19 21 is
2212 784 107 26 prepared
2328 788 24 17 to
2362 784 53 23 offer
2424 784 35 22 his
2492 796 8 12 /

1968 810 83 21 friends
2067 817 13 14 a
2091 812 69 23 treat,-
2165 810 22 21 in
2199 812 38 19 the
2251 810 69 28 shape
2329 811 27 21 of
2362 811 98 27 superior

1881 836 120 23 Christmas
2017 836 61 27 Beef,
2094 843 29 15 on
2138 836 115 28 Thursday
2268 840 62 24 next,
2337 851 3 3 ■
2349 836 37 23 the
2400 837 60 22 22nd

1881 863 129 26 December,
2031 864 59 25 1842,
2111 866 25 19 at
2145 863 45 22 .the
2194 859 75 31 '"yard
2283 864 40 21 .of;
2335 864 125 21 Alderman

1881 889 103 27 Jenkins,,
1989 890 96 27 Te,,Aro,
2097 892 23 21 at
2136 890 15 21 1
2164 889 84 22 o'clock
2261 890 200 28 precisely,~where

1880 915 27 22 he
1918 915 43 22 will
1970 916 47 27 sell,
2029 916 92 21 Ivithout
2130 923 86 15 reserve
2217 927 27 4 —

1934 944 13 19 6
1956 944 58 25 very'
2019 943 33 21 fat
2059 942 109 27 bullocks,
2266 952 7 7 <•

1933 970 14 21 2
1956 976 55 19 very
2019 969 34 21 fat
2061 976 65 20 cows,

1934 997 13 20 2
1956 995 62 28 quiet
2100 1002 31 15 on
2142 995 37 22 the
2189 996 63 27 point
2261 997 28 21 of
2295 996 92 28 calving.

1907 1021 47 23 The
1963 1023 38 28 fat;
2005 1022 73 23 stock,
2081 1023 57 21 have
2153 1023 57 21 been
2227 1023 153 27 kept,'for.the
2396 1023 43 22 last
2449 1024 13 22 7

1882 1049 93 26 months,
1988 1056 29 14 on
2027 1045 37 25 the
2072 1049 53 21 best
2136 1049 92 26 grazing
2237 1050 23 21 in
2270 1049 44 22 this
2329 1050 135 27 neighbour-

1882 1075 64 27 hood,
1958 1075 23 22 in
1992 1075 63 22 order
2065 1079 21 17 to
2098 1075 70 22 afford
2174 1070 120 29 theilovers
2304 1076 30 22 of.
2335 1076 38 22 the

1883 1099 52 25 beef
1942 1102 25 21 of
1975 1101 44 23 Old
2028 1101 102 28 England
2163 1102 125 27 something
2295 1103 46 21 like
2351 1110 13 14 a
2373 1105 58 19 treat
2436 1110 29 14 on

1884 1129 118 21 Christmas
2017 1129 56 26 Day,
2085 1129 45 21 and
2141 1129 62 21 their
2212 1129 69 31 hopes
2290 1127 174 24 havenbt.been

1883 1155 160 27 disappointed.
2069 1154 65 28 They
2140 1177 3 4 .
2150 1162 37 15 are
2193 1167 5 13 ;
2203 1155 116 28 decidedly
2322 1156 111 27 'superior-
2441 1158 24 19 to

1884 1188 42 20 any
1935 1182 63 22 stock
2007 1184 38 25 yet
2053 1181 83 22 offered
2145 1182 34 22 for
2187 1181 47 23 sale
2241 1182 28 22 in
2274 1182 144 27 Wellington.
2429 1200 4 3 -
2442 1201 5 3 -

1950 1212 170 27 Terms.liberal,
2132 1213 66 21 made
2213 1213 81 22 known
2306 1216 22 19 at
2338 1213 58 22 Sale.
2429 1225 5 5 -

1898 1258 199 20 Horticultural
2112 1258 55 20 and
2180 1258 146 21 Botanical
2337 1258 115 26 Society.

1886 1290 89 49 THE
1992 1290 86 22 NEXT
2087 1290 196 23 EXHIBITION
2292 1291 45 22 will
2346 1291 50 22 take
2403 1292 64 26 place

1959 1321 23 18 at
1992 1316 37 22 the
2046 1317 129 27 Exchange,
2187 1325 28 14 on
2235 1318 110 26 Tuesday,
2359 1318 109 23 ,the27th

1885 1343 90 22 instant.
2005 1343 38 22 All
2060 1343 88 22 articles
2163 1347 58 18 must
2236 1344 29 22 be
2284 1348 49 18 sent
2441 1346 27 20 10

1873 1376 3 10 1
1886 1370 84 21 o'clock
1980 1378 48 14 a.m.
2127 1380 3 3 •
2242 1370 4 7 '
2361 1388 2 5 ,
2399 1390 2 3 .
2449 1388 4 4 .

2144 1397 21 22 J.
2181 1397 25 22 E.
2223 1397 175 28 Featherston,
2430 1408 7 4 -

2318 1425 121 27 Secretary.

1914 1450 124 22 December
2048 1452 32 25 16,
2092 1452 62 21 1842.
2340 1463 4 3 •
2371 1461 23 13 :•.

1888 1496 49 47 A
1952 1494 120 23 STEADY
2087 1495 73 21 active
2178 1502 74 20 young
2272 1502 58 16 man.
2343 1495 81 23 would,
2438 1496 29 21 be

1964 1521 53 27 glad
2026 1525 22 18 to
2059 1521 124 22 undertake
2192 1521 38 22 the
2246 1521 80 27 charge
2345 1522 25 21 of
2383 1529 13 14 a
2411 1529 59 14 mer-

1890 1548 89 26 chant's,
1992 1548 164 28 storekeeper's,
2167 1555 24 14 or
2201 1548 145 22 tradesman'^
2355 1548 69 22 hooks
2433 1548 36 22 for

1889 1581 13 14 a
1915 1581 60 20 very
1987 1574 112 22 moderate
2115 1575 173 27 remuneration,
2306 1582 55 15 even
2380 1575 25 22 if
2416 1575 52 27 they

1890 1601 52 27 only
1960 1602 107 26 occupied
2082 1601 41 22 but
2142 1609 14 13 a
2174 1601 41 22 few
2226 1601 73 22 'hours
2318 1601 23 22 in
2361 1601 37 22 the
2417 1602 50 27 day.

1891 1628 58 21 Most
1963 1628 136 27 respectable
2118 1628 125 21 references
2246 1645 5 6 r
2259 1635 42 14 can
2319 1628 28 21 be
2352 1628 81 26 (given
2450 1628 21 21 if

1890 1654 108 28 required.
2035 1653 106 28 Address,
2168 1655 27 21 A.
2206 1655 26 21 B.
2244 1655 33 27 C,
2304 1656 53 19 New
2379 1656 93 20 Zealand

1893 1682 82 20 Gazette
1985 1681 78 27 Office^
2072 1682 202 26 Manners-street,,
2277 1681 145 28 Wellington.

1918 1713 142 26 Wellington,
2071 1713 127 21 December
2207 1715 33 24 16,
2249 1715 61 20 1842.

1962 1752 115 21 ILLIAM
2095 1751 106 22 ALLEN
2222 1752 143 27 respectfully
2380 1752 94 21 informs

1988 1778 37 21 the
2034 1778 138 21 inhabitants
2187 1778 25 24 o,f
2221 1776 55 23 Port
2288 1778 187 27 Nicholsonp.that

1893 1804 28 22 he
1937 1805 40 21 has
1998 1804 89 22 entered
2105 1804 49 22 into
2173 1808 166 23 arrangements
2357 1804 53 22 with
2427 1806 47 20 Mr.

1894 1832 60 21 Watt
1963 1832 35 22 for
2007 1839 13 13 a
2028 1831 88 27 regular
2125 1831 78 28 supply
2213 1831 26 21 of
2250 1831 59 27 beef,
2320 1833 95 25 mutton,
2426 1832 48 26 &c,

1895 1854 70 26 which
1975 1858 45 22 will
2029 1858 79 21 enable
2118 1857 48 22 him
2175 1861 23 18 to
2208 1857 38 22 sell
2261 1861 24 18 at
2300 1858 97 22 reduced
2403 1858 72 27 prices

1893 1886 38 20 for
1939 1885 69 27 ready
2019 1892 81 20 money
2111 1884 61 27 only.
2192 1901 4 3 -

1919 1912 35 21 W.
1965 1912 30 22 A.
2005 1912 54 26 begs
2066 1911 49 22 that
2125 1911 30 22 all
2170 1910 142 28 outstanding
2320 1914 106 19 accounts
2432 1911 44 22 due

1893 1942 22 18 to
1924 1938 46 22 him
1980 1946 52 19 may
2042 1939 27 20 be
2078 1938 83 21 settled
2168 1937 120 27 forthwith,
2299 1945 24 14 as
2332 1938 34 21 his
2378 1938 99 22 business

1893 1965 43 22 will
1945 1966 23 21 in
1977 1966 74 21 future
2060 1964 28 22 be
2100 1964 124 22 conducted
2234 1964 80 26 under.
2316 1964 93 22 another
2418 1964 58 22 firni.

1922 1999 103 24 October,
2038 1999 53 19 1842

2026 2049 86 19 Town
2130 2048 31 20 of
2172 2049 169 20 Manewatu.

1895 2082 90 49 THE
2008 2080 212 23 PROPRIETORS
2236 2081 33 21 .of
2294 2082 38 21 the
2352 2082 61 21 three
2428 2083 48 21 first

1981 2108 87 21 choices
2083 2110 23 19 at
2115 2108 39 21 the
2170 2108 43 21 last
2228 2107 106 23 selection
2345 2108 25 22 of
2384 2112 93 25 country

1895 2136 68 25 lands,
1976 2134 83 27 having
2078 2134 137 22 determined
2229 2141 62 19 upon
2309 2135 37 21 the
2361 2136 40 21 site
2417 2136 35 21 for
2466 2143 13 14 a

1909 2162 92 22 TOWN
2017 2160 42 23 ON
2072 2160 66 23 THE
2154 2160 188 23 MANEWATU
2355 2162 107 26 RIVER,

1896 2189 55 22 after
1955 2190 83 19 several
2041 2188 58 20 visits
2108 2190 22 19 to
2140 2188 37 21 the
2186 2188 185 27 neighbouroood,
2382 2189 47 22 and
2439 2189 37 22 the

1896 2218 55 19 most
1970 2215 85 22 careful
2073 2214 45 22 and
2137 2214 81 21 minute
2238 2215 149 22 examination
2402 2216 26 21 of
2436 2216 42 21 the

1898 2247 68 17 dntire
1982 2242 90 26 district,
2088 2240 67 23 aided
2170 2241 30 27 by
2208 2240 37 23 the
2261 2242 144 26 professional
2419 2242 57 28 skill,

1897 2269 134 26 knowledge,
2051 2268 44 21 and
2109 2268 130 28 experience
2253 2268 27 21 of
2292 2268 36 21 the
2345 2272 58 18 most
2418 2276 60 15 com-

1898 2299 73 24 petent
1978 2295 87 28 judges,
2082 2301 93 21 propose
2189 2298 23 17 to
2229 2294 54 22 offer
2293 2295 33 21 for
2344 2295 102 28 disposal,
2457 2299 22 18 at

2045 2324 36 19 tue
2094 2324 90 24 present
2192 2321 64 27 time,,
2264 2321 67 22 about

1898 2348 216 23 TWENTY-FIVE
2149 2348 103 25 ACRES,
2292 2348 36 21 IN
2365 2348 113 23 ALLOT-

1900 2376 110 26 MENTS,
2025 2374 86 23 EACH
2132 2374 39 21 OF
2195 2374 62 21 ONE
2279 2371 148 27 QUARTER
2441 2376 38 21 OF

2113 2401 46 21 AN
2173 2401 89 22 ACRE.
2365 2404 5 14 »

1924 2429 47 22 The
1980 2431 49 26 spot
2038 2428 49 21 thus
2097 2427 97 22 selected
2205 2435 111 20 possesses
2323 2423 38 26 the
2370 2432 57 18 most
2444 2435 37 15 ex-

1900 2456 83 21 tensive
1995 2456 102 26 frontage
2111 2457 22 18 to
2152 2454 54 27 deep
2302 2454 24 21 of
2338 2461 43 21 any
2396 2462 29 15 on
2443 2455 38 22 the

1900 2484 62 21 river.
1992 2482 22 22 It
2030 2482 20 21 is
2067 2481 105 24 situated.
2178 2481 52 26 just>
2238 2483 22 19 at
2276 2481 48 21 that
2343 2482 62 26 point
2423 2482 58 21 from

1961 2508 73 23 which
2043 2515 14 14 a
2065 2508 54 21 road
2130 2507 72 22 would
2209 2507 86 22 branch
2307 2508 32 21 off
2345 2512 21 17 to
2376 2508 38 21 the

1902 2543 92 14 WOODED
2018 2543 44 14 AND
2084 2541 97 18 FERT.ILE
2201 2541 117 15 DISTRICTS
2339 2542 74 14 ALONG
2437 2542 44 14 THE

2069 2568 56 14 BASE
2139 2569 27 13 OF
2180 2568 45 14 THE
2240 2568 76 19 HILLS,

1902 2589 43 22 and
1956 2590 70 21 above
2037 2587 72 22 which
2119 2587 38 22 the
2170 2587 128 26 navigation
2312 2587 35 22 for
2355 2588 81 21 vessels
2445 2588 38 21 be-

1904 2623 71 14 comes
1985 2616 84 23 tedious,
2080 2615 24 25 if
2108 2615 38 19 not
2154 2612 94 28 difficult.
2278 2614 22 21 It
2307 2614 17 21 is
2331 2614 108 22 therefore
2446 2615 36 21 the

2098 2641 63 27 point
2170 2641 71 21 where
2250 2640 39 21 the

1905 2676 86 22 LAND
2006 2675 66 22 AND
2086 2674 115 22 WATER
2214 2673 162 23 CARRIAGE
2390 2674 93 22 MEET.

1905 2703 42 22 and
1957 2702 72 22 where
2039 2709 13 14 a
2060 2702 70 21 Town
2147 2707 66 15 must'
2221 2708 27 14 be
2263 2708 91 14 formed
2371 2701 65 21 when
2446 2701 39 21 the

1905 2729 84 22 district
2003 2729 19 21 is
2031 2728 87 22 settled.
2148 2728 22 21 It
2178 2735 44 14 was
2231 2727 96 22 selected
2343 2728 30 27 by
2383 2728 37 20 the
2428 2728 58 22 .Sur-

1905 2756 79 27 veying
1994 2754 57 23 Staff
2063 2762 23 14 as
2097 2755 37 21 the
2144 2754 136 22 rendezvous
2289 2754 36 24 for
2339 2754 57 22 their
2409 2754 61 27 body
2478 2762 7 20 ;

1906 2783 40 21 and
1958 2783 40 21 has
2006 2783 57 21 been
2072 2788 51 15 now
2136 2781 76 27 found',
2223 2781 57 21 after
2291 2781 86 21 several
2391 2780 95 22 months'

1905 2809 103 27 location,
2019 2812 21 18 to
2054 2809 27 21 be
2090 2808 38 22 the
2138 2811 64 18 most-
2209 2808 165 26 advantageous
2380 2807 105 28 'position',

1906 2837 56 21 from
1977 2837 29 20 its
2020 2835 97 28 peculiar
2137 2835 84 26 facility
2238 2834 24 21 of
2274 2832 111 30 approach
2394 2832 94 29 both'by

1906 2863 52 22 land
1968 2863 45 21 and
2022 2866 72 18 water.

1934 2889 27 23 In
1972 2889 152 22 confirmation
2134 2887 27 22 of
2166 2887 37 22 the
2212 2886 131 28 superiority
2352 2887 27 21 of
2386 2886 43 22 this
2439 2889 49 25 spot

1907 2924 52 14 over
1968 2922 45 21 any
2022 2915 61 21 other
2090 2917 40 25 yet
2137 2914 89 26 known',
2238 2913 38 22 the
2287 2914 89 21 Messrs.
2384 2913 102 27 Kebbell;

1907 2943 57 21 after
1970 2942 48 21 'the
2038 2941 149 21 examination
2203 2940 26 21 of
2243 2940 38 21 the
2299 2940 59 21 river
2373 2940 58 22 from
2449 2940 37 21 the

1909 2969 87 22 Paneiri
2006 2968 45 22 Pah
2061 2971 22 18 to
2092 2968 29 21 its
2131 2967 84 27 mouth,
2226 2966 139 22 determined
2379 2974 27 14 on
2418 2971 69 18 erect-

2079 2999 5 4 '
2113 2999 4 3 '
2143 2994 39 26 ing
2194 2993 57 22 their
2262 3009 5 4 -

1909 3020 69 31 SAW'
1988 3028 86 22 MILL'
2087 3024 231 25 IMMEDIATELY
2331 3026 157 23 OPPOSITE.

1908 3056 46 22 The
1971 3055 77 22 works,
2060 3053 25 22 of
2100 3053 51 22 that
2168 3053 167 22 establishment
2407 3057 24 18 at
2447 3054 42 22 this

1909 3085 99 20 moment
2020 3081 28 21 'in
2062 3080 64 28 rapid
2140 3086 106 21 progress,
2264 3080 45 22 and
2326 3080 37 22 the
2381 3081 108 27 proposed

1909 3110 68 21 Town
1986 3108 45 22 will
2039 3107 133 26 necessarily
2176 3107 91 28 partake
2274 3107 26 21 of
2306 3106 43 22 this
2358 3105 130 29 advantage.

1935 3136 49 22 The
2002 3133 91 23 nucleus
2108 3134 26 21 of
2151 3140 12 14 a
2180 3134 68 21 Town
2262 3133 28 27 is,
2299 3133 24 21 in
2337 3133 51 28 fact,
2399 3134 91 27 already

1910 3162 95 25 created,
2013 3161 83 28 by-the,
2100 3159 164 23 concentration
2281 3160 26 22 of
2319 3159 38 23 the
2367 3161 123 26 Surveying

1911 3189 56 22 Staff
1973 3196 30 14 on
2013 3188 47 21 that
2069 3190 55 25 spot,
2129 3194 31 14 .as
2169 3187 37 21 the
2215 3190 75 18 centre
2307 3187 24 21 of
2342 3187 146 22 communica-

1910 3217 46 21 tion
1965 3218 24 19 to
1999 3215 37 22 the
2045 3213 147 27 surrounding
2202 3213 97 28 district;
2316 3213 36 23 the
2362 3214 96 22 erection
2468 3213 25 21 of

1911 3243 90 22 Messrs.
2011 3238 124 26 Kebbell's'
2141 3241 49 21 Saw
2206 3240 63 22 Mills
2286 3241 108 27 opposite;
2452 3239 36 22 the

1911 3271 161 25 arrangements
2086 3267 35 22 for
2135 3274 30 14 an
2181 3267 113 21 extensive
2306 3265 94 25 General
2413 3267 75 26 Store;

1911 3296 43 22 and
1963 3296 31 27 by
2001 3295 37 22 the
2047 3295 43 21 late
2100 3293 133 28 application
2239 3294 33 22 for
2281 3301 14 14 a
2300 3293 106 22 Licensed
2412 3293 77 21 House

1911 3330 27 15 on
1947 3322 38 23 the
1994 3324 49 26 pa,rt
2051 3321 26 22 of
2088 3328 30 14 an
2126 3320 122 22 individual
2262 3320 56 22 who-
2325 3319 46 26 has,
2382 3319 61 21 since
2453 3319 36 21 the

1910 3349 117 22 formation
2045 3348 24 21 of
2083 3347 38 22 the
2138 3347 91 27 Colony,
2243 3345 96 28 pursued
2354 3352 14 16 a
2385 3345 105 22 lucrative

1911 3377 62 21 trade
1983 3375 53 22 with
2045 3375 37 21 the
2091 3374 94 27 natives,
2196 3373 45 22 and
2250 3371 72 23 whose
2332 3371 162 28 knowledge'of

1911 3403 37 22 the
1958 3403 134 26 advantages
2102 3401 26 21 of
2134 3400 39 22 the
2181 3399 100 29 position;
2288 3397 115 28 prompted
2412 3397 48 23 him
2469 3401 23 19 at

1912 3437 55 14 once
1976 3433 25 18 to
2008 3429 73 28 prefer
2089 3427 50 23 that
2151 3425 139 30 application.
2380 3430 2 4 '

1937 3457 48 21 The
1995 3455 92 22 Natives
2101 3455 31 29 by
2141 3455 71 21 whom
2227 3451 43 21 this
2279 3451 55 21 land
2345 3458 42 15 was
2397 3451 95 22 claimed

1912 3490 37 15 are
1958 3483 61 27 quite
2027 3481 140 28 preparedto
2175 3479 49 26 give
2231 3484 28 21 up
2266 3478 130 27 possession,
2403 3478 46 22 and
2455 3485 36 15 are

1912 3509 144 28 exceedingly
2065 3508 93 22 anxious
2170 3509 22 17 to
2191 3526 4 7 f
2206 3504 57 24 have
2273 3511 15 14 a
2296 3504 117 28 European
2417 3512 75 20 'popu-

1910 3536 68 22 lation
1989 3542 80 21 among
2079 3533 69 26 them,:
2158 3531 81 26 having
2254 3530 58 22 been
2320 3538 59 22 upon
2389 3531 38 21 the
2436 3534 57 19 most

1910 3563 97 28 friendly
2013 3563 85 25 footing
2107 3559 53 23 with
2168 3558 38 22 the
2216 3558 126 27 Surveying
2351 3557 57 22 Staff
2413 3557 80 28 during

1909 3590 39 22 the
1956 3590 51 22 four
2016 3597 24 14 or
2048 3589 42 21 five
2100 3584 93 26 months,
2269 3584 129 26 havefbeen
2406 3584 89 22 located

1909 3617 71 22 there.
1991 3615 5 7 '
2118 3625 3 4 •
2175 3628 18 11 m
2260 3624 143 20 -''-'■':
2415 3637 22 7 -,
2447 3622 4 12 !
2462 3615 26 16 '"

1938 3644 32 22 As
1980 3643 38 22 the
2025 3639 136 29 Proprietors
2170 3644 92 21 purpose
2271 3640 22 18 to
2304 3638 88 26 dispose,
2399 3638 27 21 of
2431 3638 40 21 but
2479 3645 14 15 a

1911 3671 87 21 limited
2010 3668 86 29 portion
2112 3665 27 21 of
2149 3665 38 22 the
2201 3664 69 22 Town
2286 3667 24 18 at
2325 3666 102 25 present,;
2441 3664 54 27 they

1910 3697 79 27 pledge
1999 3693 131 24 themselves
2137 3691 55 26 that,
2203 3693 22 19 at
2232 3697 31 14 no
2281 3690 74 22 future
2364 3690 63 27 sales,
2438 3691 57 22 shall

1912 3724 37 22 the
1960 3723 125 22 allotments
2093 3719 28 21 he
2131 3720 40 25 put
2175 3724 31 20 up
2215 3720 24 18 at
2248 3724 13 14 a
2270 3720 47 18 Jess
2326 3724 49 14 sum
2383 3717 55 21 than
2446 3724 50 16 now

1913 3751 88 22 offered.
2022 3759 35 13 *-,
2081 3765 14 5 .»
2109 3760 12 5 •-
2154 3756 31 15 <■
2227 3755 42 19 -hu
2297 3748 28 23 ';;J
2354 3759 8 3 -
2448 3760 6 6 •
2471 3770 13 7 

1939 3779 22 22 A
1980 3775 128 26 Prospectus
2128 3770 45 22 and
2191 3770 55 22 Plan
2259 3770 34 26 of
2298 3770 46 21 .the
2362 3770 69 26 T^qwn
2441 3770 54 24 -will

1912 3803 85 26 shortly
2005 3802 27 20 be
2042 3799 67 26 ready
2118 3797 35 21 for
2161 3796 123 28 inspection
2299 3799 23 18 at
2334 3796 37 21 the
2382 3793 89 30 Offices.
2473 3798 26 21 of

1914 3832 88 21 Messrs.
2015 3825 66 24 Waitt
2090 3824 46 22 and
2144 3824 75 26 Tyser,
2227 3823 33 22 Te
2267 3824 58 20 -Aro.
2361 3839 18 12 .
2387 3832 4 5 -
2406 3820 5 4 '

1942 3861 141 26 Wellington.
2095 3855 66 26 April
2169 3858 33 25 22,
2212 3857 61 21 1842.
2332 3874 4 3 .
2416 3860 3 5 '

1916 3912 69 49 ON
2001 3909 84 27 SALE,
2101 3911 24 19 at
2135 3907 43 21 this
2191 3906 71 26 office,
2353 3907 57 22 Biil
2423 3907 76 23 Books

2016 3938 91 21 Gazette
2147 3933 69 27 office,
2227 3933 56 21 D«c.
2293 3934 21 20 4.
