3530 4650
92 210 18 19 a
124 201 139 33 mistake,
284 202 32 26 to
342 208 55 30 say
420 201 33 28 to
478 201 36 34 A,

91 245 83 26 must
205 240 69 39 give
298 249 50 21 me
373 249 83 21 some
480 241 33 29 of
547 250 78 31 your

91 283 75 39 gold
186 286 33 26 to
241 281 90 30 make
363 291 42 31 up
428 283 48 29 for
500 286 54 26 tne
577 283 48 29 de-

91 324 167 35 preciation
273 324 34 29 of
320 334 53 29 my

133 366 31 30 It
190 364 99 32 would
317 366 40 30 be
381 365 184 40 interesting
592 369 33 27 to

91 406 75 31 liear
180 407 71 30 how
263 406 52 30 Mr
329 405 84 31 Rock
418 406 39 30 ell
468 407 103 30 would
583 407 43 29 fix

91 449 55 30 the
161 449 90 30 value
267 448 33 30 of
312 448 219 31 commodities.
564 448 31 31 If
609 448 17 31 I

91 500 78 28 gave
190 502 54 28 my
258 493 62 27 two
342 493 71 27 tons
437 490 33 29 of
493 490 132 40 apricots

91 537 31 24 to
139 542 18 19 a
171 530 218 39 horse-dealer,
412 530 39 31 he
466 531 101 39 might
586 542 39 29 go

91 573 62 29 and
166 573 66 34 buy
251 583 18 19 a
282 572 99 31 ticket
393 573 49 30 for
458 582 18 21 a
498 582 127 30 passage

91 625 42 29 up
148 615 54 29 the
218 614 81 30 river
314 614 62 30 and
392 615 94 40 dump
500 614 54 30 the
569 624 54 30 ap-

90 657 95 29 ricots
199 657 33 29 m
255 656 54 30 the
334 657 149 40 shipping
517 656 86 30 office
616 669 7 25 ;

89 698 55 30 the
160 698 147 41 shipping
322 698 85 30 clerk
432 698 86 39 gives
541 698 84 30 them

91 751 32 19 as
139 733 275 49 change^flfc^bnie
438 740 32 30 of
493 739 48 30 his
556 750 68 20 cus-

91 787 113 25 tomers
218 771 125 41 w&Mio
358 785 55 25 not
427 787 84 24 want
525 782 98 34 them,

90 824 62 29 and
164 833 32 20 so
206 833 72 29 pass
293 823 85 30 them
392 832 40 20 on
446 822 90 38 again
545 822 80 29 until

89 864 74 41 they
184 865 94 39 begin
299 867 32 27 to
357 874 39 30 go
421 864 61 29 bad
482 881 42 3 —
524 867 53 37 yet
597 863 26 30 is

89 906 82 31 their
185 907 84 39 price
282 905 82 31 fixed
373 907 41 38 by
424 905 60 30 law
494 906 6 29 !
511 905 113 30 Where

91 948 71 29 does
184 949 26 28 it
232 948 41 29 all
294 947 83 30 end?

132 989 17 29 I
165 990 40 28 do
226 993 55 25 not
296 999 49 20 see
359 989 68 29 that
441 987 50 30 Mr
523 987 100 31 Eock-

90 1030 41 29 ell
146 1031 54 29 has
223 1030 167 30 succeeded
411 1031 33 27 m
476 1030 149 38 crushing

89 1071 53 29 the
171 1072 195 29 ''"abstinence
574 1070 49 29 He

89 1112 103 31 shows
204 1112 68 31 that
287 1112 53 30 the
353 1112 157 30 borrower
538 1115 85 26 must

89 1153 80 31 have
183 1159 150 34 property
355 1156 123 36 greater
488 1154 33 28 m
533 1152 90 30 value

87 1194 77 30 than
197 1195 51 29 the
263 1195 78 37 loan,
367 1196 54 28 but
450 1194 53 29 the
519 1193 104 30 lender

87 1236 43 39 by
151 1237 48 29 his
221 1248 76 28 very
319 1236 100 31 action
440 1236 35 29 of
496 1234 127 40 lending

89 1287 40 20 on
145 1279 137 39 security
300 1278 127 33 reduces
450 1277 47 30 his
509 1277 114 39 capital

90 1323 30 24 to
143 1330 18 19 a
175 1320 82 29 form
280 1320 102 29 which
411 1318 134 40 compels
575 1318 47 29 his

87 1361 187 35 abstinence,
291 1361 90 30 while
396 1361 53 28 the
469 1360 153 29 borrower

89 1402 103 29 would
214 1406 55 25 not
291 1405 159 36 mortgage
471 1401 46 28 his
534 1410 89 19 com-

87 1445 143 29 modities
246 1445 50 28 for
324 1453 111 29 money
453 1442 51 38 (on
520 1442 101 30 which

87 1485 39 29 he
142 1489 83 25 must
235 1495 63 29 pay
308 1484 150 37 interest.)
468 1483 103 29 unless
583 1483 38 29 he-

87 1526 117 30 wished
226 1532 31 23 to
283 1525 95 41 spend
404 1525 70 29 thafc
500 1534 120 29 money.

86 1566 42 31 As
143 1568 75 38 long
228 1567 157 31 therefore
397 1576 33 20 as
449 1565 52 30 the
514 1565 106 30 lender

86 1609 138 29 abstains
249 1609 83 29 from
367 1607 186 40 dissipating
573 1606 47 31 his

87 1650 114 39 capital
216 1651 39 29 he
280 1650 27 31 is
326 1649 160 31 rewarded
514 1649 40 39 by
567 1648 53 30 the

85 1693 128 30 interest
226 1704 37 19 on
277 1692 52 31 the
340 1702 109 29 money
459 1690 100 32 which
582 1690 38 31 he

85 1734 56 30 has
165 1735 74 29 lent.

126 1777 17 28 I
164 1786 49 19 am
250 1775 171 38 compelled
456 1784 31 20 to
524 1775 96 28 admit

85 1817 68 30 that
175 1817 16 29 I
214 1817 39 29 do
276 1820 55 25 not
352 1815 189 30 understand
567 1813 52 31 the

85 1859 176 38 paragraph
285 1862 31 25 at
349 1857 51 30 the
432 1857 119 29 bottom
587 1856 32 29 of

85 1910 82 29 page'
180 1900 99 30 lo6s6
313 1900 96 28 about
436 1898 53 30 the
512 1907 106 21 recov-

85 1953 54 29 ery
165 1944 32 28 of
226 1942 97 35 debts,
355 1939 59 31 and
451 1935 70 35 that
557 1939 60 30 this

85 1983 174 40 paragraph
284 1993 71 29 may
375 1987 92 34 upset
489 1981 44 30 all
563 1991 53 29 my

85 2026 178 39 objections.

125 2067 138 39 Perhaps
296 2075 139 20 someone
466 2066 61 29 else
559 2074 56 20 can

85 2108 74 30 shed
181 2119 19 18 a
221 2107 80 40 light
323 2118 40 19 on
385 2106 52 30 the
459 2106 130 40 subject.

191 3149 121 25 WATER
330 3149 174 25 CHARGES.

108 3306 19 24 A
137 3306 93 31 largely
242 3305 117 24 afcteuded
371 3304 110 32 meeting
507 3304 26 24 of
548 3307 64 21 rate-

78 3356 85 24 payers
176 3357 49 16 was
237 3348 59 25 held
308 3351 26 22 at
346 3349 42 24 the
405 3347 90 25 Public
507 3347 106 31 Library

78 3402 32 16 on
133 3392 128 33 Thursday
295 3393 67 28 17th,
392 3393 26 24 to
441 3392 111 25 consider
570 3391 43 24 the

78 3440 75 23 water
173 3438 102 30 charges
295 3438 27 24 m
335 3437 43 25 the
401 3436 115 31 Cooper's
535 3436 78 25 Creek

78 3481 84 24 Water
175 3481 95 31 Supply
282 3480 114 25 District.
432 3480 41 25 Mr
494 3480 118 32 Aldridge

78 3533 48 17 was
138 3525 73 27 yoted
223 3528 25 22 to
261 3525 42 25 the
314 3525 77 25 chair.
410 3525 72 25 After
491 3525 120 25 consider-

78 3569 52 23 able
150 3569 139 23 discussion
309 3569 43 24 the
372 3569 128 32 following
520 3570 92 24 motion

78 3612 120 31 proposed
209 3612 32 31 by
254 3612 40 24 Mr
305 3612 50 25 Lee
367 3612 50 24 and
438 3613 122 25 seconded
580 3613 33 31 by

78 3655 40 24 Mr
131 3655 135 26 Cedeimari
275 3664 51 16 was
334 3656 93 25 carried
437 3657 176 31 unanimously

179 3699 51 24 this
273 3700 111 30 ineeting
420 3702 100 28 request
557 3700 56 25 that

79 3751 43 15 our
140 3744 189 29 representative
350 3743 27 25 of
394 3743 42 24 the
459 3743 105 25 District
587 3745 26 23 to

78 3786 68 30 place
160 3786 40 24 the
213 3787 75 23 water
300 3788 65 24 rates
376 3794 33 18 on
427 3794 15 17 a
451 3794 68 18 more
528 3787 82 32 equit-

79 3829 54 23 able

112 3871 71 24 At'tfsr
200 3871 43 24 the
263 3872 71 24 usual
354 3873 56 23 vote
430 3871 27 25 of
474 3872 93 25 thanks
587 3874 26 23 to

78 3914 42 25 the
141 3914 75 25 Chair
235 3914 42 25 the
289 3915 107 32 meeting
416 3923 47 17 was
476 3916 137 32 adjourned

78 3959 63 25 until
154 3959 130 32 Thursday
301 3961 63 23 24th
383 3960 73 25 when
468 3968 15 17 a
503 3961 110 32 meeting

78 4003 49 24 will
139 4003 30 24 be
181 4003 58 24 h^ld
251 4005 26 22 to
297 4003 112 26 consider
517 4004 96 25 farther

78 4050 65 28 steps
159 4055 40 16 are
214 4054 136 26 necessary.
425 4073 3 3 .
446 4069 1 2 .

120 4173 117 32 NEWS
253 4175 52 30 OF
322 4175 88 31 THE
433 4174 135 31 WEEK.

110 4327 25 25 It
157 4328 22 24 i
187 4328 14 24 3
200 4328 78 25 stated
296 4328 56 26 that
372 4328 119 26 relations
504 4330 107 23 between

77 4370 101 24 Cannd*
207 4372 49 24 and
262 4372 57 25 ..the
334 4372 99 28 .United
460 4372 84 26 States
570 4379 42 17 are

75 4414 26 23 m
114 4421 169 24 consequence
294 4415 27 25 of
330 4416 51 28 the.
384 4416 99 31 dispute
498 4424 26 16 as
534 4418 26 22 to
569 4415 43 25 the

78 4456 89 25 Yukon
189 4457 134 32 Customs..
348 4483 10 5 ..
379 4484 4 6 j
393 4471 3 4 •
609 4457 4 17 '•

114 4497 51 24 The
183 4497 116 25 Criminal
319 4499 114 25 Sessions
454 4502 26 22 of
494 4500 41 25 tire
549 4501 63 30 Sup-

74 4549 21 16 re
102 4548 37 17 me
148 4541 76 26 Court
234 4542 81 26 closed
325 4550 29 18 on
364 4542 165 33 Wednesday,
540 4543 73 26 tvhen

654 197 136 26 Archibald
802 199 99 31 Davits,
919 201 108 33 charged
1046 202 143 26 withman-

655 243 137 32 •laughter,
811 251 50 19 was
874 246 135 31 acquitted.

689 288 54 24 The
757 288 78 26 Court
861 290 26 24 of
899 289 105 35 Inquiry
1015 292 53 25 into
1088 292 43 25 the
1142 291 47 26 col-

653 331 81 26 lusion
747 331 111 27 between
870 334 42 25 the
924 338 108 23 steamer
1046 336 79 26 Stella
1143 336 46 25 and

654 376 42 25 the
708 375 167 33 barquentine
888 377 153 27 Waitemata
1063 380 26 24 m
1110 380 79 24 Auck-

654 419 60 25 land
734 420 108 26 harbour
853 422 47 24 has
920 423 126 25 cancelled
1067 423 42 26 the
1121 423 68 26 certi-

654 463 73 27 ficate
739 464 27 25 of
776 464 107 33 Captain
895 466 128 32 Kennedy,
1045 468 27 25 of
1081 469 41 24 the
1143 468 46 25 for-

654 516 56 17 mer
721 509 89 24 vessel.

688 551 53 26 The
754 552 149 33 Admirality
922 553 47 25 has
992 554 153 25 determined
1164 556 25 23 to

654 595 89 25 hasten
755 597 26 23 to
793 596 110 26 increase
912 597 43 25 the
964 605 73 25 navy,
1051 598 49 24 and
1111 598 20 25 is
1141 597 48 26 cal-

653 639 45 33 ing
709 639 38 25 for
758 639 100 26 tenders
869 641 36 24 ioi
916 641 55 24 first
983 643 65 24 class
1060 642 113 25 cruisers.

686 683 25 26 It
720 683 21 25 is
754 684 114 31 reported
880 684 55 26 that
948 684 82 26 China
1040 685 47 25 has
1099 684 90 26 offered

654 727 77 27 Great
743 727 107 29 Britain,
868 728 98 26 instead
974 730 27 24 of
1016 730 107 31 opening
1134 728 55 26 Tal-

652 772 98 24 ienwan
761 771 63 32 Bay,
842 774 49 23 two
903 773 87 24 inland
1013 775 69 29 ports
1101 773 27 24 m
1147 772 42 25 the

653 815 115 31 province
780 815 26 24 of
824 815 103 30 Hunan,
957 823 82 18 access
1059 819 26 21 to
1107 816 82 25 which

652 859 51 25 will
710 858 31 25 be
750 858 117 26 obtained
871 858 32 33 by
912 859 43 25 the
964 859 225 33 Yang-tse-Kiang

653 903 50 25 and
715 904 33 24 its
761 903 150 25 tributaries.

686 947 53 24 The
750 947 68 24 Irish
829 949 119 23 members
961 947 26 25 of
1005 949 44 24 the
1060 948 87 25 House
1163 948 26 25 of

653 990 134 25 Commons
799 998 42 17 are
853 991 87 32 asking
950 991 39 24 for
1009 999 33 16 an
1054 992 133 31 opportun-

652 1034 36 31 ity
700 1036 25 22 to
737 1034 97 24 discuss
857 1034 44 24 the
926 1034 120 25 financial
1069 1034 116 25 relations

651 1077 110 25 between
773 1077 120 32 England
903 1078 50 23 and
964 1078 108 25 Ireland.

684 1121 67 24 Lord
762 1121 112 25 William
886 1121 83 25 Nevill
988 1123 47 24 has
1058 1122 62 25 been
1143 1130 44 17 sen

651 1165 87 24 tenced
750 1166 26 23 to
795 1164 49 25 five
863 1166 78 30 years'
967 1166 73 30 penal
1063 1166 124 25 servitude

650 1208 38 24 for
699 1208 72 24 fraud
782 1207 27 24 m
818 1208 146 24 connection
973 1208 62 25 with
1044 1209 42 24 the
1094 1208 92 26 Lewis-

651 1253 61 30 Clay
723 1259 91 24 money
825 1252 100 31 lending
936 1260 63 17 case.

684 1295 52 26 The
747 1295 134 31 battleship
902 1295 149 30 Victorious,
1074 1295 83 26 which
1169 1304 15 17 a

650 1340 46 25 few
708 1340 60 31 days
792 1347 46 24 ago
861 1347 51 17 was
940 1340 152 31 despatched
1120 1340 64 25 from

649 1384 81 24 Malta
738 1384 40 23 for
790 1383 89 28 China,
897 1384 46 23 has
955 1391 63 23 gone
1031 1384 90 24 ashore
1132 1384 26 24 m
1170 1391 15 17 a

649 1428 139 31 dangerous
800 1427 108 31 position
921 1427 26 24 at
956 1429 57 29 port
1026 1427 69 25 Said.

682 1471 54 24 The
756 1470 140 24 Education
908 1470 82 24 Board
1013 1479 33 16 on
1066 1471 119 25 Wednes-

649 1514 48 31 day
719 1513 110 24 resolved
858 1515 26 22 to
907 1513 57 24 take
987 1514 43 23 the
1055 1521 131 24 necessary

649 1559 66 30 steps
725 1561 25 19 to
761 1556 121 25 establish
891 1556 123 25 technical
1023 1558 50 23 and
1086 1558 100 24 manual

649 1601 88 25 classes
748 1600 27 24 m
787 1600 61 24 such
860 1600 97 24 schools
978 1608 27 17 as
1017 1601 44 24 the
1081 1601 104 25 Board's

649 1646 73 32 grant
733 1645 38 24 for
783 1645 104 24 manual
896 1645 51 24 and
959 1645 125 24 technical
1097 1645 87 26 educa-

649 1690 51 25 tion
712 1688 52 26 will
783 1688 85 26 enable
889 1689 68 25 them
969 1690 26 25 to
1008 1689 31 25 be
1051 1689 132 26 establish-

648 1735 37 24 ed.

681 1777 109 25 Victoria
804 1786 55 19 wo.n
871 1778 41 23 the
929 1778 169 24 intercolonial
1107 1778 76 24 crick-

648 1822 24 23 et
684 1819 84 25 match
780 1820 62 25 with
863 1820 81 25 South
956 1820 128 25 Australia
1108 1820 32 32 by
1152 1821 31 26 26

648 1871 68 16 runs.

798 2026 72 21 FIRE
886 2026 148 26 ENQUIRY.

672 2081 90 21 There's
773 2081 70 27 going
852 2083 25 19 to
887 2082 29 20 be
929 2088 14 14 a
950 2082 69 27 .quiry

726 2119 39 20 All
773 2119 69 26 along
850 2119 41 21 the
900 2120 67 20 route

672 2153 78 22 About
759 2160 14 14 a
781 2154 40 27 big
830 2154 59 21 bush
900 2154 41 21 fire

644 2192 32 21 As
689 2192 72 21 burnt
774 2192 41 20 the
828 2199 56 19 poor
897 2192 60 20 folks
971 2193 47 20 out.

670 2246 31 21 As
710 2246 71 21 burnt
790 2246 61 21 their
859 2247 52 27 pigs
921 2242 47 26 afid
977 2248 69 26 sheep

725 2285 69 20 Their
802 2286 124 25 petticoats
935 2285 47 20 and
990 2286 101 21 trousers

669 2322 70 20 Their
747 2322 47 20 bits
804 2328 15 14 a
827 2323 59 19 duds
896 2321 46 21 and
954 2323 93 26 Sunday
1058 2323 87 21 clothes

724 2359 70 21 Their
804 2359 91 25 stables,
909 2360 70 20 barns
989 2360 46 20 and
1044 2360 90 21 houses.

669 2413 32 20 As
710 2413 73 19 burnt
792 2413 40 21 the
842 2413 61 20 mills
913 2413 46 21 and
969 2414 32 20 all
1010 2415 40 19 the
1060 2415 66 23 trees,

724 2450 33 19 As
766 2450 92 21 roasted
867 2450 67 21 hares
944 2451 46 20 and
998 2452 89 20 rabbits

668 2489 109 24 Harness,
791 2489 95 24 saddles,
896 2489 92 27 girdles,
1002 2496 106 20 groppers

723 2526 53 21 And
785 2526 32 21 all
826 2527 41 20 the
877 2527 72 21 ladies
959 2528 83 21 habits.

668 2582 22 21 J.
701 2581 44 25 P's,
759 2582 44 20 M's
813 2582 46 21 and
868 2582 65 21 other
943 2582 42 25 C's,

724 2620 99 20 There'll
832 2620 29 21 be
870 2627 15 14 a
895 2620 83 27 goodly
988 2620 68 25 show,

668 2657 54 21 And
730 2658 91 26 mighty
830 2658 109 27 dignified
948 2659 81 26 they'll
1037 2660 30 20 be

724 2696 38 20 All
772 2697 84 26 sitting
865 2697 25 19 m
900 2703 14 13 a
923 2703 52 14 row.

668 2751 53 21 And
730 2756 53 15 over
792 2751 66 21 there
868 2751 40 21 the
919 2752 115 21 witnesses

721 2787 58 21 Will
788 2788 79 25 guzzle
877 2788 54 21 beer
940 2788 47 20 and
995 2789 61 26 port,

668 2824 53 22 And
729 2825 60 21 blow
799 2826 71 21 about
879 2826 41 21 the
930 2826 108 22 evidence

725 2862 96 27 They're
830 2864 69 26 goinjr
908 2864 26 21 to
943 2864 53 26 give
1006 2864 26 21 m
1042 2866 71 24 court,

670 2902 90 26 They'll
769 2908 42 20 say
820 2902 41 21 the
871 2903 60 20 wind
941 2903 88 21 blowed
1037 2904 70 21 awful
1115 2904 66 24 hard,

721 2940 54 21 And
782 2940 41 21 the
833 2940 61 21 bush
902 2947 46 15 was
959 2941 32 21 all
1000 2942 81 27 aglow,
1162 2946 3 22 j

669 2978 48 21 But
726 2978 49 21 who
786 2978 39 22 the
837 2979 71 21 Satan
917 2979 30 21 lit
956 2979 26 24 it,

724 3016 57 20 Will
794 3016 33 20 all
837 3022 40 21 say
924 3017 47 19 dun

649 3090 4 4 .
669 3071 64 22 Then
746 3071 40 21 the
795 3071 96 22 beaks'll
900 3071 59 23 have
968 3078 15 15 a
996 3072 90 25 confab,

724 3109 53 21 And
787 3110 24 20 to
820 3110 70 21 lunch
901 3111 57 26 they
968 3111 47 21 will
1024 3111 77 24 retire,

670 3148 53 21 And
732 3149 63 19 arter
803 3148 57 27 they
869 3155 62 15 come
942 3149 57 21 back
1012 3150 74 26 again,

724 3186 89 26 They'll
821 3193 40 19 say
870 3186 85 21 there's
963 3187 46 23 bin.
1013 3194 15 13 a
1036 3187 50 21 fire.

669 3240 89 26 They'll
766 3247 42 19 say
816 3241 48 20 this
874 3242 66 26 great
949 3241 109 27 calamity

723 3278 44 20 We
777 3278 82 26 deeply
869 3279 29 20 do
908 3279 98 26 deplore,

670 3315 52 21 And
731 3321 42 14 our
782 3316 90 21 verdict
880 3316 21 21 is
910 3316 72 21 about
990 3317 40 20 the
1039 3317 42 21 fire

725 3353 71 20 Don't
805 3352 29 22 do
844 3353 26 24 it,
885 3354 42 20 not
936 3360 29 14 no
975 3360 69 15 more.

650 3421 3 3 •
672 3408 45 21 For
726 3407 21 21 if
755 3414 47 21 you
811 3408 28 21 do
848 3408 78 27 you're
936 3409 84 26 guilth,

722 3447 32 19 As
764 3446 29 21 he
803 3447 50 21 who
863 3447 65 21 takes
938 3447 62 21 what
1009 3448 56 20 isn't
1074 3448 66 21 his'n.
1177 3459 8 10 i

668 3485 30 21 So
706 3485 47 26 jest
761 3491 46 20 you
815 3485 34 21 let
858 3492 28 14 us
895 3485 69 21 ketch
973 3492 51 20 you,

721 3523 53 20 And
785 3523 47 21 will
842 3523 56 21 Bend
907 3530 46 20 you
962 3524 31 20 off
1001 3525 25 20 to
1035 3525 84 26 prison.
1144 3544 2 4 .

668 3577 68 21 We'll
745 3577 77 28 prison
833 3579 32 19 all
874 3578 41 21 the
924 3579 150 26 picknickers,

721 3615 54 21 And
784 3615 66 21 catch
860 3616 32 20 all
901 3622 33 15 we
944 3622 38 15 are
992 3617 57 21 able.

656 3654 4 6 '
668 3654 46 20 For
723 3659 52 14 now
783 3654 77 26 you're
869 3654 78 21 hosses
957 3654 19 21 is
987 3655 33 20 all
1030 3661 65 21 gone,

724 3691 42 21 We
776 3697 66 15 mean
851 3692 25 20 to
886 3692 50 20 lock
945 3692 41 21 the
996 3693 81 20 stable.

653 3755 2 17 ;
672 3751 40 20 We
722 3751 66 20 order
798 3757 52 15 exes
860 3752 26 20 to
896 3752 28 20 be
935 3751 60 26 paid,

723 3788 32 21 To
766 3788 32 21 all
807 3788 124 28 attending
940 3789 61 25 here,

653 3841 3 9 :
667 3826 53 21 And
728 3832 51 14 now
788 3826 154 26 McFinnigan
951 3827 60 21 cloce
1022 3828 40 20 the
1074 3827 71 24 court,

721 3861 52 21 And
782 3863 59 21 we'll
850 3869 29 19 go
889 3863 46 20 and
943 3863 60 22 have
1013 3869 59 15 insre
1081 3863 61 21 beer.

650 3903 6 19 ';
752 3899 86 26 Signed

654 3950 2 14 :
889 3948 93 21 BILLY
996 3949 66 21 DAY

645 4077 187 66 LOCAL
845 4082 34 55 and
910 4078 273 59 GENERAL

677 4195 78 25 Note.
759 4210 32 4 —
793 4196 81 25 When
899 4198 66 22 town
989 4195 130 25 travellers
1140 4197 45 25 ask

640 4240 37 25 for
688 4240 114 32 printing
813 4240 90 30 orders,
925 4240 31 24 do
979 4239 115 26 business
1124 4247 58 19 men

642 4283 148 31 sufficiently
810 4283 114 25 consider
944 4283 67 25 what
1032 4283 21 24 it
1066 4281 92 27 'means
1169 4285 12 23 ?

640 4328 26 25 If
675 4328 44 25 the
731 4327 65 25 work
808 4327 18 25 is
840 4327 64 25 done
916 4326 91 34 locally
1026 4333 27 19 at
1064 4328 64 25 least
1149 4329 31 25 75

640 4373 122 30 percent,
774 4379 57 22 goes
845 4370 63 25 back
919 4369 132 33 indirectly
1063 4372 31 26 to.
1100 4370 78 26 them.
1188 4396 2 4 .

642 4415 26 24 If
677 4417 57 23 sent
746 4422 69 23 away
836 4414 60 35 they
920 4414 31 24 do
973 4416 46 22 not
1042 4416 42 29 get
1104 4415 15 23 5
1139 4422 43 23 per

642 4461 57 23 cent
711 4458 26 25 of
748 4458 20 24 it
787 4457 72 25 back.
896 4456 93 26 Oxford
1010 4457 171 31 tradespeople

643 4502 92 26 should
748 4503 57 24 bear
827 4502 28 25 m
875 4501 72 25 mind
970 4501 49 25 and
1038 4501 61 29 senc]
1119 4501 65 26 their

642 4547 83 25 orders
737 4549 27 23 to
776 4547 42 25 the
958 4545 136 27 Observer'
1103 4544 69 28 office

1255 204 65 25 Fike
1349 204 106 26 Relief.
1456 220 34 3 —
1491 205 22 25 A
1540 207 107 30 meeting
1667 205 24 25 of
1714 205 43 25 the

1221 247 136 26 Executive
1370 248 149 26 Committee
1530 257 51 17 was
1603 249 57 25 held
1670 248 28 26 m
1714 249 43 25 the

1220 291 104 33 Library
1335 300 34 17 on
1389 292 112 33 Tuesday
1520 295 56 24 last.
1611 293 25 25 It
1657 300 50 18 was
1719 300 36 17 re-

1220 336 81 25 solved
1314 338 26 23 to
1359 336 105 32 adjourn
1484 336 65 25 until
1570 336 108 32 Monday
1698 338 58 23 next

1220 380 26 24 at
1266 380 16 24 6
1302 387 58 23 p.m.
1382 379 70 25 when
1473 378 34 26 all
1523 380 123 24 members
1666 380 27 24 of
1713 380 43 25 the

1220 422 150 25 Committee
1389 422 83 25 wouH
1483 423 27 25 be
1521 423 102 25 notified
1636 423 55 25 that
1710 423 44 25 the

1218 465 60 25 final
1290 466 184 31 appropriation
1496 467 27 24 of
1530 467 41 24 the
1580 466 64 25 fund
1655 467 28 24 m
1691 467 66 24 hand

1220 508 92 33 (£600)
1327 509 81 24 would
1420 510 28 23 be
1459 509 80 24 made.

1253 591 41 25 Mr
1316 591 104 33 Mayson
1443 592 81 25 draws
1543 594 122 24 attentioa
1684 595 27 24 to
1723 602 31 16 an

1218 635 195 25 advertisement
1433 636 26 24 m
1470 636 100 33 to-days
1581 637 67 25 issue
1667 645 28 17 re
1712 637 43 26 the

1219 681 211 23 commencement
1439 680 25 24 of
1476 680 43 25 the
1528 682 64 23 term
1603 680 37 25 for
1648 680 105 27 lessons.

1218 722 182 26 Instrumental
1413 723 49 25 and
1473 723 128 26 theoretic.

1250 807 41 24 Mr
1310 807 87 31 Henry
1415 808 97 31 George
1528 808 47 25 has
1596 809 58 24 died
1673 811 27 23 at
1712 810 42 24 the

1216 851 68 31 early
1295 859 47 24 age
1350 852 25 24 of
1386 851 145 33 fifty-eight.
1566 851 42 26 He
1620 860 51 18 was
1691 853 63 25 born

1215 894 26 24 m
1253 894 180 33 Philadelphia,
1443 895 59 29 and,
1520 895 97 33 taking,
1631 895 50 26 like
1690 898 64 23 most

1216 938 155 30 Americuns,
1385 941 25 22 to
1423 939 41 24 the
1476 939 75 25 world
1564 940 77 31 early,
1653 940 101 24 became

1216 982 75 31 clerk,
1319 984 101 31 printer,
1448 984 80 29 sailor,
1558 986 117 30 reporter,
1705 985 49 25 and

1216 1030 85 25 editor.

1249 1108 51 25 Our
1314 1109 96 32 Special
1423 1109 194 27 Commissioner
1629 1110 88 27 wishes
1728 1112 25 25 to

1215 1154 101 24 caution
1336 1155 35 24 all
1383 1156 42 24 the
1445 1155 105 26 farmers
1563 1158 116 30 amongst
1707 1165 46 17 our

1214 1197 107 30 readers,
1359 1198 99 31 against
1481 1199 90 31 selling
1593 1205 49 26 any
1662 1200 27 24 of
1709 1200 43 25 the

1215 1243 81 25 wheat
1314 1244 80 25 under
1406 1246 28 23 5s
1451 1252 44 24 per
1512 1245 96 25 bushel.

1247 1323 84 25 Local
1366 1324 101 25 Option.
1472 1339 30 3 —
1503 1324 78 26 What
1618 1325 23 25 is
1674 1325 78 26 Local

1215 1366 91 33 Option
1315 1368 11 23 ?
1345 1367 73 33 Why,
1449 1368 111 24 whether
1588 1377 49 23 you
1665 1377 32 23 go
1725 1370 25 24 to

1215 1411 177 25 Christchurch
1411 1412 49 24 and
1484 1420 50 25 pay
1545 1414 54 24 30s.
1620 1412 38 25 for
1669 1420 14 18 a
1701 1413 50 25 suit

1214 1455 28 24 of
1271 1455 105 32 Kaiapoi
1411 1456 89 25 Tweed
1534 1465 28 16 or
1589 1459 41 29 get
1653 1464 46 18 one
1725 1459 27 23 at

1213 1499 120 27 Parish's,
1354 1499 64 25 East
1442 1499 101 29 Oxford,
1561 1500 38 24 for
1621 1501 55 24 21s.

1246 1542 31 24 R.
1295 1542 33 24 H.
1340 1543 90 25 Parish
1441 1544 22 24 is
1475 1551 56 18 now
1543 1544 105 32 making
1669 1544 81 25 Men's

1215 1587 69 25 !3uits
1296 1589 26 23 to
1335 1587 71 25 order
1417 1587 64 25 from
1495 1588 38 24 £2
1546 1589 53 24 15s.

1246 1660 149 25 Influenza.
1396 1674 31 4 —
1430 1660 62 25 Now
1511 1661 50 25 ibis
1590 1661 120 31 epidemic
1730 1662 22 24 is

1213 1704 130 32 becoming
1352 1704 129 32 prevalent
1490 1713 36 17 we
1538 1705 113 32 strongly
1660 1714 89 17 recom-

1213 1748 72 25 mend
1297 1748 43 25 the
1351 1749 50 24 free
1413 1757 45 17 use
1470 1749 27 24 of
1508 1749 124 33 Platypus
1641 1749 85 26 Brand
1735 1758 14 17 o

1211 1792 154 31 Eucalyptus
1380 1793 124 24 Globulus
1533 1794 113 27 Extract,
1676 1794 74 24 taken

1213 1843 66 24 upon
1302 1843 74 24 sugar
1404 1844 28 16 or
1451 1836 28 24 m
1502 1836 71 24 milk.
1609 1836 53 25 The
1685 1838 67 24 most

1211 1880 115 32 pleasant
1336 1888 55 25 way
1403 1882 24 24 to
1437 1881 56 25 tako
1505 1881 157 32 Eucalyptus
1684 1882 21 24 is
1724 1883 26 23 m

1211 1925 32 24 he
1276 1925 117 32 Platypus
1422 1925 88 25 Brand
1538 1926 27 25 of
1590 1926 159 32 Eucalyptus

1212 1965 115 33 Jujubes.
1363 1967 70 31 They
1445 1975 42 16 are
1498 1967 26 24 m
1540 1968 63 25 such
1615 1976 14 16 a
1640 1968 112 31 portable

1211 2015 61 19 orm,
1284 2007 116 31 pleasant
1411 2010 27 22 to
1449 2009 74 29 taste,
1545 2008 51 25 and
1604 2007 143 34 'antiseptic

1211 2046 141 26 stimulant.

1327 2286 306 38 MAGISTERIAL.

1403 2368 152 26 OXFOED.

1242 2432 89 25 Before
1343 2433 92 25 Messrs
1449 2434 31 24 G.
1501 2435 30 23 A.
1545 2435 85 24 White
1650 2436 49 23 and
1716 2436 30 24 E.

1209 2476 35 26 H.
1256 2476 89 26 Parish
1356 2477 77 26 J.P's.

1244 2547 33 22 ii.
1290 2545 30 24 T.
1334 2545 77 25 Jones
1423 2553 48 17 was
1484 2545 67 26 fined
1564 2547 29 23 Is
1612 2546 51 25 and
1682 2548 66 23 costs

1209 2589 37 24 for
1257 2589 94 33 having
1362 2598 16 16 a
1388 2589 78 26 heifer
1478 2590 141 32 wandering
1631 2592 25 23 at
1668 2590 77 33 large.

1244 2656 77 24 Sarah
1335 2656 91 32 Whyte
1438 2665 50 16 was
1509 2657 68 24 fined
1597 2658 30 23 2s
1644 2656 33 27 6d
1698 2658 50 24 and

1209 2702 64 24 costs
1286 2701 38 25 for
1341 2702 114 31 allowing
1466 2710 15 16 a
1492 2701 59 25 Bull
1572 2704 26 23 to
1610 2702 100 26 wander
1722 2705 26 23 at

1209 2745 75 32 large.

1242 2821 100 25 Eoland
1364 2822 95 24 Nelson
1481 2823 61 31 aged
1565 2823 16 24 9
1604 2830 70 23 years
1697 2830 51 18 was

1209 2865 67 25 fined
1296 2867 27 23 Is
1336 2865 49 25 and
1405 2867 66 23 costs
1489 2865 38 25 for
1547 2867 93 31 setting
1657 2866 59 30 fire;
1722 2868 26 23 to

1209 2909 41 24 Mr
1262 2908 97 25 Urick's
1379 2917 72 23 gorse
1470 2909 94 33 Hedge.
1609 2909 42 25 Mr
1672 2909 77 26 Urick

1209 2952 122 33 appeared
1351 2952 50 26 and
1413 2961 77 17 swore
1511 2953 56 26 that
1584 2954 44 24 the
1645 2953 103 32 damage

1210 3002 63 25 done
1285 3002 135 25 amounted
1431 3003 27 23 to
1471 3002 46 29 £1,
1529 3003 38 24 for
1578 3003 83 25 which
1670 3001 78 34 Judg-

1210 3048 72 23 ment
1298 3053 51 18 was
1366 3046 80 32 given.

1245 3080 54 25 The
1311 3079 69 33 boy's
1392 3079 80 26 father
1484 3080 54 25 said
1555 3080 32 25 he
1607 3080 50 25 had
1674 3081 76 33 given

1211 3124 43 25 the
1266 3124 48 32 boy
1326 3132 15 17 a
1352 3124 65 32 good
1428 3124 134 32 whipping,
1583 3124 123 27 sufficient
1717 3126 33 25 he

1212 3167 108 31 thought
1332 3168 37 24 for
1381 3167 43 25 the
1444 3167 94 25 offence
1551 3168 50 24 and
1621 3168 76 25 asked
1709 3169 41 25 the

1212 3211 114 31 leniency
1337 3210 28 26 of
1373 3210 44 25 the
1428 3210 93 26 Bench.
1711 3223 2 12 ■.
1757 3232 2 2 .

1247 3277 52 24 The
1318 3277 127 30 Secretary
1464 3277 27 24 of
1509 3278 43 24 the
1572 3278 63 24 East
1655 3278 95 25 Oxford

1215 3320 91 26 School
1326 3320 148 25 Committee
1486 3321 121 31 appeared
1626 3323 26 22 to
1670 3330 80 22 prose-

1214 3366 56 23 cute
1292 3368 50 20 two
1364 3363 42 25 old
1440 3363 122 26 offenders
1587 3365 99 31 against
1709 3366 43 25 the

1214 3408 143 26 Education
1370 3407 55 25 Act.

1248 3453 104 32 Against
1372 3452 82 24 David
1476 3452 99 26 Bourke
1595 3453 70 25 there
1688 3462 63 17 were

1215 3497 69 26 three
1303 3496 160 30 convictions,
1490 3497 50 24 and
1562 3498 31 24 he
1614 3505 51 17 was
1684 3498 68 25 fined

1215 3542 29 24 2s
1255 3541 27 24 m
1294 3540 41 25 the
1346 3539 56 26 first
1413 3547 57 18 case
1481 3540 50 25 and
1548 3542 29 23 Is
1589 3541 61 24 each
1669 3541 28 25 m
1708 3542 43 25 the

1214 3584 72 25 other
1297 3591 76 21 cases,
1391 3583 60 25 with
1463 3586 72 22 court
1547 3591 126 24 expenses.

1249 3627 39 25 W.
1313 3627 90 25 Morris
1424 3627 121 32 appearod
1569 3627 28 25 m
1608 3636 95 17 answer
1725 3630 27 23 to

1214 3672 48 25 two
1273 3670 174 25 informations
1459 3670 113 34 andfwas
1584 3671 66 25 fined
1663 3673 27 24 Is
1702 3672 50 25 and

1214 3716 73 23 costs.
1525 3729 3 3 •

1219 3767 2 6 •
1247 3758 42 23 Mr
1300 3756 91 25 Morris
1403 3757 53 23 said
1467 3756 32 24 he
1511 3765 51 17 was
1574 3758 103 24 anxious
1697 3759 55 24 that
1757 3765 2 14 i

1213 3801 40 25 his
1265 3808 46 17 son
1324 3799 90 26 should
1432 3800 88 24 attend
1539 3800 85 25 school
1644 3801 45 25 but
1709 3801 42 26 the

1212 3852 84 23 young
1315 3844 146 29 gentleman
1483 3843 140 31 frequently
1645 3844 105 25 decline.

1213 3886 76 26 Their
1318 3885 129 32 Worships
1486 3886 192 25 recommended
1711 3887 41 25 Mr

1214 3931 89 25 Morris
1324 3930 43 25 the
1378 3937 42 18 use
1441 3930 25 25 of
1484 3938 14 16 a
1522 3935 68 28 strap
1611 3937 28 19 as
1661 3930 21 26 it
1701 3930 51 28 had

1212 3975 64 26 bean
1288 3975 88 25 known
1390 3976 24 24 to
1435 3975 62 24 have
1518 3982 15 17 a
1545 3976 75 24 .most
1641 3975 109 31 salutary

1212 4019 123 25 influence
1346 4026 67 24 upon
1425 4026 69 17 some
1506 4019 114 31 youthful
1640 4020 108 25 truants.

1246 4062 74 26 Their
1331 4062 128 32 Worships
1478 4062 131 33 expressed
1629 4062 66 26 their
1707 4063 42 25 de-

1213 4107 158 24 termination
1383 4106 25 24 of
1421 4106 104 33 backing
1537 4115 32 23 up
1582 4107 84 25 school
1677 4107 73 25 Com-

1212 4149 101 26 mittees
1324 4149 28 24 m
1364 4149 129 31 enforcing
1506 4149 43 25 the
1561 4150 55 25 Act.

1246 4193 52 25 The
1310 4192 77 25 Court
1398 4192 64 25 then
1473 4200 64 18 rose.

1246 4343 182 26 LEAFLETS
1445 4344 68 25 FOR
1539 4345 176 26 FARMERS.

1223 4425 3 11 t
1259 4438 5 3 _
1272 4426 2 2 ■
1308 4424 2 3 '
1453 4416 53 12 «mrr

1263 4463 116 34 Rebeipts
1397 4465 36 25 fur
1456 4466 125 26 Poisoned
1600 4466 98 26 Wheat.

1216 4509 10 28 }
1440 4509 38 25 No
1497 4511 23 23 1.

1247 4548 62 26 Boil,
1316 4548 68 25 three
1402 4550 86 30 quarts
1508 4548 28 26 of
1553 4549 77 25 water
1649 4550 49 24 and
1718 4551 32 29 H-

1788 214 28 17 or
1827 207 119 26 kerosene
1963 208 47 25 tin.
2045 209 82 25 When
2150 209 94 33 boiling
2267 210 52 25 take

1786 251 34 24 off
1832 251 42 25 the
1885 251 46 26 fire
1943 252 49 25 and
2003 255 46 30 put
2068 253 26 25 m
2107 254 31 33 1^
2151 254 76 25 sticks
2238 254 81 33 Jphos-

1784 289 28 26 lb
1823 292 26 25 of
1861 292 84 25 brown
1967 301 75 24 sugar
2053 294 27 24 m
2093 303 15 15 a
2126 296 71 24 clean
2209 294 110 26 oil-drum

1785 335 92 32 phorus
1893 336 74 33 (3oz).
2004 337 70 25 After
2086 337 114 33 allowing
2220 347 15 17 a
2256 339 63 25 min-

1783 381 43 23 ute
1839 388 27 16 or
1877 388 28 17 sc
1924 380 38 25 for
1982 380 43 25 the
2044 381 139 31 phosphors
2203 384 26 23 to
2249 383 70 29 melt,

1783 421 50 26 boil
1846 423 43 24 the
1900 423 77 25 whole
1989 425 82 30 again.
2101 424 72 26 Then
2184 425 39 26 lift
2234 426 36 25 off
2280 427 39 24 the

1783 466 45 25 fire
1841 467 50 24 and
1903 468 171 32 immediately
2086 468 73 32 begin
2180 470 100 31 stirring
2291 470 28 24 m

1783 510 94 31 pollard
1889 519 28 16 so
1937 519 28 15 as
1985 513 25 22 to
2033 512 74 24 make
2129 520 16 16 a
2167 513 152 32 constantly-

1783 554 143 32 thickening
1938 562 70 24 soup.
2046 555 52 25 Stir
2108 555 71 31 hard,
2194 564 27 17 as
2233 557 51 25 this
2296 557 21 25 is

1783 597 42 25 the
1837 597 61 26 time
1920 599 25 24 to
1965 601 42 29 get
2027 598 43 25 the
2091 598 154 33 phosphorus
2265 601 54 25 well

1782 642 157 25 distributed.
1975 642 124 26 Continue
2111 644 92 31 adding
2223 645 95 31 pollard

1781 685 66 25 until
1859 687 42 24 the
1912 694 69 18 mass
1993 687 111 25 becomes
2117 696 56 23 very
2185 688 59 25 stiff.
2258 689 59 25 This

1782 730 20 25 is
1814 730 141 32 important.
1990 730 26 25 It
2027 731 50 25 will
2098 731 56 25 take
2172 731 76 26 about
2266 732 50 27 91b.

1781 773 26 24 of
1816 774 102 30 pollard.

2004 818 47 24 No.
2070 819 24 23 2.

1815 859 55 25 Mix
1881 860 25 24 m
1919 868 14 17 a
1955 861 177 31 pickle-bottle,
2152 870 28 17 or
2199 863 38 25 tin
2256 864 59 25 with

1780 903 75 32 tight-
1859 904 85 32 fitting
1955 905 43 30 lid,
2018 907 13 23 1
2044 906 179 32 tablespoqnful
2244 908 27 25 of
2280 908 35 25 bi-

1781 947 114 30 sulphide
1906 950 27 24 of
1943 949 100 30 carbon,
2063 952 32 28 1£
2107 950 75 26 sticks
2194 953 121 31 phospho-

1780 999 51 21 rus,
1849 992 61 24 with
1922 995 18 28 i
1950 993 55 31 pint
2017 994 27 24 of
2053 994 57 24 cold
2120 997 84 22 water.
2234 995 81 25 Allow

1781 1036 25 23 to
1818 1035 73 24 stand
1903 1036 66 24 until
1980 1036 158 32 phosphorus
2149 1038 22 24 is
2183 1038 131 25 dissolved.

1780 1077 33 23 In
1826 1079 32 28 3£
1869 1079 67 30 pints
1948 1079 28 24 of
1984 1079 46 25 hot
2050 1082 77 23 water
2147 1080 107 26 dissolve
2270 1079 45 27 Bib

1779 1120 28 25 of
1823 1129 80 24 sugar.
1937 1122 67 25 Pour
2024 1123 62 25 both
2105 1124 28 24 of
2252 1126 63 24 mix-

1779 1165 68 23 tures
1859 1166 54 24 into
1926 1174 15 16 a
1953 1166 68 24 clean
2033 1167 77 25 vessel
2122 1167 50 25 and
2195 1169 46 24 stir
2252 1169 62 30 well,

1779 1207 62 25 then
1853 1208 48 24 add
1912 1209 100 31 pollard
2023 1210 63 24 until
2098 1210 42 25 the
2153 1211 82 33 dough
2247 1213 21 24 is
2291 1213 27 25 of

1778 1260 89 23 proper
1879 1253 165 32 consistency.
2081 1254 60 25 This
2152 1255 52 25 will
2215 1257 100 31 require

1779 1297 77 24 about
1868 1296 59 26 101
1927 1296 40 26 bof
1975 1297 104 31 pollard.
2115 1300 44 24 No
2182 1301 15 23 2
2221 1301 94 32 receipt

1778 1339 21 25 is
1812 1340 143 26 considered
1963 1341 44 25 the
2018 1343 68 24 most
2097 1343 118 26 effective.

1956 1385 104 32 Rolling
2077 1387 58 24 Out.

1811 1421 73 26 Have
1895 1430 15 17 a
1922 1423 70 25 clean
2004 1423 77 26 board
2093 1425 49 25 and
2152 1434 14 17 a
2173 1427 80 29 roller,
2266 1427 49 26 and

1779 1461 59 32 keep
1851 1463 68 24 them
1932 1464 56 24 well
2000 1465 89 24 dusted
2112 1466 61 25 with
2196 1467 45 31 dry
2262 1470 52 29 pol-

1778 1502 62 24 lard.
1871 1503 67 24 Take
1950 1503 77 25 about
2037 1507 50 22 two
2100 1505 124 26 handfulls
2237 1507 28 24 of
2274 1508 42 24 the

1778 1539 83 32 dough
1873 1545 44 21 out
1929 1541 61 25 with
2002 1549 15 17 a
2028 1542 46 25 fiat
2087 1543 71 30 stick,
2177 1544 79 25 throw
2271 1546 44 32 dry

1778 1580 94 31 pollard
1891 1590 33 16 on
1943 1582 21 24 it
1983 1584 27 23 to
2031 1585 55 30 stop
2110 1592 48 24 any
2181 1585 133 33 sparkling,

1778 1619 90 31 knead,
1886 1621 47 23 and
1946 1620 47 26 roll
2004 1625 43 21 out
2060 1628 25 19 to
2098 1623 40 30 £ia
2150 1622 78 26 thick.
2267 1624 48 26 Cut

1779 1663 43 25 the
1833 1665 61 24 cake
1915 1672 27 17 so
1961 1672 27 17 as
2009 1667 26 24 to
2056 1666 85 25 divide'
2157 1667 20 24 it
2197 1668 53 25 into
2272 1669 43 30 £m

1778 1712 102 24 squares
1899 1706 59 24 with
1971 1706 42 25 the
2026 1707 46 32 dry
2083 1708 105 30 pollard,
2211 1711 41 28 &c,
2265 1710 50 24 and

1778 1743 70 32 place
1860 1745 27 23 m
1899 1752 15 17 a
1934 1744 49 25 box
1995 1745 59 24 with
2066 1754 69 17 more
2156 1747 43 24 dnr
2211 1748 103 32 pollard.

1778 1782 54 30 Lay
1844 1783 28 31 by
1886 1783 104 27 turning
2012 1783 44 25 the
2069 1785 45 23 sod
2124 1786 61 23 with
2205 1794 14 16 a
2232 1787 82 30 spade,

1779 1821 50 25 and
1840 1822 101 32 putting
1954 1825 48 22 two
2014 1830 103 25 squares
2129 1824 27 24 m
2180 1826 59 25 each
2258 1827 58 24 hole

1779 1860 80 26 where
1882 1861 93 25 rabbits
2003 1870 41 17 are
2073 1870 141 24 numerous,
2249 1873 28 17 or
2301 1874 15 16 a

1778 1901 92 32 plough
1883 1902 88 25 furrow
1984 1903 49 26 will
2046 1903 39 30 do,
2104 1904 43 25 the
2167 1906 63 25 baits
2242 1906 74 32 being

1778 1942 50 25 laid
1841 1945 25 23 at
1879 1943 42 25 the
1930 1943 120 26 intervals
2062 1945 26 24 m
2100 1945 43 25 the
2152 1945 95 26 furrow.
2262 1947 53 25 Can

1778 1983 21 25 it
1811 1983 30 25 be
1853 1983 62 25 used
1927 1983 60 25 with
1999 1983 88 33 deadly
2099 1985 77 25 result
2194 1987 27 24 m
2241 1987 75 25 driest

1778 2023 110 26 weather
1899 2023 21 25 if
1930 2024 83 24 mixed
2025 2032 29 17 as
2066 2025 84 30 above,
2169 2027 49 24 and
2241 2028 20 24 is
2274 2030 42 25 not

1778 2063 106 26 affected
1895 2064 33 32 by
1941 2064 116 32 drought.
2087 2066 53 25 The
2152 2066 64 26 baits
2228 2068 87 25 should

1779 2104 30 25 be
1821 2105 96 24 carried
1927 2105 25 24 m
1977 2114 13 15 a
2014 2105 50 26 box
2087 2115 28 16 or
2139 2107 45 24 tin.
2239 2109 76 24 Stock

1778 2142 99 30 should,
1895 2143 22 25 if
1934 2143 115 32 possible,
2070 2145 26 24 be
2117 2147 116 25 removed
2251 2147 64 26 from

1778 2183 42 23 th
1816 2183 25 23 3
1831 2182 121 31 paddock.

1811 2222 64 25 N.B.
1877 2237 35 4 —
1912 2222 160 32 Phosphorus
2082 2223 90 26 should
2181 2224 92 34 always
2287 2229 28 22 be

1778 2262 59 33 kept
1847 2263 26 25 m
1886 2264 76 24 water
1985 2263 50 25 and
2058 2263 37 26 for
2118 2269 95 28 greater
2236 2267 79 32 safety

1778 2311 69 24 away
1855 2303 65 25 from
1927 2303 134 33 buildings..
2072 2305 147 31 Bisulphide
2227 2308 89 24 should

1778 2341 29 25 be
1820 2343 109 31 securely
1940 2342 90 25 corked
2042 2343 49 24 and
2104 2344 83 24 stored
2199 2345 24 24 m
2237 2354 15 16 a
2261 2347 53 24 cool

1778 2382 68 31 place
1858 2390 26 17 as
1897 2383 44 24 the
1961 2383 82 25 fumes
2067 2392 41 16 are
2131 2385 147 31 dangerous,
2297 2388 21 23 if

1776 2420 108 24 inhaled.

1789 2636 170 31 OXFORD
1981 2638 162 31 RELIEF
2166 2639 128 32 FUND.

1774 2740 165 32 Department
1950 2742 28 24 of
1985 2742 85 26 Lands
2083 2743 50 25 and
2146 2744 105 33 Survey,

1776 2784 153 32 Wellington
1941 2786 44 24 Bth
1997 2785 136 33 February,
2147 2788 73 25 1898.

1777 2829 48 25 Sir,

1809 2872 14 24 I
1833 2872 65 25 have
1915 2873 44 25 the
1979 2873 99 26 honour
2096 2876 26 23 to
2143 2875 172 33 acknowledge

1775 2916 93 31 receipt
1879 2916 27 25 of
1915 2924 63 25 your
1996 2917 75 25 letter
2082 2917 28 25 of
2125 2918 43 25 the
2185 2919 62 25 29th
2267 2919 46 25 ult.

1776 2959 132 26 addressed
1936 2963 25 22 to
1990 2961 43 25 the
2062 2961 78 33 Eight
2171 2962 68 26 Hon.
2272 2964 43 25 the

1776 3003 110 26 Premier
1896 3004 29 25 m
1936 3004 125 26 reference
2072 3008 27 22 to
2111 3006 43 25 the
2166 3006 57 26 fires
2235 3008 81 24 which

1777 3048 128 33 destroyed
1917 3056 69 18 some
1997 3051 117 31 property
2125 3050 28 25 m
2166 3050 93 27 Oxford
2267 3053 48 24 and

1777 3091 77 26 Birch
1874 3093 63 29 Hill,
1962 3093 51 24 and
2032 3095 145 33 suggesting
2196 3097 57 24 that
2273 3097 43 25 the

1778 3139 181 25 Government,
1970 3138 88 25 should
2068 3139 65 32 .give
2150 3140 49 24 400
2219 3149 27 17 or
2268 3142 49 24 500

1778 3182 72 25 sacks
1867 3182 27 26 of
1903 3190 70 23 grass
1986 3183 57 23 seed
2054 3185 26 22 to
2093 3183 43 24 the
2152 3183 125 29 sufferers,
2291 3187 26 21 at

1778 3234 15 17 a
1804 3227 54 24 cost
1870 3226 27 25 of
1906 3234 45 24 say
1962 3227 33 24 £1
2010 3234 15 17 a
2037 3227 59 24 sack
2107 3229 26 22 to
2135 3251 3 2 .
2145 3226 44 32 qhe
2207 3227 109 26 Govern-

1778 3272 76 23 ment.
1871 3292 3 3 .

1811 3313 33 24 In
1855 3313 69 31 reply
1936 3313 13 24 I
1967 3313 64 25 have
2043 3317 25 21 to
2081 3321 43 24 say
2143 3314 55 24 that
2219 3315 98 24 tenders

1778 3356 63 25 have
1861 3357 63 24 been
1944 3357 96 24 invited
2059 3357 38 25 for
2117 3357 44 25 the
2182 3359 95 31 supply,
2293 3358 24 25 of

1779 3408 70 24 grass
1872 3400 57 26 seed
1952 3399 38 26 for
2008 3400 134 33 Improved
2164 3401 76 26 Farm
2263 3402 53 27 Set-

1779 3445 124 29 tlements,
1931 3445 50 24 and
2002 3446 70 25 when
2092 3446 42 25 the
2154 3447 100 25 tenders
2277 3455 40 17 are

1779 3489 152 30 considered,
1966 3498 73 24 your-
2051 3490 143 32 suggestion
2213 3492 52 25 will
2286 3491 31 25 be

1779 3533 68 26 dealt
1859 3534 70 25 with.

1845 3587 14 26 I
1876 3588 62 25 have
1950 3588 43 25 the
2004 3589 99 25 honour
2114 3590 27 24 to
2152 3588 38 31 be,

1982 3648 50 30 Sir,

1846 3708 69 25 Your
1926 3709 115 25 obedient
2052 3711 108 26 servant,

1964 3774 90 25 JOHN
2072 3775 177 24 McKENZIE

2013 3835 116 25 Minister
2145 3836 28 24 of
2188 3836 93 24 Lands.

1778 3916 32 28 E.
1829 3920 125 25 Meredith
1966 3920 62 33 Esq.
2042 3921 117 26 M.H.R..
2175 3913 5 3 '

1844 3965 152 28 Tullameve,
2016 3965 169 33 Springbank,

1944 4008 187 27 Christchurch.

1811 4150 52 24 The
1874 4151 79 31 Army
1964 4151 113 26 deserves
2096 4153 79 25 kudos
2193 4153 37 25 for
2247 4155 68 30 pick-

1778 4190 44 31 ing
1833 4198 32 24 up
1878 4189 42 25 the
1931 4191 71 24 waifs
2014 4191 49 24 and
2080 4193 82 30 staays
2173 4195 55 22 sent
2240 4193 75 25 adrift

1779 4229 30 32 by
1818 4226 44 28 tHe
1874 4228 83 26 Police
1970 4229 98 32 Courts,
2087 4230 51 25 and
2149 4230 87 34 taking
2247 4232 68 23 them

1778 4269 27 25 m
1816 4269 74 25 hand.
1938 4270 113 31 Apropos
2075 4271 27 25 of
2122 4271 52 25 this
2193 4271 123 33 Adjutant

1778 4309 95 32 Bishop
1885 4309 80 26 called
1985 4313 26 21 at
2032 4311 42 24 the
2096 4311 130 31 Spectator
2245 4312 70 25 office

1778 4348 43 24 the
1833 4348 71 24 other
1915 4348 68 24 Week
1994 4349 27 23 to
2033 4349 70 24 show
2115 4356 28 17 us
2155 4357 16 16 a
2183 4353 132 22 cocoa-nut

1778 4386 62 24 fibre
1851 4386 61 24 door
1924 4389 61 26 mat,
2000 4386 55 31 just
2066 4386 74 25 made
2159 4389 26 23 to
2207 4388 71 24 order
2289 4391 26 22 at

1779 4424 44 25 the
1837 4424 58 25 S.A.
1909 4424 144 31 Addington
2062 4424 91 25 Home.
2188 4425 26 25 It
2231 4434 49 16 was
2301 4435 15 15 a

1779 4463 100 32 beauty,
1898 4471 28 17 as
1939 4463 49 25 soft
1999 4471 27 17 as
2037 4464 82 30 down,
2136 4470 28 19 as
2287 4475 29 16 as

1779 4504 67 29 wire,
1865 4513 14 15 a
1891 4503 148 26 serviceable
2051 4504 49 25 arid
2108 4504 101 30 durable
2218 4507 97 25 Article.

1780 4544 25 24 It
1818 4551 51 18 was
1880 4543 74 26 made
1966 4544 31 32 by
2009 4551 15 18 a
2035 4552 58 18 man
2106 4544 63 31 who,
2188 4546 38 25 six
2246 4555 69 17 mon-

2323 219 2 16 *
2352 214 42 26 ths
2405 215 83 27 before
2499 217 88 32 hardly
2599 218 69 26 know
2677 217 69 27 what
2753 221 131 23 cocoa-nut

2350 252 60 26 fibre
2421 262 60 17 was.
2516 256 40 25 He
2568 256 50 26 had
2635 256 97 26 neither
2750 257 69 25 trade
2838 266 47 16 nor

2323 305 2 13 t
2350 294 99 33 calling,
2467 303 56 18 now
2545 296 32 26 he
2588 297 21 25 is
2626 306 14 15 a
2660 297 140 33 compeient
2820 303 62 20 mat-

2350 336 89 29 make.,
2458 336 49 24 and
2519 336 56 26 able
2588 339 25 23 to
2625 346 59 16 earn
2696 346 14 16 a
2722 338 160 26 comfortable

2347 372 80 33 living
2437 374 38 24 for
2486 374 106 26 himself.
2628 376 53 25 The
2693 376 99 33 Army's
2801 377 80 25 Home

2348 412 26 23 at
2386 412 142 32 Addington
2545 414 21 24 is
2586 414 48 24 full
2654 414 27 25 of

2348 449 54 26 who
2414 459 43 16 are
2469 451 74 32 being
2559 452 90 32 taught
2668 453 90 31 trades,
2778 462 27 16 so
2824 454 57 24 that

2348 487 59 34 they
2418 497 59 24 may
2496 498 58 16 earn
2575 498 33 17 an
2625 490 88 25 honest
2730 492 79 32 living
2830 492 49 25 and

2347 527 59 26 thus
2417 529 31 24 be
2460 529 76 25 saved
2554 530 66 25 from
2632 532 155 30 temptation.
2823 532 56 25 Thi

2345 567 23 24 is
2379 569 119 29 practical
2510 569 164 32 Christianity
2674 585 34 3 —
2708 578 15 17 a
2742 572 138 33 refreshing

2346 608 96 32 change
2464 610 64 25 from
2541 611 42 24 the
2596 612 283 33 'tracts-and-good-ad-

2346 647 60 25 vice'
2418 649 110 30 pursued
2547 649 33 32 by
2599 658 77 24 many
2694 652 185 32 self-possessed

2345 687 193 33 philantropists.
2540 705 33 3 —
2575 691 130 31 Spectator.

2501 828 218 33 WEDDING.

2379 915 39 25 On
2430 916 152 34 Wednesday
2595 919 127 33 February
2745 922 44 24 9th
2801 923 26 23 at
2834 922 43 26 .St.

2344 959 93 31 Mary's
2449 960 27 25 of
2496 961 44 24 the
2562 963 97 30 Angels
2682 963 107 31 Church,
2813 966 64 24 Wel-

2343 1002 106 32 lington,
2460 1004 62 24 Miss
2530 1004 83 33 Agnes
2622 1006 155 32 McParland,
2788 1010 90 24 second

2343 1047 120 31 daughter
2474 1047 27 25 of
2510 1048 40 25 Mr
2561 1049 179 26 F.McParland
2752 1052 16 24 J
2778 1053 37 24 .P.
2827 1061 50 16 was

2343 1090 108 24 married
2462 1093 27 22 to
2509 1091 39 24 Mr
2569 1091 101 26 Charles
2691 1093 124 33 Aldridge,
2827 1095 50 25 late

2343 1133 27 24 of
2388 1133 100 31 Oxford,
2510 1135 44 25 the
2572 1144 132 25 ceremony
2724 1137 75 33 being
2823 1147 53 23 per-

2342 1176 95 26 formed
2448 1177 32 31 by
2492 1178 43 24 the
2547 1180 60 24 Her.
2620 1180 94 25 Father
2725 1183 151 29 Arasworth,

2343 1221 106 29 assisted
2459 1221 34 32 by
2503 1221 44 26 the
2559 1223 59 25 Rev.
2631 1223 94 26 Father
2743 1225 89 32 Carew,
2853 1228 27 25 of

2344 1264 165 33 Greymonth.
2531 1292 3 3 .
2555 1268 51 24 The
2617 1268 76 25 bride,
2711 1269 56 25 who
2778 1279 51 17 was
2841 1277 36 19 at-

2343 1308 64 25 tired
2417 1310 28 23 m
2456 1310 83 30 white,
2558 1312 57 23 with
2627 1312 42 24 the
2681 1315 140 31 customary
2829 1316 48 24 veil

2344 1352 49 24 and
2405 1360 91 25 orange
2508 1353 130 32 blossoms,
2657 1356 94 25 carried
2762 1366 16 15 a
2796 1358 78 25 hand-

2343 1403 69 17 some
2423 1396 107 32 bouquet
2541 1400 55 23 sent
2606 1398 32 31 by
2646 1399 60 24 Miss
2715 1399 72 31 Ross,
2800 1402 27 25 of
2834 1403 43 24 the

2343 1439 74 31 Hutt,
2436 1441 49 24 and
2505 1450 64 17 wore
2581 1451 15 16 a
2608 1443 58 32 gold
2683 1444 70 25 cable
2771 1445 106 26 bracelet

2344 1484 50 24 and
2413 1484 114 25 diamond
2546 1486 64 31 ring,
2641 1487 43 25 the
2706 1488 58 30 gifts
2790 1489 26 25 of
2836 1491 42 23 the

2343 1526 161 32 bridegroom.
2555 1529 61 25 Mis?
2639 1529 65 26 Kate
2727 1532 150 25 McParland

2343 1570 68 25 acted
2423 1579 28 16 as
2463 1571 156 30 bridesmaid,
2637 1573 44 25 she
2692 1573 73 34 being
2775 1578 103 29 gowned

2342 1614 28 23 m
2381 1614 76 26 white
2476 1615 50 24 and
2545 1616 97 32 yellow,
2661 1618 49 24 and
2733 1620 109 32 wearing
2864 1628 15 17 a

2343 1658 58 31 gold
2413 1659 88 25 brooch
2521 1663 37 22 set
2576 1661 62 25 with
2655 1661 136 32 diamonds,
2812 1672 67 23 pres-

2343 1703 74 25 ented
2437 1704 32 32 by
2492 1704 41 25 the
2555 1714 93 23 groom.
2701 1707 41 25 Mr
2769 1708 110 26 Thomas

2343 1747 107 30 Hunter,
2472 1749 50 24 late
2540 1749 26 24 of
2587 1749 95 26 Oxford
2693 1752 71 24 acted
2775 1760 27 16 as
2824 1752 55 26 best

2343 1798 68 20 man,
2441 1793 49 22 and
2518 1792 41 24 Mr
2587 1793 96 30 George
2711 1795 118 32 Aldridge
2851 1804 28 16 as

2345 1832 176 32 Groomsman,
2556 1835 44 25 the
2623 1836 66 25 bride
2712 1836 73 34 being
2806 1839 73 31 given

2344 1885 72 25 away
2427 1878 31 32 by
2469 1878 46 25 her
2534 1878 88 26 father.
2658 1881 70 24 After
2751 1882 43 25 the
2813 1890 64 17 cere-

2343 1929 77 25 mony
2431 1922 44 25 the
2486 1925 71 30 party
2569 1923 75 25 drove
2656 1926 26 22 to
2700 1924 44 26 the
2754 1926 125 25 residence

2343 1965 28 24 of
2380 1966 43 24 the
2435 1966 87 25 bride's
2532 1969 108 29 parents,
2658 1968 82 26 where
2760 1970 43 25 the
2814 1971 63 24 wed-

2343 2009 61 32 ding
2416 2009 126 26 breakfast
2564 2019 51 16 was
2639 2012 94 30 served,
2750 2014 51 24 and
2818 2015 61 24 later

2343 2062 33 16 on
2388 2054 42 25 the
2442 2055 81 31 happy
2535 2055 86 32 couple
2629 2056 45 25 left
2685 2057 29 31 by
2726 2058 152 26 steamer.for

2344 2098 41 24 the
2399 2098 87 30 South,
2505 2106 31 17 en
2548 2101 70 23 route
2630 2102 26 22 to
2666 2100 63 25 their
2738 2109 55 17 new
2803 2102 75 24 home

2342 2142 27 23 m
2381 2142 124 25 Dunedin.
2540 2142 32 26 In
2584 2143 42 25 the
2638 2144 105 33 evening
2754 2145 123 32 a.gather-

2343 2185 43 32 ing
2397 2194 51 17 was
2456 2187 57 24 held
2524 2187 28 24 m
2566 2188 112 30 Spiller's
2690 2189 62 25 Hall
2770 2190 81 25 where
2863 2198 15 17 a

2343 2229 68 33 large
2430 2230 107 25 number
2557 2231 30 25 of
2604 2233 85 30 guests
2711 2241 64 17 were
2797 2236 80 22 enter-

2343 2274 91 26 tained.
2478 2274 53 26 The
2551 2279 112 28 presents
2686 2277 108 25 received
2816 2286 63 17 were

2344 2319 159 31 exceedingly
2521 2327 134 17 numerous
2678 2321 50 24 and
2755 2321 124 28 valuable,

2343 2371 73 23 many
2427 2363 99 31 coming
2534 2363 63 26 from
2609 2364 92 25 friends
2713 2373 32 17 on
2757 2366 41 24 the
2810 2366 71 26 West

2343 2406 82 25 Coast.

2405 2580 139 26 OXFORD
2562 2582 134 26 BELIEF
2714 2584 105 26 FUND.

2377 2686 107 26 Further
2496 2688 130 26 donations
2638 2690 137 26 forwarded
2783 2691 32 33 by
2827 2692 53 26 Mrs

2344 2730 24 24 J.
2381 2731 148 25 Parkinson.
2548 2733 23 24 J.
2584 2733 114 26 Johnson
2712 2736 35 28 ss,
2766 2736 114 26 Mclnnis

2345 2776 35 23 ss.
2399 2775 69 24 John
2480 2775 91 26 Fraser
2583 2779 36 23 ss.

2420 2925 139 43 CYCLING
2584 2928 32 39 IN
2640 2929 161 49 ENGLAND,

2377 3048 62 26 Last
2453 3049 125 35 Saturday
2588 3052 45 25 the
2644 3053 156 27 well-known
2820 3057 60 24 trai-

2345 3088 38 24 tor
2394 3088 48 25 and
2461 3090 143 29 ex-athlete,
2625 3092 161 33 Warburton,
2809 3095 70 26 farai-

2343 3127 64 32 larly
2435 3128 91 25 known
2538 3130 9 24 i
2564 3138 17 16 n
2606 3132 118 32 sporting-
2745 3135 85 25 circles
2853 3144 27 17 as

2510 3167 54 25 died
2576 3168 64 25 from
2651 3170 72 25 heart
2740 3172 94 30 failure,
2855 3177 26 22 at

2345 3203 80 26 Wood
2437 3204 90 25 Green.
2552 3205 41 26 He
2601 3215 54 17 was
2667 3207 64 27 little
2742 3218 69 18 more
2819 3211 61 25 than

2344 3241 55 33 fifty
2409 3246 5 25 |
2420 3251 68 23 years
2512 3243 27 25 of
2557 3252 53 24 age,
2629 3245 46 25 but
2686 3246 31 25 he
2728 3257 48 16 was
2788 3249 27 25 of
2825 3250 56 26 that

2344 3284 101 24 restless
2457 3285 48 23 and
2517 3285 120 24 excitable
2649 3288 180 30 temperament
2841 3299 38 17 us-

2345 3324 69 32 ually
2437 3325 136 24 associated
2593 3326 61 24 with

2345 3363 109 25 Famous
2467 3371 60 17 once
2539 3371 27 17 as
2586 3372 15 16 a
2612 3372 102 24 runner,
2733 3366 33 26 he
2788 3368 46 26 has
2857 3369 27 25 of

2345 3401 50 26 late
2407 3410 71 24 years
2491 3402 61 25 been
2563 3411 69 17 more
2644 3406 163 30 conspicuous
2827 3416 28 17 as
2867 3417 19 19 a,

2345 3444 95 25 trainer
2451 3443 28 25 of
2487 3443 120 26 first-rate
2620 3445 109 32 cyclists,
2748 3450 133 31 especially

2345 3490 33 17 on
2390 3482 41 25 the
2443 3481 116 26 Parisian
2572 3483 96 26 tracks..
2698 3485 41 26 He
2762 3495 49 17 was
2834 3497 47 16 one

2345 3521 26 24 of
2380 3522 43 25 the
2435 3521 56 25 first
2510 3523 26 24 to
2555 3524 26 23 to
2601 3524 139 31 appreciate
2761 3526 55 25 that
2839 3528 42 24 tha

2345 3563 139 24 conditions
2508 3563 27 24 of
2551 3564 137 32 latter-day
2707 3567 66 31 cjcle
2795 3569 86 31 racing

2345 3600 106 26 demand
2464 3601 168 32 organisation
2644 3603 28 25 of
2680 3604 60 32 help
2750 3605 26 24 m
2783 3606 95 32 pacing,

2345 3643 49 24 and
2405 3643 140 31 systematic
2557 3644 116 32 training,
2691 3645 114 26 different
2815 3647 65 25 from

2345 3683 127 31 happy-go
2483 3683 76 32 lucky
2571 3684 63 31 style
2646 3685 28 24 of
2682 3693 32 16 aa
2724 3687 87 24 earlier
2820 3687 61 25 time

2345 3723 49 24 and
2406 3723 29 24 he
2447 3730 51 17 was
2510 3724 150 30 responsible
2679 3725 38 24 for
2737 3723 43 28 the
2799 3727 82 31 public

2345 3761 63 24 form
2421 3761 27 25 of
2458 3761 62 25 such
2531 3769 59 17 men
2614 3770 28 17 as
2662 3763 96 25 Arthur
2777 3766 102 30 Linton,

2345 3802 48 24 and
2406 3809 50 17 was
2468 3801 41 25 the
2520 3809 61 17 man
2603 3803 57 24 who
2672 3804 106 32 brought
2798 3808 45 23 out
2855 3806 24 25 J.

2345 3841 115 23 Michael.
2495 3842 38 22 At
2545 3841 42 24 the
2599 3846 61 20 time
2672 3843 27 23 of
2709 3844 39 24 his
2761 3845 74 24 death
2847 3846 32 23 he

2344 3879 50 25 had
2406 3879 77 25 under
2505 3879 40 25 his
2567 3888 57 18 care
2648 3890 15 16 a
2684 3890 84 25 young
2781 3884 100 25 French

2343 3918 72 31 rider,
2434 3918 127 33 Nieuport,
2579 3920 82 25 whom
2673 3920 32 26 he
2717 3922 96 25 fancied
2824 3930 55 24 cap-

2343 3960 56 25 able
2410 3960 28 25 of
2446 3960 115 33 rivalling
2571 3960 43 26 the
2626 3963 65 23 stars
2703 3962 30 25 he
2748 3963 51 24 had
2809 3971 69 23 prev-

2344 3998 79 33 iously
2435 3998 108 26 assisted
2554 4001 26 23 to
2591 3999 58 25 rise.

2572 4050 2 2 .
2587 4037 14 14 *
2620 4037 15 14 #
2662 4032 1 2 '
2700 4045 1 1 ■

2604 4055 14 14 #

2377 4075 95 25 Arthur
2484 4074 117 25 Linton's
2612 4074 74 25 death
2708 4084 48 16 was
2776 4083 16 17 a
2811 4078 69 29 great

2345 4113 61 25 blow
2428 4116 27 22 to
2474 4113 60 28 him,
2553 4116 48 21 and
2623 4113 65 24 later
2697 4138 3 2 .
2709 4114 31 25 he
2761 4116 42 29 got
2825 4115 54 25 into

2343 4151 97 24 trouble
2460 4150 61 24 with
2554 4151 43 23 the
2620 4150 121 25 National
2763 4152 115 32 Cyclists'

2343 4196 85 25 Union
2428 4210 33 4 —
2462 4203 27 16 as
2501 4194 53 25 who
2576 4194 58 25 does
2653 4198 45 22 not
2721 4196 134 33 nowadays
2866 4198 13 24 ?

2343 4235 44 24 but
2397 4234 33 25 he
2447 4233 51 24 had
2508 4241 16 16 a
2535 4233 84 33 happy
2642 4234 81 25 knack
2734 4235 28 25 of
2782 4236 98 31 finding

2342 4273 41 24 his
2394 4274 50 23 feet
2455 4271 64 25 after
2527 4280 72 24 every
2613 4280 103 17 reverse.
2752 4274 55 25 The
2818 4274 61 24 Lin-

2344 4313 36 26 tin
2393 4311 130 26 Memorial
2534 4311 150 27 Committee
2693 4314 151 26 established
2853 4318 26 21 to

2336 4354 195 25 .commemorate
2545 4353 42 24 the
2599 4361 104 23 prowess
2712 4355 26 24 of
2750 4354 56 25 that
2814 4354 65 24 rider

2342 4392 28 24 m
2389 4391 41 24 his
2453 4391 83 24 native
2559 4393 75 29 toiyn,
2661 4391 48 26 has
2721 4392 59 32 split
2789 4400 36 18 on
2836 4391 44 26 the

2343 4429 111 35 question
2468 4428 27 26 of
2517 4428 43 25 the
2671 4428 63 26 such
2754 4430 127 25 memorial

2343 4470 64 24 sliall
2420 4468 64 30 take,
2503 4476 67 18 some
2594 4469 113 32 wanting
2727 4478 15 17 a
2762 4473 82 22 statue
2856 4469 25 25 of

2344 4509 53 25 him
2409 4510 26 23 m
2447 4508 43 25 the
2502 4508 93 26 market
2614 4509 78 32 place,
2710 4510 85 25 others
2807 4519 15 16 a
2830 4511 50 24 less

2344 4548 164 27 ostentatious
2519 4549 51 25 and
2586 4556 70 19 more
2677 4550 119 32 practical
2815 4558 64 18 rem-

2920 212 139 26 embrance.

3162 249 13 14 #
3194 249 15 14 #

2951 279 47 26 Yet
3010 289 46 17 one
3067 290 69 18 more
3147 282 46 26 has
3205 283 62 25 been
3279 285 77 25 added
3367 287 24 24 to
3408 287 38 26 the

2916 319 43 25 list
2979 321 28 24 of
3024 323 142 25 casualties
3183 325 124 25 resultant
3330 325 62 26 from
3405 328 41 25 the

2914 359 110 25 fracture
3033 360 27 24 of
3067 361 42 25 the
3120 362 64 24 head
3193 363 28 24 of
3229 371 14 16 a
3253 363 98 32 bicycle.
3387 365 59 26 This

2914 400 56 28 part
2982 398 71 26 bears
3065 401 41 23 the
3126 401 79 25 whole
3217 402 76 25 shock
3302 403 27 25 of
3338 404 108 33 meeting

2914 436 129 32 obstacles,
3057 440 50 25 and
3115 440 74 33 being
3198 443 97 31 usually
3305 444 86 31 single,
3401 445 45 26 has

2913 485 34 16 no
2959 478 48 32 ally
3018 479 27 25 m
3057 488 56 18 case
3123 483 21 23 it
3160 482 55 25 fails
3227 485 25 23 to
3270 483 57 25 bear
3339 485 31 25 its
3381 485 64 27 ioad.

2913 518 54 25 The
2978 520 114 26 machine
3104 522 86 25 ridden
3207 523 28 24 m
3247 524 50 25 this
3320 532 54 18 case
3385 534 59 23 was,

2912 558 20 24 ifc
2942 559 19 22 is
2973 561 63 29 true,
3055 568 15 17 a
3082 562 170 26 second-hand
3263 572 55 21 one,
3337 565 49 25 and
3396 569 48 22 rat-

2913 598 41 25 her
2965 599 64 32 light
3040 600 38 26 for
3089 602 100 31 general
3191 604 70 24 'road
3273 613 51 21 use,
3346 606 45 25 but
3403 607 43 26 the

2912 638 93 26 verdict
3014 640 27 24 of
3048 641 40 25 the
3099 643 57 31 jury
3164 652 48 16 was
3222 645 53 25 that
3285 646 40 24 the
3334 647 98 25 machin
3434 662 12 16 c

2912 687 49 17 was
2974 680 27 24 of
3010 680 118 28 defective
3141 685 179 26 construction.

3172 741 14 14 *

2948 758 106 26 Another
3058 762 135 25 somewhat
3200 762 244 33 objectionableform

2912 797 27 24 of
2948 800 68 27 sport
3026 799 22 23 is
3059 800 43 23 the
3110 800 88 24 indoor
3205 802 86 31 racing
3302 803 32 31 by
3341 811 103 23 women,

2911 838 28 23 at
2958 836 85 31 places'
3064 838 28 25 of
3108 841 203 27 entertainment.
3353 844 24 24 It
3397 844 48 26 has

2911 874 62 25 been
2984 875 86 26 shown
3088 877 56 26 that
3160 878 43 26 the
3214 881 86 32 racing
3318 882 22 25 is
3352 885 92 31 merely

2912 915 159 34 spectacular,
3090 917 49 24 and
3162 918 20 24 it
3205 920 73 31 again
3298 922 61 24 and-
3370 924 74 30 again

2911 952 63 25 been
2982 954 100 30 pointed
3091 958 44 22 out
3149 956 56 25 that
3213 959 66 29 cycle!
3292 960 73 30 speed
3374 969 69 17 com-

2909 991 117 30 petitions
3043 1000 42 18 are
3097 995 91 31 wholly
3199 998 117 24 unsuited
3334 999 40 24 for
3396 1008 48 16 wo-

2911 1038 63 22 men,
2991 1034 42 29 yet
3045 1033 59 32 they
3127 1034 74 32 bring
3212 1044 15 15 a
3247 1038 92 31 paying
3349 1039 93 30 public,

2911 1071 49 23 and
2972 1079 27 16 so
3015 1072 42 24 the
3077 1073 79 32 Eoyal
3176 1076 142 30 Aquarium'
3332 1080 75 23 starts
3419 1087 25 17 *a

2909 1118 56 17 new
2977 1113 110 24 carnival
3096 1113 27 25 of
3128 1106 54 39 jthis
3195 1117 87 24 nature
3294 1125 33 16 on
3343 1118 97 27 Boxins
3440 1129 3 5 1

2911 1148 63 32 Day.
3379 1168 3 1 -

3116 1343 125 30 NOTES.

2944 1451 53 26 The
3019 1454 174 33 municipality
3221 1458 26 23 of
3273 1458 44 24 the
3346 1458 50 32 city
3419 1460 27 24 of

2910 1491 65 24 Lille
2988 1493 156 31 (population
3156 1496 119 33 210,000)
3287 1498 47 24 has
3347 1499 97 24 endow-

2911 1531 30 24 ed
2951 1540 13 14 a
2976 1531 62 25 fund
3056 1533 39 25 for
3105 1535 138 32 advancing
3268 1537 69 25 loans
3362 1540 27 22 to
3401 1539 42 25 the

2911 1569 112 26 students
3035 1571 27 24 of
3071 1572 33 25 its
3116 1573 146 33 university,
3275 1575 80 26 which
3367 1576 21 25 is
3400 1576 44 26 the

2911 1609 66 23 most
2999 1609 136 31 important
3156 1611 28 24 m
3208 1612 103 29 France,
3336 1616 60 23 next
3417 1616 27 24 to

2913 1649 53 24 that
2977 1652 26 22 at
3015 1649 79 26 Paris.
3130 1651 91 33 Money
3240 1654 52 25 will
3302 1654 30 25 he
3355 1656 52 23 lent
3419 1657 27 24 to

2911 1689 105 30 honour,
3035 1691 106 26 without
3163 1693 72 25 other
3258 1695 114 33 security,
3395 1696 51 25 and

2912 1731 43 24 the
2967 1733 149 24 transaction
3128 1734 50 23 will
3195 1734 29 24 be
3242 1734 59 32 kept
3313 1736 134 25 confident:,

2911 1769 43 25 ial.
2984 1770 94 25 TmVis
3091 1774 29 21 to'
3127 1775 101 27 prevent
3240 1773 42 24 the
3293 1781 84 23 young
3388 1782 58 17 men

2910 1809 87 32 falling
3008 1811 53 23 into
3083 1811 44 24 the
3139 1811 80 24 hands
3242 1813 27 23 of
3276 1821 87 16 usurer
3369 1821 7 16 *
3388 1813 57 25 who

2912 1849 64 25 often
2989 1850 91 32 charge
3091 1851 65 25 from
3180 1853 75 24 3.000
3267 1856 26 22 to
3316 1855 74 27 5,000
3402 1862 45 24 per

2911 1891 57 23 cent
2979 1889 118 26 interest.-
3097 1905 28 3 —
3128 1891 107 25 Clarion.

3127 1974 118 25 hesitates
3258 1976 26 23 to
3307 1976 68 23 utter
3388 1975 56 26 that

2904 2013 90 25 .which
3014 2015 30 22 he
3067 2014 85 25 thinks
3176 2015 43 24 the
3240 2015 102 31 highest
3366 2016 81 29 truth,

2911 2052 47 24 lest
2968 2052 21 24 it
3001 2051 89 26 should
3104 2052 30 25 be
3147 2054 39 23 too
3206 2053 73 25 much
3292 2054 25 24 m
3338 2054 109 26 advance

2911 2090 27 25 of
2949 2091 40 23 the
3001 2090 70 29 time,
3095 2099 56 23 may
3163 2099 112 17 reassure
3298 2093 100 24 himself
3416 2095 30 30 by

2911 2131 99 31 looking
3021 2133 26 22 at
3058 2131 42 24 his
3112 2133 51 22 acts
3175 2131 65 25 from
3252 2140 32 16 an
3295 2133 152 31 impersonal

2911 2173 70 29 point
2993 2172 26 24 of
3028 2172 68 25 view.
3132 2173 47 24 Let
3202 2173 52 24 him
3276 2174 60 32 duly
3358 2175 88 25 realise

2912 2211 43 25 the
2966 2211 51 25 fact
3029 2211 54 24 that
3106 2211 102 31 opinion
3235 2212 22 24 is
3281 2213 42 24 the
3352 2221 94 24 agency

2913 2249 106 32 through
3032 2248 83 26 which
3126 2249 123 25 character
3269 2251 86 31 adapts
3368 2254 78 22 exter-

2911 2291 44 24 nal
2966 2293 187 28 arrangements
3171 2293 26 23 to
3209 2291 69 26 itself
3279 2293 87 24 -rrthat
3377 2293 70 31 opin-

2912 2332 43 24 ion
2967 2331 91 31 rightly
3069 2331 77 25 forms
3156 2333 56 30 part
3223 2332 27 24 of
3259 2333 52 24 this
3322 2341 92 23 agency
3415 2347 33 6 —

2913 2372 22 25 is
2947 2381 13 15 a
2972 2371 56 25 unit
3048 2371 27 25 of
3095 2371 72 32 force,
3192 2373 171 32 constituting,
3386 2374 61 25 with

2913 2411 71 24 other
2996 2409 62 25 puch
3077 2411 76 28 units,
3182 2411 44 23 the
3249 2412 99 31 general
3366 2420 81 23 power

2914 2450 81 25 which
3008 2451 144 23 constitutes
3176 2451 75 24 social
3262 2451 117 32 changes,
3397 2453 51 24 and

2915 2491 32 25 be
2958 2490 50 26 will
3020 2491 110 32 perceive
3142 2491 56 25 that
3209 2491 33 25 he
3253 2500 58 24 may
3334 2493 114 32 properly

2915 2531 55 32 give
2992 2533 127 22 utterance
3142 2533 26 22 to
3179 2530 41 25 his
3242 2532 135 24 innermost
3389 2540 58 17 con-

2914 2571 100 26 viction,
3040 2570 99 31 leaving
3161 2570 21 24 it
3205 2573 26 21 to
3253 2570 105 32 produce
3380 2570 68 27 what

2914 2610 72 24 effect
2995 2610 22 24 it
3028 2616 66 25 may.
3096 2623 34 4 —
3130 2608 108 26 Herbert
3250 2610 117 31 Spencer.

2947 2693 128 33 Although
3099 2693 58 32 only
3367 2702 81 18 meas-

2913 2732 66 31 ures,!
2998 2733 61 24 both
3071 2733 42 24 the
3124 2733 107 32 rejected
3254 2733 47 25 Old
3312 2733 52 31 Age
3383 2733 65 25 Pen-

2913 2773 68 23 sions
3004 2771 47 24 and
3080 2771 106 25 Masters
3217 2772 51 24 and
3287 2772 161 31 Apprentices

2916 2810 68 25 Bills
3005 2817 63 17 were
3091 2810 147 31 thoroughly
3266 2810 129 25 socialistic
3422 2811 26 25 m

2912 2851 129 32 principle,
3076 2851 52 24 The
3141 2851 123 24 multifold
3276 2851 60 25 evils
3345 2850 27 26 of
3379 2850 69 32 juve-

2913 2891 50 24 nile
2975 2890 84 24 labour
3069 2890 28 24 m
3108 2898 33 16 an
3153 2890 112 31 aspiring,
3270 2898 84 23 young
3365 2890 83 24 demo-

2913 2938 71 25 cracy
2996 2932 92 24 cannot
3099 2930 29 24 be
3140 2931 41 24 too
3193 2930 110 32 strongly
3311 2929 136 26 combated.

2913 2973 35 24 As
2960 2972 38 24 for
3010 2971 41 25 the
3069 2971 135 25 re°istance
3227 2971 27 24 of
3280 2971 43 24 the
3346 2970 102 26 Council

2913 3014 27 24 to
2959 3012 42 25 the
3026 3011 47 25 Old
3096 3011 52 32 Age
3169 3011 122 25 Pensions
3320 3011 59 28 Bill,
3405 3011 43 25 the

2915 3053 111 25 Premier
3037 3052 107 26 touched
3155 3052 43 25 the
3210 3052 66 32 right
3299 3053 56 31 spot
3365 3052 28 25 m
3414 3052 34 26 af-

2913 3093 103 32 firming
3035 3092 56 25 that
3111 3091 42 26 the
3175 3091 112 33 looming
3309 3100 33 24 up
3364 3091 26 25 of
3412 3092 36 24 in-

2913 3133 99 26 creased
3032 3131 112 25 taxation
3167 3139 31 17 on
3221 3131 60 25 land
3309 3131 86 25 values
3423 3134 25 23 to

2913 3173 100 32 provide
3033 3172 43 25 the
3095 3172 117 31 requisite
3233 3171 76 25 funds
3332 3180 50 16 was
3406 3173 42 24 the

2904 3213 2 22 i
2914 3210 148 33 underlying
3085 3218 73 17 cause
3181 3210 24 24 oi
3222 3210 34 26 its
3268 3210 147 32 opposition.
3417 3224 31 6 —

2904 3274 4 2 .
2915 3254 120 24 Socialist.

2931 3471 323 26 METEOROLOGICAL
3273 3469 142 28 OBSEVA-

3130 3524 103 27 TORY.

2949 3608 23 23 A
2984 3607 125 32 thorough
3128 3605 143 33 knowledge
3294 3605 27 25 of
3339 3605 42 25 the
3403 3606 45 24 cli-

2914 3652 76 24 matic
3001 3651 108 32 changes
3117 3650 75 31 likely
3212 3651 26 24 to
3250 3650 29 25 be
3288 3650 160 32 experienced

2913 3697 28 22 m
2952 3703 15 16 a
2979 3695 69 31 given
3052 3689 108 36 'locality
3176 3694 22 24 is
3207 3693 137 31 absolutely
3363 3701 84 17 neces-

2914 3747 56 23 sary
2982 3739 21 24 if
3012 3746 32 17 an
3064 3737 176 32 experimental
3262 3737 96 25 station'
3375 3736 21 25 is
3420 3740 28 23 to

2914 3782 76 25 afford
3003 3781 42 24 the
3061 3781 48 24 full
3128 3783 86 22 extent
3236 3781 27 23 of
3285 3780 163 26 information

2913 3827 82 25 which
3015 3835 14 14 a
3048 3825 245 32 properly-equipped
3313 3827 92 24 station
3424 3828 24 24 is

2913 3873 101 32 capable
3026 3873 27 24 of
3062 3873 140 31 supplying.

2946 3920 50 24 For
3003 3918 121 30 instance,
3142 3920 114 24 accurate
3265 3919 57 25 data
3331 3928 27 16 as
3370 3922 26 23 to
3407 3921 41 25 the

2912 3969 173 31 temperature,
3116 3967 98 26 rainfall
3236 3969 41 24 &c.
3301 3969 38 24 wil
3359 3969 88 26 enable

2911 4012 202 25 horticulturists,
3130 4016 28 21 to
3180 4011 134 26 determine
3317 4012 130 31 Jwhether

2912 4067 15 15 a
2935 4059 73 32 given
3019 4066 58 24 crop
3097 4059 23 23 is
3131 4065 28 17 or
3177 4057 23 25 is
3212 4061 43 22 not
3266 4058 76 33 likely
3353 4063 24 20 to
3390 4067 55 18 suc-

2912 4103 67 29 ceed,
2997 4103 92 27 whilst,
3092 4103 43 29 she
3144 4102 103 25 absence
3259 4103 27 25 of
3292 4106 62 22 such
3363 4111 14 17 a
3386 4104 62 25 data,

2912 4154 58 23 may
2981 4153 73 18 cause
3060 4147 75 30 'great
3145 4145 49 25 loss
3205 4145 61 25 both
3277 4146 28 25 of
3324 4146 60 25 time
3395 4147 51 25 and

2913 4204 98 24 money.
3045 4195 23 25 A
3087 4197 69 30 large
3167 4197 104 23 amount
3283 4196 27 24 of
3316 4198 66 23 most
3393 4198 52 25 val-.

2913 4242 73 26 uable
2996 4241 169 30 information,
3183 4241 131 32 especially
3327 4249 28 17 as
3366 4244 26 23 to
3402 4243 46 25 the

2912 4285 101 26 rainfall
3030 4285 27 25 m
3077 4292 76 24 many
3172 4284 91 32 places,
3281 4285 22 25 is
3315 4285 133 26 contained

2911 4332 29 24 m
2962 4325 43 30 the
3026 4325 197 35 meteorological
3245 4334 95 27 reports
3362 4329 85 27 issued!

2912 4374 80 24 under
3014 4374 43 23 th«
3085 4372 122 24 direction
3235 4372 27 25 of
3290 4373 41 25 Sir
3359 4373 87 26 James

2913 4417 101 29 Hector,
3032 4415 45 25 but
3093 4417 149 32 consequent
3253 4414 33 26 oh
3295 4417 44 23 tlie
3349 4416 99 28 limited

2914 4460 74 25 funds
3000 4462 26 22 at
3038 4458 39 26 his
3099 4458 108 33 disposal
3229 4459 43 26 the
3295 4460 107 25 number
3424 4461 24 25 of

2913 4505 105 25 stations
3031 4502 140 33 famishing
3182 4503 47 25 full
3238 4503 109 29 .weather
3362 4512 86 24 repors

2916 4549 22 25 is
2949 4555 56 24 very
3018 4546 81 27 small.

3425 169 13 14 •

1132 62 176 31 OXFORD
1354 63 232 33 OBSERVER
1630 63 239 36 SATURDAY,
1891 64 230 31 FEBRUARY
2177 67 38 29 19
2262 67 89 31 1898.

110 2281 19 16 fX
128 2281 3 7 1
132 2280 11 12 .T
145 2281 25 11 \*!^
171 2281 15 7 f>i^
186 2281 22 7 >ir|w
277 2280 12 8 Ot
289 2280 113 10 *'<nwcuwwnf*«uf^
403 2281 1 5 1
406 2281 69 9 irsvwxmom
477 2280 129 14 wuwwwiwwij

120 2346 4 53 |
129 2355 56 43 #c
193 2341 402 53 mfhenersi/acfetHoX

113 2392 477 49 ybqymycf/ftef/n/feffons.

113 2430 9 49 jl
199 2432 125 34 f/?s/sf
335 2441 47 26 on
392 2432 139 42 fiavmg
591 2430 4 44 \
616 2432 2 6 '

111 2739 9 26 ■|
156 2733 393 34 {AwarJsifCefefMefSjfyerAyi-cfdJs)
583 2736 11 28 1

111 2802 483 52 yfigysfepffmansfudofesGinfk
616 2813 2 4 '

111 2850 9 30 \
188 2845 146 36 l/teaest
333 2856 117 28 money
454 2847 76 36 and

111 2881 9 32 ■!
160 2890 197 36 ejpe/wnce
376 2892 67 25 can
460 2885 74 42 &/y:

111 2916 482 44 \ldfeesrsalem/M/m/as/a.\

110 2956 134 40 'h-.&W.
254 2963 120 34 M.ML
386 2963 147 34 GROCERS
574 2960 18 34 J

115 2994 5 7 i
121 2993 37 13 >U7Wl'
158 2993 3 7 :
164 2998 31 7 iriiiiif
278 2998 14 3 —
292 2994 60 12 ■wMVrTin'r
353 2994 34 12 lTttMi
410 2994 43 11 Ihnrji-i
454 2994 138 13 -r-TVrnniin*'nn'niiT*''iiM<
