3530 4650
1189 55 173 33 OXFORD
1387 59 223 33 OBfefcKVEB
1648 63 239 34 SATURDAY,
1926 58 226 32 FEBRUARY
2178 58 52 30 19,
2263 54 89 29 1898.

2943 4347 105 26 Printed
3059 4346 51 26 and
3120 4346 133 32 published
3264 4346 32 32 by
3307 4346 87 26 Lauba.
3406 4343 74 29 Kskk

2975 4391 101 28 Pabish,
3095 4393 27 21 at
3132 4390 47 24 her
3198 4390 148 31 Begisfcered
3364 4391 117 31 Printing

2977 4434 92 29 Office,.
3092 4432 72 33 High
3187 4431 89 33 Street,
3295 4433 68 27 East.
3380 4431 100 31 Oxford,
3488 4443 7 18 r

2977 4476 167 33 Canterbury.

2941 4534 132 26 SA.TUBD4Y
3090 4531 136 25 Fkbruary
3245 4531 33 26 19
3319 4532 64 25 1898

3136 267 138 21 LIMITED.

2968 329 270 25 CHRISTCHURCH
3258 329 183 24 BREWERY.

3169 389 61 21 THE

3053 430 4 3 '
3088 430 225 33 A.LJES

3070 473 131 20 BEEWED
3211 473 40 20 BY
3265 473 71 21 THIS

3028 514 369 39 COMPANY

3124 569 84 20 FROM
3220 571 62 20 THE

2941 624 220 47 CttplC£BT
3178 625 292 42 W£LT9ttOT>o

3053 677 46 21 Are
3108 677 176 30 acknowledged
3291 679 25 20 to
3324 678 29 20 be

2939 715 147 21 SUPERIOR
3096 717 35 20 IN
3142 698 184 52 QUALIT^Sp
3335 717 137 22 ASYP;O-

3006 757 101 21 DTJCED
3121 758 35 20 IN
3170 758 74 20 NEW
3258 759 148 21 ZEALAND.
3441 752 14 14 r

2966 794 109 27 Supplied
3079 796 26 20 to
3108 795 82 21 Hotels
3196 796 46 20 and
3249 796 92 21 Private
3347 797 125 21 Customers:

2940 821 24 21 m
2973 821 142 28 Hogsheads,
3126 823 99 26 Barrels,
3236 824 140 25 Kilderkins,
3385 825 45 21 and
3439 826 35 20 10^

2941 849 88 26 gallons
3039 850 63 27 Kegs
3112 851 60 26 only.

2942 902 117 41 FILE
3082 903 90 41 ALE
3196 905 94 40 AKD
3321 905 153 44 EXTRA

3135 954 141 43 STOW

3026 1006 93 22 Bottled
3141 1008 25 19 m
3175 1007 85 25 Quarts
3270 1009 46 19 and
3324 1009 70 21 Pints.

3034 1142 118 39 FEED
3195 1144 185 40 PULLSE.

3132 1201 162 22 SOLICITOR.

2994 1248 123 22 Cathedral
3127 1246 98 33 Square),
3235 1251 187 21 Chkistcsuech.

2943 1282 49 19 Nos.
3007 1282 14 18 5
3039 1282 42 19 and
3089 1282 34 24 10,
3142 1282 67 28 Firstl
3217 1284 68 24 Moor,
3299 1284 97 21 Morten's
3404 1286 73 26 Build/

3080 1310 54 24 ings,
3156 1315 47 14 neiu
3215 1310 50 20 Post
3275 1312 67 24 Oijice.

2985 1385 186 57 Money
3200 1387 53 45 to
3291 1387 140 45 Lend

2945 1460 29 14 on
2983 1453 32 21 all
3025 1453 56 21 kind
3091 1453 24 21 of
3126 1453 111 28 Security,
3246 1456 26 19 at
3291 1455 56 20 Low
3361 1456 76 19 Rates
3455 1455 23 22 of

2972 1498 105 20 Interest.
3108 1498 88 26 Special
3209 1500 77 20 Terras
3298 1499 33 20 for
3340 1499 110 22 Farmers.

3004 1642 425 47 EUCALYPTUS
3439 1646 7 22 ;
3467 1659 21 29 v

3098 1728 2 2 .
3209 1715 10 14 »
3219 1721 34 3 —
3253 1721 1 1 ■
3254 1720 44 3 —

3006 1742 60 20 THE
3081 1742 73 20 BEST
3168 1742 87 20 HOME
3271 1742 152 21 REMEDIES

3061 1782 35 14 are
3111 1775 36 21 the
3156 1775 136 26 preparation
3302 1775 25 22 of
3335 1775 34 20 the

2946 1813 169 21 TASMANIAN
3134 1812 186 22 EUCALYPTUS
3335 1812 47 22 OIL
3396 1813 74 20 COMP

2953 1863 2 5 ■
2975 1852 137 25 Universally,
3120 1851 104 20 admitted
3232 1851 37 20 the
3277 1851 79 25 BEST,
3367 1851 93 21 IURBS
3467 1851 12 21 P

2947 1890 43 20 and
2999 1891 56 18 most
3065 1889 94 20 effective
3170 1889 136 25 Eucalyptus
3454 1889 16 20 0

2946 1923 33 19 for
2999 1921 171 24 INFLUENZA,
3192 1920 92 25 Coughs,
3304 1921 63 20 Colds
3392 1928 43 14 aaa
3451 1921 30 21 all

2947 1954 64 20 Chest
3028 1954 43 19 and
3079 1954 63 24 Lung
3159 1953 112 20 affections
3286 1953 76 25 speedy
3371 1954 59 20 relief
3439 1953 42 20 and

2947 1987 55 19 Cure
3020 1987 33 19 for
3068 1986 158 24 Rheumatism,
3247 1986 122 25 Keuralgia,
3384 1987 97 25 Sprains-

2946 2014 72 20 Burns
3039 2014 33 20 &c.

2973 2048 134 25 Eucalyptus
3125 2047 104 20 Globulus
3247 2048 92 20 Extract
3349 2048 88 26 sprayed
3449 2048 32 21 in-

2947 2080 62 21 haled
3025 2080 43 20 and
3083 2081 65 19 taken
3157 2079 117 27 internally
3291 2080 34 20 for
3340 2080 36 20 the
3391 2079 88 28 Throat,

2947 2112 97 26 Catarrh,
3062 2112 59 25 Hay,
3147 2112 101 25 Typhoid
3265 2112 44 20 and
3324 2112 82 21 Scarlet
3415 2114 64 21 Feyer

2948 2145 41 19 ME
2992 2145 85 20 ASLES
3088 2145 37 20 the
3130 2147 56 17 mo3t
3196 2145 135 25 satisfactory
3341 2147 140 23 preventative

2948 2176 43 20 and
3005 2176 61 21 Cure.
3093 2177 57 20 Send
3164 2176 51 21 Post
3230 2177 56 20 Card
3296 2178 27 19 to-
3328 2177 36 20 the
3374 2177 65 20 Office-
3448 2178 33 20 for

2948 2208 96 20 Circular
3057 2208 120 26 describing
3196 2210 121 19 treatment.
3345 2209 137 26 Eucalyptus,

2948 2242 110 21 OiDtment
3069 2243 115 24 the.Magic
3193 2243 80 20 Sealer
3286 2243 23 19 of
3322 2243 69 23 Sores,
3405 2244 71 20 Barns

2947 2274 102 24 Wounds,
3066 2275 59 19 Boils
3143 2276 45 22 &c,
3211 2273 135 27 Eucalyptus
3366 2276 57 25 Soap
3437 2276 42 20 Fra

2947 2308 62 23 grant
3020 2307 43 19 and
3071 2307 124 25 refreshing.
3220 2307 133 24 Eucalyptus
3362 2307 87 26 Jujubes
3458 2314 25 14 or

2948 2338 101 21 Pastilles
3060 2340 33 19 for
3102 2339 36 20 the
3164 2339 80 21 Throat
3255 2339 43 20 and
3307 2339 63 21 Voice
3387 2346 28 14 an
3427 2341 55 20 anti-

2949 2370 67 26 septic
3026 2371 42 19 and
3079 2371 120 20 stimulant.
3425 2393 4 6 v
3470 2389 3 3 ,

2948 2404 126 25 Veterinary
3091 2404 35 20 Oil
3136 2404 42 21 and
3189 2404 111 21 Ointment
3310 2405 32 20 for
3353 2406 36 19 the
3397 2406 84 21 stables.

2975 2438 30 20 Be
3015 2444 48 14 sure
3073 2445 42 19 you
3125 2439 109 20 Purchase
3248 2439 39 20 the
3298 2439 102 26 Platypus
3418 2440 65 20 brand

2948 2471 51 25 only
3009 2471 22 19 of
3038 2471 30 19 all
3077 2471 113 25 Chemists,
3195 2472 89 19 Grocers
3291 2471 42 20 and
3340 2471 143 27 Storekeepers

2949 2502 43 21 and
3006 2504 22 18 at
3042 2504 37 19 tbe
3089 2504 65 19 Office
3163 2504 12 20 9
3185 2504 114 19 Cathedral
3309 2509 75 19 square
3394 2505 89 20 between

2949 2534 100 20 Morten's
3063 2535 113 26 Buildings
3184 2537 41 19 and
3237 2537 36 19 the
3282 2537 51 19 Post
3344 2535 69 22 Office.

3114 2570 87 21 Oxford
3212 2571 77 26 Agent

3004 2606 26 21 H.
3041 2604 38 23 H.
3084 2607 118 26 PARISH,
3226 2608 77 21 EAST
3317 2608 117 21 OXFORD

3030 2645 141 27 Eucalyptus
3181 2646 37 20 Oil
3232 2646 31 28 1/-
3274 2653 43 20 per
3326 2648 76 20 bottle.

3029 2684 5 27 )
3344 2670 2 2 '
3432 2710 2 2 ,
3453 2680 2 16 :
3463 2683 4 28 :

2969 2749 29 30 A
3019 2750 170 30 RECENT
3216 2751 246 32 DISCOVERY.

2950 2835 148 78 Ainost
3126 2834 179 38 efficacious,
3342 2836 141 40 pleasing

3012 2876 60 29 accl
3088 2876 156 39 palatable

3034 2933 137 42 GQTOH
3192 2933 118 42 BIT
3313 2934 86 42 SHE

2985 2998 73 52 M
3060 2996 384 56 ASCOTTE

3065 3078 22 22 A
3107 3076 94 24 certain
3218 3078 98 31 remedy
3333 3077 38 25 for

2952 3121 106 33 SORE
3082 3119 202 37 THROATS,

3011 3186 235 34 WHOOPING
3267 3189 156 38 COUGH,

3161 3272 33 9 ...
3217 3246 263 35 BRONCHITIS

2948 3320 72 29 And
3037 3320 44 30 all,
3093 3320 160 31 affections
3267 3321 34 30 of
3312 3321 51 31 tli'e
3378 3322 105 29 throafc

2949 3361 61 29 and
3025 3361 102 39 lungs.

3072 3434 70 23 Price
3161 3436 34 21 Is.
3213 3442 43 23 per
3273 3434 86 25 bottle.

3112 3516 96 17 OXFORD
3225 3517 88 17 AGENT.

3011 3547 59 46 R.
3091 3549 66 43 H.
3169 3547 240 47 PARISH

2947 3631 139 26 Wholesale
3105 3632 94 32 Agents
3220 3633 171 24 McINTYEE
3405 3634 19 23 &
3436 3633 42 26 Co.

3072 3688 16 24 9
3107 3686 132 25 Cathedral
3253 3687 99 31 Square.

2966 3945 220 22 OXPOBD
3231 3944 236 26 B^LDSEia!2*

3048 4000 213 30 Established
3286 4000 79 29 1862

2975 4066 142 29 -FLOUE,
3130 4067 55 24 best
3196 4067 81 25 brand
3287 4066 60 32 only
3358 4067 68 30 kept.

2945 4119 144 30 SHAEPS,
3125 4120 51 24 0A
3188 4119 18 25 T
3216 4120 28 24 M
3254 4119 79 30 EAL,
3368 4119 107 26 BEAN

3003 4164 2 2 '
3015 4198 8 12 c
3034 4174 293 30 CHICKENWHEAT,
3345 4175 43 26 &o.

2961 4229 40 20 AT
3029 4228 123 21 LOWEST
3181 4228 142 21 CUEEENT
3347 4229 102 20 RATES

2462 181 53 43 F.
2547 179 50 45 B.
2620 179 186 58 LANE.

2378 263 3 15 !
2479 260 90 40 (Late
2583 260 38 31 E.
2641 261 160 40 Butcher.)

2374 318 250 38 Watchmakek,
2653 321 183 35 Jeweller,
2853 320 52 30 &c.

2373 369 123 31 Importer
2530 371 27 22 of
2597 370 106 25 Musical
2738 370 170 25 Instruments

2472 412 111 25 Victoria
2605 414 38 25 St.
2674 414 134 31 Eangiora.

2375 491 99 31 Special
2485 492 71 25 value
2578 491 28 25 m
2628 492 80 25 Extra
2731 494 87 30 strong
2830 492 77 25 Cased

2373 535 88 32 highly
2469 535 109 25 finished
2592 535 109 32 English
2719 536 80 25 Lever
2808 536 99 24 Watch-

2374 586 33 17 es.
2456 578 190 25 Manufactured
2663 581 26 23 to
2712 587 42 23 my
2783 579 71 25 order
2877 578 33 32 by

2374 619 54 25 best
2440 618 105 25 London
2565 618 106 26 makers.
2706 619 157 32 Unequalled
2872 618 38 26 for

2374 662 123 25 excellent
2510 661 179 33 Timekeeping
2704 663 50 24 and
2766 663 149 31 durability..

2407 706 30 23 F.
2455 706 31 23 B.
2499 705 96 24 LANE
2608 706 140 30 personally
2770 707 71 23 visits
2862 706 48 23 Ox-

2374 749 54 25 ford
2449 748 125 32 monthly,
2599 750 114 30 carrying
2733 757 15 16 a
2770 750 68 30 large
2861 749 49 24 and

2375 792 85 25 choice
2495 792 70 24 stock
2594 792 27 24 of
2653 792 127 28 Watches,
2808 792 102 29 Chains,

2376 837 135 27 Brooches,
2522 836 87 31 Rings,
2621 836 86 28 Studs,
2725 836 128 25 Pendants
2866 838 46 24 etc.

2378 880 142 31 Spectacles
2542 879 123 33 (Pebbles,
2683 879 168 26 Pantosconsc
2863 880 50 25 and

2376 924 108 32 Crystal)
2498 922 97 29 Clocks,
2614 923 108 32 (Marble
2744 923 50 24 and
2813 923 100 32 Wood,)

2478 967 157 24 Accordeons
2647 967 51 24 and
2708 966 106 25 Violins.

2409 1032 81 24 Exact
2502 1032 57 23 date
2572 1030 27 25 of
2609 1031 61 25 each
2681 1031 60 25 visit
2764 1031 21 25 is
2797 1030 104 25 notified

2525 1075 28 25 m

2376 1121 116 23 Repairs.
2494 1134 32 4 —
2527 1119 42 25 All
2580 1121 95 30 repairs
2692 1127 42 17 are
2752 1119 118 25 executed
2881 1119 29 31 by

2376 1164 92 31 niyself
2490 1171 27 17 or
2534 1163 79 24 under
2630 1171 43 23 ray
2693 1163 221 31 superintendence

2377 1215 27 17 so
2426 1207 56 25 that
2502 1209 102 29 patrons
2617 1215 46 16 can
2686 1208 53 31 rely
2761 1215 33 17 on
2817 1207 98 31 getting

2378 1251 155 24 satisfaction
2542 1253 26 22 at
2580 1251 43 24 the
2635 1259 59 23 very
2705 1251 86 24 lowest
2801 1251 112 31 charges.

2410 1294 105 32 Repairs
2527 1303 28 16 or
2564 1294 84 25 orders
2656 1302 59 24 may
2726 1294 31 25 be
2765 1294 45 25 left
2822 1296 26 22 at
2849 1308 33 4 —

2377 1343 26 25 J.
2421 1343 135 30 Weeber's,
2591 1343 65 25 East
2681 1343 100 25 Oxford.
2836 1352 25 23 ;-,
2881 1349 3 3 '
2916 1355 5 2 -

2377 1390 26 22 at
2426 1387 41 25 W.
2491 1387 36 24 M.
2552 1387 37 28 C.,
2613 1388 65 24 East
2703 1387 101 25 Oxiord.

2377 1432 24 24 J.
2419 1431 100 30 Brown,
2533 1431 160 30 Bootmaker,
2719 1431 70 25 West
2813 1430 101 25 Oxford.

2378 1475 38 25 W.
2430 1475 25 25 J.
2470 1475 118 25 Crothers
2598 1476 19 24 &
2630 1475 44 25 Co.
2682 1494 6 6 .
2712 1475 69 25 Cast.

2411 1519 50 24 and
2477 1519 53 25 will
2536 1519 30 24 be
2578 1519 127 31 promptly
2716 1519 118 25 attended
2846 1521 35 22 to.

2378 1571 54 30 All
2444 1571 99 30 Work
2556 1571 78 30 done
2646 1582 39 19 on
2700 1571 54 30 the
2766 1571 150 30 Premises

2503 1623 62 29 and
2580 1623 200 39 guaranteed.

2606 1825 69 21 AND

2380 1863 468 55 VALLANCE

2442 2026 204 32 COOPER'S
2699 2026 155 31 CREEK.
2873 2052 2 3 .

2484 2126 144 35 VIEW
2672 2127 140 39 HILL,

2380 2185 85 58 BEG
2489 2189 25 20 to
2534 2185 115 26 intimate
2668 2187 26 22 to
2723 2185 44 24 the
2790 2184 82 32 public
2895 2186 28 36 °£

2432 2218 93 25 Oxford
2541 2218 47 25 and
2607 2218 167 32 surrounding
2792 2215 118 38 District^

2380 2251 55 24 that
2448 2260 34 16 we
2503 2252 63 24 have
2590 2251 158 25 commenced
2760 2251 119 23 Business
2912 2250 6 11 '

2381 2292 60 17 saw-
2446 2284 101 29 millers,
2572 2284 51 25 and
2644 2284 63 32 hope
2728 2283 33 33 by
2785 2284 72 24 strict
2875 2291 16 16 a
2891 2277 27 21 as

2381 2318 131 24 tentionto
2525 2318 116 25 Business
2656 2321 26 21 to
2694 2317 30 25 be
2734 2317 116 25 favoured
2858 2316 61 26 with

2381 2352 64 23 their
2473 2353 110 29 support.
2631 2352 87 24 White
2742 2352 66 30 pine,
2841 2350 60 25 Rim

2381 2384 73 24 Birch
2467 2384 51 24 and
2533 2384 58 24 Coal
2614 2384 39 31 pit
2665 2391 77 24 props
2754 2384 27 23 m
2792 2385 115 30 anytqua

2372 2434 1 3 •
2381 2418 56 30 tity.

2383 2463 45 44 S.
2441 2463 57 44 B.
2513 2463 244 56 Seymour
2769 2462 40 44 &
2820 2460 101 45 Son

2583 2545 138 26 DENTIST,
2898 2552 3 4 ■

2424 2589 41 22 215
2480 2587 106 21 Colombo
2601 2587 81 24 Street,
2706 2587 168 20 Christcliurch.

2451 2631 47 21 and
2512 2630 100 21 Burnett
2618 2630 2 1 '
2625 2630 76 20 Street
2714 2629 139 21 Ashbtirton.

2554 2700 179 22 CHAEGES:—

2451 2743 94 25 Pilling,
2560 2742 25 20 se
2592 2751 7 15 ;
2635 2742 133 21 ExtractioA
2778 2744 24 19 2s
2816 2742 37 21 6d.

2409 2818 98 22 Nitrons
2518 2818 61 21 Oxid
2588 2818 47 21 Gas
2646 2818 169 22 Administered
2820 2818 36 21 for
2863 2818 58 21 Pain

2381 2860 46 21 less
2435 2860 137 21 'Extraction
2581 2860 25 21 of
2615 2861 80 20 Teeth.
2729 2861 45 21 Fee
2784 2860 35 21 for
2828 2860 93 19 Admin-

2385 2899 101 21 stration
2497 2900 32 19 ss.
2583 2904 3 3 '

2384 3275 207 34 GENERAL
2611 3273 308 36 IRONMONGER.

2425 3357 153 30 Builder's
2595 3358 154 30 materials
2770 3359 32 29 of
2825 3368 95 30 every

2382 3399 188 39 description
2586 3399 77 39 kept
2677 3400 33 28 m
2725 3400 97 34 stock,
2842 3401 77 27 roof-

2381 3439 65 40 fing
2461 3440 84 36 Iron,
2562 3440 99 40 Sheep
2676 3440 61 29 and
2752 3441 88 28 other
2854 3445 65 24 net-

2383 3481 76 40 ting,
2483 3481 83 30 Barb
2581 3481 62 31 and
2664 3481 92 32 Plain
2772 3482 81 36 wire,
2877 3482 42 29 all

2381 3521 94 32 kinds
2490 3523 34 30 of
2538 3523 66 30 Oils
2618 3523 75 39 kept
2708 3524 33 28 m
2757 3523 97 30 stock.

2407 3568 76 26 Agent
2491 3568 36 21 for
2629 3569 28 20 A.
2668 3568 90 21 Wood's
2767 3569 99 26 Eeapers
2874 3568 45 21 and

2381 3594 104 27 Binders,
2498 3596 33 20 all
2540 3596 76 20 extras
2625 3596 57 26 kept
2691 3602 29 14 on
2728 3596 69 21 hand.
2924 3603 5 7 •

2380 3648 76 33 N.B.
2472 3652 152 30 Funerals
2635 3651 163 32 furnished
2813 3662 40 19 on
2863 3651 54 30 the

2521 3693 133 30 shortest
2668 3694 111 36 notice,

2380 3734 61 29 and
2456 3745 40 18 on
2510 3737 82 27 most
2614 3735 179 30 reasonable
2812 3737 104 28 terms.

2371 3841 2 5 ,
2383 3832 2 1 ■
2401 3817 4 26 '.
2412 3814 22 24 A
2445 3815 122 32 .quantity
2585 3815 27 25 of
2627 3815 48 25 Oat
2689 3815 81 26 Straw
2788 3814 75 26 Chaff
2877 3815 40 25 for

2379 3848 59 24 sale,

2376 3991 51 53 J,
2447 3991 53 45 T.
2518 3992 246 51 BBQWN&
2785 3996 101 41 Soil

2393 4085 138 25 TIMBEE
2545 4086 21 23 &
2579 4086 90 25 COAL
2685 4086 46 23 LE
2736 4077 139 33 RCIiANT

2542 4150 199 26 IMPORTEES

2376 4232 35 32 of
2422 4232 163 32 TIMBER
2607 4232 61 31 and
2693 4232 41 30 all
2763 4231 93 31 kinds
2882 4231 33 31 of

2397 4317 221 33 BUILDINa
2637 4316 256 32 MATERIALS.

2386 4404 2 1 ■
2421 4386 6 35 ,'
2440 4397 2 29 ;
2456 4423 2 1 .
2487 4396 35 30 .V-
2583 4387 117 31 Corner

2399 4457 98 37 I*uam
2511 4461 63 32 and
2600 4458 149 35 Colombo
2778 4459 130 31 Streets.

2414 4520 5 27 :
2461 4536 345 39 CHRISTCHURCH

1279 194 114 86 B.
1489 196 133 84 H.
1693 189 510 94 PARISH

1467 344 195 61 EAST
1713 341 325 64 OXFORD

1536 477 183 12 ■«u''«iii"iii'"iiii-t|||"
1722 478 4 9 l
1728 478 92 11 ||i->iii-'iii'
1823 478 4 2 -
1829 475 167 12 iurnifni»-Mii"iu'
2006 486 2 3 .

1230 541 343 80 le^ord
1672 541 327 80 Meis'n
2079 541 266 80 Suits

1369 693 336 44 ENORMOUS
1768 692 388 44 REDUCTIONS

1463 1106 329 87 worth
1883 1107 191 86 30So

1191 1273 431 112 Kaiapoi
1674 1275 287 85 Coats
2027 1271 161 85 10s
2220 1271 124 84 6d

1191 1428 805 89 Trousers&Vest
2032 1428 162 84 10s
2225 1426 117 86 6d

1189 1586 224 31 Christchurch
1434 1586 128 29 House's'
1589 1585 154 29 advertise
1766 1595 19 19 a
1807 1584 100 38 single
1937 1588 144 35 garment
2110 1587 32 25 at
2178 1583 171 29 wholesale

1469 1636 102 39 single
1584 1663 2 2 .
1601 1638 146 38 garment
1762 1639 32 26 at
1809 1634 100 32 LESS
1924 1635 76 30 than
2016 1633 175 32 Wholesale
2208 1633 77 30 Cost

1192 2030 221 33 Christchurch
1428 2033 112 30 houses
1555 2032 155 31 advertise
1729 2042 19 20 a
1770 2032 100 40 single
1886 2035 143 37 garment
2044 2033 33 28 at
2091 2029 162 31 wholesale
2267 2028 85 40 price

1329 2084 16 31 I
1356 2086 57 29 sell
1427 2096 19 19 a
1461 2085 107 39 Single
1583 2084 77 41 yard
1676 2089 32 26 at
1724 2084 101 31 LESS
1842 2085 77 30 than
1933 2084 176 31 Wholesale
2125 2082 85 31 Cost.

1420 2358 221 94 linsf
1690 2359 447 93 Drstpcrs.
2172 2398 3 5 ■

1193 2555 80 39 rpHE
1292 2555 115 32 question
1418 2554 22 24 is
1451 2554 99 24 natural
1551 2569 34 3 —
1610 2553 67 31 Why
1689 2554 60 24 send
1764 2555 26 23 to
1803 2554 178 25 Christchurch
2001 2555 38 25 for
2057 2564 62 23 your
2137 2555 130 32 Drapery?
2302 2555 52 25 The

1200 2579 20 33 1
1258 2588 102 32 drapery
1372 2588 53 23 sold
1434 2588 26 22 m
1469 2587 57 24 that
1538 2587 50 32 city
1600 2595 72 23 every
1684 2595 45 16 one
1742 2588 94 28 knows,
1849 2588 22 24 is
1882 2591 46 21 not
1939 2588 72 25 made
2023 2590 77 28 there,
2119 2588 46 26 but
2176 2588 129 32 imported.
2341 2588 14 25 I

1194 2624 84 29 niport
1289 2620 66 26 from
1367 2621 44 25 the
1423 2620 52 25 best
1488 2620 109 32 English
1609 2620 50 24 and
1677 2620 88 26 Scotch
1778 2621 101 25 houses.
1926 2621 71 26 lam
2009 2623 107 25 enabled
2127 2625 26 23 to
2164 2623 124 31 purchase
2306 2623 48 24 low

1194 2655 50 24 and
1253 2655 46 25 sell
1311 2657 26 22 at
1347 2662 14 17 a
1372 2657 54 22 rate
1438 2654 27 23 of
1473 2653 74 31 profit
1561 2654 53 32 (my
1625 2661 120 23 expenses
1757 2653 72 32 being
1841 2654 82 32 small)
1936 2655 57 24 that
2004 2656 83 25 would
2098 2656 30 26 be
2147 2656 145 25 considered
2312 2656 42 25 ab-

1194 2689 57 24 surd
1265 2689 31 31 by
1312 2696 49 23 any
1381 2687 179 26 Christchurch
1583 2687 200 25 establishment.
1837 2688 44 31 My
1902 2688 77 26 Stock
1997 2689 22 25 is
2039 2689 43 25 the
2101 2690 95 32 largest
2215 2689 50 25 and
2287 2691 68 24 most

1193 2723 84 24 varied
1296 2722 58 25 that
1364 2721 45 25 has
1421 2729 56 16 ever
1488 2722 63 23 been
1562 2721 88 25 shown
1660 2721 28 24 m
1699 2721 44 24 the
1754 2721 104 30 district,
1872 2721 50 25 and
1933 2722 38 24 for
1982 2722 101 33 quality,
2095 2724 49 24 and
2163 2723 73 25 value
2252 2725 59 30 puts
2328 2724 26 24 m

1192 2757 31 23 he
1235 2756 78 25 shade
1330 2755 76 32 goods
1418 2755 92 24 offered
1521 2754 33 32 by
1566 2755 103 31 visiting
1681 2755 115 24 hawkers
1811 2756 61 24 from
1884 2755 44 25 the
1947 2756 182 26 Christchurch
2141 2766 46 24 rag
2198 2759 88 24 marts.

1226 2809 93 25 Dress
1332 2809 165 31 Materials,
1510 2808 88 25 Plain
1610 2809 60 23 and
1681 2808 104 30 Fancy
1796 2808 80 24 from

1226 2865 27 26 A
1270 2865 110 30 Strong
1396 2865 88 26 Stout
1500 2865 133 25 Durable
1651 2863 127 32 Kaiapoi
1794 2863 115 26 Tweed
1925 2864 51 33 2/6
1988 2872 55 24 per
2054 2867 76 29 yard

1825 2908 108 25 Makes
1945 2910 157 25 first-class
2119 2910 91 32 Boys'
2229 2910 90 27 Suits.

1226 2964 57 26 Art
1300 2964 140 31 Muslins,
1460 2963 156 32 Cretones,
1624 2987 3 3 .
1636 2963 79 26 Lace
1735 2963 138 26 Curtains
1892 2964 54 25 &c.

1225 3028 26 28 A
1269 3027 110 25 Choice
1397 3027 167 24 Collection
1583 3027 33 24 of
1630 3026 122 31 Gloves,
1780 3027 77 30 Ties,
1887 3027 130 31 Aprons,
2048 3028 166 26 Insertions
2232 3029 54 24 &c.

1429 3099 434 15 »♦♦»»»♦♦♦♦»♦♦♦»♦♦»♦♦♦♦♦♦♦♦♦♦♦♦♦
1868 3100 141 14 ♦♦♦♦»»♦♦«'»

1226 3152 101 26 Prints
1340 3151 79 24 from
1431 3150 52 25 4d.
1496 3155 54 25 per
1562 3149 85 31 yard.
1661 3148 139 31 Muslins,
1814 3147 139 31 Selesias,
1968 3146 126 32 Calicos,
2109 3145 54 26 &c.

1812 3192 88 26 With
1917 3191 88 25 other
2022 3190 194 25 Manchester
2233 3191 87 31 lines.

1225 3247 89 32 Hats,
1331 3246 104 31 Fancy
1453 3245 60 25 and
1530 3243 106 32 Sailor,
1655 3244 32 25 m
1703 3243 105 26 White
1825 3243 61 25 and
1903 3241 117 27 Colors.

1771 3287 127 25 Newest
1914 3286 123 31 Shapes.
2073 3284 97 32 Large
2187 3286 132 33 Variety,

1223 3343 150 30 Flowers,
1390 3342 157 29 Feathers,
1565 3339 149 31 Ribbons,
1734 3338 105 30 Laces,
1858 3338 76 30 Jets,
1954 3336 54 25 &c.

1697 3378 88 26 With
1802 3380 41 23 all
1860 3378 185 24 necessaries
2062 3376 48 24 for
2127 3376 192 30 Trimmings.

1223 3429 103 31 Fancy
1343 3429 140 29 Frillings
1502 3429 78 29 3yds
1591 3429 47 23 for
1648 3427 36 32 1/-
1702 3426 103 25 worth
1816 3425 51 30 9d,
1885 3429 56 26 per
1951 3424 84 29 yard,

1759 3469 184 30 Umbrellas,
1962 3467 152 31 Parasols,
2134 3466 184 33 Sunshades,

1510 3520 245 46 DOUBLE
1816 3519 214 44 WIDTH

1395 3594 752 57 CME2ITIOT

1251 3688 296 86 Dress
1622 3683 397 87 Tweeds
2128 3684 132 85 Is:

1492 3816 331 91 worth
1895 3817 134 87 2s.

1271 3952 460 87 Costume
1795 3943 288 86 Cloth
2163 3949 125 83 Is.

1430 4071 315 89 worth
1785 4072 102 83 Is
1952 4070 161 86 6cL

1466 4218 136 13 IOIWI
1606 4214 195 15 »»»»*******»**
1805 4213 85 12 ********
1893 4213 167 13 ***************

1422 4250 679 68 Blanket^
2159 4299 3 3 .
2263 4298 21 9 ..

1187 4346 134 41 English
1336 4345 129 40 Witney
1473 4342 150 30 Blankets
1637 4343 35 27 to
1687 4340 37 29 be
1740 4337 68 31 sold
1822 4342 32 25 at
1865 4337 59 31 less
1932 4337 79 29 than
2025 4335 181 33 Melbourne
2220 4338 130 32 Whole-

1188 4400 63 31 sale
1272 4399 130 40 price—
1402 4395 122 32 Double
1538 4393 70 32 Bed
1625 4391 68 32 Size
1717 4391 65 29 12s.
1809 4389 49 31 6d.
1909 4389 103 30 worth
2029 4389 66 30 16s.
2135 4389 50 31 6d.
2206 4399 57 31 per
2277 4392 72 39 pair

1355 4438 131 41 cheaper
1498 4436 80 31 than
1593 4431 226 35 Christchurch
1832 4431 114 32 houses
1960 4429 66 33 will
2040 4427 58 33 sell
2112 4429 96 33 them.

1230 4532 72 33 ».
1351 4530 78 33 H.
1477 4524 298 37 PARISH
1855 4524 157 33 East
2046 4522 259 36 Oxford.

617 185 173 33 KAIAPOI
827 188 152 30 TWEED
1023 189 130 32 SUITS.

844 240 55 30 21s

699 280 146 31 STRAW
868 280 147 32 HATS!!
1039 285 33 28 Is

787 370 143 31 STRAW
947 372 166 32 HATS!!!

776 452 94 25 HALF
888 453 113 26 PRICE.

634 496 66 25 UST
713 498 26 23 to
751 496 69 25 hand
821 512 32 3 —
855 498 48 24 late
915 498 39 24 for
972 499 43 25 the
1025 507 93 22 season,
1131 503 26 21 to

634 537 12 16 c
668 529 53 25 soid
743 532 26 22 at
797 530 129 32 half-price
928 545 31 4 —
960 532 90 25 Ladies
1079 533 79 24 So.iolr

618 562 66 24 Hats
696 566 26 21 at
735 565 36 22 Is.
808 564 78 24 worth
903 565 36 22 2s.
976 566 82 23 Men's
1092 566 64 31 Leg-

618 595 61 25 horn
688 595 73 26 Hats.
796 597 74 31 Boy'o
882 597 106 26 Boaters
1002 601 25 22 at
1036 600 35 23 Is.
1080 600 77 24 worth

619 629 36 24 2s.

926 679 232 27 ALL-WOOL

837 751 117 25 WHITE

646 821 212 51 KAIAPOI
882 823 251 51 BLANKETS

720 910 81 45 19s
834 911 60 44 6d
935 912 133 46 Pair.

665 1022 73 20 BEST
755 1023 100 21 VALUE
874 1025 81 20 EVER
969 1025 136 21 OFFEEED

682 1114 87 97 g-
914 1138 172 43 BOYS'

639 1278 179 119 H|P
868 1319 260 50 YOUTHS'

662 1397 137 80 «|gl
898 1417 64 36 All
992 1418 104 35 Wool

656 1498 15 41 I
703 1505 84 38 yW
828 1500 179 26 COLONIAL
1031 1503 128 24 TWEED

627 1542 135 95 vC^S
875 1576 216 33 SUITS

663 1691 117 31 BOl'S
812 1691 304 32 DEPARTMENT.

682 1781 75 41 %j?%r)
804 1789 22 26 T
842 1796 56 17 now
909 1789 117 24 continue
1037 1792 25 21 to
1074 1790 86 25 devote

673 1814 96 41 JEfe^
804 1814 22 33 X
863 1822 100 31 Special
981 1823 132 25 Attention
1135 1828 26 20 to

636 1847 150 49 /xs£f(i\\
803 1855 38 26 *^
844 1863 10 18 s
870 1855 172 31 Department,
1056 1858 49 23 and
1122 1865 39 17 aui

851 1915 72 20 NOW
952 1916 155 21 OFFEEIXG

668 1968 103 72 ,jkf
805 1992 54 28 tri:
889 1980 193 68 LARG^LINE

677 2058 24 51 P|
724 2065 28 38 !^!
858 2074 142 20 KNICKEE
1021 2075 85 28 SUITS

666 2096 121 49 /l^ijik^
806 2110 25 20 at
845 2109 41 19 the
905 2107 49 21 foll<
991 2114 15 14 n
1008 2114 15 20 g
1037 2109 126 25 SPECIAL

685 2189 32 21 To
726 2189 29 21 fit
763 2189 60 27 Boys
833 2190 13 18 3
855 2188 72 20 Tears
938 2187 35 26 5/6
997 2188 12 19 5

844 2224 13 19 7
869 2222 71 21 Years
953 2222 35 26 5/0

627 2281 85 31 Boys
735 2281 132 31 Blouses
902 2281 42 29 Is.
1063 2277 100 32 worth

835 2323 43 29 2s.
903 2321 49 36 6d,

627 2390 114 37 Prints,
763 2390 113 30 checks
893 2389 61 29 and
976 2388 113 39 stripes

626 2444 96 30 Table
745 2443 160 35 Damasks,
929 2441 193 31 unbleached
1123 2457 38 5 —

769 2495 113 40 special
924 2495 92 29 value

625 2567 117 31 Brown
776 2566 139 30 Holland
950 2576 79 28 very
1067 2565 97 38 cheap

627 2618 192 31 Flannelette
835 2618 61 30 and
912 2617 153 39 Shirting,
1084 2617 81 40 good

708 2671 91 29 value
820 2670 80 30 from
922 2670 51 29 4d.

767 2754 32 23 B.
818 2754 35 23 H.
873 2752 143 25 PARISE.

753 2828 102 31 East
879 2826 160 33 Oxford

769 2921 32 23 M.
819 2921 35 23 E.
875 2921 143 24 PARISH.

825 2992 64 23 East
908 2992 102 30 Oxford.

657 3072 102 25 MORE
770 3072 183 25 BARGAINS
964 3072 71 25 FOR
1047 3072 84 26 THIS

824 3111 137 25 MONTH.

624 3165 62 24 500
708 3165 98 25 Yards
831 3166 32 23 of
884 3165 145 31 Winceys
1058 3166 105 24 reduced

797 3198 65 25 from
875 3198 33 24 9d
919 3201 26 22 to
958 3200 31 23 6d

625 3231 110 26 Cotton
752 3233 114 25 Tweed
886 3232 105 25 reduced
1011 3233 63 24 from
1088 3234 27 24 Is
1138 3234 25 24 to

874 3266 40 24 9d.

625 3313 132 28 jnr^HlS
772 3314 94 26 Season
889 3314 109 32 Figured
1018 3314 69 25 dress
1099 3317 63 22 mat-

650 3339 18 36 §
714 3347 70 25 erials
796 3347 106 25 reduced
913 3347 63 25 from
990 3349 37 23 3s.
1041 3347 40 26 6d.
1095 3354 25 18 to
1133 3349 28 23 2s

623 3376 22 26 A
667 3380 95 24 further
1028 3389 32 16 on
1086 3381 77 24 Dress

623 3411 107 30 Tweeds,
751 3420 43 25 nry
807 3415 28 22 Is
852 3413 34 23 4d
898 3413 49 25 line
968 3422 54 16 now
1035 3413 88 32 selling
1136 3416 27 22 at

623 3447 10 21 3
639 3452 19 17 s.

621 3478 56 26 Art
695 3479 129 25 Muslins
843 3479 39 23 3d.
904 3487 44 23 per
960 3480 67 31 y&»rd-

684 3546 13 12 ..
747 3528 110 23 NAVY
889 3527 140 25 SERGES

705 3561 111 24 Reduced
829 3561 69 29 from
910 3561 29 23 2s
962 3564 21 20 to
995 3561 29 22 Is
1037 3561 39 23 6d.

639 3602 118 24 WHITE
771 3601 159 26 EiNGLISH
948 3602 194 25 BLANKETS.

1003 3636 142 31 Large-size

622 3669 86 31 Single
722 3669 61 25 Bed.
802 3669 100 25 Double
914 3669 62 25 Bed.
996 3669 97 25 Double
1106 3669 52 25 Bed

651 3760 87 57 7/6.
829 3762 116 56 10/6.
1012 3762 127 57 12/6,.

637 3851 94 31 Special
741 3852 72 25 Note.
816 3867 32 3 —
851 3852 64 25 Cash
933 3854 123 24 Discount
1070 3856 27 23 Is
1109 3854 36 25 off

829 3899 72 23 every
919 3893 26 23 =£.

759 3980 127 22 DOUBLE
908 3979 112 23 WIDTH

672 4057 433 40 CHEVIOT

632 4135 196 51 DRESS
885 4139 258 46 TWEEDS

799 4250 80 41 (half
893 4251 96 39 price)

632 4361 121 30 Melton
771 4358 113 33 Tweed
899 4360 18 29 6
922 4358 29 31 d.
968 4357 103 32 worth
1086 4356 61 41 10J

618 4407 118 32 Melton
752 4407 115 32 Tweed
881 4408 46 30 Is.
940 4406 105 32 worth
1060 4406 45 30 Is.
1119 4405 40 31 6d

630 4462 104 30 better
758 4459 91 32 velue
874 4459 78 30 than
976 4457 171 40 travelling

647 4517 148 39 drapers'
804 4514 69 32 will
893 4515 56 39 giv
955 4524 16 21 c
987 4524 43 31 yo
1037 4517 30 27 li.

77 191 79 44 W.
185 190 65 44 H.
279 185 276 48 ALFORD

73 272 230 41 WATCHMAKER
326 271 23 38 &
390 270 175 38 JEWELLER

131 346 86 25 MAIN
231 343 133 28 STREET
382 342 139 25 OXFORD

79 487 124 40 TIME
237 487 47 39 IS
314 484 261 43 PRECIOUS,

256 555 2 9 :
317 545 17 20 ♦

146 581 84 31 ~ZZh
242 584 13 19 f
306 613 17 1 _
411 602 19 12 1.,
438 602 8 10 i.

90 1305 61 20 Time
160 1305 19 19 is
189 1305 98 25 precious
296 1303 63 21 when
368 1309 44 20 you
421 1304 61 20 want
494 1305 25 18 to
533 1302 61 20 catd

63 1338 13 13 a
86 1332 65 22 train,
162 1331 39 19 but
211 1331 19 19 it
239 1331 19 19 is
267 1330 100 26 priceless
378 1330 62 20 when
449 1329 39 20 the
494 1329 99 26 question

63 1358 23 20 of
104 1358 73 19 health
195 1358 19 19 is
230 1357 131 19 considered.
395 1356 34 20 Do
446 1358 40 18 not
503 1356 64 25 delay
582 1362 12 13 a

63 1386 95 18 moment
167 1383 18 21 if
199 1390 44 19 you
256 1382 65 21 suffer
331 1389 43 19 any
387 1382 24 20 of
427 1382 38 20 the
474 1385 120 23 symptoms

64 1411 22 19 of
111 1411 95 25 Bright's
230 1410 94 24 Disease,
347 1409 101 23 Bladder,
474 1408 73 26 Liver,
570 1415 24 13 or

64 1437 88 26 Kidney
164 1437 92 23 Disease,
267 1436 158 24 Rheumatism,
435 1435 158 25 Nervousness,

64 1463 126 26 Dyspepsia,
228 1463 93 26 Dropsy,
359 1462 110 24 Diabetes,
505 1461 88 26 Gravel,

63 1490 87 21 Female
159 1489 148 25 Weaknesses,
319 1496 24 14 or
351 1489 144 20 Prostration.
534 1489 60 20 Take

64 1524 40 13 one
113 1523 24 13 or
147 1517 62 19 other
218 1517 22 19 of
250 1516 110 20 Warner's
369 1515 50 21 Safe
435 1515 68 21 Cures
514 1521 24 14 as
547 1521 46 21 pre-

64 1543 84 21 scribed
176 1544 23 19 m
228 1543 92 20 Warner
349 1543 44 19 and
419 1542 37 21 Co.
482 1542 112 20 Limited's

64 1570 129 26 pamphlets.

92 1596 108 19 Warner's
211 1595 50 20 Safe
275 1595 56 20 Cure
345 1601 43 14 was
404 1601 12 13 a
431 1595 63 24 graat
503 1594 92 20 medical

65 1622 117 25 discovery,
195 1624 40 18 not
244 1628 14 13 a
266 1621 105 26 sneaking
383 1620 108 21 imitation
500 1620 22 20 of
536 1626 59 14 some

64 1649 62 20 other
136 1648 90 21 medical
235 1648 146 26 preparation.

91 1675 109 20 Warner's
218 1675 50 20 Safe
291 1674 113 21 Remedies
427 1680 36 13 are
482 1673 63 20 made
565 1679 28 14 on

65 1702 75 23 honor,
161 1708 55 13 none
234 1702 40 19 but
290 1701 38 20 the
342 1702 75 25 purest
434 1700 43 19 and
493 1700 48 20 best
561 1700 32 19 in-

65 1728 109 26 gredients
192 1728 98 26 entering
307 1727 48 20 into
371 1727 57 20 their
442 1726 150 26 composition.

65 1754 61 26 They
136 1761 36 13 are
181 1757 39 18 not
229 1755 66 25 cheap
301 1754 23 19 m
331 1761 42 19 any
381 1759 61 14 sense
449 1753 23 20 of
481 1754 38 19 the
526 1752 67 25 word,

65 1782 43 19 and
126 1784 78 17 cannot
223 1781 26 20 be
267 1780 47 21 sold
333 1781 22 20 m
380 1780 140 26 competition
540 1780 54 20 with

65 1808 67 26 cheap
141 1808 44 20 and
194 1810 64 24 nasty
268 1808 128 20 decoctions.
427 1807 40 20 We
482 1808 59 19 trust
555 1813 39 14 our

65 1835 88 24 friends,
171 1834 34 21 for
219 1835 58 20 their
292 1841 49 13 own
356 1834 63 26 good,
431 1832 46 22 will
488 1833 65 20 insist
566 1840 28 13 on

65 1862 81 25 having
154 1862 60 19 what
223 1862 52 25 they
285 1860 39 21 ask
333 1861 57 20 their
399 1860 91 21 chemist
498 1860 42 24 for,
551 1859 44 22 and

65 1891 40 17 not
120 1888 27 19 be
156 1891 41 23 put
207 1888 30 20 off
251 1888 54 20 with
320 1894 43 19 any
377 1887 44 20 vile
437 1886 120 21 substitute
571 1893 24 13 or

65 1914 112 21 imitation,
185 1915 33 19 for
256 1914 108 20 Warner's
374 1914 50 21 Saf«
517 1919 25 14 or
551 1919 44 21 any

66 1942 61 19 other
138 1941 22 19 of
193 1941 108 20 Warner's
311 1941 50 20 Safe

90 2063 36 44 J
156 2063 58 44 .J.
259 2062 307 54 WEEBER,

63 2163 64 24 OIL.
148 2162 118 28 COLOR,
294 2161 117 30 GLASS,
442 2161 155 24 VARNISH

136 2217 70 23 AXI)
225 2216 115 24 PAPER
347 2215 177 25 HANGINGS

218 2272 229 24 WAREHOUSE.

66 2307 22 22 T
119 2306 24 24 .T.
172 2305 150 25 WEEBER
350 2307 25 22 m
406 2304 119 33 thanking
554 2304 42 25 the

61 2347 18 17 V
93 2359 4 4 .
119 2340 118 23 residents
256 2340 26 23 of
307 2338 138 24 OXFORD
472 2339 49 23 am!
545 2346 50 16 sur-

60 2379 123 29 roi-jviir.^
212 2378 107 24 distriris
346 2380 35 21 i'»r
413 2378 64 23 their
498 2378 98 23 favours

60 2420 89 23 chur.ii>-
162 2422 40 20 lit-.'
214 2424 57 25 past
292 2419 31 23 18
342 2425 78 24 yoars.
457 2417 99 25 Wishes
576 2418 21 23 it

59 2467 23 17 lo
97 2460 28 23 ha
144 2460 54 23 v.tjll
218 2460 87 23 known
326 2460 55 23 that
404 2458 32 24 he
456 2458 46 24 has
523 2458 71 32 given

60 2509 31 22 up
112 2500 29 23 i\\\
164 2500 96 23 outsi'le
280 2499 75 29 work,
375 2498 48 24 and
447 2498 100 24 intends
571 2500 26 22 to

58 2542 86 22 (It-vote
158 2540 38 24 his
210 2542 59 22 time
288 2545 25 18 to
326 2540 42 23 the
391 2538 135 25 Wholesale
547 2538 50 24 and

58 2582 70 22 re'.iiil
143 2581 67 23 trade
223 2583 24 20 ;it
260 2580 81 28 homo,
361 2579 81 24 where
460 2580 29 23 ho
502 2579 46 24 will
568 2579 29 24 be

58 2620 56 31 gL;d
127 2625 23 18 tii
164 2629 37 14 see
225 2618 32 24 all
277 2618 40 24 his
329 2618 42 25 old
394 2619 135 22 customers
548 2617 49 24 and

58 2659 83 30 plenty
154 2660 26 21 of
190 2666 52 15 new
261 2664 68 16 ones.

108 2725 98 24 l'ict::ro
228 2725 89 22 frames
336 2723 73 24 made
428 2727 25 20 to
466 2722 79 25 order.

54 2965 53 24 T'-'.c
138 2965 92 24 Oxford
258 2965 106 31 Library
391 2965 22 24 is
441 2973 62 23 open
527 2973 70 23 every

55 3009 51 23 Tno
110 3009 58 29 .-day
182 3009 49 23 and
254 3008 122 31 Sutunlay
406 3008 97 31 nights,
530 3009 65 23 from

55 3055 11 19 (i
82 3054 31 21 :-J0
127 3060 68 22 p.m.,
218 3055 24 21 to
265 3053 14 23 8
291 3060 71 22 p.m.,
387 3052 50 24 and
468 3060 33 17 on
525 3060 71 24 every

55 3096 121 22 iiliL-maU'
190 3096 130 30 Thursday
345 3097 139 26 afternoon,
518 3096 70 32 (Sale

55 3139 79 31 lv;v-)
160 3142 35 21 ire
199 3147 24 16 m
237 3158 12 4 -
265 3140 33 23 80
308 3147 65 23 p.m..
392 3141 24 23 to
425 3141 19 22 .5
456 3147 59 23 p.m.

246 3212 24 21 L.
289 3212 125 29 EEEYES,

338 3245 60 24 lion
411 3244 143 26 Librarian.

106 3292 176 22 f-CIJSCiriPTIOX
308 3291 35 31 ?/-
358 3299 48 15 I'ER
425 3291 120 29 Qu-iEXEB

57 3422 37 40 A
111 3424 255 37 Siiowstorm
380 3424 44 36 m
438 3423 150 39 Enssia

58 4064 19 20 is
100 4071 12 13 a
134 4065 89 20 terrible
239 4065 70 26 thing,
333 4066 41 19 but
392 4066 50 20 that
460 4073 88 20 scourge
566 4066 22 21 oi

58 4091 138 24 civilization,
214 4091 65 20 Liver
295 4092 42 20 and
352 4092 89 26 Kidney
458 4092 94 26 Disease,
569 4094 19 19 ia

58 4118 132 25 responsible
199 4118 34 19 for
242 4118 33 19 far
285 4125 58 14 more
353 4120 113 24 mortality
475 4120 55 19 than
543 4126 44 20 any

58 4144 63 19 ©ther
140 4151 68 13 cause.
247 4144 108 21 Warner's
378 4146 51 20 Safe
453 4145 57 21 Care
528 4153 61 13 cures

59 4170 64 20 Liver
132 4170 95 24 Disease,
337 4175 17 17 ;t
371 4172 40 21 hos
426 4179 15 13 a
453 4172 81 25 specific
544 4173 46 20 and

55 4196 89 25 positive
162 4198 70 19 attion
251 4204 26 13 r,n
293 4198 33 20 the
342 4199 59 23 live',
421 4200 121 24 increasing
551 4200 37 19 the

57 4223 106 19 secretion
184 4224 41 19 and
245 4223 49 20 flow
312 4225 22 19 of
354 4225 48 24 bile,
423 4225 122 27 regulating
558 4225 30 20 its

58 4249 134 27 elaborating
208 4250 117 25 functions,
345 4252 110 26 removing
467 4252 121 26 unhealthy

57 4275 128 21 formations
187 4289 24 3 —
213 4278 21 19 m
253 4277 52 24 fact,
326 4279 106 25 restoring
453 4278 29 21 its
500 4279 88 20 natural

57 4302 100 27 activity,
173 4304 94 19 without
282 4304 70 21 which
367 4305 56 26 good
436 4305 74 21 health
520 4306 18 20 is
548 4306 39 20 im-

56 4329 101 26 possible.

86 4356 40 20 We
140 4355 55 21 wish
213 4358 24 18 to
256 4356 89 27 impress
360 4363 58 20 upon
429 4364 65 20 every
508 4365 78 19 person

56 4382 39 20 the
103 4383 107 25 necessity
220 4383 22 20 of
256 4383 93 26 keeping
362 4384 39 19 the
415 4382 55 22 liver
484 4385 22 20 m
515 4391 14 14 a
538 4391 47 20 per-

54 4408 70 26 fectly
134 4408 90 27 healthy
234 4409 118 26 condition,
362 4416 24 13 so
395 4410 51 20 that
454 4410 19 21 it
482 4412 46 19 will
537 4417 48 21 pro-

54 4435 63 26 perly
127 4438 98 23 separate
239 4436 38 20 the
291 4436 136 21 albuminous
440 4436 110 27 elements,
561 4444 24 14 as

54 4462 51 20 well
119 4468 23 14 as
157 4462 77 20 enable
250 4463 19 20 it
283 4465 24 18 to
321 4463 79 20 relieve
409 4463 38 20 the
456 4464 129 21 overloaded

54 4488 124 22 bile-ducts.
207 4489 95 26 Regular
310 4490 43 20 and
369 4490 89 20 faithful
467 4492 118 19 treatment

53 4515 55 22 with
118 4515 109 21 Warner's
235 4516 51 20 Safe
295 4516 57 21 Cure
361 4517 18 20 is
394 4516 81 27 always
491 4523 92 14 success-

52 4542 41 21 ful.
123 4542 110 21 Warner's
242 4541 50 23 Safe
307 4543 54 21 Pills
369 4550 37 15 are
414 4543 46 20 also
469 4544 81 26 always
558 4546 25 18 to

52 4568 28 21 be
88 4569 60 20 used.
